  <div class='ocr_page' id='page_1' title='image "/cluster/home/n/w/nwhite01/storage/ocr_20150623/21/umn.319510024773153/026.png"; bbox 0 0 3902 6412; ppageno 0'>
   <div class='ocr_carea' id='block_1_1' title="bbox 92 376 1737 479">
    <p class='ocr_par' dir='ltr' id='par_1_1' title="bbox 92 376 1737 447">
     <span class='ocr_line' id='line_1_1' title="bbox 92 376 1737 447; baseline 0.009 -16"><span class='ocrx_word' id='word_1_1' title='bbox 92 376 156 432; x_wconf 71' lang='grc'><strong>45</strong></span> <span class='ocrx_word' id='word_1_2' title='bbox 1288 432 1299 443; x_wconf 84' lang='lat'><strong>.</strong></span> <span class='ocrx_word' id='word_1_3' title='bbox 1538 394 1737 447; x_wconf 75' lang='lat' dir='ltr'><strong>PREF</strong></span> 
     </span>
    </p>
   </div>
   <div class='ocr_carea' id='block_1_2' title="bbox 1797 376 3385 479">
    <p class='ocr_par' dir='ltr' id='par_1_2' title="bbox 1797 382 3385 479">
     <span class='ocr_line' id='line_1_2' title="bbox 1797 382 3385 479; baseline 0.02 -31"><span class='ocrx_word' id='word_1_4' title='bbox 1797 397 1933 450; x_wconf 83' lang='lat' dir='ltr'><strong>TIO.</strong></span> <span class='ocrx_word' id='word_1_5' title='bbox 2624 382 2625 385; x_wconf 4' lang='grc' dir='ltr'>γ</span> <span class='ocrx_word' id='word_1_6' title='bbox 3317 422 3385 479; x_wconf 80' lang='grc'><strong>46</strong></span> 
     </span>
    </p>
   </div>
   <div class='ocr_carea' id='block_1_3' title="bbox 88 496 3389 584">
    <p class='ocr_par' dir='ltr' id='par_1_3' title="bbox 88 496 3389 584">
     <span class='ocr_line' id='line_1_3' title="bbox 88 496 3389 584; baseline 0.018 -70"><span class='ocrx_word' id='word_1_7' title='bbox 88 505 207 570; x_wconf 65' lang='lat' dir='ltr'><strong>gios</strong></span> <span class='ocrx_word' id='word_1_8' title='bbox 230 505 393 558; x_wconf 55' lang='lat' dir='ltr'>istud</span> <span class='ocrx_word' id='word_1_9' title='bbox 416 519 563 571; x_wconf 70' lang='lat' dir='ltr'><strong>opus</strong></span> <span class='ocrx_word' id='word_1_10' title='bbox 594 506 862 563; x_wconf 54' lang='lat' dir='ltr'><strong>conatum</strong></span> <span class='ocrx_word' id='word_1_11' title='bbox 886 510 1236 580; x_wconf 38' lang='lat' dir='ltr'><strong>vulgavitqp.</strong></span> <span class='ocrx_word' id='word_1_12' title='bbox 1268 515 1399 582; x_wconf 55' lang='lat'><strong>749,</strong></span> <span class='ocrx_word' id='word_1_13' title='bbox 1423 524 1554 584; x_wconf 52' lang='lat' dir='ltr'><strong>post</strong></span> <span class='ocrx_word' id='word_1_14' title='bbox 1575 520 1681 570; x_wconf 60' lang='grc' dir='ltr'><strong>Βε-</strong></span> <span class='ocrx_word' id='word_1_15' title='bbox 1705 500 1758 570; x_wconf 83' lang='grc' dir='ltr'><strong>Α</strong></span> <span class='ocrx_word' id='word_1_16' title='bbox 1853 496 1943 547; x_wconf 90' lang='lat' dir='ltr'><strong>Ab</strong></span> <span class='ocrx_word' id='word_1_17' title='bbox 1957 496 2273 551; x_wconf 73' lang='lat' dir='ltr'><strong>editoribus</strong></span> <span class='ocrx_word' id='word_1_18' title='bbox 2297 500 2767 568; x_wconf 81' lang='lat' dir='ltr'><strong>Rccognitionum</strong></span> <span class='ocrx_word' id='word_1_19' title='bbox 2797 513 3082 576; x_wconf 85' lang='lat' dir='ltr'><strong>appendix</strong></span> <span class='ocrx_word' id='word_1_20' title='bbox 3110 516 3221 570; x_wconf 87' lang='lat' dir='ltr'><strong>ista</strong></span> <span class='ocrx_word' id='word_1_21' title='bbox 3251 532 3389 574; x_wconf 89' lang='lat' dir='ltr'><strong>mox</strong></span> 
     </span>
    </p>
   </div>
   <div class='ocr_carea' id='block_1_4' title="bbox 90 594 807 658">
    <p class='ocr_par' dir='ltr' id='par_1_4' title="bbox 90 594 807 658">
     <span class='ocr_line' id='line_1_4' title="bbox 90 594 807 658; baseline 0.013 -16"><span class='ocrx_word' id='word_1_22' title='bbox 90 594 416 658; x_wconf 73' lang='lat' dir='ltr'><strong>cognitiones</strong></span> <span class='ocrx_word' id='word_1_23' title='bbox 444 602 501 649; x_wconf 89' lang='lat' dir='ltr'><strong>et</strong></span> <span class='ocrx_word' id='word_1_24' title='bbox 525 598 807 652; x_wconf 85' lang='lat' dir='ltr'><strong>Homilias.</strong></span> 
     </span>
    </p>
   </div>
   <div class='ocr_carea' id='block_1_5' title="bbox 152 682 1689 764">
    <p class='ocr_par' dir='ltr' id='par_1_5' title="bbox 152 682 1689 764">
     <span class='ocr_line' id='line_1_5' title="bbox 152 682 1689 764; baseline 0.012 -30"><span class='ocrx_word' id='word_1_25' title='bbox 152 682 416 737; x_wconf 84' lang='lat' dir='ltr'><strong>Alterum</strong></span> <span class='ocrx_word' id='word_1_26' title='bbox 454 686 526 739; x_wconf 93' lang='lat' dir='ltr'><strong>de</strong></span> <span class='ocrx_word' id='word_1_27' title='bbox 550 700 664 751; x_wconf 89' lang='lat' dir='ltr'><strong>quo</strong></span> <span class='ocrx_word' id='word_1_28' title='bbox 687 688 890 742; x_wconf 89' lang='lat' dir='ltr'><strong>dicturi</strong></span> <span class='ocrx_word' id='word_1_29' title='bbox 912 704 1133 757; x_wconf 88' lang='lat' dir='ltr'><strong>sumus,</strong></span> <span class='ocrx_word' id='word_1_30' title='bbox 1151 697 1441 749; x_wconf 91' lang='lat' dir='ltr'><strong>concernit</strong></span> <span class='ocrx_word' id='word_1_31' title='bbox 1465 698 1689 764; x_wconf 88' lang='lat' dir='ltr'><strong>Episto-</strong></span> 
     </span>
    </p>
   </div>
   <div class='ocr_carea' id='block_1_6' title="bbox 90 773 1686 849">
    <p class='ocr_par' dir='ltr' id='par_1_6' title="bbox 90 773 1686 849">
     <span class='ocr_line' id='line_1_6' title="bbox 90 773 1686 849; baseline 0.008 -24"><span class='ocrx_word' id='word_1_32' title='bbox 90 773 200 826; x_wconf 88' lang='lat' dir='ltr'><strong>lam</strong></span> <span class='ocrx_word' id='word_1_33' title='bbox 234 786 370 839; x_wconf 64' lang='lat' dir='ltr'><strong>quin</strong></span> <span class='ocrx_word' id='word_1_34' title='bbox 421 776 752 829; x_wconf 12' lang='lat' dir='ltr'><strong>Clcmcnitina</strong></span> <span class='ocrx_word' id='word_1_35' title='bbox 785 780 858 829; x_wconf 89' lang='lat' dir='ltr'><strong>ad</strong></span> <span class='ocrx_word' id='word_1_36' title='bbox 889 782 1149 833; x_wconf 84' lang='lat' dir='ltr'><strong>Jacobum</strong></span> <span class='ocrx_word' id='word_1_37' title='bbox 1187 785 1414 849; x_wconf 77' lang='lat' dir='ltr'><strong>fratrem</strong></span> <span class='ocrx_word' id='word_1_38' title='bbox 1460 789 1686 839; x_wconf 87' lang='lat' dir='ltr'><strong>Domini</strong></span> 
     </span>
    </p>
   </div>
   <div class='ocr_carea' id='block_1_7' title="bbox 93 864 1690 945">
    <p class='ocr_par' dir='ltr' id='par_1_7' title="bbox 93 864 1690 945">
     <span class='ocr_line' id='line_1_7' title="bbox 93 864 1690 945; baseline 0.011 -30"><span class='ocrx_word' id='word_1_39' title='bbox 93 864 312 929; x_wconf 86' lang='lat' dir='ltr'><strong>dicitur,</strong></span> <span class='ocrx_word' id='word_1_40' title='bbox 337 868 797 933; x_wconf 86' lang='lat' dir='ltr'><strong>recognitionum</strong></span> <span class='ocrx_word' id='word_1_41' title='bbox 819 871 976 925; x_wconf 84' lang='lat' dir='ltr'><strong>libris</strong></span> <span class='ocrx_word' id='word_1_42' title='bbox 1001 875 1338 940; x_wconf 88' lang='lat' dir='ltr'><strong>subjectam,</strong></span> <span class='ocrx_word' id='word_1_43' title='bbox 1365 878 1573 932; x_wconf 79' lang='lat' dir='ltr'><strong>Ruﬁno</strong></span> <span class='ocrx_word' id='word_1_44' title='bbox 1596 893 1690 945; x_wconf 88' lang='lat' dir='ltr'><strong>pa-</strong></span> 
     </span>
    </p>
   </div>
   <div class='ocr_carea' id='block_1_8' title="bbox 94 955 1691 1033">
    <p class='ocr_par' dir='ltr' id='par_1_8' title="bbox 94 955 1691 1033">
     <span class='ocr_line' id='line_1_8' title="bbox 94 955 1691 1033; baseline 0.009 -27"><span class='ocrx_word' id='word_1_45' title='bbox 94 955 218 1007; x_wconf 89' lang='lat' dir='ltr'><strong>riter</strong></span> <span class='ocrx_word' id='word_1_46' title='bbox 238 955 567 1023; x_wconf 71' lang='lat' dir='ltr'><strong>interprete.</strong></span> <span class='ocrx_word' id='word_1_47' title='bbox 582 961 660 1012; x_wconf 90' lang='lat' dir='ltr'><strong>De</strong></span> <span class='ocrx_word' id='word_1_48' title='bbox 674 962 972 1015; x_wconf 86' lang='lat' dir='ltr'><strong>authentia</strong></span> <span class='ocrx_word' id='word_1_49' title='bbox 995 965 1119 1028; x_wconf 88' lang='lat' dir='ltr'><strong>ejus</strong></span> <span class='ocrx_word' id='word_1_50' title='bbox 1131 969 1187 1018; x_wconf 90' lang='lat' dir='ltr'><strong>et</strong></span> <span class='ocrx_word' id='word_1_51' title='bbox 1202 966 1509 1033; x_wconf 79' lang='lat' dir='ltr'><strong>interprete</strong></span> <span class='ocrx_word' id='word_1_52' title='bbox 1542 969 1691 1023; x_wconf 89' lang='lat' dir='ltr'><strong>inter</strong></span> 
     </span>
    </p>
   </div>
   <div class='ocr_carea' id='block_1_9' title="bbox 94 1044 1689 1122">
    <p class='ocr_par' dir='ltr' id='par_1_9' title="bbox 94 1044 1689 1122">
     <span class='ocr_line' id='line_1_9' title="bbox 94 1044 1689 1122; baseline 0.01 -26"><span class='ocrx_word' id='word_1_53' title='bbox 94 1044 244 1110; x_wconf 91' lang='lat' dir='ltr'><strong>ipsos</strong></span> <span class='ocrx_word' id='word_1_54' title='bbox 276 1047 579 1102; x_wconf 67' lang='lat' dir='ltr'><strong>catholica:</strong></span> <span class='ocrx_word' id='word_1_55' title='bbox 616 1050 883 1106; x_wconf 72' lang='lat' dir='ltr'><strong>Ecclesiae</strong></span> <span class='ocrx_word' id='word_1_56' title='bbox 921 1053 1106 1107; x_wconf 91' lang='lat' dir='ltr'><strong>dictos</strong></span> <span class='ocrx_word' id='word_1_57' title='bbox 1144 1057 1314 1122; x_wconf 82' lang='lat' dir='ltr'><strong>primi</strong></span> <span class='ocrx_word' id='word_1_58' title='bbox 1368 1058 1585 1111; x_wconf 81' lang='lat' dir='ltr'><strong>ordinis</strong></span> <span class='ocrx_word' id='word_1_59' title='bbox 1619 1058 1689 1113; x_wconf 88' lang='lat' dir='ltr'><strong>lis</strong></span> 
     </span>
    </p>
   </div>
   <div class='ocr_carea' id='block_1_10' title="bbox 93 1135 1690 1213">
    <p class='ocr_par' dir='ltr' id='par_1_10' title="bbox 93 1135 1690 1213">
     <span class='ocr_line' id='line_1_10' title="bbox 93 1135 1690 1213; baseline 0.01 -26"><span class='ocrx_word' id='word_1_60' title='bbox 93 1135 312 1201; x_wconf 83' lang='lat' dir='ltr'><strong>pendet.</strong></span> <span class='ocrx_word' id='word_1_61' title='bbox 373 1140 647 1193; x_wconf 80' lang='lat' dir='ltr'><strong>Attamen</strong></span> <span class='ocrx_word' id='word_1_62' title='bbox 682 1143 1041 1197; x_wconf 85' lang='lat' dir='ltr'><strong>Fontaninus</strong></span> <span class='ocrx_word' id='word_1_63' title='bbox 1092 1159 1194 1211; x_wconf 92' lang='lat' dir='ltr'><strong>pro</strong></span> <span class='ocrx_word' id='word_1_64' title='bbox 1234 1149 1475 1213; x_wconf 89' lang='lat' dir='ltr'><strong>utroque</strong></span> <span class='ocrx_word' id='word_1_65' title='bbox 1515 1149 1690 1203; x_wconf 83' lang='lat' dir='ltr'><strong>ﬁdem</strong></span> 
     </span>
    </p>
   </div>
   <div class='ocr_carea' id='block_1_11' title="bbox 90 1226 1690 1293">
    <p class='ocr_par' dir='ltr' id='par_1_11' title="bbox 90 1226 1690 1293">
     <span class='ocr_line' id='line_1_11' title="bbox 90 1226 1690 1293; baseline 0.009 -15"><span class='ocrx_word' id='word_1_66' title='bbox 90 1226 261 1279; x_wconf 82' lang='lat' dir='ltr'><strong>facere</strong></span> <span class='ocrx_word' id='word_1_67' title='bbox 311 1227 532 1283; x_wconf 79' lang='lat' dir='ltr'><strong>nititur.</strong></span> <span class='ocrx_word' id='word_1_68' title='bbox 594 1231 771 1284; x_wconf 86' lang='lat' dir='ltr'><strong>Simul</strong></span> <span class='ocrx_word' id='word_1_69' title='bbox 823 1234 898 1286; x_wconf 89' lang='lat' dir='ltr'><strong>ab</strong></span> <span class='ocrx_word' id='word_1_70' title='bbox 960 1247 1027 1288; x_wconf 93' lang='lat' dir='ltr'><strong>eo</strong></span> <span class='ocrx_word' id='word_1_71' title='bbox 1098 1241 1314 1291; x_wconf 58' lang='lat' dir='ltr'><strong>notata)</strong></span> <span class='ocrx_word' id='word_1_72' title='bbox 1374 1244 1511 1292; x_wconf 88' lang='lat' dir='ltr'><strong>sunt</strong></span> <span class='ocrx_word' id='word_1_73' title='bbox 1574 1240 1690 1293; x_wconf 92' lang='lat' dir='ltr'><strong>col-</strong></span> 
     </span>
    </p>
   </div>
   <div class='ocr_carea' id='block_1_12' title="bbox 91 1315 1689 1391">
    <p class='ocr_par' dir='ltr' id='par_1_12' title="bbox 91 1315 1689 1391">
     <span class='ocr_line' id='line_1_12' title="bbox 91 1315 1689 1391; baseline 0.01 -24"><span class='ocrx_word' id='word_1_74' title='bbox 91 1315 354 1371; x_wconf 89' lang='lat' dir='ltr'><strong>lectiones</strong></span> <span class='ocrx_word' id='word_1_75' title='bbox 383 1318 605 1384; x_wconf 83' lang='lat' dir='ltr'><strong>aliquot</strong></span> <span class='ocrx_word' id='word_1_76' title='bbox 634 1322 1003 1387; x_wconf 82' lang='lat' dir='ltr'><strong>epistolarum</strong></span> <span class='ocrx_word' id='word_1_77' title='bbox 1042 1326 1386 1391; x_wconf 83' lang='lat' dir='ltr'><strong>pontiﬁcum</strong></span> <span class='ocrx_word' id='word_1_78' title='bbox 1420 1330 1583 1381; x_wconf 87' lang='lat' dir='ltr'><strong>Rom.</strong></span> <span class='ocrx_word' id='word_1_79' title='bbox 1630 1335 1689 1383; x_wconf 92' lang='lat' dir='ltr'><strong>et</strong></span> 
     </span>
    </p>
   </div>
   <div class='ocr_carea' id='block_1_13' title="bbox 90 1406 1688 1484">
    <p class='ocr_par' dir='ltr' id='par_1_13' title="bbox 90 1406 1688 1484">
     <span class='ocr_line' id='line_1_13' title="bbox 90 1406 1688 1484; baseline 0.009 -27"><span class='ocrx_word' id='word_1_80' title='bbox 90 1406 471 1473; x_wconf 89' lang='lat' dir='ltr'><strong>conciliorum,</strong></span> <span class='ocrx_word' id='word_1_81' title='bbox 490 1409 550 1461; x_wconf 91' lang='lat' dir='ltr'><strong>in</strong></span> <span class='ocrx_word' id='word_1_82' title='bbox 574 1411 786 1475; x_wconf 88' lang='lat' dir='ltr'><strong>quibus</strong></span> <span class='ocrx_word' id='word_1_83' title='bbox 810 1412 905 1465; x_wconf 89' lang='lat' dir='ltr'><strong>illa</strong></span> <span class='ocrx_word' id='word_1_84' title='bbox 923 1413 1111 1467; x_wconf 91' lang='lat' dir='ltr'><strong>locum</strong></span> <span class='ocrx_word' id='word_1_85' title='bbox 1135 1418 1456 1482; x_wconf 83' lang='lat' dir='ltr'><strong>occupavit.</strong></span> <span class='ocrx_word' id='word_1_86' title='bbox 1476 1419 1688 1484; x_wconf 88' lang='lat' dir='ltr'><strong>Hujus-</strong></span> 
     </span>
    </p>
   </div>
   <div class='ocr_carea' id='block_1_14' title="bbox 89 1495 1686 1572">
    <p class='ocr_par' dir='ltr' id='par_1_14' title="bbox 89 1495 1686 1572">
     <span class='ocr_line' id='line_1_14' title="bbox 89 1495 1686 1572; baseline 0.011 -25"><span class='ocrx_word' id='word_1_87' title='bbox 89 1495 388 1550; x_wconf 89' lang='lat' dir='ltr'><strong>modisunt</strong></span> <span class='ocrx_word' id='word_1_88' title='bbox 412 1499 667 1564; x_wconf 61' lang='lat' dir='ltr'><strong>Epistolas</strong></span> <span class='ocrx_word' id='word_1_89' title='bbox 688 1518 1029 1554; x_wconf 77' lang='lat' dir='ltr'><strong>summorum</strong></span> <span class='ocrx_word' id='word_1_90' title='bbox 1049 1506 1248 1571; x_wconf 80' lang='lat' dir='ltr'><strong>pontif.</strong></span> <span class='ocrx_word' id='word_1_91' title='bbox 1280 1519 1413 1572; x_wconf 66' lang='lat' dir='ltr'><strong>quin</strong></span> <span class='ocrx_word' id='word_1_92' title='bbox 1436 1508 1686 1572; x_wconf 66' lang='grc'>8111591,</span> 
     </span>
    </p>
   </div>
   <div class='ocr_carea' id='block_1_15' title="bbox 90 1587 1685 1659">
    <p class='ocr_par' dir='ltr' id='par_1_15' title="bbox 90 1587 1685 1659">
     <span class='ocr_line' id='line_1_15' title="bbox 90 1587 1685 1659; baseline 0.01 -23"><span class='ocrx_word' id='word_1_93' title='bbox 90 1587 256 1638; x_wconf 62' lang='lat' dir='ltr'><strong>Rome</strong></span> <span class='ocrx_word' id='word_1_94' title='bbox 286 1588 345 1637; x_wconf 85' lang='lat' dir='ltr'><strong>in</strong></span> <span class='ocrx_word' id='word_1_95' title='bbox 380 1589 582 1640; x_wconf 74' lang='lat' dir='ltr'><strong>aedibus</strong></span> <span class='ocrx_word' id='word_1_96' title='bbox 604 1590 806 1657; x_wconf 79' lang='lat' dir='ltr'><strong>Populi</strong></span> <span class='ocrx_word' id='word_1_97' title='bbox 842 1595 1094 1659; x_wconf 82' lang='lat' dir='ltr'><strong>Romani,</strong></span> <span class='ocrx_word' id='word_1_98' title='bbox 1140 1596 1322 1649; x_wconf 90' lang='lat' dir='ltr'><strong>tribus</strong></span> <span class='ocrx_word' id='word_1_99' title='bbox 1352 1598 1524 1650; x_wconf 88' lang='lat' dir='ltr'><strong>tomis</strong></span> <span class='ocrx_word' id='word_1_100' title='bbox 1562 1598 1685 1651; x_wconf 88' lang='lat' dir='ltr'><strong>dis-</strong></span> 
     </span>
    </p>
   </div>
   <div class='ocr_carea' id='block_1_16' title="bbox 91 1677 1685 1751">
    <p class='ocr_par' dir='ltr' id='par_1_16' title="bbox 91 1677 1685 1751">
     <span class='ocr_line' id='line_1_16' title="bbox 91 1677 1685 1751; baseline 0.007 -21"><span class='ocrx_word' id='word_1_101' title='bbox 91 1677 273 1731; x_wconf 71' lang='lat' dir='ltr'><strong>tinctae</strong></span> <span class='ocrx_word' id='word_1_102' title='bbox 285 1679 640 1746; x_wconf 89' lang='lat' dir='ltr'><strong>prodierunt,</strong></span> <span class='ocrx_word' id='word_1_103' title='bbox 658 1681 717 1733; x_wconf 94' lang='lat' dir='ltr'><strong>in</strong></span> <span class='ocrx_word' id='word_1_104' title='bbox 730 1696 974 1747; x_wconf 85' lang='lat' dir='ltr'><strong>quorum</strong></span> <span class='ocrx_word' id='word_1_105' title='bbox 990 1685 1171 1751; x_wconf 90' lang='lat' dir='ltr'><strong>primo</strong></span> <span class='ocrx_word' id='word_1_106' title='bbox 1184 1692 1318 1741; x_wconf 89' lang='lat' dir='ltr'><strong>ante</strong></span> <span class='ocrx_word' id='word_1_107' title='bbox 1329 1699 1531 1741; x_wconf 89' lang='lat' dir='ltr'><strong>omnes</strong></span> <span class='ocrx_word' id='word_1_108' title='bbox 1544 1688 1685 1741; x_wconf 88' lang='lat' dir='ltr'><strong>alias</strong></span> 
     </span>
    </p>
   </div>
   <div class='ocr_carea' id='block_1_17' title="bbox 92 1768 1684 1844">
    <p class='ocr_par' dir='ltr' id='par_1_17' title="bbox 92 1768 1684 1844">
     <span class='ocr_line' id='line_1_17' title="bbox 92 1768 1684 1844; baseline 0.008 -23"><span class='ocrx_word' id='word_1_109' title='bbox 92 1768 208 1822; x_wconf 65' lang='lat' dir='ltr'><strong>haec</strong></span> <span class='ocrx_word' id='word_1_110' title='bbox 232 1775 446 1836; x_wconf 88' lang='lat' dir='ltr'><strong>exstat,</strong></span> <span class='ocrx_word' id='word_1_111' title='bbox 482 1785 616 1824; x_wconf 90' lang='lat' dir='ltr'><strong>cum</strong></span> <span class='ocrx_word' id='word_1_112' title='bbox 649 1775 959 1839; x_wconf 90' lang='lat' dir='ltr'><strong>appendice</strong></span> <span class='ocrx_word' id='word_1_113' title='bbox 989 1777 1184 1841; x_wconf 87' lang='lat' dir='ltr'><strong>spuria</strong></span> <span class='ocrx_word' id='word_1_114' title='bbox 1215 1791 1271 1844; x_wconf 91' lang='lat' dir='ltr'><strong>p.</strong></span> <span class='ocrx_word' id='word_1_115' title='bbox 1307 1777 1360 1843; x_wconf 90' lang='lat'><strong>7,</strong></span> <span class='ocrx_word' id='word_1_116' title='bbox 1395 1780 1562 1843; x_wconf 90' lang='lat' dir='ltr'><strong>cujus</strong></span> <span class='ocrx_word' id='word_1_117' title='bbox 1610 1779 1684 1833; x_wconf 89' lang='lat' dir='ltr'><strong>ad</strong></span> 
     </span>
    </p>
   </div>
   <div class='ocr_carea' id='block_1_18' title="bbox 95 1863 1595 1933">
    <p class='ocr_par' dir='ltr' id='par_1_18' title="bbox 95 1863 1595 1933">
     <span class='ocr_line' id='line_1_18' title="bbox 95 1863 1595 1933; baseline 0.004 -18"><span class='ocrx_word' id='word_1_118' title='bbox 95 1874 244 1916; x_wconf 86' lang='lat' dir='ltr'><strong>oram</strong></span> <span class='ocrx_word' id='word_1_119' title='bbox 266 1863 609 1930; x_wconf 83' lang='lat' dir='ltr'><strong>epigrapbe:</strong></span> <span class='ocrx_word' id='word_1_120' title='bbox 631 1867 1078 1933; x_wconf 84' lang='lat' dir='ltr'><strong>Compendiolum</strong></span> <span class='ocrx_word' id='word_1_121' title='bbox 1100 1870 1226 1933; x_wconf 79' lang='lat' dir='ltr'><strong>ﬁdei</strong></span> <span class='ocrx_word' id='word_1_122' title='bbox 1252 1870 1595 1921; x_wconf 68' lang='lat' dir='ltr'><strong>Christianae.</strong></span> 
     </span>
    </p>
   </div>
   <div class='ocr_carea' id='block_1_19' title="bbox 154 1954 1683 2026">
    <p class='ocr_par' dir='ltr' id='par_1_19' title="bbox 154 1954 1683 2026">
     <span class='ocr_line' id='line_1_19' title="bbox 154 1954 1683 2026; baseline 0.007 -23"><span class='ocrx_word' id='word_1_123' title='bbox 154 1954 321 2006; x_wconf 89' lang='lat' dir='ltr'><strong>Porro</strong></span> <span class='ocrx_word' id='word_1_124' title='bbox 337 1954 533 2004; x_wconf 78' lang='lat' dir='ltr'><strong>Latbci</strong></span> <span class='ocrx_word' id='word_1_125' title='bbox 559 1955 820 2021; x_wconf 71' lang='lat' dir='ltr'><strong>Conciliat,</strong></span> <span class='ocrx_word' id='word_1_126' title='bbox 845 1959 941 2010; x_wconf 89' lang='lat' dir='ltr'><strong>ubi</strong></span> <span class='ocrx_word' id='word_1_127' title='bbox 967 1964 1123 2012; x_wconf 88' lang='lat' dir='ltr'><strong>tome</strong></span> <span class='ocrx_word' id='word_1_128' title='bbox 1139 1962 1179 2023; x_wconf 87' lang='grc' dir='ltr'>Ι,</span> <span class='ocrx_word' id='word_1_129' title='bbox 1205 1973 1259 2026; x_wconf 93' lang='lat' dir='ltr'><strong>p.</strong></span> <span class='ocrx_word' id='word_1_130' title='bbox 1286 1958 1374 2023; x_wconf 90' lang='lat'><strong>89,</strong></span> <span class='ocrx_word' id='word_1_131' title='bbox 1398 1961 1683 2023; x_wconf 88' lang='lat' dir='ltr'><strong>inseritur,</strong></span> 
     </span>
    </p>
   </div>
   <div class='ocr_carea' id='block_1_20' title="bbox 96 2040 1690 2117">
    <p class='ocr_par' dir='ltr' id='par_1_20' title="bbox 96 2040 1690 2117">
     <span class='ocr_line' id='line_1_20' title="bbox 96 2040 1690 2117; baseline 0.004 -22"><span class='ocrx_word' id='word_1_132' title='bbox 96 2040 271 2109; x_wconf 89' lang='lat' dir='ltr'><strong>deque</strong></span> <span class='ocrx_word' id='word_1_133' title='bbox 304 2045 704 2101; x_wconf 82' lang='lat' dir='ltr'><strong>additamenta</strong></span> <span class='ocrx_word' id='word_1_134' title='bbox 729 2048 855 2101; x_wconf 63' lang='lat' dir='ltr'><strong>haec</strong></span> <span class='ocrx_word' id='word_1_135' title='bbox 888 2048 1187 2114; x_wconf 85' lang='lat' dir='ltr'><strong>leguntur:</strong></span> <span class='ocrx_word' id='word_1_136' title='bbox 1214 2052 1316 2101; x_wconf 85' lang='lat' dir='ltr'><strong>Hic</strong></span> <span class='ocrx_word' id='word_1_137' title='bbox 1332 2052 1529 2102; x_wconf 77' lang='lat' dir='ltr'><strong>desinit</strong></span> <span class='ocrx_word' id='word_1_138' title='bbox 1551 2052 1690 2117; x_wconf 84' lang='lat' dir='ltr'><strong>Epi-</strong></span> 
     </span>
    </p>
   </div>
   <div class='ocr_carea' id='block_1_21' title="bbox 92 2134 1687 2208">
    <p class='ocr_par' dir='ltr' id='par_1_21' title="bbox 92 2134 1687 2208">
     <span class='ocr_line' id='line_1_21' title="bbox 92 2134 1687 2208; baseline 0.007 -26"><span class='ocrx_word' id='word_1_139' title='bbox 92 2134 212 2183; x_wconf 81' lang='lat' dir='ltr'><strong>stola</strong></span> <span class='ocrx_word' id='word_1_140' title='bbox 234 2135 291 2184; x_wconf 85' lang='lat' dir='ltr'><strong>in</strong></span> <span class='ocrx_word' id='word_1_141' title='bbox 318 2135 649 2200; x_wconf 80' lang='lat' dir='ltr'><strong>quibusdam</strong></span> <span class='ocrx_word' id='word_1_142' title='bbox 664 2138 951 2192; x_wconf 74' lang='lat' dir='ltr'><strong>codicibus.</strong></span> <span class='ocrx_word' id='word_1_143' title='bbox 986 2140 1184 2191; x_wconf 78' lang='lat' dir='ltr'><strong>Caetera</strong></span> <span class='ocrx_word' id='word_1_144' title='bbox 1199 2147 1326 2192; x_wconf 83' lang='lat' dir='ltr'><strong>sunt</strong></span> <span class='ocrx_word' id='word_1_145' title='bbox 1351 2143 1459 2192; x_wconf 83' lang='lat' dir='ltr'><strong>vice</strong></span> <span class='ocrx_word' id='word_1_146' title='bbox 1480 2158 1687 2208; x_wconf 83' lang='lat' dir='ltr'><strong>appcn-</strong></span> 
     </span>
    </p>
   </div>
   <div class='ocr_carea' id='block_1_22' title="bbox 95 2224 1320 2292">
    <p class='ocr_par' dir='ltr' id='par_1_22' title="bbox 95 2224 1320 2292">
     <span class='ocr_line' id='line_1_22' title="bbox 95 2224 1320 2292; baseline 0.008 -19"><span class='ocrx_word' id='word_1_147' title='bbox 95 2224 213 2275; x_wconf 83' lang='lat' dir='ltr'><strong>dicis</strong></span> <span class='ocrx_word' id='word_1_148' title='bbox 233 2226 425 2276; x_wconf 83' lang='lat' dir='ltr'><strong>addita</strong></span> <span class='ocrx_word' id='word_1_149' title='bbox 453 2229 595 2278; x_wconf 81' lang='lat' dir='ltr'><strong>circa</strong></span> <span class='ocrx_word' id='word_1_150' title='bbox 618 2245 831 2279; x_wconf 81' lang='lat' dir='ltr'><strong>annum</strong></span> <span class='ocrx_word' id='word_1_151' title='bbox 856 2228 978 2292; x_wconf 89' lang='lat'><strong>800,</strong></span> <span class='ocrx_word' id='word_1_152' title='bbox 1009 2238 1067 2281; x_wconf 80' lang='lat' dir='ltr'><strong>ut</strong></span> <span class='ocrx_word' id='word_1_153' title='bbox 1094 2232 1320 2285; x_wconf 80' lang='lat' dir='ltr'><strong>videtur.</strong></span> 
     </span>
    </p>
   </div>
   <div class='ocr_carea' id='block_1_23' title="bbox 149 2316 1683 2388">
    <p class='ocr_par' dir='ltr' id='par_1_23' title="bbox 149 2316 1683 2388">
     <span class='ocr_line' id='line_1_23' title="bbox 149 2316 1683 2388; baseline 0.006 -23"><span class='ocrx_word' id='word_1_154' title='bbox 149 2316 383 2366; x_wconf 75' lang='lat' dir='ltr'><strong>Consilia</strong></span> <span class='ocrx_word' id='word_1_155' title='bbox 436 2318 584 2367; x_wconf 83' lang='lat' dir='ltr'><strong>Petri</strong></span> <span class='ocrx_word' id='word_1_156' title='bbox 634 2318 859 2382; x_wconf 54' lang='lat' dir='ltr'><strong>Cratbe,</strong></span> <span class='ocrx_word' id='word_1_157' title='bbox 901 2320 997 2373; x_wconf 91' lang='lat' dir='ltr'><strong>ed.</strong></span> <span class='ocrx_word' id='word_1_158' title='bbox 1049 2322 1300 2387; x_wconf 72' lang='lat' dir='ltr'><strong>Coloniaz,</strong></span> <span class='ocrx_word' id='word_1_159' title='bbox 1344 2322 1496 2388; x_wconf 83' lang='lat' dir='ltr'><strong>apud</strong></span> <span class='ocrx_word' id='word_1_160' title='bbox 1537 2323 1683 2374; x_wconf 76' lang='lat' dir='ltr'><strong>Pclr.</strong></span> 
     </span>
    </p>
   </div>
   <div class='ocr_carea' id='block_1_24' title="bbox 97 2404 1687 2478">
    <p class='ocr_par' dir='ltr' id='par_1_24' title="bbox 97 2404 1687 2478">
     <span class='ocr_line' id='line_1_24' title="bbox 97 2404 1687 2478; baseline 0.007 -25"><span class='ocrx_word' id='word_1_161' title='bbox 97 2404 314 2463; x_wconf 78' lang='lat' dir='ltr'><strong>Quentel.</strong></span> <span class='ocrx_word' id='word_1_162' title='bbox 347 2405 511 2469; x_wconf 85' lang='grc'>1538,</span> <span class='ocrx_word' id='word_1_163' title='bbox 552 2410 595 2459; x_wconf 89' lang='lat' dir='ltr'><strong>t.</strong></span> <span class='ocrx_word' id='word_1_164' title='bbox 634 2410 677 2473; x_wconf 91' lang='grc' dir='ltr'>Ι,</span> <span class='ocrx_word' id='word_1_165' title='bbox 708 2421 760 2473; x_wconf 91' lang='lat' dir='ltr'><strong>p.</strong></span> <span class='ocrx_word' id='word_1_166' title='bbox 801 2409 889 2473; x_wconf 75' lang='grc'>14,</span> <span class='ocrx_word' id='word_1_167' title='bbox 924 2410 1022 2464; x_wconf 92' lang='lat' dir='ltr'><strong>ubi</strong></span> <span class='ocrx_word' id='word_1_168' title='bbox 1061 2418 1398 2466; x_wconf 89' lang='lat' dir='ltr'><strong>assumento</strong></span> <span class='ocrx_word' id='word_1_169' title='bbox 1442 2413 1687 2478; x_wconf 91' lang='lat' dir='ltr'><strong>conjun-</strong></span> 
     </span>
    </p>
   </div>
   <div class='ocr_carea' id='block_1_25' title="bbox 98 2500 292 2549">
    <p class='ocr_par' dir='ltr' id='par_1_25' title="bbox 98 2500 292 2549">
     <span class='ocr_line' id='line_1_25' title="bbox 98 2500 292 2549; baseline 0 -3"><span class='ocrx_word' id='word_1_170' title='bbox 98 2500 179 2547; x_wconf 83' lang='lat' dir='ltr'><strong>cta</strong></span> <span class='ocrx_word' id='word_1_171' title='bbox 191 2500 292 2549; x_wconf 89' lang='lat' dir='ltr'><strong>est.</strong></span> 
     </span>
    </p>
   </div>
   <div class='ocr_carea' id='block_1_26' title="bbox 156 2585 1687 2657">
    <p class='ocr_par' dir='ltr' id='par_1_26' title="bbox 156 2585 1687 2657">
     <span class='ocr_line' id='line_1_26' title="bbox 156 2585 1687 2657; baseline 0.008 -23"><span class='ocrx_word' id='word_1_172' title='bbox 156 2585 458 2637; x_wconf 68' lang='grc' dir='ltr'><strong>τὴεοάοτηιε</strong></span> <span class='ocrx_word' id='word_1_173' title='bbox 484 2587 818 2654; x_wconf 81' lang='lat' dir='ltr'><strong>Bibliande-r,</strong></span> <span class='ocrx_word' id='word_1_174' title='bbox 856 2590 998 2643; x_wconf 88' lang='lat' dir='ltr'><strong>libro</strong></span> <span class='ocrx_word' id='word_1_175' title='bbox 1040 2591 1316 2657; x_wconf 87' lang='lat' dir='ltr'><strong>inscripto</strong></span> <span class='ocrx_word' id='word_1_176' title='bbox 1366 2593 1687 2646; x_wconf 74' lang='lat' dir='ltr'><strong>Christiana</strong></span> 
     </span>
    </p>
   </div>
   <div class='ocr_carea' id='block_1_27' title="bbox 99 2676 1683 2747">
    <p class='ocr_par' dir='ltr' id='par_1_27' title="bbox 99 2676 1683 2747">
     <span class='ocr_line' id='line_1_27' title="bbox 99 2676 1683 2747; baseline 0.008 -24"><span class='ocrx_word' id='word_1_177' title='bbox 99 2680 241 2739; x_wconf 80' lang='lat' dir='ltr'><strong>atque</strong></span> <span class='ocrx_word' id='word_1_178' title='bbox 262 2676 534 2728; x_wconf 80' lang='lat' dir='ltr'><strong>catholica</strong></span> <span class='ocrx_word' id='word_1_179' title='bbox 556 2678 819 2739; x_wconf 72' lang='lat' dir='ltr'><strong>doctrina,</strong></span> <span class='ocrx_word' id='word_1_180' title='bbox 848 2680 1069 2731; x_wconf 74' lang='lat' dir='ltr'><strong>Basilcae</strong></span> <span class='ocrx_word' id='word_1_181' title='bbox 1100 2697 1192 2747; x_wconf 86' lang='lat' dir='ltr'><strong>ap.</strong></span> <span class='ocrx_word' id='word_1_182' title='bbox 1227 2682 1391 2733; x_wconf 88' lang='lat' dir='ltr'><strong>Jacob</strong></span> <span class='ocrx_word' id='word_1_183' title='bbox 1424 2684 1683 2747; x_wconf 82' lang='lat' dir='ltr'><strong>Parcum,</strong></span> 
     </span>
    </p>
   </div>
   <div class='ocr_carea' id='block_1_28' title="bbox 100 2763 1687 2840">
    <p class='ocr_par' dir='ltr' id='par_1_28' title="bbox 100 2763 1687 2840">
     <span class='ocr_line' id='line_1_28' title="bbox 100 2763 1687 2840; baseline 0.007 -22"><span class='ocrx_word' id='word_1_184' title='bbox 100 2763 238 2829; x_wconf 81' lang='grc'>1550,</span> <span class='ocrx_word' id='word_1_185' title='bbox 260 2766 426 2832; x_wconf 75' lang='grc' dir='ltr'><strong>ὶιι-8ο,</strong></span> <span class='ocrx_word' id='word_1_186' title='bbox 461 2780 515 2833; x_wconf 91' lang='lat' dir='ltr'><strong>p.</strong></span> <span class='ocrx_word' id='word_1_187' title='bbox 541 2766 663 2831; x_wconf 71' lang='lat'><strong>221,</strong></span> <span class='ocrx_word' id='word_1_188' title='bbox 683 2769 961 2833; x_wconf 87' lang='lat' dir='ltr'><strong>eamdem,</strong></span> <span class='ocrx_word' id='word_1_189' title='bbox 994 2771 1201 2825; x_wconf 79' lang='lat' dir='ltr'><strong>Ruﬁno</strong></span> <span class='ocrx_word' id='word_1_190' title='bbox 1228 2772 1553 2840; x_wconf 87' lang='lat' dir='ltr'><strong>interprete,</strong></span> <span class='ocrx_word' id='word_1_191' title='bbox 1586 2775 1687 2829; x_wconf 91' lang='lat' dir='ltr'><strong>sed</strong></span> 
     </span>
    </p>
   </div>
   <div class='ocr_carea' id='block_1_29' title="bbox 100 2853 1687 2929">
    <p class='ocr_par' dir='ltr' id='par_1_29' title="bbox 100 2853 1687 2929">
     <span class='ocr_line' id='line_1_29' title="bbox 100 2853 1687 2929; baseline 0.008 -24"><span class='ocrx_word' id='word_1_192' title='bbox 100 2853 275 2908; x_wconf 86' lang='lat' dir='ltr'><strong>ablata</strong></span> <span class='ocrx_word' id='word_1_193' title='bbox 309 2857 630 2922; x_wconf 88' lang='lat' dir='ltr'><strong>appendice</strong></span> <span class='ocrx_word' id='word_1_194' title='bbox 675 2857 930 2913; x_wconf 88' lang='lat' dir='ltr'><strong>inseruit.</strong></span> <span class='ocrx_word' id='word_1_195' title='bbox 954 2859 1086 2913; x_wconf 88' lang='lat' dir='ltr'><strong>Sine</strong></span> <span class='ocrx_word' id='word_1_196' title='bbox 1106 2861 1338 2915; x_wconf 87' lang='lat' dir='ltr'><strong>nomine</strong></span> <span class='ocrx_word' id='word_1_197' title='bbox 1362 2864 1687 2929; x_wconf 88' lang='lat' dir='ltr'><strong>interpretis</strong></span> 
     </span>
    </p>
   </div>
   <div class='ocr_carea' id='block_1_30' title="bbox 100 2947 1688 3011">
    <p class='ocr_par' dir='ltr' id='par_1_30' title="bbox 100 2947 1688 3011">
     <span class='ocr_line' id='line_1_30' title="bbox 100 2947 1688 3011; baseline 0.006 -15"><span class='ocrx_word' id='word_1_198' title='bbox 100 2949 149 2995; x_wconf 88' lang='lat' dir='ltr'><strong>et</strong></span> <span class='ocrx_word' id='word_1_199' title='bbox 172 2947 487 3011; x_wconf 88' lang='lat' dir='ltr'><strong>appendice</strong></span> <span class='ocrx_word' id='word_1_200' title='bbox 517 2947 743 3001; x_wconf 91' lang='lat' dir='ltr'><strong>dudum</strong></span> <span class='ocrx_word' id='word_1_201' title='bbox 767 2950 982 3002; x_wconf 86' lang='lat' dir='ltr'><strong>inserta</strong></span> <span class='ocrx_word' id='word_1_202' title='bbox 1007 2950 1191 3004; x_wconf 86' lang='lat' dir='ltr'><strong>fuerat</strong></span> <span class='ocrx_word' id='word_1_203' title='bbox 1208 2952 1371 3005; x_wconf 88' lang='lat' dir='ltr'><strong>alteri</strong></span> <span class='ocrx_word' id='word_1_204' title='bbox 1391 2952 1536 3007; x_wconf 91' lang='lat' dir='ltr'><strong>libro</strong></span> <span class='ocrx_word' id='word_1_205' title='bbox 1565 2954 1688 3006; x_wconf 91' lang='lat' dir='ltr'><strong>ins-</strong></span> 
     </span>
    </p>
   </div>
   <div class='ocr_carea' id='block_1_31' title="bbox 106 3035 1685 3106">
    <p class='ocr_par' dir='ltr' id='par_1_31' title="bbox 106 3035 1685 3106">
     <span class='ocr_line' id='line_1_31' title="bbox 106 3035 1685 3106; baseline 0.006 -22"><span class='ocrx_word' id='word_1_206' title='bbox 106 3035 300 3100; x_wconf 88' lang='lat' dir='ltr'><strong>cripto:</strong></span> <span class='ocrx_word' id='word_1_207' title='bbox 339 3037 600 3103; x_wconf 70' lang='lat' dir='ltr'><strong>Epistolas</strong></span> <span class='ocrx_word' id='word_1_208' title='bbox 626 3038 835 3104; x_wconf 80' lang='lat' dir='ltr'><strong>aliquot</strong></span> <span class='ocrx_word' id='word_1_209' title='bbox 865 3040 1112 3103; x_wconf 79' lang='lat' dir='ltr'><strong>illustres,</strong></span> <span class='ocrx_word' id='word_1_210' title='bbox 1148 3057 1335 3106; x_wconf 81' lang='lat' dir='ltr'><strong>graves</strong></span> <span class='ocrx_word' id='word_1_211' title='bbox 1367 3046 1414 3092; x_wconf 82' lang='lat' dir='ltr'><strong>et</strong></span> <span class='ocrx_word' id='word_1_212' title='bbox 1446 3044 1685 3105; x_wconf 62' lang='lat' dir='ltr'><strong>erudite,</strong></span> 
     </span>
    </p>
   </div>
   <div class='ocr_carea' id='block_1_32' title="bbox 99 3129 1685 3198">
    <p class='ocr_par' dir='ltr' id='par_1_32' title="bbox 99 3129 1685 3198">
     <span class='ocr_line' id='line_1_32' title="bbox 99 3129 1685 3198; baseline 0.007 -24"><span class='ocrx_word' id='word_1_213' title='bbox 99 3132 235 3177; x_wconf 65' lang='lat' dir='ltr'><strong>extra</strong></span> <span class='ocrx_word' id='word_1_214' title='bbox 280 3129 594 3180; x_wconf 70' lang='lat' dir='ltr'><strong>Bibliorum</strong></span> <span class='ocrx_word' id='word_1_215' title='bbox 634 3146 893 3182; x_wconf 83' lang='lat' dir='ltr'><strong>canonem</strong></span> <span class='ocrx_word' id='word_1_216' title='bbox 932 3133 1066 3197; x_wconf 80' lang='lat' dir='ltr'><strong>licet,</strong></span> <span class='ocrx_word' id='word_1_217' title='bbox 1101 3134 1399 3198; x_wconf 72' lang='lat' dir='ltr'><strong>apostolicae</strong></span> <span class='ocrx_word' id='word_1_218' title='bbox 1423 3140 1601 3185; x_wconf 82' lang='lat' dir='ltr'><strong>tamen</strong></span> <span class='ocrx_word' id='word_1_219' title='bbox 1637 3140 1685 3185; x_wconf 78' lang='lat' dir='ltr'><strong>et</strong></span> 
     </span>
    </p>
   </div>
   <div class='ocr_carea' id='block_1_33' title="bbox 98 3217 1689 3292">
    <p class='ocr_par' dir='ltr' id='par_1_33' title="bbox 98 3217 1689 3292">
     <span class='ocr_line' id='line_1_33' title="bbox 98 3217 1689 3292; baseline 0.005 -25"><span class='ocrx_word' id='word_1_220' title='bbox 98 3217 202 3280; x_wconf 72' lang='lat' dir='ltr'><strong>piae.</strong></span> <span class='ocrx_word' id='word_1_221' title='bbox 214 3220 465 3285; x_wconf 74' lang='lat' dir='ltr'><strong>Augustae</strong></span> <span class='ocrx_word' id='word_1_222' title='bbox 483 3220 903 3287; x_wconf 72' lang='lat' dir='ltr'><strong>Vindelicorum,</strong></span> <span class='ocrx_word' id='word_1_223' title='bbox 914 3223 1399 3288; x_wconf 74' lang='lat' dir='ltr'><strong>perAlcxandrum</strong></span> <span class='ocrx_word' id='word_1_224' title='bbox 1417 3225 1689 3292; x_wconf 81' lang='lat' dir='ltr'><strong>Weysscn-</strong></span> 
     </span>
    </p>
   </div>
   <div class='ocr_carea' id='block_1_34' title="bbox 1798 586 3390 664">
    <p class='ocr_par' dir='ltr' id='par_1_34' title="bbox 1798 586 3390 664">
     <span class='ocr_line' id='line_1_34' title="bbox 1798 586 3390 664; baseline 0.019 -29"><span class='ocrx_word' id='word_1_225' title='bbox 1798 586 2108 651; x_wconf 79' lang='lat' dir='ltr'><strong>conjuncta</strong></span> <span class='ocrx_word' id='word_1_226' title='bbox 2124 591 2515 658; x_wconf 74' lang='lat' dir='ltr'><strong>estEpistolee,</strong></span> <span class='ocrx_word' id='word_1_227' title='bbox 2540 607 2678 647; x_wconf 86' lang='lat' dir='ltr'><strong>mox</strong></span> <span class='ocrx_word' id='word_1_228' title='bbox 2690 598 2978 664; x_wconf 89' lang='lat' dir='ltr'><strong>disjuncta</strong></span> <span class='ocrx_word' id='word_1_229' title='bbox 3004 605 3075 656; x_wconf 89' lang='lat' dir='ltr'><strong>ab</strong></span> <span class='ocrx_word' id='word_1_230' title='bbox 3101 597 3390 664; x_wconf 50' lang='lat' dir='ltr'><strong>ea.Poste‘-</strong></span> 
     </span>
    </p>
   </div>
   <div class='ocr_carea' id='block_1_35' title="bbox 1790 674 3387 754">
    <p class='ocr_par' dir='ltr' id='par_1_35' title="bbox 1790 674 3387 754">
     <span class='ocr_line' id='line_1_35' title="bbox 1790 674 3387 754; baseline 0.016 -27"><span class='ocrx_word' id='word_1_231' title='bbox 1790 674 1908 727; x_wconf 89' lang='lat' dir='ltr'><strong>rius</strong></span> <span class='ocrx_word' id='word_1_232' title='bbox 1951 675 2082 729; x_wconf 89' lang='lat' dir='ltr'><strong>fecit</strong></span> <span class='ocrx_word' id='word_1_233' title='bbox 2113 680 2312 732; x_wconf 87' lang='lat' dir='ltr'><strong>Faber.</strong></span> <span class='ocrx_word' id='word_1_234' title='bbox 2353 682 2659 737; x_wconf 88' lang='lat' dir='ltr'><strong>Sichardus</strong></span> <span class='ocrx_word' id='word_1_235' title='bbox 2693 687 2753 739; x_wconf 91' lang='lat' dir='ltr'><strong>in</strong></span> <span class='ocrx_word' id='word_1_236' title='bbox 2791 691 2977 754; x_wconf 89' lang='lat' dir='ltr'><strong>prima</strong></span> <span class='ocrx_word' id='word_1_237' title='bbox 3005 708 3110 747; x_wconf 87' lang='lat' dir='ltr'><strong>sua</strong></span> <span class='ocrx_word' id='word_1_238' title='bbox 3133 697 3387 754; x_wconf 90' lang='lat' dir='ltr'><strong>editione</strong></span> 
     </span>
    </p>
   </div>
   <div class='ocr_carea' id='block_1_36' title="bbox 1788 765 3386 851">
    <p class='ocr_par' dir='ltr' id='par_1_36' title="bbox 1788 765 3386 851">
     <span class='ocr_line' id='line_1_36' title="bbox 1788 765 3386 851; baseline 0.018 -36"><span class='ocrx_word' id='word_1_239' title='bbox 1788 777 1881 817; x_wconf 86' lang='lat' dir='ltr'><strong>an.</strong></span> <span class='ocrx_word' id='word_1_240' title='bbox 1900 765 2058 831; x_wconf 73' lang='grc'>1526,</span> <span class='ocrx_word' id='word_1_241' title='bbox 2073 772 2293 831; x_wconf 60' lang='grc' dir='ltr'><strong>(ωαχ-ιω</strong></span> <span class='ocrx_word' id='word_1_242' title='bbox 2311 784 2381 822; x_wconf 85' lang='lat' dir='ltr'><strong>ex</strong></span> <span class='ocrx_word' id='word_1_243' title='bbox 2399 774 2665 838; x_wconf 79' lang='lat' dir='ltr'><strong>Epistolis</strong></span> <span class='ocrx_word' id='word_1_244' title='bbox 2686 779 2989 835; x_wconf 84' lang='lat' dir='ltr'><strong>Clementis</strong></span> <span class='ocrx_word' id='word_1_245' title='bbox 3013 788 3386 851; x_wconf 88' lang='lat' dir='ltr'><strong>appendicem</strong></span> 
     </span>
    </p>
   </div>
   <div class='ocr_carea' id='block_1_37' title="bbox 1787 854 3387 935">
    <p class='ocr_par' dir='ltr' id='par_1_37' title="bbox 1787 854 3387 935">
     <span class='ocr_line' id='line_1_37' title="bbox 1787 854 3387 935; baseline 0.017 -29"><span class='ocrx_word' id='word_1_246' title='bbox 1787 854 1867 907; x_wconf 88' lang='lat' dir='ltr'><strong>ita</strong></span> <span class='ocrx_word' id='word_1_247' title='bbox 1902 856 2235 922; x_wconf 86' lang='lat' dir='ltr'><strong>inscriptam</strong></span> <span class='ocrx_word' id='word_1_248' title='bbox 2275 862 2638 926; x_wconf 83' lang='lat' dir='ltr'><strong>subjecerat:</strong></span> <span class='ocrx_word' id='word_1_249' title='bbox 2678 869 3072 935; x_wconf 83' lang='lat' dir='ltr'><strong>Compendium</strong></span> <span class='ocrx_word' id='word_1_250' title='bbox 3110 878 3280 930; x_wconf 85' lang='lat' dir='ltr'><strong>Fidei.</strong></span> <span class='ocrx_word' id='word_1_251' title='bbox 3320 882 3387 935; x_wconf 93' lang='lat' dir='ltr'><strong>In</strong></span> 
     </span>
    </p>
   </div>
   <div class='ocr_carea' id='block_1_38' title="bbox 1788 943 3387 1024">
    <p class='ocr_par' dir='ltr' id='par_1_38' title="bbox 1788 943 3387 1024">
     <span class='ocr_line' id='line_1_38' title="bbox 1788 943 3387 1024; baseline 0.018 -29"><span class='ocrx_word' id='word_1_252' title='bbox 1788 943 1965 997; x_wconf 89' lang='lat' dir='ltr'><strong>altera</strong></span> <span class='ocrx_word' id='word_1_253' title='bbox 2000 947 2111 1012; x_wconf 87' lang='lat' dir='ltr'><strong>ipsi</strong></span> <span class='ocrx_word' id='word_1_254' title='bbox 2146 950 2416 1015; x_wconf 61' lang='lat' dir='ltr'><strong>Epistolas</strong></span> <span class='ocrx_word' id='word_1_255' title='bbox 2463 958 2782 1020; x_wconf 82' lang='lat' dir='ltr'><strong>conjunxit.</strong></span> <span class='ocrx_word' id='word_1_256' title='bbox 2830 961 2973 1013; x_wconf 86' lang='lat' dir='ltr'><strong>Eum</strong></span> <span class='ocrx_word' id='word_1_257' title='bbox 3023 971 3259 1019; x_wconf 90' lang='lat' dir='ltr'><strong>secutus</strong></span> <span class='ocrx_word' id='word_1_258' title='bbox 3294 974 3387 1024; x_wconf 90' lang='lat' dir='ltr'><strong>est</strong></span> 
     </span>
    </p>
   </div>
   <div class='ocr_carea' id='block_1_39' title="bbox 1788 1037 3386 1117">
    <p class='ocr_par' dir='ltr' id='par_1_39' title="bbox 1788 1037 3386 1117">
     <span class='ocr_line' id='line_1_39' title="bbox 1788 1037 3386 1117; baseline 0.016 -29"><span class='ocrx_word' id='word_1_259' title='bbox 1788 1037 2078 1089; x_wconf 90' lang='lat' dir='ltr'><strong>Gruterus.</strong></span> <span class='ocrx_word' id='word_1_260' title='bbox 2097 1039 2427 1108; x_wconf 89' lang='lat' dir='ltr'><strong>Cotelerius,</strong></span> <span class='ocrx_word' id='word_1_261' title='bbox 2452 1057 2586 1097; x_wconf 91' lang='lat' dir='ltr'><strong>cum</strong></span> <span class='ocrx_word' id='word_1_262' title='bbox 2602 1053 2736 1111; x_wconf 86' lang='lat' dir='ltr'><strong>post</strong></span> <span class='ocrx_word' id='word_1_263' title='bbox 2761 1048 3197 1117; x_wconf 70' lang='lat' dir='ltr'><strong>Recognitiones</strong></span> <span class='ocrx_word' id='word_1_264' title='bbox 3223 1071 3386 1112; x_wconf 90' lang='lat' dir='ltr'><strong>eam-</strong></span> 
     </span>
    </p>
   </div>
   <div class='ocr_carea' id='block_1_40' title="bbox 1788 1120 3385 1205">
    <p class='ocr_par' dir='ltr' id='par_1_40' title="bbox 1788 1120 3385 1205">
     <span class='ocr_line' id='line_1_40' title="bbox 1788 1120 3385 1205; baseline 0.016 -27"><span class='ocrx_word' id='word_1_265' title='bbox 1788 1126 1919 1180; x_wconf 90' lang='lat' dir='ltr'><strong>dem</strong></span> <span class='ocrx_word' id='word_1_266' title='bbox 1949 1130 2259 1195; x_wconf 84' lang='lat' dir='ltr'><strong>Epistolam</strong></span> <span class='ocrx_word' id='word_1_267' title='bbox 2288 1134 2483 1188; x_wconf 76' lang='lat' dir='ltr'><strong>Graece</strong></span> <span class='ocrx_word' id='word_1_268' title='bbox 2506 1120 2565 1189; x_wconf 87' lang='lat' dir='ltr'><strong>et</strong></span> <span class='ocrx_word' id='word_1_269' title='bbox 2584 1138 2799 1205; x_wconf 85' lang='lat' dir='ltr'><strong>Latine,</strong></span> <span class='ocrx_word' id='word_1_270' title='bbox 2840 1142 2964 1196; x_wconf 90' lang='lat' dir='ltr'><strong>sine</strong></span> <span class='ocrx_word' id='word_1_271' title='bbox 3010 1145 3126 1199; x_wconf 90' lang='lat' dir='ltr'><strong>ullo</strong></span> <span class='ocrx_word' id='word_1_272' title='bbox 3159 1148 3385 1205; x_wconf 85' lang='lat' dir='ltr'><strong>addita-</strong></span> 
     </span>
    </p>
   </div>
   <div class='ocr_carea' id='block_1_41' title="bbox 1786 1221 3387 1299">
    <p class='ocr_par' dir='ltr' id='par_1_41' title="bbox 1786 1221 3387 1299">
     <span class='ocr_line' id='line_1_41' title="bbox 1786 1221 3387 1299; baseline 0.016 -30"><span class='ocrx_word' id='word_1_273' title='bbox 1786 1223 1982 1272; x_wconf 90' lang='lat' dir='ltr'><strong>mento</strong></span> <span class='ocrx_word' id='word_1_274' title='bbox 2007 1221 2295 1285; x_wconf 90' lang='lat' dir='ltr'><strong>edidisset,</strong></span> <span class='ocrx_word' id='word_1_275' title='bbox 2320 1226 2518 1289; x_wconf 88' lang='lat' dir='ltr'><strong>postea</strong></span> <span class='ocrx_word' id='word_1_276' title='bbox 2541 1227 2732 1281; x_wconf 81' lang='lat' dir='ltr'><strong>Rufini</strong></span> <span class='ocrx_word' id='word_1_277' title='bbox 2759 1229 3289 1299; x_wconf 87' lang='lat' dir='ltr'><strong>interpretationem</strong></span> <span class='ocrx_word' id='word_1_278' title='bbox 3313 1240 3387 1294; x_wconf 87' lang='lat' dir='ltr'><strong>ad</strong></span> 
     </span>
    </p>
   </div>
   <div class='ocr_carea' id='block_1_42' title="bbox 1788 1310 3390 1384">
    <p class='ocr_par' dir='ltr' id='par_1_42' title="bbox 1788 1310 3390 1384">
     <span class='ocr_line' id='line_1_42' title="bbox 1788 1310 3390 1384; baseline 0.014 -23"><span class='ocrx_word' id='word_1_279' title='bbox 1788 1310 2011 1361; x_wconf 87' lang='lat' dir='ltr'><strong>veteres</strong></span> <span class='ocrx_word' id='word_1_280' title='bbox 2055 1311 2335 1366; x_wconf 88' lang='lat' dir='ltr'><strong>editiones</strong></span> <span class='ocrx_word' id='word_1_281' title='bbox 2379 1319 2438 1367; x_wconf 93' lang='lat' dir='ltr'><strong>et</strong></span> <span class='ocrx_word' id='word_1_282' title='bbox 2485 1317 2711 1371; x_wconf 83' lang='lat' dir='ltr'><strong>codices</strong></span> <span class='ocrx_word' id='word_1_283' title='bbox 2752 1333 2894 1374; x_wconf 88' lang='lat' dir='ltr'><strong>mss.</strong></span> <span class='ocrx_word' id='word_1_284' title='bbox 2936 1324 3201 1379; x_wconf 87' lang='lat' dir='ltr'><strong>collatam</strong></span> <span class='ocrx_word' id='word_1_285' title='bbox 3237 1333 3296 1383; x_wconf 92' lang='lat' dir='ltr'><strong>et</strong></span> <span class='ocrx_word' id='word_1_286' title='bbox 3328 1330 3390 1384; x_wconf 88' lang='lat' dir='ltr'><strong>in</strong></span> 
     </span>
    </p>
   </div>
   <div class='ocr_carea' id='block_1_43' title="bbox 1787 1398 2721 1464">
    <p class='ocr_par' dir='ltr' id='par_1_43' title="bbox 1787 1398 2721 1464">
     <span class='ocr_line' id='line_1_43' title="bbox 1787 1398 2721 1464; baseline 0.013 -15"><span class='ocrx_word' id='word_1_287' title='bbox 1787 1399 1973 1464; x_wconf 78' lang='lat' dir='ltr'><strong>capita</strong></span> <span class='ocrx_word' id='word_1_288' title='bbox 1996 1398 2065 1456; x_wconf 70' lang='lat'><strong>20</strong></span> <span class='ocrx_word' id='word_1_289' title='bbox 2094 1401 2424 1456; x_wconf 86' lang='lat' dir='ltr'><strong>distinctam</strong></span> <span class='ocrx_word' id='word_1_290' title='bbox 2441 1406 2721 1461; x_wconf 83' lang='lat' dir='ltr'><strong>exhibuit.</strong></span> 
     </span>
    </p>
   </div>
   <div class='ocr_carea' id='block_1_44' title="bbox 1858 1490 3384 1566">
    <p class='ocr_par' dir='ltr' id='par_1_44' title="bbox 1858 1490 3384 1566">
     <span class='ocr_line' id='line_1_44' title="bbox 1858 1490 3384 1566; baseline 0.015 -26"><span class='ocrx_word' id='word_1_291' title='bbox 1858 1490 2146 1544; x_wconf 74' lang='lat' dir='ltr'><strong>Vcrsioncs.</strong></span> <span class='ocrx_word' id='word_1_292' title='bbox 2182 1494 2535 1548; x_wconf 74' lang='lat' dir='ltr'><strong>Germanica:</strong></span> <span class='ocrx_word' id='word_1_293' title='bbox 2563 1502 2999 1566; x_wconf 82' lang='lat' dir='ltr'><strong>Recognitiones</strong></span> <span class='ocrx_word' id='word_1_294' title='bbox 3029 1506 3165 1560; x_wconf 84' lang='lat' dir='ltr'><strong>oder</strong></span> <span class='ocrx_word' id='word_1_295' title='bbox 3188 1508 3384 1564; x_wconf 88' lang='lat' dir='ltr'><strong>Histo-</strong></span> 
     </span>
    </p>
   </div>
   <div class='ocr_carea' id='block_1_45' title="bbox 1784 1578 3389 1660">
    <p class='ocr_par' dir='ltr' id='par_1_45' title="bbox 1784 1578 3389 1660">
     <span class='ocr_line' id='line_1_45' title="bbox 1784 1578 3389 1660; baseline 0.014 -30"><span class='ocrx_word' id='word_1_296' title='bbox 1784 1578 1862 1630; x_wconf 91' lang='lat' dir='ltr'><strong>rie</strong></span> <span class='ocrx_word' id='word_1_297' title='bbox 1891 1593 2005 1633; x_wconf 91' lang='lat' dir='ltr'><strong>von</strong></span> <span class='ocrx_word' id='word_1_298' title='bbox 2034 1582 2145 1634; x_wconf 90' lang='lat' dir='ltr'><strong>den</strong></span> <span class='ocrx_word' id='word_1_299' title='bbox 2182 1585 2389 1638; x_wconf 85' lang='lat' dir='ltr'><strong>Reisen</strong></span> <span class='ocrx_word' id='word_1_300' title='bbox 2413 1588 2535 1640; x_wconf 89' lang='lat' dir='ltr'><strong>und</strong></span> <span class='ocrx_word' id='word_1_301' title='bbox 2573 1591 2772 1644; x_wconf 84' lang='lat' dir='ltr'><strong>Reden</strong></span> <span class='ocrx_word' id='word_1_302' title='bbox 2800 1592 2902 1645; x_wconf 86' lang='lat' dir='ltr'><strong>des</strong></span> <span class='ocrx_word' id='word_1_303' title='bbox 2936 1595 3200 1660; x_wconf 89' lang='lat' dir='ltr'><strong>Apostels</strong></span> <span class='ocrx_word' id='word_1_304' title='bbox 3239 1600 3389 1652; x_wconf 91' lang='lat' dir='ltr'><strong>Petri</strong></span> 
     </span>
    </p>
   </div>
   <div class='ocr_carea' id='block_1_46' title="bbox 1784 1668 3383 1754">
    <p class='ocr_par' dir='ltr' id='par_1_46' title="bbox 1784 1668 3383 1754">
     <span class='ocr_line' id='line_1_46' title="bbox 1784 1668 3383 1754; baseline 0.014 -35"><span class='ocrx_word' id='word_1_305' title='bbox 1784 1668 1843 1720; x_wconf 93' lang='lat' dir='ltr'><strong>in</strong></span> <span class='ocrx_word' id='word_1_306' title='bbox 1860 1670 2007 1722; x_wconf 88' lang='lat' dir='ltr'><strong>zehn</strong></span> <span class='ocrx_word' id='word_1_307' title='bbox 2028 1672 2287 1727; x_wconf 85' lang='lat' dir='ltr'><strong>B&#39;uchern</strong></span> <span class='ocrx_word' id='word_1_308' title='bbox 2307 1691 2319 1727; x_wconf 94' lang='lat'>:</span> <span class='ocrx_word' id='word_1_309' title='bbox 2337 1678 2635 1732; x_wconf 90' lang='lat' dir='ltr'><strong>Nunmehr</strong></span> <span class='ocrx_word' id='word_1_310' title='bbox 2656 1680 2748 1733; x_wconf 92' lang='lat' dir='ltr'><strong>ins</strong></span> <span class='ocrx_word' id='word_1_311' title='bbox 2774 1684 3058 1737; x_wconf 86' lang='lat' dir='ltr'><strong>Teutsche</strong></span> <span class='ocrx_word' id='word_1_312' title='bbox 3071 1687 3383 1754; x_wconf 84' lang='lat' dir='ltr'><strong>iibersetzt,</strong></span> 
     </span>
    </p>
   </div>
   <div class='ocr_carea' id='block_1_47' title="bbox 1785 1761 3387 1845">
    <p class='ocr_par' dir='ltr' id='par_1_47' title="bbox 1785 1761 3387 1845">
     <span class='ocr_line' id='line_1_47' title="bbox 1785 1761 3387 1845; baseline 0.014 -33"><span class='ocrx_word' id='word_1_313' title='bbox 1785 1761 1892 1812; x_wconf 89' lang='lat' dir='ltr'><strong>mit</strong></span> <span class='ocrx_word' id='word_1_314' title='bbox 1920 1761 2105 1816; x_wconf 87' lang='lat' dir='ltr'><strong>einem</strong></span> <span class='ocrx_word' id='word_1_315' title='bbox 2130 1766 2467 1820; x_wconf 85' lang='lat' dir='ltr'><strong>Vorbericht</strong></span> <span class='ocrx_word' id='word_1_316' title='bbox 2486 1770 2748 1835; x_wconf 71' lang='lat' dir='ltr'><strong>Gott/rica</strong></span> <span class='ocrx_word' id='word_1_317' title='bbox 2774 1772 3033 1827; x_wconf 77' lang='lat' dir='ltr'><strong>Arnolds.</strong></span> <span class='ocrx_word' id='word_1_318' title='bbox 3057 1777 3262 1842; x_wconf 91' lang='lat' dir='ltr'><strong>Berlin,</strong></span> <span class='ocrx_word' id='word_1_319' title='bbox 3276 1779 3387 1845; x_wconf 86' lang='lat' dir='ltr'><strong>bey</strong></span> 
     </span>
    </p>
   </div>
   <div class='ocr_carea' id='block_1_48' title="bbox 1791 1854 2605 1923">
    <p class='ocr_par' dir='ltr' id='par_1_48' title="bbox 1791 1854 2605 1923">
     <span class='ocr_line' id='line_1_48' title="bbox 1791 1854 2605 1923; baseline 0.011 -20"><span class='ocrx_word' id='word_1_320' title='bbox 1791 1854 1829 1904; x_wconf 93' lang='grc' dir='ltr'><strong>Ι.</strong></span> <span class='ocrx_word' id='word_1_321' title='bbox 1863 1856 1936 1905; x_wconf 89' lang='grc' dir='ltr'><strong>Μ.</strong></span> <span class='ocrx_word' id='word_1_322' title='bbox 1967 1855 2233 1920; x_wconf 67' lang='lat' dir='ltr'><strong>Ri’tdiger,</strong></span> <span class='ocrx_word' id='word_1_323' title='bbox 2262 1856 2418 1923; x_wconf 70' lang='grc'>1702,</span> <span class='ocrx_word' id='word_1_324' title='bbox 2444 1859 2605 1915; x_wconf 90' lang='lat' dir='ltr'><strong>in-8°.</strong></span> 
     </span>
    </p>
   </div>
   <div class='ocr_carea' id='block_1_49' title="bbox 1851 1947 3379 2021">
    <p class='ocr_par' dir='ltr' id='par_1_49' title="bbox 1851 1947 3379 2021">
     <span class='ocr_line' id='line_1_49' title="bbox 1851 1947 3379 2021; baseline 0.01 -23"><span class='ocrx_word' id='word_1_325' title='bbox 1851 1947 2176 2011; x_wconf 88' lang='lat' dir='ltr'><strong>Composita</strong></span> <span class='ocrx_word' id='word_1_326' title='bbox 2217 1954 2305 2001; x_wconf 90' lang='lat' dir='ltr'><strong>est</strong></span> <span class='ocrx_word' id='word_1_327' title='bbox 2340 1962 2413 2001; x_wconf 82' lang='lat' dir='ltr'><strong>ex</strong></span> <span class='ocrx_word' id='word_1_328' title='bbox 2452 1950 2701 2005; x_wconf 89' lang='lat' dir='ltr'><strong>editione</strong></span> <span class='ocrx_word' id='word_1_329' title='bbox 2740 1953 2988 2021; x_wconf 87' lang='lat' dir='ltr'><strong>Gruteri,</strong></span> <span class='ocrx_word' id='word_1_330' title='bbox 3024 1957 3176 2021; x_wconf 91' lang='lat' dir='ltr'><strong>quod</strong></span> <span class='ocrx_word' id='word_1_331' title='bbox 3222 1958 3379 2013; x_wconf 89' lang='lat' dir='ltr'><strong>dolet</strong></span> 
     </span>
    </p>
   </div>
   <div class='ocr_carea' id='block_1_50' title="bbox 1786 2035 3389 2105">
    <p class='ocr_par' dir='ltr' id='par_1_50' title="bbox 1786 2035 3389 2105">
     <span class='ocr_line' id='line_1_50' title="bbox 1786 2035 3389 2105; baseline 0.011 -19"><span class='ocrx_word' id='word_1_332' title='bbox 1786 2035 2092 2102; x_wconf 88' lang='lat' dir='ltr'><strong>Arnoldus,</strong></span> <span class='ocrx_word' id='word_1_333' title='bbox 2124 2042 2182 2089; x_wconf 92' lang='lat' dir='ltr'><strong>et</strong></span> <span class='ocrx_word' id='word_1_334' title='bbox 2204 2052 2373 2103; x_wconf 88' lang='lat' dir='ltr'><strong>opere</strong></span> <span class='ocrx_word' id='word_1_335' title='bbox 2408 2053 2552 2105; x_wconf 90' lang='lat' dir='ltr'><strong>pene</strong></span> <span class='ocrx_word' id='word_1_336' title='bbox 2591 2043 2862 2098; x_wconf 88' lang='lat' dir='ltr'><strong>absoluto</strong></span> <span class='ocrx_word' id='word_1_337' title='bbox 2893 2044 3133 2100; x_wconf 90' lang='lat' dir='ltr'><strong>demum</strong></span> <span class='ocrx_word' id='word_1_338' title='bbox 3158 2061 3221 2101; x_wconf 91' lang='lat' dir='ltr'><strong>se</strong></span> <span class='ocrx_word' id='word_1_339' title='bbox 3264 2049 3389 2103; x_wconf 89' lang='lat' dir='ltr'><strong>ani-</strong></span> 
     </span>
    </p>
   </div>
   <div class='ocr_carea' id='block_1_51' title="bbox 1784 2127 2331 2181">
    <p class='ocr_par' dir='ltr' id='par_1_51' title="bbox 1784 2127 2331 2181">
     <span class='ocr_line' id='line_1_51' title="bbox 1784 2127 2331 2181; baseline 0.002 -5"><span class='ocrx_word' id='word_1_340' title='bbox 1784 2127 2155 2179; x_wconf 86' lang='lat' dir='ltr'><strong>madversum</strong></span> <span class='ocrx_word' id='word_1_341' title='bbox 2181 2127 2331 2181; x_wconf 88' lang='lat' dir='ltr'><strong>dicit.</strong></span> 
     </span>
    </p>
   </div>
   <div class='ocr_carea' id='block_1_52' title="bbox 1848 2217 3381 2285">
    <p class='ocr_par' dir='ltr' id='par_1_52' title="bbox 1848 2217 3381 2285">
     <span class='ocr_line' id='line_1_52' title="bbox 1848 2217 3381 2285; baseline 0.012 -20"><span class='ocrx_word' id='word_1_342' title='bbox 1848 2217 2111 2281; x_wconf 81' lang='lat' dir='ltr'><strong>Anglica:</strong></span> <span class='ocrx_word' id='word_1_343' title='bbox 2137 2218 2256 2271; x_wconf 89' lang='lat' dir='ltr'><strong>The</strong></span> <span class='ocrx_word' id='word_1_344' title='bbox 2293 2220 2730 2285; x_wconf 83' lang='lat' dir='ltr'><strong>Recognitiones</strong></span> <span class='ocrx_word' id='word_1_345' title='bbox 2765 2224 2828 2276; x_wconf 84' lang='lat' dir='ltr'><strong>of</strong></span> <span class='ocrx_word' id='word_1_346' title='bbox 2862 2226 3149 2281; x_wconf 81' lang='lat' dir='ltr'><strong>Clement;</strong></span> <span class='ocrx_word' id='word_1_347' title='bbox 3195 2241 3260 2281; x_wconf 91' lang='lat' dir='ltr'><strong>or</strong></span> <span class='ocrx_word' id='word_1_348' title='bbox 3282 2230 3381 2283; x_wconf 90' lang='lat' dir='ltr'><strong>the</strong></span> 
     </span>
    </p>
   </div>
   <div class='ocr_carea' id='block_1_53' title="bbox 1788 2306 3382 2384">
    <p class='ocr_par' dir='ltr' id='par_1_53' title="bbox 1788 2306 3382 2384">
     <span class='ocr_line' id='line_1_53' title="bbox 1788 2306 3382 2384; baseline 0.009 -27"><span class='ocrx_word' id='word_1_349' title='bbox 1788 2306 2024 2359; x_wconf 89' lang='lat' dir='ltr'><strong>Travels</strong></span> <span class='ocrx_word' id='word_1_350' title='bbox 2042 2308 2105 2372; x_wconf 84' lang='lat' dir='ltr'><strong>pf</strong></span> <span class='ocrx_word' id='word_1_351' title='bbox 2119 2309 2299 2369; x_wconf 90' lang='lat' dir='ltr'><strong>Peter,</strong></span> <span class='ocrx_word' id='word_1_352' title='bbox 2329 2309 2390 2361; x_wconf 91' lang='lat' dir='ltr'><strong>in</strong></span> <span class='ocrx_word' id='word_1_353' title='bbox 2412 2314 2509 2362; x_wconf 92' lang='lat' dir='ltr'><strong>ten</strong></span> <span class='ocrx_word' id='word_1_354' title='bbox 2541 2312 2750 2365; x_wconf 87' lang='lat' dir='ltr'><strong>Books.</strong></span> <span class='ocrx_word' id='word_1_355' title='bbox 2778 2316 2938 2369; x_wconf 87' lang='lat' dir='ltr'><strong>Done</strong></span> <span class='ocrx_word' id='word_1_356' title='bbox 2966 2317 3024 2369; x_wconf 89' lang='lat' dir='ltr'><strong>in</strong></span> <span class='ocrx_word' id='word_1_357' title='bbox 3055 2322 3113 2370; x_wconf 93' lang='lat' dir='ltr'><strong>to</strong></span> <span class='ocrx_word' id='word_1_358' title='bbox 3144 2320 3382 2384; x_wconf 81' lang='lat' dir='ltr'><strong>English</strong></span> 
     </span>
    </p>
   </div>
   <div class='ocr_carea' id='block_1_54' title="bbox 1787 2396 3385 2475">
    <p class='ocr_par' dir='ltr' id='par_1_54' title="bbox 1787 2396 3385 2475">
     <span class='ocr_line' id='line_1_54' title="bbox 1787 2396 3385 2475; baseline 0.009 -27"><span class='ocrx_word' id='word_1_359' title='bbox 1787 2396 1863 2461; x_wconf 87' lang='lat' dir='ltr'><strong>by</strong></span> <span class='ocrx_word' id='word_1_360' title='bbox 1894 2397 2134 2447; x_wconf 83' lang='lat' dir='ltr'><strong>William</strong></span> <span class='ocrx_word' id='word_1_361' title='bbox 2152 2398 2414 2449; x_wconf 82' lang='lat' dir='ltr'><strong>Whiston.</strong></span> <span class='ocrx_word' id='word_1_362' title='bbox 2433 2400 2592 2453; x_wconf 87' lang='lat' dir='ltr'><strong>With</strong></span> <span class='ocrx_word' id='word_1_363' title='bbox 2605 2414 2639 2454; x_wconf 89' lang='lat' dir='ltr'><strong>a</strong></span> <span class='ocrx_word' id='word_1_364' title='bbox 2656 2404 2921 2467; x_wconf 71' lang='lat' dir='ltr'><strong>pmface,</strong></span> <span class='ocrx_word' id='word_1_365' title='bbox 2935 2418 2998 2459; x_wconf 92' lang='lat' dir='ltr'><strong>or</strong></span> <span class='ocrx_word' id='word_1_366' title='bbox 3015 2408 3385 2475; x_wconf 85' lang='lat' dir='ltr'><strong>Preliminary</strong></span> 
     </span>
    </p>
   </div>
   <div class='ocr_carea' id='block_1_55' title="bbox 1787 2486 3387 2558">
    <p class='ocr_par' dir='ltr' id='par_1_55' title="bbox 1787 2486 3387 2558">
     <span class='ocr_line' id='line_1_55' title="bbox 1787 2486 3387 2558; baseline 0.008 -21"><span class='ocrx_word' id='word_1_367' title='bbox 1787 2486 2113 2541; x_wconf 86' lang='lat' dir='ltr'><strong>Discourse:</strong></span> <span class='ocrx_word' id='word_1_368' title='bbox 2138 2501 2204 2541; x_wconf 91' lang='lat' dir='ltr'><strong>as</strong></span> <span class='ocrx_word' id='word_1_369' title='bbox 2227 2489 2348 2543; x_wconf 89' lang='lat' dir='ltr'><strong>also</strong></span> <span class='ocrx_word' id='word_1_370' title='bbox 2382 2495 2498 2545; x_wconf 81' lang='lat' dir='ltr'><strong>two</strong></span> <span class='ocrx_word' id='word_1_371' title='bbox 2535 2494 2902 2558; x_wconf 85' lang='lat' dir='ltr'><strong>Appendixes</strong></span> <span class='ocrx_word' id='word_1_372' title='bbox 2933 2523 2996 2534; x_wconf 92' lang='lat'>—</span> <span class='ocrx_word' id='word_1_373' title='bbox 3025 2498 3087 2546; x_wconf 84' lang='lat' dir='ltr'><strong>in</strong></span> <span class='ocrx_word' id='word_1_374' title='bbox 3119 2498 3210 2551; x_wconf 90' lang='lat' dir='ltr'><strong>his</strong></span> <span class='ocrx_word' id='word_1_375' title='bbox 3255 2500 3387 2549; x_wconf 83' lang='lat' dir='ltr'><strong>Pri-</strong></span> 
     </span>
    </p>
   </div>
   <div class='ocr_carea' id='block_1_56' title="bbox 1783 2578 3380 2654">
    <p class='ocr_par' dir='ltr' id='par_1_56' title="bbox 1783 2578 3380 2654">
     <span class='ocr_line' id='line_1_56' title="bbox 1783 2578 3380 2654; baseline 0.012 -28"><span class='ocrx_word' id='word_1_376' title='bbox 1783 2578 1967 2627; x_wconf 85' lang='lat' dir='ltr'><strong>milive</strong></span> <span class='ocrx_word' id='word_1_377' title='bbox 2008 2578 2374 2647; x_wconf 85' lang='lat' dir='ltr'><strong>Christianity</strong></span> <span class='ocrx_word' id='word_1_378' title='bbox 2418 2581 2655 2638; x_wconf 85' lang='lat' dir='ltr'><strong>reviv’d.</strong></span> <span class='ocrx_word' id='word_1_379' title='bbox 2702 2584 2828 2638; x_wconf 90' lang='lat' dir='ltr'><strong>Vol.</strong></span> <span class='ocrx_word' id='word_1_380' title='bbox 2875 2587 2946 2639; x_wconf 89' lang='lat' dir='ltr'><strong>V.</strong></span> <span class='ocrx_word' id='word_1_381' title='bbox 2991 2588 3171 2641; x_wconf 91' lang='lat' dir='ltr'><strong>Lond.</strong></span> <span class='ocrx_word' id='word_1_382' title='bbox 3212 2587 3380 2654; x_wconf 68' lang='grc'>1712,</span> 
     </span>
    </p>
   </div>
   <div class='ocr_carea' id='block_1_57' title="bbox 1784 2668 1937 2724">
    <p class='ocr_par' dir='ltr' id='par_1_57' title="bbox 1784 2668 1937 2724">
     <span class='ocr_line' id='line_1_57' title="bbox 1784 2668 1937 2724; baseline 0 -2"><span class='ocrx_word' id='word_1_383' title='bbox 1784 2668 1937 2724; x_wconf 83' lang='lat' dir='ltr'><strong>in-8°.</strong></span> 
     </span>
    </p>
   </div>
   <div class='ocr_carea' id='block_1_58' title="bbox 1786 2814 3385 2888">
    <p class='ocr_par' dir='ltr' id='par_1_58' title="bbox 1786 2814 3385 2888">
     <span class='ocr_line' id='line_1_58' title="bbox 1786 2814 3385 2888; baseline 0.006 -23"><span class='ocrx_word' id='word_1_384' title='bbox 1786 2814 1880 2866; x_wconf 83' lang='lat' dir='ltr'><strong>XI.</strong></span> <span class='ocrx_word' id='word_1_385' title='bbox 1920 2814 2163 2866; x_wconf 83' lang='lat' dir='ltr'><strong>Anatolii</strong></span> <span class='ocrx_word' id='word_1_386' title='bbox 2198 2816 2583 2882; x_wconf 74' lang='lat' dir='ltr'><strong>Alexandrini,</strong></span> <span class='ocrx_word' id='word_1_387' title='bbox 2619 2821 2957 2873; x_wconf 81' lang='lat' dir='ltr'><strong>Laodicensis</strong></span> <span class='ocrx_word' id='word_1_388' title='bbox 2986 2823 3145 2888; x_wconf 80' lang='lat' dir='ltr'><strong>episc.</strong></span> <span class='ocrx_word' id='word_1_389' title='bbox 3185 2823 3385 2876; x_wconf 83' lang='lat' dir='ltr'><strong>Canon</strong></span> 
     </span>
    </p>
   </div>
   <div class='ocr_carea' id='block_1_59' title="bbox 2434 2910 2729 2974">
    <p class='ocr_par' dir='ltr' id='par_1_59' title="bbox 2434 2910 2729 2974">
     <span class='ocr_line' id='line_1_59' title="bbox 2434 2910 2729 2974; baseline 0.02 -16"><span class='ocrx_word' id='word_1_390' title='bbox 2434 2910 2729 2974; x_wconf 82' lang='lat' dir='ltr'><strong>paschalis.</strong></span> 
     </span>
    </p>
   </div>
   <div class='ocr_carea' id='block_1_60' title="bbox 1846 3022 3384 3089">
    <p class='ocr_par' dir='ltr' id='par_1_60' title="bbox 1846 3022 3384 3089">
     <span class='ocr_line' id='line_1_60' title="bbox 1846 3022 3384 3089; baseline 0.006 -16"><span class='ocrx_word' id='word_1_391' title='bbox 1846 3022 2026 3089; x_wconf 91' lang='lat' dir='ltr'><strong>Cujus</strong></span> <span class='ocrx_word' id='word_1_392' title='bbox 2050 3024 2313 3078; x_wconf 86' lang='lat' dir='ltr'><strong>versione</strong></span> <span class='ocrx_word' id='word_1_393' title='bbox 2338 3025 2537 3078; x_wconf 85' lang='lat' dir='ltr'><strong>Latina</strong></span> <span class='ocrx_word' id='word_1_394' title='bbox 2553 3026 2833 3081; x_wconf 87' lang='lat' dir='ltr'><strong>Rutlnum</strong></span> <span class='ocrx_word' id='word_1_395' title='bbox 2858 3028 3244 3081; x_wconf 86' lang='lat' dir='ltr'><strong>Eusebianam</strong></span> <span class='ocrx_word' id='word_1_396' title='bbox 3278 3029 3384 3081; x_wconf 88' lang='lat' dir='ltr'><strong>Hi-</strong></span> 
     </span>
    </p>
   </div>
   <div class='ocr_carea' id='block_1_61' title="bbox 1787 3112 3373 3183">
    <p class='ocr_par' dir='ltr' id='par_1_61' title="bbox 1787 3112 3373 3183">
     <span class='ocr_line' id='line_1_61' title="bbox 1787 3112 3373 3183; baseline 0.005 -19"><span class='ocrx_word' id='word_1_397' title='bbox 1787 3112 2020 3165; x_wconf 86' lang='lat' dir='ltr'><strong>storiam</strong></span> <span class='ocrx_word' id='word_1_398' title='bbox 2053 3113 2426 3179; x_wconf 87' lang='lat' dir='ltr'><strong>interpolasse</strong></span> <span class='ocrx_word' id='word_1_399' title='bbox 2461 3122 2704 3171; x_wconf 90' lang='lat' dir='ltr'><strong>censent</strong></span> <span class='ocrx_word' id='word_1_400' title='bbox 2726 3126 2763 3179; x_wconf 88' lang='grc'>·,</span> <span class='ocrx_word' id='word_1_401' title='bbox 2790 3118 2965 3170; x_wconf 88' lang='lat' dir='ltr'><strong>edidit</strong></span> <span class='ocrx_word' id='word_1_402' title='bbox 2982 3118 3205 3183; x_wconf 88' lang='lat' dir='ltr'><strong>primus</strong></span> <span class='ocrx_word' id='word_1_403' title='bbox 3230 3132 3261 3171; x_wconf 90' lang='lat' dir='ltr'><strong>e</strong></span> <span class='ocrx_word' id='word_1_404' title='bbox 3281 3132 3373 3172; x_wconf 86' lang='lat' dir='ltr'><strong>ve-</strong></span> 
     </span>
    </p>
   </div>
   <div class='ocr_carea' id='block_1_62' title="bbox 1788 3204 3381 3271">
    <p class='ocr_par' dir='ltr' id='par_1_62' title="bbox 1788 3204 3381 3271">
     <span class='ocr_line' id='line_1_62' title="bbox 1788 3204 3381 3271; baseline 0.004 -14"><span class='ocrx_word' id='word_1_405' title='bbox 1788 3205 1895 3257; x_wconf 91' lang='lat' dir='ltr'><strong>teri</strong></span> <span class='ocrx_word' id='word_1_406' title='bbox 1914 3204 2106 3259; x_wconf 89' lang='lat' dir='ltr'><strong>codice</strong></span> <span class='ocrx_word' id='word_1_407' title='bbox 2128 3218 2238 3257; x_wconf 91' lang='lat' dir='ltr'><strong>ms.</strong></span> <span class='ocrx_word' id='word_1_408' title='bbox 2262 3206 2517 3271; x_wconf 60' lang='lat' dir='ltr'><strong>Egidius</strong></span> <span class='ocrx_word' id='word_1_409' title='bbox 2541 3210 2841 3260; x_wconf 81' lang='lat' dir='ltr'><strong>Bucherius</strong></span> <span class='ocrx_word' id='word_1_410' title='bbox 2870 3210 2931 3262; x_wconf 92' lang='lat' dir='ltr'><strong>in</strong></span> <span class='ocrx_word' id='word_1_411' title='bbox 2954 3211 3381 3266; x_wconf 87' lang='lat' dir='ltr'><strong>Commentario</strong></span> 
     </span>
    </p>
   </div>
   <div class='ocr_carea' id='block_1_63' title="bbox 104 3264 1737 3382">
    <p class='ocr_par' dir='ltr' id='par_1_63' title="bbox 104 3264 1737 3382">
     <span class='ocr_line' id='line_1_63' title="bbox 104 3264 1737 3382; baseline 0.002 -16"><span class='ocrx_word' id='word_1_412' title='bbox 104 3264 242 3371; x_wconf 52' lang='lat' dir='ltr'><strong>tam,</strong></span> <span class='ocrx_word' id='word_1_413' title='bbox 272 3264 437 3371; x_wconf 49' lang='lat'><strong>(529,</strong></span> <span class='ocrx_word' id='word_1_414' title='bbox 474 3310 617 3366; x_wconf 76' lang='lat' dir='ltr'><strong>in-8°</strong></span> <span class='ocrx_word' id='word_1_415' title='bbox 651 3264 1085 3368; x_wconf 52' lang='lat' dir='ltr'><strong>Primam’rinter</strong></span> <span class='ocrx_word' id='word_1_416' title='bbox 1126 3313 1399 3380; x_wconf 87' lang='lat' dir='ltr'><strong>epistolas</strong></span> <span class='ocrx_word' id='word_1_417' title='bbox 1433 3264 1681 3382; x_wconf 53' lang='lat' dir='ltr'><strong>pseudo-</strong></span> <span class='ocrx_word' id='word_1_418' title='bbox 1716 3265 1737 3341; x_wconf 76' lang='grc'><strong>(</strong></span> 
     </span>
    </p>
   </div>
   <div class='ocr_carea' id='block_1_64' title="bbox 1797 3264 3379 3382">
    <p class='ocr_par' dir='ltr' id='par_1_64' title="bbox 1797 3264 3379 3368">
     <span class='ocr_line' id='line_1_64' title="bbox 1797 3264 3379 3368; baseline 0.004 -19"><span class='ocrx_word' id='word_1_419' title='bbox 1797 3297 1855 3351; x_wconf 85' lang='lat' dir='ltr'><strong>le</strong></span> <span class='ocrx_word' id='word_1_420' title='bbox 1877 3298 2146 3351; x_wconf 86' lang='lat' dir='ltr'><strong>Doctrina</strong></span> <span class='ocrx_word' id='word_1_421' title='bbox 2161 3264 2575 3368; x_wconf 72' lang='lat' dir='ltr'><strong>temporum,p.</strong></span> <span class='ocrx_word' id='word_1_422' title='bbox 2595 3301 2717 3358; x_wconf 75' lang='grc'><strong>439.</strong></span> <span class='ocrx_word' id='word_1_423' title='bbox 2751 3303 2830 3356; x_wconf 77' lang='lat' dir='ltr'><strong>Cf.</strong></span> <span class='ocrx_word' id='word_1_424' title='bbox 2865 3302 3171 3357; x_wconf 87' lang='lat' dir='ltr'><strong>Fontanin.</strong></span> <span class='ocrx_word' id='word_1_425' title='bbox 3201 3303 3299 3357; x_wconf 90' lang='lat' dir='ltr'><strong>lib.</strong></span> <span class='ocrx_word' id='word_1_426' title='bbox 3322 3316 3379 3357; x_wconf 92' lang='lat' dir='ltr'><strong>v.</strong></span> 
     </span>
    </p>
   </div>
   <div class='ocr_carea' id='block_1_65' title="bbox 102 3396 885 3456">
    <p class='ocr_par' dir='ltr' id='par_1_65' title="bbox 102 3396 885 3456">
     <span class='ocr_line' id='line_1_65' title="bbox 102 3396 885 3456; baseline 0.006 -8"><span class='ocrx_word' id='word_1_427' title='bbox 102 3396 280 3452; x_wconf 88' lang='lat' dir='ltr'><strong>Isidori</strong></span> <span class='ocrx_word' id='word_1_428' title='bbox 303 3400 515 3455; x_wconf 85' lang='lat' dir='ltr'><strong>statuit</strong></span> <span class='ocrx_word' id='word_1_429' title='bbox 541 3401 885 3456; x_wconf 89' lang='lat' dir='ltr'><strong>Blondellus.</strong></span> 
     </span>
    </p>
   </div>
   <div class='ocr_carea' id='block_1_66' title="bbox 156 3571 1685 3642">
    <p class='ocr_par' dir='ltr' id='par_1_66' title="bbox 156 3571 1685 3642">
     <span class='ocr_line' id='line_1_66' title="bbox 156 3571 1685 3642; baseline 0.003 -16"><span class='ocrx_word' id='word_1_430' title='bbox 156 3578 171 3598; x_wconf 82' lang='lat'><em>‘</em></span> <span class='ocrx_word' id='word_1_431' title='bbox 192 3571 610 3628; x_wconf 85' lang='lat' dir='ltr'><strong>Commemorat</strong></span> <span class='ocrx_word' id='word_1_432' title='bbox 623 3586 759 3628; x_wconf 91' lang='lat' dir='ltr'><strong>eum</strong></span> <span class='ocrx_word' id='word_1_433' title='bbox 782 3573 1065 3630; x_wconf 85' lang='lat' dir='ltr'><strong>Eusebius</strong></span> <span class='ocrx_word' id='word_1_434' title='bbox 1088 3576 1234 3631; x_wconf 85' lang='lat' dir='ltr'><strong>Hist.</strong></span> <span class='ocrx_word' id='word_1_435' title='bbox 1261 3576 1359 3631; x_wconf 88' lang='lat' dir='ltr'><strong>lib.</strong></span> <span class='ocrx_word' id='word_1_436' title='bbox 1393 3588 1501 3642; x_wconf 86' lang='lat' dir='ltr'><strong>vn,</strong></span> <span class='ocrx_word' id='word_1_437' title='bbox 1520 3589 1567 3630; x_wconf 90' lang='lat' dir='ltr'><strong>c.</strong></span> <span class='ocrx_word' id='word_1_438' title='bbox 1596 3575 1685 3633; x_wconf 72' lang='grc'><strong>26.</strong></span> 
     </span>
    </p>
   </div>
   <div class='ocr_carea' id='block_1_67' title="bbox 1784 3388 2137 3455">
    <p class='ocr_par' dir='ltr' id='par_1_67' title="bbox 1784 3388 2137 3455">
     <span class='ocr_line' id='line_1_67' title="bbox 1784 3388 2137 3455; baseline 0 -13"><span class='ocrx_word' id='word_1_439' title='bbox 1784 3401 1907 3454; x_wconf 89' lang='lat' dir='ltr'><strong>cap.</strong></span> <span class='ocrx_word' id='word_1_440' title='bbox 1933 3388 2137 3455; x_wconf 74' lang='lat' dir='ltr'><strong>15,§l.</strong></span> 
     </span>
    </p>
   </div>
   <div class='ocr_carea' id='block_1_68' title="bbox 105 3757 3376 3802">
    <p class='ocr_par' dir='ltr' id='par_1_68' title="bbox 105 3757 3376 3802">
     <span class='ocr_line' id='line_1_68' title="bbox 105 3757 3376 3802; baseline 0.001 -11"><span class='ocrx_word' id='word_1_441' title='bbox 105 3757 3376 3802; x_wconf 51' lang='grc' dir='ltr'>Ἥ</span> 
     </span>
    </p>
   </div>
   <div class='ocr_carea' id='block_1_69' title="bbox 214 3928 3246 4017">
    <p class='ocr_par' dir='ltr' id='par_1_69' title="bbox 214 3928 3246 4017">
     <span class='ocr_line' id='line_1_69' title="bbox 214 3928 3246 4017; baseline 0.001 -5"><span class='ocrx_word' id='word_1_442' title='bbox 214 3929 350 4012; x_wconf 89' lang='lat' dir='ltr'><strong>AD</strong></span> <span class='ocrx_word' id='word_1_443' title='bbox 467 3928 1421 4015; x_wconf 84' lang='lat' dir='ltr'><strong>ILLUSTRISSIMUM</strong></span> <span class='ocrx_word' id='word_1_444' title='bbox 1536 3928 1670 4013; x_wconf 85' lang='lat' dir='ltr'><strong>AC</strong></span> <span class='ocrx_word' id='word_1_445' title='bbox 1780 3928 2871 4016; x_wconf 82' lang='lat' dir='ltr'><strong>REVERENDISSIMUM</strong></span> <span class='ocrx_word' id='word_1_446' title='bbox 2984 3930 3246 4017; x_wconf 91' lang='lat' dir='ltr'><strong>DOM.</strong></span> 
     </span>
    </p>
   </div>
   <div class='ocr_carea' id='block_1_70' title="bbox 528 4120 2937 4275">
    <p class='ocr_par' dir='ltr' id='par_1_70' title="bbox 528 4120 2937 4275">
     <span class='ocr_line' id='line_1_70' title="bbox 528 4120 2937 4275; baseline 0.002 -7"><span class='ocrx_word' id='word_1_447' title='bbox 528 4121 1569 4275; x_wconf 88' lang='lat' dir='ltr'><strong>DANIELEM</strong></span> <span class='ocrx_word' id='word_1_448' title='bbox 1752 4120 2937 4274; x_wconf 85' lang='lat' dir='ltr'><strong>DELPHINUM</strong></span> 
     </span>
    </p>
   </div>
   <div class='ocr_carea' id='block_1_71' title="bbox 1006 4400 2473 4499">
    <p class='ocr_par' dir='ltr' id='par_1_71' title="bbox 1006 4400 2473 4499">
     <span class='ocr_line' id='line_1_71' title="bbox 1006 4400 2473 4499; baseline -0.002 -22"><span class='ocrx_word' id='word_1_449' title='bbox 1006 4401 1565 4499; x_wconf 66' lang='lat' dir='ltr'><strong>AQUILEIIE</strong></span> <span class='ocrx_word' id='word_1_450' title='bbox 1665 4400 2473 4477; x_wconf 77' lang='lat' dir='ltr'><strong>PATRIARCHAM</strong></span> 
     </span>
    </p>
   </div>
   <div class='ocr_carea' id='block_1_72' title="bbox 1172 4600 2270 4898">
    <p class='ocr_par' dir='ltr' id='par_1_72' title="bbox 1172 4600 2270 4898">
     <span class='ocr_line' id='line_1_72' title="bbox 1172 4600 2270 4898; baseline -0.003 -82"><span class='ocrx_word' id='word_1_451' title='bbox 1172 4600 2185 4898; x_wconf 58' lang='grc' dir='ltr'><strong>ᾔβωεὶαῒίυ</strong></span> <span class='ocrx_word' id='word_1_452' title='bbox 2224 4760 2270 4813; x_wconf 88' lang='grc'><strong>.</strong></span> 
     </span>
    </p>
   </div>
   <div class='ocr_carea' id='block_1_73' title="bbox 2522 5009 2554 5018">
    <p class='ocr_par' dir='ltr' id='par_1_73' title="bbox 2522 5009 2554 5018">
     <span class='ocr_line' id='line_1_73' title="bbox 2522 5009 2554 5018; baseline 0 -2"><span class='ocrx_word' id='word_1_453' title='bbox 2522 5009 2554 5018; x_wconf 56' lang='grc' dir='ltr'><strong>μ.</strong></span> 
     </span>
    </p>
   </div>
   <div class='ocr_carea' id='block_1_74' title="bbox 921 4990 2518 5045">
    <p class='ocr_par' dir='ltr' id='par_1_74' title="bbox 921 4990 2518 5045">
     <span class='ocr_line' id='line_1_74' title="bbox 921 4990 2518 5045; baseline 0.002 -6"><span class='ocrx_word' id='word_1_454' title='bbox 921 4990 2518 5045; x_wconf 48' lang='lat' dir='ltr'><strong>“W</strong></span> 
     </span>
    </p>
   </div>
   <div class='ocr_carea' id='block_1_75' title="bbox 158 5148 3387 5221">
    <p class='ocr_par' dir='ltr' id='par_1_75' title="bbox 158 5148 3387 5221">
     <span class='ocr_line' id='line_1_75' title="bbox 158 5148 3387 5221; baseline 0.002 -21"><span class='ocrx_word' id='word_1_455' title='bbox 158 5149 280 5211; x_wconf 66' lang='lat' dir='ltr'><strong>Quae</strong></span> <span class='ocrx_word' id='word_1_456' title='bbox 304 5153 361 5205; x_wconf 89' lang='lat' dir='ltr'><strong>in</strong></span> <span class='ocrx_word' id='word_1_457' title='bbox 379 5151 578 5206; x_wconf 79' lang='lat' dir='ltr'><strong>Ruﬁni</strong></span> <span class='ocrx_word' id='word_1_458' title='bbox 592 5151 839 5217; x_wconf 87' lang='lat' dir='ltr'><strong>Operum</strong></span> <span class='ocrx_word' id='word_1_459' title='bbox 866 5151 1178 5206; x_wconf 88' lang='lat' dir='ltr'><strong>editionem</strong></span> <span class='ocrx_word' id='word_1_460' title='bbox 1200 5152 1351 5206; x_wconf 89' lang='lat' dir='ltr'><strong>hanc</strong></span> <span class='ocrx_word' id='word_1_461' title='bbox 1374 5150 2013 5217; x_wconf 85' lang='lat' dir='ltr'><strong>novam,Illustrissime</strong></span> <span class='ocrx_word' id='word_1_462' title='bbox 2033 5162 2102 5203; x_wconf 90' lang='lat' dir='ltr'><strong>ac</strong></span> <span class='ocrx_word' id='word_1_463' title='bbox 2136 5148 2535 5205; x_wconf 84' lang='lat' dir='ltr'><strong>Reverendiss.</strong></span> <span class='ocrx_word' id='word_1_464' title='bbox 2578 5151 2905 5205; x_wconf 83' lang='lat' dir='ltr'><strong>Patriarcha</strong></span> <span class='ocrx_word' id='word_1_465' title='bbox 2934 5153 3234 5221; x_wconf 88' lang='lat' dir='ltr'><strong>Delphine,</strong></span> <span class='ocrx_word' id='word_1_466' title='bbox 3264 5154 3387 5207; x_wconf 87' lang='lat' dir='ltr'><strong>Tua</strong></span> 
     </span>
    </p>
   </div>
   <div class='ocr_carea' id='block_1_76' title="bbox 110 5240 3379 5307">
    <p class='ocr_par' dir='ltr' id='par_1_76' title="bbox 110 5240 3379 5307">
     <span class='ocr_line' id='line_1_76' title="bbox 110 5240 3379 5307; baseline 0.002 -18"><span class='ocrx_word' id='word_1_467' title='bbox 110 5240 487 5306; x_wconf 77' lang='lat' dir='ltr'><strong>suntingentia</strong></span> <span class='ocrx_word' id='word_1_468' title='bbox 511 5240 731 5305; x_wconf 85' lang='lat' dir='ltr'><strong>merita,</strong></span> <span class='ocrx_word' id='word_1_469' title='bbox 754 5241 836 5294; x_wconf 88' lang='lat' dir='ltr'><strong>ita</strong></span> <span class='ocrx_word' id='word_1_470' title='bbox 859 5241 998 5294; x_wconf 89' lang='lat' dir='ltr'><strong>mihi</strong></span> <span class='ocrx_word' id='word_1_471' title='bbox 1020 5246 1155 5295; x_wconf 89' lang='lat' dir='ltr'><strong>ante</strong></span> <span class='ocrx_word' id='word_1_472' title='bbox 1169 5242 1362 5295; x_wconf 91' lang='lat' dir='ltr'><strong>oculos</strong></span> <span class='ocrx_word' id='word_1_473' title='bbox 1390 5243 1772 5295; x_wconf 83' lang='lat' dir='ltr'><strong>obversantur</strong></span> <span class='ocrx_word' id='word_1_474' title='bbox 1789 5245 1962 5305; x_wconf 89' lang='lat' dir='ltr'><strong>atque</strong></span> <span class='ocrx_word' id='word_1_475' title='bbox 1981 5241 2260 5300; x_wconf 86' lang='lat' dir='ltr'><strong>animum,</strong></span> <span class='ocrx_word' id='word_1_476' title='bbox 2282 5242 2349 5294; x_wconf 93' lang='lat' dir='ltr'><strong>ut</strong></span> <span class='ocrx_word' id='word_1_477' title='bbox 2369 5240 2613 5295; x_wconf 87' lang='lat' dir='ltr'><strong>dicenda</strong></span> <span class='ocrx_word' id='word_1_478' title='bbox 2634 5242 2695 5294; x_wconf 90' lang='lat' dir='ltr'><strong>in</strong></span> <span class='ocrx_word' id='word_1_479' title='bbox 2723 5247 3093 5297; x_wconf 88' lang='lat' dir='ltr'><strong>antecessum</strong></span> <span class='ocrx_word' id='word_1_480' title='bbox 3124 5243 3200 5297; x_wconf 88' lang='lat' dir='ltr'><strong>ad</strong></span> <span class='ocrx_word' id='word_1_481' title='bbox 3232 5244 3379 5307; x_wconf 89' lang='lat' dir='ltr'><strong>ejus,</strong></span> 
     </span>
    </p>
   </div>
   <div class='ocr_carea' id='block_1_77' title="bbox 115 5325 3387 5399">
    <p class='ocr_par' dir='ltr' id='par_1_77' title="bbox 115 5325 3387 5399">
     <span class='ocr_line' id='line_1_77' title="bbox 115 5325 3387 5399; baseline 0.004 -26"><span class='ocrx_word' id='word_1_482' title='bbox 115 5325 214 5379; x_wconf 76' lang='lat' dir='ltr'><strong>sive</strong></span> <span class='ocrx_word' id='word_1_483' title='bbox 233 5332 510 5397; x_wconf 86' lang='lat' dir='ltr'><strong>Auctoris,</strong></span> <span class='ocrx_word' id='word_1_484' title='bbox 538 5331 659 5386; x_wconf 91' lang='lat' dir='ltr'><strong>sive</strong></span> <span class='ocrx_word' id='word_1_485' title='bbox 673 5332 975 5386; x_wconf 64' lang='lat' dir='ltr'><strong>industriae</strong></span> <span class='ocrx_word' id='word_1_486' title='bbox 992 5333 1165 5385; x_wconf 82' lang='lat' dir='ltr'><strong>etiam</strong></span> <span class='ocrx_word' id='word_1_487' title='bbox 1188 5337 1405 5385; x_wconf 64' lang='lat' dir='ltr'><strong>nostrae</strong></span> <span class='ocrx_word' id='word_1_488' title='bbox 1434 5330 1991 5385; x_wconf 90' lang='lat' dir='ltr'><strong>commendationem</strong></span> <span class='ocrx_word' id='word_1_489' title='bbox 2014 5331 2206 5383; x_wconf 86' lang='lat' dir='ltr'><strong>omnia</strong></span> <span class='ocrx_word' id='word_1_490' title='bbox 2234 5333 2614 5396; x_wconf 82' lang='lat' dir='ltr'><strong>antevertant,</strong></span> <span class='ocrx_word' id='word_1_491' title='bbox 2660 5333 2717 5384; x_wconf 92' lang='lat' dir='ltr'><strong>et</strong></span> <span class='ocrx_word' id='word_1_492' title='bbox 2734 5331 2921 5384; x_wconf 86' lang='lat' dir='ltr'><strong>laudis</strong></span> <span class='ocrx_word' id='word_1_493' title='bbox 2947 5332 3387 5399; x_wconf 67' lang='lat' dir='ltr'><strong>praerogativam</strong></span> 
     </span>
    </p>
   </div>
   <div class='ocr_carea' id='block_1_78' title="bbox 114 5414 3387 5489">
    <p class='ocr_par' dir='ltr' id='par_1_78' title="bbox 114 5414 3387 5489">
     <span class='ocr_line' id='line_1_78' title="bbox 114 5414 3387 5489; baseline 0.004 -25"><span class='ocrx_word' id='word_1_494' title='bbox 114 5414 198 5468; x_wconf 87' lang='lat' dir='ltr'><strong>sibi</strong></span> <span class='ocrx_word' id='word_1_495' title='bbox 208 5418 322 5483; x_wconf 86' lang='lat' dir='ltr'><strong>jure</strong></span> <span class='ocrx_word' id='word_1_496' title='bbox 344 5423 644 5489; x_wconf 64' lang='lat' dir='ltr'><strong>prseripere</strong></span> <span class='ocrx_word' id='word_1_497' title='bbox 657 5421 976 5477; x_wconf 85' lang='lat' dir='ltr'><strong>videantur.</strong></span> <span class='ocrx_word' id='word_1_498' title='bbox 994 5423 1116 5475; x_wconf 88' lang='lat' dir='ltr'><strong>Etsi</strong></span> <span class='ocrx_word' id='word_1_499' title='bbox 1130 5423 1281 5476; x_wconf 88' lang='lat' dir='ltr'><strong>enim</strong></span> <span class='ocrx_word' id='word_1_500' title='bbox 1294 5423 1433 5474; x_wconf 89' lang='lat' dir='ltr'><strong>mihi</strong></span> <span class='ocrx_word' id='word_1_501' title='bbox 1449 5422 1710 5475; x_wconf 90' lang='lat' dir='ltr'><strong>nonnihil</strong></span> <span class='ocrx_word' id='word_1_502' title='bbox 1727 5422 1961 5475; x_wconf 70' lang='lat' dir='ltr'><strong>fortasse</strong></span> <span class='ocrx_word' id='word_1_503' title='bbox 1976 5421 2184 5475; x_wconf 89' lang='lat' dir='ltr'><strong>debeat</strong></span> <span class='ocrx_word' id='word_1_504' title='bbox 2199 5421 2442 5473; x_wconf 89' lang='lat' dir='ltr'><strong>eximius</strong></span> <span class='ocrx_word' id='word_1_505' title='bbox 2460 5421 2568 5473; x_wconf 90' lang='lat' dir='ltr'><strong>iste</strong></span> <span class='ocrx_word' id='word_1_506' title='bbox 2583 5422 2967 5487; x_wconf 86' lang='lat' dir='ltr'><strong>Aquilejensis</strong></span> <span class='ocrx_word' id='word_1_507' title='bbox 2989 5422 3255 5475; x_wconf 63' lang='lat' dir='ltr'><strong>Ecclesia:</strong></span> <span class='ocrx_word' id='word_1_508' title='bbox 3278 5424 3387 5476; x_wconf 86' lang='lat' dir='ltr'><strong>ho-</strong></span> 
     </span>
    </p>
   </div>
   <div class='ocr_carea' id='block_1_79' title="bbox 118 5496 3388 5580">
    <p class='ocr_par' dir='ltr' id='par_1_79' title="bbox 118 5496 3388 5580">
     <span class='ocr_line' id='line_1_79' title="bbox 118 5496 3388 5580; baseline 0.003 -24"><span class='ocrx_word' id='word_1_509' title='bbox 118 5514 222 5572; x_wconf 87' lang='lat' dir='ltr'><strong>nor,</strong></span> <span class='ocrx_word' id='word_1_510' title='bbox 233 5513 372 5574; x_wconf 91' lang='lat' dir='ltr'><strong>quod</strong></span> <span class='ocrx_word' id='word_1_511' title='bbox 389 5527 525 5566; x_wconf 92' lang='lat' dir='ltr'><strong>eum</strong></span> <span class='ocrx_word' id='word_1_512' title='bbox 541 5512 642 5565; x_wconf 88' lang='lat' dir='ltr'><strong>vix</strong></span> <span class='ocrx_word' id='word_1_513' title='bbox 654 5513 888 5566; x_wconf 89' lang='lat' dir='ltr'><strong>tandem</strong></span> <span class='ocrx_word' id='word_1_514' title='bbox 900 5513 1158 5580; x_wconf 59' lang='lat' dir='ltr'><strong>pristinae</strong></span> <span class='ocrx_word' id='word_1_515' title='bbox 1181 5496 1444 5578; x_wconf 81' lang='lat' dir='ltr'><strong>dignitati</strong></span> <span class='ocrx_word' id='word_1_516' title='bbox 1477 5524 1733 5566; x_wconf 83' lang='lat' dir='ltr'><strong>asserere</strong></span> <span class='ocrx_word' id='word_1_517' title='bbox 1752 5512 1989 5565; x_wconf 91' lang='lat' dir='ltr'><strong>adnisus</strong></span> <span class='ocrx_word' id='word_1_518' title='bbox 2001 5525 2155 5564; x_wconf 90' lang='lat' dir='ltr'><strong>sum:</strong></span> <span class='ocrx_word' id='word_1_519' title='bbox 2171 5511 2300 5577; x_wconf 90' lang='lat' dir='ltr'><strong>plus</strong></span> <span class='ocrx_word' id='word_1_520' title='bbox 2316 5516 2506 5563; x_wconf 88' lang='lat' dir='ltr'><strong>tamen</strong></span> <span class='ocrx_word' id='word_1_521' title='bbox 2517 5511 2702 5564; x_wconf 91' lang='lat' dir='ltr'><strong>multo</strong></span> <span class='ocrx_word' id='word_1_522' title='bbox 2714 5512 2920 5564; x_wconf 90' lang='lat' dir='ltr'><strong>debere</strong></span> <span class='ocrx_word' id='word_1_523' title='bbox 2947 5526 3009 5564; x_wconf 88' lang='lat' dir='ltr'><strong>se</strong></span> <span class='ocrx_word' id='word_1_524' title='bbox 3034 5511 3172 5576; x_wconf 87' lang='lat' dir='ltr'><strong>Tibi,</strong></span> <span class='ocrx_word' id='word_1_525' title='bbox 3199 5512 3388 5577; x_wconf 83' lang='lat' dir='ltr'><strong>palam</strong></span> 
     </span>
    </p>
   </div>
   <div class='ocr_carea' id='block_1_80' title="bbox 120 5597 3390 5669">
    <p class='ocr_par' dir='ltr' id='par_1_80' title="bbox 120 5597 3390 5669">
     <span class='ocr_line' id='line_1_80' title="bbox 120 5597 3390 5669; baseline 0.002 -21"><span class='ocrx_word' id='word_1_526' title='bbox 120 5597 378 5657; x_wconf 74' lang='lat' dir='ltr'><strong>profitetur</strong></span> <span class='ocrx_word' id='word_1_527' title='bbox 395 5603 520 5668; x_wconf 90' lang='lat' dir='ltr'><strong>:qui</strong></span> <span class='ocrx_word' id='word_1_528' title='bbox 544 5607 753 5655; x_wconf 84' lang='lat' dir='ltr'><strong>cuncta</strong></span> <span class='ocrx_word' id='word_1_529' title='bbox 773 5616 907 5667; x_wconf 63' lang='lat' dir='ltr'><strong>quae</strong></span> <span class='ocrx_word' id='word_1_530' title='bbox 930 5603 1003 5656; x_wconf 90' lang='lat' dir='ltr'><strong>ad</strong></span> <span class='ocrx_word' id='word_1_531' title='bbox 1020 5604 1146 5669; x_wconf 92' lang='lat' dir='ltr'><strong>ejus</strong></span> <span class='ocrx_word' id='word_1_532' title='bbox 1163 5602 1601 5668; x_wconf 86' lang='lat' dir='ltr'><strong>impertiendam</strong></span> <span class='ocrx_word' id='word_1_533' title='bbox 1620 5603 1853 5668; x_wconf 87' lang='lat' dir='ltr'><strong>Scriptis</strong></span> <span class='ocrx_word' id='word_1_534' title='bbox 1869 5603 2060 5655; x_wconf 90' lang='lat' dir='ltr'><strong>lucem</strong></span> <span class='ocrx_word' id='word_1_535' title='bbox 2076 5603 2371 5667; x_wconf 85' lang='lat' dir='ltr'><strong>vitamque</strong></span> <span class='ocrx_word' id='word_1_536' title='bbox 2393 5601 2812 5663; x_wconf 75' lang='lat' dir='ltr'><strong>conducebant,</strong></span> <span class='ocrx_word' id='word_1_537' title='bbox 2845 5606 2912 5654; x_wconf 90' lang='lat' dir='ltr'><strong>ut</strong></span> <span class='ocrx_word' id='word_1_538' title='bbox 2932 5600 3225 5667; x_wconf 85' lang='lat' dir='ltr'><strong>explorata</strong></span> <span class='ocrx_word' id='word_1_539' title='bbox 3248 5601 3390 5656; x_wconf 87' lang='lat' dir='ltr'><strong>mihi</strong></span> 
     </span>
    </p>
   </div>
   <div class='ocr_carea' id='block_1_81' title="bbox 118 5691 3391 5759">
    <p class='ocr_par' dir='ltr' id='par_1_81' title="bbox 118 5691 3391 5759">
     <span class='ocr_line' id='line_1_81' title="bbox 118 5691 3391 5759; baseline 0.001 -17"><span class='ocrx_word' id='word_1_540' title='bbox 118 5695 479 5758; x_wconf 67' lang='lat' dir='ltr'><strong>wmpertaque</strong></span> <span class='ocrx_word' id='word_1_541' title='bbox 495 5693 681 5746; x_wconf 85' lang='lat' dir='ltr'><strong>forent</strong></span> <span class='ocrx_word' id='word_1_542' title='bbox 694 5693 763 5745; x_wconf 91' lang='lat' dir='ltr'><strong>de</strong></span> <span class='ocrx_word' id='word_1_543' title='bbox 778 5694 1047 5746; x_wconf 89' lang='lat' dir='ltr'><strong>omnibus</strong></span> <span class='ocrx_word' id='word_1_544' title='bbox 1064 5695 1436 5759; x_wconf 69' lang='lat' dir='ltr'><strong>amplissimae</strong></span> <span class='ocrx_word' id='word_1_545' title='bbox 1454 5694 1692 5745; x_wconf 90' lang='lat' dir='ltr'><strong>Ditionis</strong></span> <span class='ocrx_word' id='word_1_546' title='bbox 1705 5695 1844 5745; x_wconf 67' lang='lat' dir='ltr'><strong>Tuae</strong></span> <span class='ocrx_word' id='word_1_547' title='bbox 1858 5693 2240 5758; x_wconf 83' lang='lat' dir='ltr'><strong>Bibliothecis,</strong></span> <span class='ocrx_word' id='word_1_548' title='bbox 2254 5694 2273 5759; x_wconf 94' lang='lat' dir='ltr'><strong>j</strong></span> <span class='ocrx_word' id='word_1_549' title='bbox 2287 5691 2505 5755; x_wconf 88' lang='lat' dir='ltr'><strong>ussisti,</strong></span> <span class='ocrx_word' id='word_1_550' title='bbox 2520 5697 2576 5744; x_wconf 91' lang='lat' dir='ltr'><strong>et</strong></span> <span class='ocrx_word' id='word_1_551' title='bbox 2590 5697 2654 5744; x_wconf 92' lang='lat' dir='ltr'><strong>ut</strong></span> <span class='ocrx_word' id='word_1_552' title='bbox 2671 5693 2845 5745; x_wconf 88' lang='lat' dir='ltr'><strong>verbo</strong></span> <span class='ocrx_word' id='word_1_553' title='bbox 2863 5691 3068 5755; x_wconf 82' lang='lat' dir='ltr'><strong>dicam,</strong></span> <span class='ocrx_word' id='word_1_554' title='bbox 3098 5694 3391 5758; x_wconf 86' lang='lat' dir='ltr'><strong>jacentem</strong></span> 
     </span>
    </p>
   </div>
   <div class='ocr_carea' id='block_1_82' title="bbox 123 5771 3394 5849">
    <p class='ocr_par' dir='ltr' id='par_1_82' title="bbox 123 5771 3394 5849">
     <span class='ocr_line' id='line_1_82' title="bbox 123 5771 3394 5849; baseline 0.002 -19"><span class='ocrx_word' id='word_1_555' title='bbox 123 5771 271 5829; x_wconf 73' lang='lat' dir='ltr'><strong>ﬁlium</strong></span> <span class='ocrx_word' id='word_1_556' title='bbox 283 5780 481 5847; x_wconf 88' lang='lat' dir='ltr'><strong>Tuum,</strong></span> <span class='ocrx_word' id='word_1_557' title='bbox 496 5783 735 5849; x_wconf 87' lang='lat' dir='ltr'><strong>jamque</strong></span> <span class='ocrx_word' id='word_1_558' title='bbox 751 5783 933 5837; x_wconf 88' lang='lat' dir='ltr'><strong>multa</strong></span> <span class='ocrx_word' id='word_1_559' title='bbox 948 5787 1246 5837; x_wconf 84' lang='lat' dir='ltr'><strong>exemtum</strong></span> <span class='ocrx_word' id='word_1_560' title='bbox 1264 5784 1475 5837; x_wconf 70' lang='lat' dir='ltr'><strong>smcula</strong></span> <span class='ocrx_word' id='word_1_561' title='bbox 1496 5782 1634 5834; x_wconf 89' lang='lat' dir='ltr'><strong>Tuis</strong></span> <span class='ocrx_word' id='word_1_562' title='bbox 1652 5794 1768 5836; x_wconf 87' lang='lat' dir='ltr'><strong>una</strong></span> <span class='ocrx_word' id='word_1_563' title='bbox 1794 5796 2020 5836; x_wconf 91' lang='lat' dir='ltr'><strong>mecum</strong></span> <span class='ocrx_word' id='word_1_564' title='bbox 2042 5784 2310 5836; x_wconf 90' lang='lat' dir='ltr'><strong>manibus</strong></span> <span class='ocrx_word' id='word_1_565' title='bbox 2327 5781 2607 5835; x_wconf 79' lang='lat' dir='ltr'><strong>excitasti.</strong></span> <span class='ocrx_word' id='word_1_566' title='bbox 2629 5783 2800 5836; x_wconf 89' lang='lat' dir='ltr'><strong>Porro</strong></span> <span class='ocrx_word' id='word_1_567' title='bbox 2825 5784 2891 5836; x_wconf 91' lang='lat' dir='ltr'><strong>ut</strong></span> <span class='ocrx_word' id='word_1_568' title='bbox 2919 5783 3247 5836; x_wconf 89' lang='lat' dir='ltr'><strong>subiturum</strong></span> <span class='ocrx_word' id='word_1_569' title='bbox 3272 5782 3394 5836; x_wconf 84' lang='lat' dir='ltr'><strong>feli-</strong></span> 
     </span>
    </p>
   </div>
   <div class='ocr_carea' id='block_1_83' title="bbox 127 5860 3395 5942">
    <p class='ocr_par' dir='ltr' id='par_1_83' title="bbox 127 5860 3395 5942">
     <span class='ocr_line' id='line_1_83' title="bbox 127 5860 3395 5942; baseline 0.002 -23"><span class='ocrx_word' id='word_1_570' title='bbox 127 5860 317 5925; x_wconf 78' lang='lat' dir='ltr'><strong>cissime</strong></span> <span class='ocrx_word' id='word_1_571' title='bbox 336 5871 633 5928; x_wconf 85' lang='lat' dir='ltr'><strong>hominum</strong></span> <span class='ocrx_word' id='word_1_572' title='bbox 650 5873 883 5939; x_wconf 78' lang='lat' dir='ltr'><strong>judicia,</strong></span> <span class='ocrx_word' id='word_1_573' title='bbox 900 5886 962 5929; x_wconf 89' lang='lat' dir='ltr'><strong>se</strong></span> <span class='ocrx_word' id='word_1_574' title='bbox 979 5879 1184 5942; x_wconf 91' lang='lat' dir='ltr'><strong>speret,</strong></span> <span class='ocrx_word' id='word_1_575' title='bbox 1202 5887 1354 5930; x_wconf 85' lang='lat' dir='ltr'><strong>novo</strong></span> <span class='ocrx_word' id='word_1_576' title='bbox 1372 5873 1644 5929; x_wconf 85' lang='lat' dir='ltr'><strong>beneﬁcio</strong></span> <span class='ocrx_word' id='word_1_577' title='bbox 1656 5879 1915 5941; x_wconf 65' lang='lat' dir='ltr'><strong>praast&#39;is,</strong></span> <span class='ocrx_word' id='word_1_578' title='bbox 1934 5872 2087 5939; x_wconf 90' lang='lat' dir='ltr'><strong>quod</strong></span> <span class='ocrx_word' id='word_1_579' title='bbox 2105 5887 2235 5928; x_wconf 89' lang='lat' dir='ltr'><strong>eum</strong></span> <span class='ocrx_word' id='word_1_580' title='bbox 2250 5872 2440 5940; x_wconf 82' lang='lat' dir='ltr'><strong>pergis</strong></span> <span class='ocrx_word' id='word_1_581' title='bbox 2455 5872 2843 5938; x_wconf 79' lang='lat' dir='ltr'><strong>prolixissime.</strong></span> <span class='ocrx_word' id='word_1_582' title='bbox 2868 5872 3164 5929; x_wconf 70' lang='lat' dir='ltr'><strong>voluntate</strong></span> <span class='ocrx_word' id='word_1_583' title='bbox 3195 5886 3395 5939; x_wconf 82' lang='lat' dir='ltr'><strong>prose-</strong></span> 
     </span>
    </p>
   </div>
  </div>
