  <div class='ocr_page' id='page_1' title='image "/cluster/home/n/w/nwhite01/storage/ocr_20150623/21/umn.319510024773153/027.png"; bbox 0 0 3902 6450; ppageno 0'>
   <div class='ocr_carea' id='block_1_1' title="bbox 494 343 3785 418">
    <p class='ocr_par' dir='ltr' id='par_1_1' title="bbox 494 343 3785 418">
     <span class='ocr_line' id='line_1_1' title="bbox 494 343 3785 418; baseline 0.003 -30"><span class='ocrx_word' id='word_1_1' title='bbox 494 358 562 418; x_wconf 54' lang='grc'>47</span> <span class='ocrx_word' id='word_1_2' title='bbox 1944 343 2340 397; x_wconf 74' lang='lat' dir='ltr'>PREFATIO.</span> <span class='ocrx_word' id='word_1_3' title='bbox 3721 346 3785 401; x_wconf 67' lang='lat'>48</span> 
     </span>
    </p>
   </div>
   <div class='ocr_carea' id='block_1_2' title="bbox 499 457 3789 538">
    <p class='ocr_par' dir='ltr' id='par_1_2' title="bbox 499 457 3789 538">
     <span class='ocr_line' id='line_1_2' title="bbox 499 457 3789 538; baseline -0.003 -13"><span class='ocrx_word' id='word_1_4' title='bbox 499 472 598 538; x_wconf 85' lang='lat' dir='ltr'>qui</span> <span class='ocrx_word' id='word_1_5' title='bbox 619 475 677 523; x_wconf 92' lang='lat' dir='ltr'>et</span> <span class='ocrx_word' id='word_1_6' title='bbox 689 469 894 523; x_wconf 88' lang='lat' dir='ltr'>studio.</span> <span class='ocrx_word' id='word_1_7' title='bbox 921 470 1005 521; x_wconf 87' lang='lat' dir='ltr'>Ac</span> <span class='ocrx_word' id='word_1_8' title='bbox 1030 481 1168 521; x_wconf 84' lang='lat' dir='ltr'><strong>sane</strong></span> <span class='ocrx_word' id='word_1_9' title='bbox 1181 468 1271 521; x_wconf 88' lang='lat' dir='ltr'>ille</span> <span class='ocrx_word' id='word_1_10' title='bbox 1279 464 1501 533; x_wconf 88' lang='lat' dir='ltr'>jamdiu</span> <span class='ocrx_word' id='word_1_11' title='bbox 1521 462 1654 515; x_wconf 91' lang='lat' dir='ltr'>olim</span> <span class='ocrx_word' id='word_1_12' title='bbox 1671 457 1949 523; x_wconf 68' lang='lat' dir='ltr'>Aquilejre</span> <span class='ocrx_word' id='word_1_13' title='bbox 1965 458 2105 509; x_wconf 92' lang='lat' dir='ltr'>dum</span> <span class='ocrx_word' id='word_1_14' title='bbox 2128 459 2367 526; x_wconf 77' lang='lat' dir='ltr'>viveret,</span> <span class='ocrx_word' id='word_1_15' title='bbox 2389 463 2641 518; x_wconf 89' lang='lat' dir='ltr'>eundem</span> <span class='ocrx_word' id='word_1_16' title='bbox 2657 476 2827 529; x_wconf 87' lang='lat' dir='ltr'><strong>quem</strong></span> <span class='ocrx_word' id='word_1_17' title='bbox 2847 462 3204 527; x_wconf 84' lang='lat' dir='ltr'>Episcopum,</span> <span class='ocrx_word' id='word_1_18' title='bbox 3235 460 3440 513; x_wconf 79' lang='lat' dir='ltr'>habuit</span> <span class='ocrx_word' id='word_1_19' title='bbox 3454 461 3721 514; x_wconf 86' lang='lat' dir='ltr'>columen</span> <span class='ocrx_word' id='word_1_20' title='bbox 3738 458 3789 515; x_wconf 68' lang='lat' dir='ltr'>et</span> 
     </span>
    </p>
   </div>
   <div class='ocr_carea' id='block_1_3' title="bbox 506 548 3790 624">
    <p class='ocr_par' dir='ltr' id='par_1_3' title="bbox 506 548 3790 624">
     <span class='ocr_line' id='line_1_3' title="bbox 506 548 3790 624; baseline -0.004 -9"><span class='ocrx_word' id='word_1_21' title='bbox 506 562 685 614; x_wconf 87' lang='lat' dir='ltr'>decus</span> <span class='ocrx_word' id='word_1_22' title='bbox 710 572 880 611; x_wconf 91' lang='lat' dir='ltr'>suum</span> <span class='ocrx_word' id='word_1_23' title='bbox 895 574 909 624; x_wconf 88' lang='lat'><strong>;</strong></span> <span class='ocrx_word' id='word_1_24' title='bbox 924 572 1040 611; x_wconf 90' lang='lat' dir='ltr'>nan</span> <span class='ocrx_word' id='word_1_25' title='bbox 1055 562 1203 612; x_wconf 85' lang='lat' dir='ltr'>stare</span> <span class='ocrx_word' id='word_1_26' title='bbox 1214 557 1392 624; x_wconf 88' lang='lat' dir='ltr'>gradu</span> <span class='ocrx_word' id='word_1_27' title='bbox 1408 554 1687 607; x_wconf 91' lang='lat' dir='ltr'>adversus</span> <span class='ocrx_word' id='word_1_28' title='bbox 1702 561 1978 613; x_wconf 86' lang='lat' dir='ltr'>magnum</span> <span class='ocrx_word' id='word_1_29' title='bbox 1995 548 2421 621; x_wconf 70' lang='lat' dir='ltr'>Hieronymum,</span> <span class='ocrx_word' id='word_1_30' title='bbox 2439 552 2747 605; x_wconf 87' lang='lat' dir='ltr'>Chromatii</span> <span class='ocrx_word' id='word_1_31' title='bbox 2764 550 3110 604; x_wconf 79' lang='lat' dir='ltr'>sanctissimi</span> <span class='ocrx_word' id='word_1_32' title='bbox 3121 551 3291 614; x_wconf 85' lang='lat' dir='ltr'>juxta</span> <span class='ocrx_word' id='word_1_33' title='bbox 3306 562 3372 601; x_wconf 91' lang='lat' dir='ltr'>ac</span> <span class='ocrx_word' id='word_1_34' title='bbox 3390 550 3790 615; x_wconf 75' lang='lat' dir='ltr'>sapientissimi</span> 
     </span>
    </p>
   </div>
   <div class='ocr_carea' id='block_1_4' title="bbox 504 638 3791 713">
    <p class='ocr_par' dir='ltr' id='par_1_4' title="bbox 504 638 3791 713">
     <span class='ocr_line' id='line_1_4' title="bbox 504 638 3791 713; baseline -0.003 -10"><span class='ocrx_word' id='word_1_35' title='bbox 504 648 792 703; x_wconf 84' lang='lat' dir='ltr'>Antistitis</span> <span class='ocrx_word' id='word_1_36' title='bbox 829 648 1020 701; x_wconf 82' lang='lat' dir='ltr'><strong>favore</strong></span> <span class='ocrx_word' id='word_1_37' title='bbox 1034 660 1099 699; x_wconf 90' lang='lat' dir='ltr'>ac</span> <span class='ocrx_word' id='word_1_38' title='bbox 1108 646 1372 713; x_wconf 67' lang='lat' dir='ltr'>praesidio</span> <span class='ocrx_word' id='word_1_39' title='bbox 1387 645 1583 705; x_wconf 91' lang='lat' dir='ltr'>fretus,</span> <span class='ocrx_word' id='word_1_40' title='bbox 1597 640 1754 691; x_wconf 73' lang='lat' dir='ltr'>facile</span> <span class='ocrx_word' id='word_1_41' title='bbox 1769 638 1956 703; x_wconf 88' lang='lat' dir='ltr'>potuit</span> <span class='ocrx_word' id='word_1_42' title='bbox 1973 652 1985 687; x_wconf 92' lang='lat'><strong>:</strong></span> <span class='ocrx_word' id='word_1_43' title='bbox 2004 650 2119 701; x_wconf 85' lang='lat' dir='ltr'>quo</span> <span class='ocrx_word' id='word_1_44' title='bbox 2135 639 2307 691; x_wconf 88' lang='lat' dir='ltr'>etiam</span> <span class='ocrx_word' id='word_1_45' title='bbox 2326 642 2686 695; x_wconf 88' lang='lat' dir='ltr'>conciliatore</span> <span class='ocrx_word' id='word_1_46' title='bbox 2700 642 2913 707; x_wconf 85' lang='lat' dir='ltr'>optimo</span> <span class='ocrx_word' id='word_1_47' title='bbox 2925 653 3067 692; x_wconf 88' lang='lat' dir='ltr'>usus</span> <span class='ocrx_word' id='word_1_48' title='bbox 3100 639 3285 691; x_wconf 75' lang='lat' dir='ltr'>litavit</span> <span class='ocrx_word' id='word_1_49' title='bbox 3316 640 3464 703; x_wconf 86' lang='lat' dir='ltr'>paci,</span> <span class='ocrx_word' id='word_1_50' title='bbox 3491 643 3547 693; x_wconf 92' lang='lat' dir='ltr'>et</span> <span class='ocrx_word' id='word_1_51' title='bbox 3582 642 3791 693; x_wconf 86' lang='lat' dir='ltr'>meritis</span> 
     </span>
    </p>
   </div>
   <div class='ocr_carea' id='block_1_5' title="bbox 499 728 3793 804">
    <p class='ocr_par' dir='ltr' id='par_1_5' title="bbox 499 728 3793 804">
     <span class='ocr_line' id='line_1_5' title="bbox 499 728 3793 804; baseline -0.003 -12"><span class='ocrx_word' id='word_1_52' title='bbox 499 738 825 804; x_wconf 82' lang='lat' dir='ltr'>insignibus</span> <span class='ocrx_word' id='word_1_53' title='bbox 844 742 1062 802; x_wconf 82' lang='lat' dir='ltr'>partam</span> <span class='ocrx_word' id='word_1_54' title='bbox 1086 737 1155 788; x_wconf 89' lang='lat' dir='ltr'>de</span> <span class='ocrx_word' id='word_1_55' title='bbox 1173 750 1234 788; x_wconf 91' lang='lat' dir='ltr'>se</span> <span class='ocrx_word' id='word_1_56' title='bbox 1251 736 1434 799; x_wconf 87' lang='lat' dir='ltr'><strong>deque</strong></span> <span class='ocrx_word' id='word_1_57' title='bbox 1459 744 1564 785; x_wconf 88' lang='lat' dir='ltr'>sua</span> <span class='ocrx_word' id='word_1_58' title='bbox 1588 729 1723 781; x_wconf 87' lang='lat' dir='ltr'>Fide</span> <span class='ocrx_word' id='word_1_59' title='bbox 1748 728 2072 793; x_wconf 80' lang='lat' dir='ltr'>opinionem</span> <span class='ocrx_word' id='word_1_60' title='bbox 2106 729 2439 783; x_wconf 68' lang='lat' dir='ltr'>Christianas</span> <span class='ocrx_word' id='word_1_61' title='bbox 2459 731 2777 797; x_wconf 65' lang='lat' dir='ltr'>posteritati</span> <span class='ocrx_word' id='word_1_62' title='bbox 2811 730 3067 782; x_wconf 88' lang='lat' dir='ltr'>tradidit.</span> <span class='ocrx_word' id='word_1_63' title='bbox 3097 730 3261 781; x_wconf 90' lang='lat' dir='ltr'>Nunc</span> <span class='ocrx_word' id='word_1_64' title='bbox 3293 730 3413 781; x_wconf 86' lang='lat' dir='ltr'>Tua</span> <span class='ocrx_word' id='word_1_65' title='bbox 3437 731 3671 783; x_wconf 89' lang='lat' dir='ltr'>demum</span> <span class='ocrx_word' id='word_1_66' title='bbox 3690 743 3793 797; x_wconf 86' lang='lat' dir='ltr'>ope</span> 
     </span>
    </p>
   </div>
   <div class='ocr_carea' id='block_1_6' title="bbox 497 816 3790 890">
    <p class='ocr_par' dir='ltr' id='par_1_6' title="bbox 497 816 3790 890">
     <span class='ocr_line' id='line_1_6' title="bbox 497 816 3790 890; baseline -0.002 -11"><span class='ocrx_word' id='word_1_67' title='bbox 497 827 868 884; x_wconf 86' lang='lat' dir='ltr'>reviviscens,</span> <span class='ocrx_word' id='word_1_68' title='bbox 885 825 1306 890; x_wconf 82' lang='lat' dir='ltr'>EpiscopumTe</span> <span class='ocrx_word' id='word_1_69' title='bbox 1324 834 1491 874; x_wconf 88' lang='lat' dir='ltr'>suum</span> <span class='ocrx_word' id='word_1_70' title='bbox 1509 822 1727 885; x_wconf 80' lang='lat' dir='ltr'>spectat</span> <span class='ocrx_word' id='word_1_71' title='bbox 1741 816 2088 870; x_wconf 73' lang='lat' dir='ltr'>avidissimis</span> <span class='ocrx_word' id='word_1_72' title='bbox 2106 818 2305 883; x_wconf 89' lang='lat' dir='ltr'>oculis,</span> <span class='ocrx_word' id='word_1_73' title='bbox 2318 819 2560 873; x_wconf 91' lang='lat' dir='ltr'>alterum</span> <span class='ocrx_word' id='word_1_74' title='bbox 2575 821 2981 881; x_wconf 84' lang='lat' dir='ltr'>Chromatium,</span> <span class='ocrx_word' id='word_1_75' title='bbox 2996 818 3233 871; x_wconf 69' lang='lat' dir='ltr'>eandem</span> <span class='ocrx_word' id='word_1_76' title='bbox 3248 824 3305 870; x_wconf 86' lang='lat' dir='ltr'>et</span> <span class='ocrx_word' id='word_1_77' title='bbox 3325 820 3587 872; x_wconf 56' lang='lat' dir='ltr'>Ecclesia</span> <span class='ocrx_word' id='word_1_78' title='bbox 3600 820 3790 873; x_wconf 87' lang='lat' dir='ltr'>Cathe-</span> 
     </span>
    </p>
   </div>
   <div class='ocr_carea' id='block_1_7' title="bbox 501 904 3792 975">
    <p class='ocr_par' dir='ltr' id='par_1_7' title="bbox 501 904 3792 975">
     <span class='ocr_line' id='line_1_7' title="bbox 501 904 3792 975; baseline -0.002 -7"><span class='ocrx_word' id='word_1_79' title='bbox 501 914 663 968; x_wconf 88' lang='lat' dir='ltr'>dram</span> <span class='ocrx_word' id='word_1_80' title='bbox 686 914 1051 975; x_wconf 84' lang='lat' dir='ltr'>obtinentem,</span> <span class='ocrx_word' id='word_1_81' title='bbox 1076 915 1134 965; x_wconf 92' lang='lat' dir='ltr'>et</span> <span class='ocrx_word' id='word_1_82' title='bbox 1161 912 1441 965; x_wconf 90' lang='lat' dir='ltr'>virtutum</span> <span class='ocrx_word' id='word_1_83' title='bbox 1463 910 1778 961; x_wconf 82' lang='lat' dir='ltr'>instantem</span> <span class='ocrx_word' id='word_1_84' title='bbox 1797 906 1966 965; x_wconf 89' lang='lat' dir='ltr'>viam,</span> <span class='ocrx_word' id='word_1_85' title='bbox 1991 910 2057 958; x_wconf 87' lang='lat' dir='ltr'>ut</span> <span class='ocrx_word' id='word_1_86' title='bbox 2080 904 2344 968; x_wconf 85' lang='lat' dir='ltr'>nihiljam</span> <span class='ocrx_word' id='word_1_87' title='bbox 2363 911 2513 974; x_wconf 87' lang='lat' dir='ltr'>quod</span> <span class='ocrx_word' id='word_1_88' title='bbox 2541 912 2599 962; x_wconf 93' lang='lat' dir='ltr'>in</span> <span class='ocrx_word' id='word_1_89' title='bbox 2621 910 2715 961; x_wconf 73' lang='lat' dir='ltr'>illo</span> <span class='ocrx_word' id='word_1_90' title='bbox 2748 923 3109 975; x_wconf 82' lang='lat' dir='ltr'>summopere</span> <span class='ocrx_word' id='word_1_91' title='bbox 3135 909 3449 961; x_wconf 83' lang='lat' dir='ltr'>demiratus</span> <span class='ocrx_word' id='word_1_92' title='bbox 3469 914 3576 973; x_wconf 90' lang='lat' dir='ltr'>est,</span> <span class='ocrx_word' id='word_1_93' title='bbox 3602 922 3668 962; x_wconf 89' lang='lat' dir='ltr'>ac</span> <span class='ocrx_word' id='word_1_94' title='bbox 3688 911 3792 963; x_wconf 86' lang='lat' dir='ltr'>sibi</span> 
     </span>
    </p>
   </div>
   <div class='ocr_carea' id='block_1_8' title="bbox 493 997 3789 1068">
    <p class='ocr_par' dir='ltr' id='par_1_8' title="bbox 493 997 3789 1068">
     <span class='ocr_line' id='line_1_8' title="bbox 493 997 3789 1068; baseline -0.002 -12"><span class='ocrx_word' id='word_1_95' title='bbox 493 1004 674 1056; x_wconf 85' lang='lat' dir='ltr'>sensit</span> <span class='ocrx_word' id='word_1_96' title='bbox 696 1001 1019 1068; x_wconf 90' lang='lat' dir='ltr'>propitium,</span> <span class='ocrx_word' id='word_1_97' title='bbox 1042 1002 1101 1053; x_wconf 91' lang='lat' dir='ltr'>in</span> <span class='ocrx_word' id='word_1_98' title='bbox 1117 1003 1196 1054; x_wconf 91' lang='lat' dir='ltr'>Te</span> <span class='ocrx_word' id='word_1_99' title='bbox 1220 1000 1342 1053; x_wconf 86' lang='lat' dir='ltr'>desi</span> <span class='ocrx_word' id='word_1_100' title='bbox 1364 1002 1515 1052; x_wconf 90' lang='lat' dir='ltr'>leret.</span> <span class='ocrx_word' id='word_1_101' title='bbox 1545 997 1835 1049; x_wconf 76' lang='lat' dir='ltr'>Desideret</span> <span class='ocrx_word' id='word_1_102' title='bbox 1854 1000 2044 1047; x_wconf 63' lang='lat' dir='ltr'>autem</span> <span class='ocrx_word' id='word_1_103' title='bbox 2060 998 2085 1045; x_wconf 74' lang='lat' dir='ltr'>‘l</span> <span class='ocrx_word' id='word_1_104' title='bbox 2105 997 2224 1049; x_wconf 89' lang='lat' dir='ltr'>Imo</span> <span class='ocrx_word' id='word_1_105' title='bbox 2243 1012 2376 1051; x_wconf 89' lang='lat' dir='ltr'>vero</span> <span class='ocrx_word' id='word_1_106' title='bbox 2394 1004 2587 1052; x_wconf 59' lang='lat' dir='ltr'>actum</span> <span class='ocrx_word' id='word_1_107' title='bbox 2627 1001 2809 1052; x_wconf 91' lang='lat' dir='ltr'>multo</span> <span class='ocrx_word' id='word_1_108' title='bbox 2837 999 3166 1065; x_wconf 63' lang='lat' dir='ltr'>praeclarius</span> <span class='ocrx_word' id='word_1_109' title='bbox 3198 1011 3353 1050; x_wconf 90' lang='lat' dir='ltr'>nunc</span> <span class='ocrx_word' id='word_1_110' title='bbox 3378 1011 3577 1051; x_wconf 89' lang='lat' dir='ltr'>secum</span> <span class='ocrx_word' id='word_1_111' title='bbox 3613 1003 3789 1065; x_wconf 90' lang='lat' dir='ltr'>putet,</span> 
     </span>
    </p>
   </div>
   <div class='ocr_carea' id='block_1_9' title="bbox 492 1087 3795 1159">
    <p class='ocr_par' dir='ltr' id='par_1_9' title="bbox 492 1087 3795 1159">
     <span class='ocr_line' id='line_1_9' title="bbox 492 1087 3795 1159; baseline -0.002 -13"><span class='ocrx_word' id='word_1_112' title='bbox 492 1107 673 1159; x_wconf 92' lang='lat' dir='ltr'>quum</span> <span class='ocrx_word' id='word_1_113' title='bbox 689 1093 930 1158; x_wconf 83' lang='lat' dir='ltr'>egregiis</span> <span class='ocrx_word' id='word_1_114' title='bbox 955 1106 1050 1158; x_wconf 90' lang='lat' dir='ltr'>per</span> <span class='ocrx_word' id='word_1_115' title='bbox 1061 1093 1136 1144; x_wconf 90' lang='lat' dir='ltr'>Te</span> <span class='ocrx_word' id='word_1_116' title='bbox 1153 1094 1350 1143; x_wconf 80' lang='lat' dir='ltr'>auctas</span> <span class='ocrx_word' id='word_1_117' title='bbox 1374 1089 1739 1141; x_wconf 62' lang='lat' dir='ltr'>increment&#39;s</span> <span class='ocrx_word' id='word_1_118' title='bbox 1759 1087 2033 1139; x_wconf 76' lang='lat' dir='ltr'>Pietatem</span> <span class='ocrx_word' id='word_1_119' title='bbox 2053 1098 2119 1137; x_wconf 91' lang='lat' dir='ltr'>ac</span> <span class='ocrx_word' id='word_1_120' title='bbox 2145 1088 2469 1152; x_wconf 68' lang='lat' dir='ltr'>Scientiam,</span> <span class='ocrx_word' id='word_1_121' title='bbox 2488 1102 2618 1154; x_wconf 63' lang='lat' dir='ltr'>quas</span> <span class='ocrx_word' id='word_1_122' title='bbox 2644 1090 2756 1142; x_wconf 90' lang='lat' dir='ltr'>duo</span> <span class='ocrx_word' id='word_1_123' title='bbox 2784 1102 2918 1142; x_wconf 90' lang='lat' dir='ltr'>vere</span> <span class='ocrx_word' id='word_1_124' title='bbox 2936 1089 3108 1153; x_wconf 81' lang='lat' dir='ltr'>digna</span> <span class='ocrx_word' id='word_1_125' title='bbox 3137 1094 3271 1140; x_wconf 84' lang='lat' dir='ltr'>sunt</span> <span class='ocrx_word' id='word_1_126' title='bbox 3290 1088 3479 1140; x_wconf 70' lang='lat' dir='ltr'>studia</span> <span class='ocrx_word' id='word_1_127' title='bbox 3506 1100 3795 1141; x_wconf 89' lang='lat' dir='ltr'>sacrorum</span> 
     </span>
    </p>
   </div>
   <div class='ocr_carea' id='block_1_10' title="bbox 490 1176 3792 1259">
    <p class='ocr_par' dir='ltr' id='par_1_10' title="bbox 490 1176 3792 1259">
     <span class='ocr_line' id='line_1_10' title="bbox 490 1176 3792 1259; baseline -0.002 -22"><span class='ocrx_word' id='word_1_128' title='bbox 490 1184 841 1250; x_wconf 90' lang='lat' dir='ltr'>Principe,in</span> <span class='ocrx_word' id='word_1_129' title='bbox 857 1182 1107 1235; x_wconf 87' lang='lat' dir='ltr'>Ecclesia</span> <span class='ocrx_word' id='word_1_130' title='bbox 1121 1183 1242 1234; x_wconf 83' lang='lat' dir='ltr'>Tua</span> <span class='ocrx_word' id='word_1_131' title='bbox 1257 1180 1448 1235; x_wconf 63' lang='lat' dir='ltr'>videat</span> <span class='ocrx_word' id='word_1_132' title='bbox 1465 1194 1477 1229; x_wconf 93' lang='lat'><strong>:</strong></span> <span class='ocrx_word' id='word_1_133' title='bbox 1495 1191 1626 1243; x_wconf 66' lang='lat' dir='ltr'>quas</span> <span class='ocrx_word' id='word_1_134' title='bbox 1644 1182 1728 1230; x_wconf 91' lang='lat' dir='ltr'>tot</span> <span class='ocrx_word' id='word_1_135' title='bbox 1734 1178 1856 1243; x_wconf 90' lang='lat' dir='ltr'>jam</span> <span class='ocrx_word' id='word_1_136' title='bbox 1873 1176 2204 1228; x_wconf 89' lang='lat' dir='ltr'>clarissimis</span> <span class='ocrx_word' id='word_1_137' title='bbox 2228 1189 2421 1229; x_wconf 90' lang='lat' dir='ltr'>earum</span> <span class='ocrx_word' id='word_1_138' title='bbox 2439 1178 2678 1259; x_wconf 78' lang='lat' dir='ltr'>laudum</span> <span class='ocrx_word' id='word_1_139' title='bbox 2694 1177 2973 1243; x_wconf 80' lang='lat' dir='ltr'>exemplis</span> <span class='ocrx_word' id='word_1_140' title='bbox 2988 1178 3139 1229; x_wconf 92' lang='lat' dir='ltr'>lucet</span> <span class='ocrx_word' id='word_1_141' title='bbox 3158 1178 3405 1229; x_wconf 81' lang='lat' dir='ltr'>maxime</span> <span class='ocrx_word' id='word_1_142' title='bbox 3431 1190 3497 1229; x_wconf 91' lang='lat' dir='ltr'>ac</span> <span class='ocrx_word' id='word_1_143' title='bbox 3514 1177 3792 1243; x_wconf 85' lang='lat' dir='ltr'>splendet,</span> 
     </span>
    </p>
   </div>
   <div class='ocr_carea' id='block_1_11' title="bbox 491 1266 3795 1340">
    <p class='ocr_par' dir='ltr' id='par_1_11' title="bbox 491 1266 3795 1340">
     <span class='ocr_line' id='line_1_11' title="bbox 491 1266 3795 1340; baseline -0.002 -13"><span class='ocrx_word' id='word_1_144' title='bbox 491 1277 557 1328; x_wconf 90' lang='lat' dir='ltr'>ut</span> <span class='ocrx_word' id='word_1_145' title='bbox 563 1275 686 1340; x_wconf 89' lang='lat' dir='ltr'>jam</span> <span class='ocrx_word' id='word_1_146' title='bbox 708 1286 825 1326; x_wconf 91' lang='lat' dir='ltr'>non</span> <span class='ocrx_word' id='word_1_147' title='bbox 846 1286 1027 1327; x_wconf 92' lang='lat' dir='ltr'>unum</span> <span class='ocrx_word' id='word_1_148' title='bbox 1049 1276 1221 1336; x_wconf 86' lang='lat' dir='ltr'>atque</span> <span class='ocrx_word' id='word_1_149' title='bbox 1240 1268 1481 1323; x_wconf 89' lang='lat' dir='ltr'>alterum</span> <span class='ocrx_word' id='word_1_150' title='bbox 1502 1280 1798 1321; x_wconf 87' lang='lat' dir='ltr'>occurrere</span> <span class='ocrx_word' id='word_1_151' title='bbox 1826 1266 1934 1318; x_wconf 88' lang='lat' dir='ltr'>sibi</span> <span class='ocrx_word' id='word_1_152' title='bbox 1958 1269 2179 1317; x_wconf 85' lang='lat' dir='ltr'>veteres</span> <span class='ocrx_word' id='word_1_153' title='bbox 2189 1266 2421 1331; x_wconf 87' lang='lat' dir='ltr'>amicos,</span> <span class='ocrx_word' id='word_1_154' title='bbox 2436 1268 2711 1319; x_wconf 89' lang='lat' dir='ltr'>Jovinum</span> <span class='ocrx_word' id='word_1_155' title='bbox 2726 1271 2900 1331; x_wconf 88' lang='lat' dir='ltr'>atque</span> <span class='ocrx_word' id='word_1_156' title='bbox 2922 1268 3252 1330; x_wconf 88' lang='lat' dir='ltr'>Eusebium,</span> <span class='ocrx_word' id='word_1_157' title='bbox 3272 1266 3371 1318; x_wconf 89' lang='lat' dir='ltr'>sed</span> <span class='ocrx_word' id='word_1_158' title='bbox 3387 1266 3795 1332; x_wconf 85' lang='lat' dir='ltr'>propemodum</span> 
     </span>
    </p>
   </div>
   <div class='ocr_carea' id='block_1_12' title="bbox 494 1355 3796 1428">
    <p class='ocr_par' dir='ltr' id='par_1_12' title="bbox 494 1355 3796 1428">
     <span class='ocr_line' id='line_1_12' title="bbox 494 1355 3796 1428; baseline -0.003 -11"><span class='ocrx_word' id='word_1_159' title='bbox 494 1364 829 1417; x_wconf 88' lang='lat' dir='ltr'>innumeros</span> <span class='ocrx_word' id='word_1_160' title='bbox 858 1366 1018 1428; x_wconf 89' lang='lat' dir='ltr'>putet</span> <span class='ocrx_word' id='word_1_161' title='bbox 1037 1377 1051 1425; x_wconf 92' lang='lat'><strong>;</strong></span> <span class='ocrx_word' id='word_1_162' title='bbox 1069 1361 1331 1424; x_wconf 91' lang='lat' dir='ltr'>hancque</span> <span class='ocrx_word' id='word_1_163' title='bbox 1368 1358 1509 1411; x_wconf 92' lang='lat' dir='ltr'>adeo</span> <span class='ocrx_word' id='word_1_164' title='bbox 1529 1357 1670 1421; x_wconf 92' lang='lat' dir='ltr'>Tibi,</span> <span class='ocrx_word' id='word_1_165' title='bbox 1704 1358 1825 1408; x_wconf 91' lang='lat' dir='ltr'>Tua</span> <span class='ocrx_word' id='word_1_166' title='bbox 1842 1359 2083 1421; x_wconf 80' lang='lat' dir='ltr'>partam.</span> <span class='ocrx_word' id='word_1_167' title='bbox 2117 1355 2337 1419; x_wconf 90' lang='lat' dir='ltr'>Tuique</span> <span class='ocrx_word' id='word_1_168' title='bbox 2367 1357 2557 1408; x_wconf 88' lang='lat' dir='ltr'>Patrui</span> <span class='ocrx_word' id='word_1_169' title='bbox 2573 1357 2908 1410; x_wconf 88' lang='lat' dir='ltr'>immortalis</span> <span class='ocrx_word' id='word_1_170' title='bbox 2926 1370 3113 1422; x_wconf 88' lang='lat' dir='ltr'>opera,</span> <span class='ocrx_word' id='word_1_171' title='bbox 3144 1356 3464 1409; x_wconf 82' lang='lat' dir='ltr'>felicitatem</span> <span class='ocrx_word' id='word_1_172' title='bbox 3491 1356 3796 1422; x_wconf 88' lang='lat' dir='ltr'>percelebri</span> 
     </span>
    </p>
   </div>
   <div class='ocr_carea' id='block_1_13' title="bbox 501 1444 3792 1517">
    <p class='ocr_par' dir='ltr' id='par_1_13' title="bbox 501 1444 3792 1517">
     <span class='ocr_line' id='line_1_13' title="bbox 501 1444 3792 1517; baseline -0.002 -10"><span class='ocrx_word' id='word_1_173' title='bbox 501 1453 946 1517; x_wconf 87' lang='lat' dir='ltr'>Hieronymiano</span> <span class='ocrx_word' id='word_1_174' title='bbox 968 1451 1150 1516; x_wconf 88' lang='lat' dir='ltr'>elogio</span> <span class='ocrx_word' id='word_1_175' title='bbox 1175 1448 1510 1515; x_wconf 80' lang='lat' dir='ltr'>gratuletur,</span> <span class='ocrx_word' id='word_1_176' title='bbox 1541 1446 1906 1511; x_wconf 77' lang='lat' dir='ltr'>Aquilejenses</span> <span class='ocrx_word' id='word_1_177' title='bbox 1936 1444 2124 1497; x_wconf 75' lang='lat' dir='ltr'>Clerici</span> <span class='ocrx_word' id='word_1_178' title='bbox 2150 1446 2310 1509; x_wconf 76' lang='lat' dir='ltr'>quasi</span> <span class='ocrx_word' id='word_1_179' title='bbox 2340 1446 2550 1497; x_wconf 83' lang='lat' dir='ltr'>Chorus</span> <span class='ocrx_word' id='word_1_180' title='bbox 2578 1448 2868 1497; x_wconf 83' lang='lat' dir='ltr'>Bealorum</span> <span class='ocrx_word' id='word_1_181' title='bbox 2904 1446 3171 1497; x_wconf 76' lang='lat' dir='ltr'>habentur</span> <span class='ocrx_word' id='word_1_182' title='bbox 3209 1446 3296 1509; x_wconf 89' lang='grc' dir='ltr'>(1η</span> <span class='ocrx_word' id='word_1_183' title='bbox 3328 1447 3578 1499; x_wconf 76' lang='lat' dir='ltr'>Chronic.</span> <span class='ocrx_word' id='word_1_184' title='bbox 3597 1448 3673 1497; x_wconf 87' lang='lat' dir='ltr'>ad</span> <span class='ocrx_word' id='word_1_185' title='bbox 3702 1463 3792 1499; x_wconf 81' lang='lat' dir='ltr'>an.</span> 
     </span>
    </p>
   </div>
   <div class='ocr_carea' id='block_1_14' title="bbox 494 1534 3794 1608">
    <p class='ocr_par' dir='ltr' id='par_1_14' title="bbox 494 1534 3794 1608">
     <span class='ocr_line' id='line_1_14' title="bbox 494 1534 3794 1608; baseline -0.002 -11"><span class='ocrx_word' id='word_1_186' title='bbox 494 1540 633 1608; x_wconf 88' lang='lat'>378).</span> <span class='ocrx_word' id='word_1_187' title='bbox 655 1542 743 1595; x_wconf 91' lang='lat' dir='ltr'>Sic</span> <span class='ocrx_word' id='word_1_188' title='bbox 767 1542 911 1607; x_wconf 89' lang='lat' dir='ltr'>ejus,</span> <span class='ocrx_word' id='word_1_189' title='bbox 931 1541 1121 1605; x_wconf 93' lang='lat' dir='ltr'>quoin</span> <span class='ocrx_word' id='word_1_190' title='bbox 1138 1540 1216 1591; x_wconf 87' lang='lat' dir='ltr'>Te</span> <span class='ocrx_word' id='word_1_191' title='bbox 1244 1538 1501 1591; x_wconf 89' lang='lat' dir='ltr'>adfectus</span> <span class='ocrx_word' id='word_1_192' title='bbox 1519 1548 1647 1588; x_wconf 90' lang='lat' dir='ltr'>esse</span> <span class='ocrx_word' id='word_1_193' title='bbox 1677 1536 1865 1598; x_wconf 87' lang='lat' dir='ltr'>debet,</span> <span class='ocrx_word' id='word_1_194' title='bbox 1890 1534 2148 1587; x_wconf 89' lang='lat' dir='ltr'>animum</span> <span class='ocrx_word' id='word_1_195' title='bbox 2173 1540 2346 1600; x_wconf 86' lang='lat' dir='ltr'>atque</span> <span class='ocrx_word' id='word_1_196' title='bbox 2378 1537 2721 1601; x_wconf 85' lang='lat' dir='ltr'>obsequium</span> <span class='ocrx_word' id='word_1_197' title='bbox 2747 1538 3059 1589; x_wconf 84' lang='lat' dir='ltr'>rectissime</span> <span class='ocrx_word' id='word_1_198' title='bbox 3088 1536 3455 1603; x_wconf 90' lang='lat' dir='ltr'>interpretor:</span> <span class='ocrx_word' id='word_1_199' title='bbox 3476 1536 3547 1589; x_wconf 90' lang='lat' dir='ltr'>de</span> <span class='ocrx_word' id='word_1_200' title='bbox 3571 1550 3665 1589; x_wconf 92' lang='lat' dir='ltr'>me</span> <span class='ocrx_word' id='word_1_201' title='bbox 3692 1550 3794 1589; x_wconf 85' lang='lat' dir='ltr'>au-</span> 
     </span>
    </p>
   </div>
   <div class='ocr_carea' id='block_1_15' title="bbox 498 1624 3795 1695">
    <p class='ocr_par' dir='ltr' id='par_1_15' title="bbox 498 1624 3795 1695">
     <span class='ocr_line' id='line_1_15' title="bbox 498 1624 3795 1695; baseline -0.002 -11"><span class='ocrx_word' id='word_1_202' title='bbox 498 1636 615 1684; x_wconf 90' lang='lat' dir='ltr'>tem</span> <span class='ocrx_word' id='word_1_203' title='bbox 645 1631 782 1695; x_wconf 92' lang='lat' dir='ltr'>quid</span> <span class='ocrx_word' id='word_1_204' title='bbox 815 1630 999 1683; x_wconf 90' lang='lat' dir='ltr'>dicam</span> <span class='ocrx_word' id='word_1_205' title='bbox 1014 1633 1040 1681; x_wconf 81' lang='lat'><strong>?</strong></span> <span class='ocrx_word' id='word_1_206' title='bbox 1064 1631 1180 1694; x_wconf 86' lang='lat' dir='ltr'>Ego</span> <span class='ocrx_word' id='word_1_207' title='bbox 1208 1628 1316 1680; x_wconf 93' lang='lat' dir='ltr'>sim</span> <span class='ocrx_word' id='word_1_208' title='bbox 1340 1627 1641 1679; x_wconf 85' lang='lat' dir='ltr'>hominum</span> <span class='ocrx_word' id='word_1_209' title='bbox 1663 1624 2109 1689; x_wconf 78' lang='lat' dir='ltr'>ingratissimus,</span> <span class='ocrx_word' id='word_1_210' title='bbox 2144 1625 2233 1676; x_wconf 89' lang='lat' dir='ltr'>sin</span> <span class='ocrx_word' id='word_1_211' title='bbox 2249 1627 2344 1690; x_wconf 89' lang='lat' dir='ltr'>Te,</span> <span class='ocrx_word' id='word_1_212' title='bbox 2367 1640 2465 1692; x_wconf 91' lang='lat' dir='ltr'>per</span> <span class='ocrx_word' id='word_1_213' title='bbox 2490 1640 2662 1692; x_wconf 85' lang='lat' dir='ltr'>quem</span> <span class='ocrx_word' id='word_1_214' title='bbox 2685 1628 2935 1679; x_wconf 86' lang='lat' dir='ltr'>maxime</span> <span class='ocrx_word' id='word_1_215' title='bbox 2954 1627 3014 1679; x_wconf 90' lang='lat' dir='ltr'>in</span> <span class='ocrx_word' id='word_1_216' title='bbox 3043 1628 3148 1679; x_wconf 91' lang='lat' dir='ltr'>hac</span> <span class='ocrx_word' id='word_1_217' title='bbox 3175 1641 3300 1679; x_wconf 89' lang='lat' dir='ltr'>mea</span> <span class='ocrx_word' id='word_1_218' title='bbox 3316 1627 3651 1680; x_wconf 83' lang='lat' dir='ltr'>adornanda</span> <span class='ocrx_word' id='word_1_219' title='bbox 3669 1626 3795 1679; x_wconf 86' lang='lat' dir='ltr'>Edi-</span> 
     </span>
    </p>
   </div>
   <div class='ocr_carea' id='block_1_16' title="bbox 493 1713 3794 1786">
    <p class='ocr_par' dir='ltr' id='par_1_16' title="bbox 493 1713 3794 1786">
     <span class='ocr_line' id='line_1_16' title="bbox 493 1713 3794 1786; baseline -0.002 -13"><span class='ocrx_word' id='word_1_220' title='bbox 493 1720 649 1773; x_wconf 90' lang='lat' dir='ltr'>tione</span> <span class='ocrx_word' id='word_1_221' title='bbox 671 1719 1024 1786; x_wconf 84' lang='lat' dir='ltr'>profecerim,</span> <span class='ocrx_word' id='word_1_222' title='bbox 1048 1719 1232 1783; x_wconf 88' lang='lat' dir='ltr'>priore</span> <span class='ocrx_word' id='word_1_223' title='bbox 1260 1718 1400 1777; x_wconf 91' lang='lat' dir='ltr'>loco,</span> <span class='ocrx_word' id='word_1_224' title='bbox 1429 1720 1485 1767; x_wconf 92' lang='lat' dir='ltr'>et</span> <span class='ocrx_word' id='word_1_225' title='bbox 1514 1719 1730 1779; x_wconf 90' lang='lat' dir='ltr'>quanta</span> <span class='ocrx_word' id='word_1_226' title='bbox 1751 1714 2013 1766; x_wconf 74' lang='lat' dir='ltr'>maxima</span> <span class='ocrx_word' id='word_1_227' title='bbox 2036 1713 2417 1767; x_wconf 81' lang='lat' dir='ltr'>declarations</span> <span class='ocrx_word' id='word_1_228' title='bbox 2446 1728 2685 1779; x_wconf 87' lang='lat' dir='ltr'>possum</span> <span class='ocrx_word' id='word_1_229' title='bbox 2715 1716 2883 1768; x_wconf 82' lang='lat' dir='ltr'>offlcii</span> <span class='ocrx_word' id='word_1_230' title='bbox 2899 1716 3224 1781; x_wconf 80' lang='lat' dir='ltr'>praedicem.</span> <span class='ocrx_word' id='word_1_231' title='bbox 3245 1716 3436 1767; x_wconf 90' lang='lat' dir='ltr'>Desim</span> <span class='ocrx_word' id='word_1_232' title='bbox 3466 1716 3643 1767; x_wconf 90' lang='lat' dir='ltr'>etiam</span> <span class='ocrx_word' id='word_1_233' title='bbox 3675 1715 3794 1779; x_wconf 87' lang='lat' dir='ltr'>ipse</span> 
     </span>
    </p>
   </div>
   <div class='ocr_carea' id='block_1_17' title="bbox 492 1803 3791 1873">
    <p class='ocr_par' dir='ltr' id='par_1_17' title="bbox 492 1803 3791 1873">
     <span class='ocr_line' id='line_1_17' title="bbox 492 1803 3791 1873; baseline -0.002 -11"><span class='ocrx_word' id='word_1_234' title='bbox 492 1809 652 1873; x_wconf 88' lang='lat' dir='ltr'>mihi,</span> <span class='ocrx_word' id='word_1_235' title='bbox 677 1822 785 1862; x_wconf 90' lang='lat' dir='ltr'>nec</span> <span class='ocrx_word' id='word_1_236' title='bbox 808 1808 948 1861; x_wconf 88' lang='lat' dir='ltr'>satis</span> <span class='ocrx_word' id='word_1_237' title='bbox 972 1807 1169 1861; x_wconf 89' lang='lat' dir='ltr'>videar</span> <span class='ocrx_word' id='word_1_238' title='bbox 1189 1805 1518 1869; x_wconf 84' lang='lat' dir='ltr'>intelligere,</span> <span class='ocrx_word' id='word_1_239' title='bbox 1537 1809 1789 1869; x_wconf 89' lang='lat' dir='ltr'>quantus</span> <span class='ocrx_word' id='word_1_240' title='bbox 1812 1803 1945 1855; x_wconf 86' lang='lat' dir='ltr'>hinc</span> <span class='ocrx_word' id='word_1_241' title='bbox 1980 1803 2379 1855; x_wconf 68' lang='lat' dir='ltr'>aestimationis</span> <span class='ocrx_word' id='word_1_242' title='bbox 2407 1809 2723 1869; x_wconf 86' lang='lat' dir='ltr'>proventus</span> <span class='ocrx_word' id='word_1_243' title='bbox 2744 1806 2968 1870; x_wconf 87' lang='lat' dir='ltr'>scriptis</span> <span class='ocrx_word' id='word_1_244' title='bbox 2987 1819 3053 1858; x_wconf 91' lang='lat' dir='ltr'>ac</span> <span class='ocrx_word' id='word_1_245' title='bbox 3072 1805 3291 1857; x_wconf 90' lang='lat' dir='ltr'>nomini</span> <span class='ocrx_word' id='word_1_246' title='bbox 3316 1805 3507 1857; x_wconf 82' lang='lat' dir='ltr'>Rufini</span> <span class='ocrx_word' id='word_1_247' title='bbox 3538 1805 3791 1867; x_wconf 87' lang='lat' dir='ltr'>accedat,</span> 
     </span>
    </p>
   </div>
   <div class='ocr_carea' id='block_1_18' title="bbox 491 1893 3794 1964">
    <p class='ocr_par' dir='ltr' id='par_1_18' title="bbox 491 1893 3794 1964">
     <span class='ocr_line' id='line_1_18' title="bbox 491 1893 3794 1964; baseline -0.002 -13"><span class='ocrx_word' id='word_1_248' title='bbox 491 1911 667 1964; x_wconf 89' lang='lat' dir='ltr'>quem</span> <span class='ocrx_word' id='word_1_249' title='bbox 681 1900 765 1951; x_wconf 89' lang='lat' dir='ltr'>Tu</span> <span class='ocrx_word' id='word_1_250' title='bbox 788 1911 906 1951; x_wconf 90' lang='lat' dir='ltr'>non</span> <span class='ocrx_word' id='word_1_251' title='bbox 932 1899 1119 1949; x_wconf 89' lang='lat' dir='ltr'>solum</span> <span class='ocrx_word' id='word_1_252' title='bbox 1135 1894 1401 1961; x_wconf 62' lang='lat' dir='ltr'>praesidio</span> <span class='ocrx_word' id='word_1_253' title='bbox 1416 1899 1590 1958; x_wconf 90' lang='lat' dir='ltr'>atque</span> <span class='ocrx_word' id='word_1_254' title='bbox 1612 1905 1807 1945; x_wconf 82' lang='lat' dir='ltr'>amore</span> <span class='ocrx_word' id='word_1_255' title='bbox 1820 1894 1938 1944; x_wconf 87' lang='lat' dir='ltr'>Tuo</span> <span class='ocrx_word' id='word_1_256' title='bbox 1951 1894 2203 1956; x_wconf 87' lang='lat' dir='ltr'>compleo</span> <span class='ocrx_word' id='word_1_257' title='bbox 2212 1893 2364 1955; x_wconf 89' lang='lat' dir='ltr'>taris,</span> <span class='ocrx_word' id='word_1_258' title='bbox 2384 1894 2484 1945; x_wconf 91' lang='lat' dir='ltr'>sed</span> <span class='ocrx_word' id='word_1_259' title='bbox 2499 1895 2690 1951; x_wconf 87' lang='lat' dir='ltr'>etiam.</span> <span class='ocrx_word' id='word_1_260' title='bbox 2705 1908 2887 1959; x_wconf 91' lang='lat' dir='ltr'>quum</span> <span class='ocrx_word' id='word_1_261' title='bbox 2906 1896 2979 1948; x_wconf 92' lang='lat' dir='ltr'>ad</span> <span class='ocrx_word' id='word_1_262' title='bbox 2995 1909 3089 1948; x_wconf 91' lang='lat' dir='ltr'>am</span> <span class='ocrx_word' id='word_1_263' title='bbox 3098 1895 3461 1960; x_wconf 75' lang='lat' dir='ltr'>plitlcandarn</span> <span class='ocrx_word' id='word_1_264' title='bbox 3478 1893 3794 1960; x_wconf 85' lang='lat' dir='ltr'>Aquilejen-</span> 
     </span>
    </p>
   </div>
   <div class='ocr_carea' id='block_1_19' title="bbox 493 1981 3791 2052">
    <p class='ocr_par' dir='ltr' id='par_1_19' title="bbox 493 1981 3791 2052">
     <span class='ocr_line' id='line_1_19' title="bbox 493 1981 3791 2052; baseline -0.001 -12"><span class='ocrx_word' id='word_1_265' title='bbox 493 1987 574 2040; x_wconf 91' lang='lat' dir='ltr'>sis</span> <span class='ocrx_word' id='word_1_266' title='bbox 597 1988 861 2040; x_wconf 66' lang='lat' dir='ltr'>Ecclesiae</span> <span class='ocrx_word' id='word_1_267' title='bbox 881 1986 1222 2052; x_wconf 88' lang='lat' dir='ltr'>dignitatem</span> <span class='ocrx_word' id='word_1_268' title='bbox 1246 1989 1303 2036; x_wconf 92' lang='lat' dir='ltr'>et</span> <span class='ocrx_word' id='word_1_269' title='bbox 1322 1983 1578 2048; x_wconf 86' lang='lat' dir='ltr'>gloriam,</span> <span class='ocrx_word' id='word_1_270' title='bbox 1606 1995 1792 2043; x_wconf 89' lang='lat' dir='ltr'>curas,</span> <span class='ocrx_word' id='word_1_271' title='bbox 1812 1981 2135 2033; x_wconf 91' lang='lat' dir='ltr'>secundum</span> <span class='ocrx_word' id='word_1_272' title='bbox 2151 1984 2353 2045; x_wconf 91' lang='lat' dir='ltr'>Deum,</span> <span class='ocrx_word' id='word_1_273' title='bbox 2373 1996 2574 2036; x_wconf 88' lang='lat' dir='ltr'>omnes</span> <span class='ocrx_word' id='word_1_274' title='bbox 2592 1985 2919 2050; x_wconf 88' lang='lat' dir='ltr'>contuleris,</span> <span class='ocrx_word' id='word_1_275' title='bbox 2937 1986 3147 2052; x_wconf 90' lang='lat' dir='ltr'>optime</span> <span class='ocrx_word' id='word_1_276' title='bbox 3163 1986 3242 2038; x_wconf 92' lang='lat' dir='ltr'>illi</span> <span class='ocrx_word' id='word_1_277' title='bbox 3260 1999 3330 2039; x_wconf 88' lang='lat' dir='ltr'>ex</span> <span class='ocrx_word' id='word_1_278' title='bbox 3346 1985 3456 2038; x_wconf 94' lang='lat' dir='ltr'>hoc</span> <span class='ocrx_word' id='word_1_279' title='bbox 3471 1989 3643 2051; x_wconf 88' lang='lat' dir='ltr'>putes</span> <span class='ocrx_word' id='word_1_280' title='bbox 3656 1997 3791 2037; x_wconf 89' lang='lat' dir='ltr'>con-</span> 
     </span>
    </p>
   </div>
   <div class='ocr_carea' id='block_1_20' title="bbox 496 2071 2656 2142">
    <p class='ocr_par' dir='ltr' id='par_1_20' title="bbox 496 2071 2656 2142">
     <span class='ocr_line' id='line_1_20' title="bbox 496 2071 2656 2142; baseline -0.001 -12"><span class='ocrx_word' id='word_1_281' title='bbox 496 2078 759 2141; x_wconf 86' lang='lat' dir='ltr'>suluisse,</span> <span class='ocrx_word' id='word_1_282' title='bbox 794 2077 949 2142; x_wconf 92' lang='lat' dir='ltr'>quod</span> <span class='ocrx_word' id='word_1_283' title='bbox 982 2080 1200 2142; x_wconf 92' lang='lat' dir='ltr'>partem</span> <span class='ocrx_word' id='word_1_284' title='bbox 1233 2075 1359 2139; x_wconf 88' lang='lat' dir='ltr'>ejus</span> <span class='ocrx_word' id='word_1_285' title='bbox 1385 2085 1513 2125; x_wconf 91' lang='lat' dir='ltr'>esse</span> <span class='ocrx_word' id='word_1_286' title='bbox 1530 2072 1725 2137; x_wconf 73' lang='lat' dir='ltr'>glorise</span> <span class='ocrx_word' id='word_1_287' title='bbox 1741 2071 1882 2123; x_wconf 91' lang='lat' dir='ltr'>nulli</span> <span class='ocrx_word' id='word_1_288' title='bbox 1899 2073 2216 2125; x_wconf 89' lang='lat' dir='ltr'>secundam</span> <span class='ocrx_word' id='word_1_289' title='bbox 2240 2087 2374 2126; x_wconf 92' lang='lat' dir='ltr'>eum</span> <span class='ocrx_word' id='word_1_290' title='bbox 2400 2088 2656 2127; x_wconf 82' lang='lat' dir='ltr'>censeas.</span> 
     </span>
    </p>
   </div>
   <div class='ocr_carea' id='block_1_21' title="bbox 553 2214 3793 2284">
    <p class='ocr_par' dir='ltr' id='par_1_21' title="bbox 553 2214 3793 2284">
     <span class='ocr_line' id='line_1_21' title="bbox 553 2214 3793 2284; baseline -0.001 -11"><span class='ocrx_word' id='word_1_291' title='bbox 553 2222 697 2273; x_wconf 91' lang='lat' dir='ltr'>Ecce</span> <span class='ocrx_word' id='word_1_292' title='bbox 719 2218 1047 2284; x_wconf 85' lang='lat' dir='ltr'>jamilaque</span> <span class='ocrx_word' id='word_1_293' title='bbox 1072 2218 1195 2269; x_wconf 91' lang='lat' dir='ltr'>Tibi</span> <span class='ocrx_word' id='word_1_294' title='bbox 1219 2215 1606 2269; x_wconf 89' lang='lat' dir='ltr'>illustrissime</span> <span class='ocrx_word' id='word_1_295' title='bbox 1628 2228 1695 2267; x_wconf 90' lang='lat' dir='ltr'>ac</span> <span class='ocrx_word' id='word_1_296' title='bbox 1718 2214 2216 2269; x_wconf 57' lang='lat' dir='ltr'>ReverendissMe</span> <span class='ocrx_word' id='word_1_297' title='bbox 2244 2216 2483 2281; x_wconf 83' lang='lat' dir='ltr'>Praesul,</span> <span class='ocrx_word' id='word_1_298' title='bbox 2510 2218 2782 2270; x_wconf 79' lang='lat' dir='ltr'>Ruﬁnum</span> <span class='ocrx_word' id='word_1_299' title='bbox 2813 2220 3018 2281; x_wconf 92' lang='lat' dir='ltr'>Tuum,</span> <span class='ocrx_word' id='word_1_300' title='bbox 3045 2231 3164 2271; x_wconf 91' lang='lat' dir='ltr'>non</span> <span class='ocrx_word' id='word_1_301' title='bbox 3192 2217 3542 2270; x_wconf 89' lang='lat' dir='ltr'>lineamenta</span> <span class='ocrx_word' id='word_1_302' title='bbox 3557 2217 3793 2281; x_wconf 83' lang='lat' dir='ltr'>quidem</span> 
     </span>
    </p>
   </div>
   <div class='ocr_carea' id='block_1_22' title="bbox 492 2304 3795 2375">
    <p class='ocr_par' dir='ltr' id='par_1_22' title="bbox 492 2304 3795 2375">
     <span class='ocr_line' id='line_1_22' title="bbox 492 2304 3795 2375; baseline -0.001 -12"><span class='ocrx_word' id='word_1_303' title='bbox 492 2314 667 2375; x_wconf 85' lang='lat' dir='ltr'>atque</span> <span class='ocrx_word' id='word_1_304' title='bbox 691 2310 978 2373; x_wconf 68' lang='lat' dir='ltr'>articulos,</span> <span class='ocrx_word' id='word_1_305' title='bbox 998 2308 1182 2372; x_wconf 90' lang='lat' dir='ltr'>qualis</span> <span class='ocrx_word' id='word_1_306' title='bbox 1199 2320 1229 2359; x_wconf 92' lang='lat' dir='ltr'>e</span> <span class='ocrx_word' id='word_1_307' title='bbox 1247 2307 1526 2371; x_wconf 89' lang='lat' dir='ltr'>pictorum</span> <span class='ocrx_word' id='word_1_308' title='bbox 1550 2304 1799 2370; x_wconf 88' lang='lat' dir='ltr'>prodiret</span> <span class='ocrx_word' id='word_1_309' title='bbox 1816 2304 2104 2361; x_wconf 83' lang='lat' dir='ltr'>manibus.</span> <span class='ocrx_word' id='word_1_310' title='bbox 2122 2306 2506 2371; x_wconf 80' lang='lat' dir='ltr'>emngentem,</span> <span class='ocrx_word' id='word_1_311' title='bbox 2536 2308 2635 2360; x_wconf 89' lang='lat' dir='ltr'>sed</span> <span class='ocrx_word' id='word_1_312' title='bbox 2661 2309 2782 2361; x_wconf 89' lang='lat' dir='ltr'>suis</span> <span class='ocrx_word' id='word_1_313' title='bbox 2806 2307 3135 2372; x_wconf 87' lang='lat' dir='ltr'>loquentem</span> <span class='ocrx_word' id='word_1_314' title='bbox 3155 2309 3345 2361; x_wconf 88' lang='lat' dir='ltr'>verbis</span> <span class='ocrx_word' id='word_1_315' title='bbox 3361 2322 3425 2359; x_wconf 89' lang='lat' dir='ltr'>ac</span> <span class='ocrx_word' id='word_1_316' title='bbox 3450 2308 3670 2373; x_wconf 82' lang='lat' dir='ltr'>lingua,</span> <span class='ocrx_word' id='word_1_317' title='bbox 3704 2308 3795 2360; x_wconf 62' lang='lat' dir='ltr'>de«</span> 
     </span>
    </p>
   </div>
   <div class='ocr_carea' id='block_1_23' title="bbox 492 2394 3794 2465">
    <p class='ocr_par' dir='ltr' id='par_1_23' title="bbox 492 2394 3794 2465">
     <span class='ocr_line' id='line_1_23' title="bbox 492 2394 3794 2465; baseline -0.001 -14"><span class='ocrx_word' id='word_1_318' title='bbox 492 2412 606 2465; x_wconf 91' lang='lat' dir='ltr'>que</span> <span class='ocrx_word' id='word_1_319' title='bbox 621 2400 789 2451; x_wconf 83' lang='lat' dir='ltr'>rebus</span> <span class='ocrx_word' id='word_1_320' title='bbox 800 2399 1191 2463; x_wconf 87' lang='lat' dir='ltr'>disputantem</span> <span class='ocrx_word' id='word_1_321' title='bbox 1208 2396 1416 2448; x_wconf 89' lang='lat' dir='ltr'>divinis</span> <span class='ocrx_word' id='word_1_322' title='bbox 1428 2394 1903 2447; x_wconf 88' lang='lat' dir='ltr'>luculentissime.</span> <span class='ocrx_word' id='word_1_323' title='bbox 1923 2396 2060 2459; x_wconf 87' lang='lat' dir='ltr'>Ejus</span> <span class='ocrx_word' id='word_1_324' title='bbox 2076 2395 2262 2460; x_wconf 90' lang='lat' dir='ltr'>Opera</span> <span class='ocrx_word' id='word_1_325' title='bbox 2279 2400 2453 2449; x_wconf 67' lang='lat' dir='ltr'>tantas</span> <span class='ocrx_word' id='word_1_326' title='bbox 2472 2403 2608 2450; x_wconf 90' lang='lat' dir='ltr'>sunt</span> <span class='ocrx_word' id='word_1_327' title='bbox 2625 2398 2958 2450; x_wconf 88' lang='lat' dir='ltr'>eruditionis</span> <span class='ocrx_word' id='word_1_328' title='bbox 2972 2403 3145 2462; x_wconf 90' lang='lat' dir='ltr'>atque</span> <span class='ocrx_word' id='word_1_329' title='bbox 3158 2398 3455 2461; x_wconf 75' lang='lat' dir='ltr'>doctrinae,</span> <span class='ocrx_word' id='word_1_330' title='bbox 3467 2402 3535 2449; x_wconf 92' lang='lat' dir='ltr'>ut</span> <span class='ocrx_word' id='word_1_331' title='bbox 3549 2397 3794 2449; x_wconf 89' lang='lat' dir='ltr'>aliorum</span> 
     </span>
    </p>
   </div>
   <div class='ocr_carea' id='block_1_24' title="bbox 492 2484 3795 2552">
    <p class='ocr_par' dir='ltr' id='par_1_24' title="bbox 492 2484 3795 2552">
     <span class='ocr_line' id='line_1_24' title="bbox 492 2484 3795 2552; baseline -0.001 -11"><span class='ocrx_word' id='word_1_332' title='bbox 492 2489 743 2549; x_wconf 88' lang='lat' dir='ltr'>Patrum,</span> <span class='ocrx_word' id='word_1_333' title='bbox 762 2501 907 2552; x_wconf 90' lang='lat' dir='ltr'>quos</span> <span class='ocrx_word' id='word_1_334' title='bbox 926 2488 1149 2540; x_wconf 82' lang='lat' dir='ltr'>caeteris</span> <span class='ocrx_word' id='word_1_335' title='bbox 1171 2486 1343 2552; x_wconf 89' lang='lat' dir='ltr'>longe</span> <span class='ocrx_word' id='word_1_336' title='bbox 1359 2485 1491 2537; x_wconf 88' lang='lat' dir='ltr'>nobi</span> <span class='ocrx_word' id='word_1_337' title='bbox 1516 2485 1747 2535; x_wconf 89' lang='lat' dir='ltr'>issimos</span> <span class='ocrx_word' id='word_1_338' title='bbox 1784 2497 1852 2535; x_wconf 90' lang='lat' dir='ltr'>ea</span> <span class='ocrx_word' id='word_1_339' title='bbox 1868 2484 1998 2535; x_wconf 88' lang='lat' dir='ltr'>tulit</span> <span class='ocrx_word' id='word_1_340' title='bbox 2022 2489 2186 2548; x_wconf 74' lang='lat' dir='ltr'>setas,</span> <span class='ocrx_word' id='word_1_341' title='bbox 2210 2498 2484 2550; x_wconf 89' lang='lat' dir='ltr'>perquam</span> <span class='ocrx_word' id='word_1_342' title='bbox 2503 2500 2641 2539; x_wconf 86' lang='lat' dir='ltr'>sane</span> <span class='ocrx_word' id='word_1_343' title='bbox 2662 2488 2861 2552; x_wconf 84' lang='lat' dir='ltr'>paucis</span> <span class='ocrx_word' id='word_1_344' title='bbox 2883 2487 3221 2540; x_wconf 90' lang='lat' dir='ltr'>concedant.</span> <span class='ocrx_word' id='word_1_345' title='bbox 3240 2488 3383 2538; x_wconf 89' lang='lat' dir='ltr'>Sunt</span> <span class='ocrx_word' id='word_1_346' title='bbox 3396 2491 3587 2538; x_wconf 90' lang='lat' dir='ltr'>autem</span> <span class='ocrx_word' id='word_1_347' title='bbox 3612 2485 3795 2552; x_wconf 88' lang='lat' dir='ltr'>plera-</span> 
     </span>
    </p>
   </div>
   <div class='ocr_carea' id='block_1_25' title="bbox 493 2574 3795 2644">
    <p class='ocr_par' dir='ltr' id='par_1_25' title="bbox 493 2574 3795 2644">
     <span class='ocr_line' id='line_1_25' title="bbox 493 2574 3795 2644; baseline -0.002 -12"><span class='ocrx_word' id='word_1_348' title='bbox 493 2592 603 2644; x_wconf 89' lang='lat' dir='ltr'>que</span> <span class='ocrx_word' id='word_1_349' title='bbox 626 2579 819 2632; x_wconf 88' lang='lat' dir='ltr'>omnia</span> <span class='ocrx_word' id='word_1_350' title='bbox 831 2579 919 2642; x_wconf 91' lang='lat' dir='ltr'>iis,</span> <span class='ocrx_word' id='word_1_351' title='bbox 936 2591 1066 2642; x_wconf 70' lang='lat' dir='ltr'>quae</span> <span class='ocrx_word' id='word_1_352' title='bbox 1086 2579 1375 2629; x_wconf 89' lang='lat' dir='ltr'>maximus</span> <span class='ocrx_word' id='word_1_353' title='bbox 1394 2575 1771 2628; x_wconf 89' lang='lat' dir='ltr'>Ecclesiarum</span> <span class='ocrx_word' id='word_1_354' title='bbox 1787 2574 2059 2638; x_wconf 84' lang='lat' dir='ltr'>Magister</span> <span class='ocrx_word' id='word_1_355' title='bbox 2075 2574 2460 2639; x_wconf 88' lang='lat' dir='ltr'>Hieronymus</span> <span class='ocrx_word' id='word_1_356' title='bbox 2478 2577 2852 2640; x_wconf 88' lang='lat' dir='ltr'>elucubravit,</span> <span class='ocrx_word' id='word_1_357' title='bbox 2871 2577 3181 2640; x_wconf 84' lang='lat' dir='ltr'>conjuncta</span> <span class='ocrx_word' id='word_1_358' title='bbox 3192 2575 3603 2641; x_wconf 87' lang='lat' dir='ltr'>propemodum</span> <span class='ocrx_word' id='word_1_359' title='bbox 3617 2580 3795 2641; x_wconf 90' lang='lat' dir='ltr'>atque</span> 
     </span>
    </p>
   </div>
   <div class='ocr_carea' id='block_1_26' title="bbox 491 2663 3793 2733">
    <p class='ocr_par' dir='ltr' id='par_1_26' title="bbox 491 2663 3793 2733">
     <span class='ocr_line' id='line_1_26' title="bbox 491 2663 3793 2733; baseline -0.001 -12"><span class='ocrx_word' id='word_1_360' title='bbox 491 2668 725 2733; x_wconf 86' lang='lat' dir='ltr'>illigata,</span> <span class='ocrx_word' id='word_1_361' title='bbox 750 2668 843 2720; x_wconf 87' lang='lat' dir='ltr'>vel</span> <span class='ocrx_word' id='word_1_362' title='bbox 872 2667 1127 2720; x_wconf 89' lang='lat' dir='ltr'>materiei</span> <span class='ocrx_word' id='word_1_363' title='bbox 1146 2665 1404 2730; x_wconf 65' lang='lat' dir='ltr'>quasillis</span> <span class='ocrx_word' id='word_1_364' title='bbox 1422 2666 1641 2728; x_wconf 90' lang='lat' dir='ltr'>subest,</span> <span class='ocrx_word' id='word_1_365' title='bbox 1656 2663 1747 2717; x_wconf 90' lang='lat' dir='ltr'>vel</span> <span class='ocrx_word' id='word_1_366' title='bbox 1762 2664 2219 2729; x_wconf 90' lang='lat' dir='ltr'>disputationum</span> <span class='ocrx_word' id='word_1_367' title='bbox 2232 2677 2304 2716; x_wconf 90' lang='lat' dir='ltr'>ex</span> <span class='ocrx_word' id='word_1_368' title='bbox 2319 2670 2559 2730; x_wconf 80' lang='lat' dir='ltr'>utraque</span> <span class='ocrx_word' id='word_1_369' title='bbox 2573 2670 2749 2731; x_wconf 92' lang='lat' dir='ltr'>parte,</span> <span class='ocrx_word' id='word_1_370' title='bbox 2768 2672 3057 2733; x_wconf 89' lang='lat' dir='ltr'>respectu:</span> <span class='ocrx_word' id='word_1_371' title='bbox 3079 2679 3209 2731; x_wconf 58' lang='lat' dir='ltr'>qua;</span> <span class='ocrx_word' id='word_1_372' title='bbox 3222 2667 3467 2718; x_wconf 91' lang='lat' dir='ltr'>invicem</span> <span class='ocrx_word' id='word_1_373' title='bbox 3488 2665 3793 2718; x_wconf 89' lang='lat' dir='ltr'>dissociari</span> 
     </span>
    </p>
   </div>
   <div class='ocr_carea' id='block_1_27' title="bbox 490 2754 3788 2823">
    <p class='ocr_par' dir='ltr' id='par_1_27' title="bbox 490 2754 3788 2823">
     <span class='ocr_line' id='line_1_27' title="bbox 490 2754 3788 2823; baseline -0.001 -13"><span class='ocrx_word' id='word_1_374' title='bbox 490 2759 591 2812; x_wconf 86' lang='lat' dir='ltr'>vix</span> <span class='ocrx_word' id='word_1_375' title='bbox 613 2761 875 2822; x_wconf 82' lang='lat' dir='ltr'>possunt,</span> <span class='ocrx_word' id='word_1_376' title='bbox 903 2761 1003 2808; x_wconf 91' lang='lat' dir='ltr'>aut</span> <span class='ocrx_word' id='word_1_377' title='bbox 1019 2769 1090 2807; x_wconf 89' lang='lat' dir='ltr'>ne</span> <span class='ocrx_word' id='word_1_378' title='bbox 1116 2756 1208 2807; x_wconf 85' lang='lat' dir='ltr'>vix</span> <span class='ocrx_word' id='word_1_379' title='bbox 1232 2754 1482 2823; x_wconf 81' lang='lat' dir='ltr'>quidem.</span> <span class='ocrx_word' id='word_1_380' title='bbox 1506 2754 1631 2805; x_wconf 88' lang='lat' dir='ltr'>Alia</span> <span class='ocrx_word' id='word_1_381' title='bbox 1652 2758 1717 2805; x_wconf 93' lang='lat' dir='ltr'>ut</span> <span class='ocrx_word' id='word_1_382' title='bbox 1740 2766 1942 2818; x_wconf 87' lang='lat' dir='ltr'>parum</span> <span class='ocrx_word' id='word_1_383' title='bbox 1965 2766 2000 2805; x_wconf 95' lang='lat' dir='ltr'>a</span> <span class='ocrx_word' id='word_1_384' title='bbox 2019 2754 2037 2804; x_wconf 96' lang='lat' dir='ltr'>l</span> <span class='ocrx_word' id='word_1_385' title='bbox 2056 2755 2468 2819; x_wconf 86' lang='lat' dir='ltr'>Hieronymum</span> <span class='ocrx_word' id='word_1_386' title='bbox 2495 2760 2771 2821; x_wconf 86' lang='lat' dir='ltr'>spectent,</span> <span class='ocrx_word' id='word_1_387' title='bbox 2792 2758 2918 2822; x_wconf 87' lang='lat' dir='ltr'>ejus</span> <span class='ocrx_word' id='word_1_388' title='bbox 2938 2762 3132 2809; x_wconf 88' lang='lat' dir='ltr'>tamen</span> <span class='ocrx_word' id='word_1_389' title='bbox 3149 2755 3422 2822; x_wconf 90' lang='lat' dir='ltr'>propositi</span> <span class='ocrx_word' id='word_1_390' title='bbox 3440 2759 3579 2807; x_wconf 87' lang='lat' dir='ltr'>sunt</span> <span class='ocrx_word' id='word_1_391' title='bbox 3610 2758 3788 2819; x_wconf 85' lang='lat' dir='ltr'>atque</span> 
     </span>
    </p>
   </div>
   <div class='ocr_carea' id='block_1_28' title="bbox 483 2842 3793 2913">
    <p class='ocr_par' dir='ltr' id='par_1_28' title="bbox 483 2842 3793 2913">
     <span class='ocr_line' id='line_1_28' title="bbox 483 2842 3793 2913; baseline -0.001 -12"><span class='ocrx_word' id='word_1_392' title='bbox 483 2847 713 2913; x_wconf 75' lang='lat' dir='ltr'>ingenii,</span> <span class='ocrx_word' id='word_1_393' title='bbox 734 2846 1079 2911; x_wconf 89' lang='lat' dir='ltr'>utcupidurn</span> <span class='ocrx_word' id='word_1_394' title='bbox 1103 2845 1433 2897; x_wconf 67' lang='lat' dir='ltr'>eruditionis</span> <span class='ocrx_word' id='word_1_395' title='bbox 1454 2844 1743 2895; x_wconf 66' lang='lat' dir='ltr'>hominem</span> <span class='ocrx_word' id='word_1_396' title='bbox 1773 2845 1845 2895; x_wconf 87' lang='lat' dir='ltr'>ab</span> <span class='ocrx_word' id='word_1_397' title='bbox 1871 2842 1983 2894; x_wconf 90' lang='lat' dir='ltr'>illis</span> <span class='ocrx_word' id='word_1_398' title='bbox 2016 2844 2298 2897; x_wconf 86' lang='lat' dir='ltr'>continuo</span> <span class='ocrx_word' id='word_1_399' title='bbox 2323 2846 2398 2897; x_wconf 86' lang='lat' dir='ltr'>ad</span> <span class='ocrx_word' id='word_1_400' title='bbox 2430 2858 2492 2897; x_wconf 91' lang='lat' dir='ltr'>se</span> <span class='ocrx_word' id='word_1_401' title='bbox 2526 2846 2787 2909; x_wconf 73' lang='lat' dir='ltr'>invitent,</span> <span class='ocrx_word' id='word_1_402' title='bbox 2819 2851 2877 2898; x_wconf 92' lang='lat' dir='ltr'>et</span> <span class='ocrx_word' id='word_1_403' title='bbox 2906 2846 3175 2899; x_wconf 89' lang='lat' dir='ltr'>alliciant.</span> <span class='ocrx_word' id='word_1_404' title='bbox 3206 2845 3313 2898; x_wconf 90' lang='lat' dir='ltr'>Sed</span> <span class='ocrx_word' id='word_1_405' title='bbox 3347 2845 3500 2897; x_wconf 89' lang='lat' dir='ltr'>enim</span> <span class='ocrx_word' id='word_1_406' title='bbox 3524 2844 3714 2909; x_wconf 90' lang='lat' dir='ltr'>prima</span> <span class='ocrx_word' id='word_1_407' title='bbox 3735 2849 3793 2897; x_wconf 84' lang='lat' dir='ltr'>et</span> 
     </span>
    </p>
   </div>
   <div class='ocr_carea' id='block_1_29' title="bbox 493 2932 3794 3001">
    <p class='ocr_par' dir='ltr' id='par_1_29' title="bbox 493 2932 3794 3001">
     <span class='ocr_line' id='line_1_29' title="bbox 493 2932 3794 3001; baseline -0.001 -11"><span class='ocrx_word' id='word_1_408' title='bbox 493 2940 612 2990; x_wconf 88' lang='lat' dir='ltr'>tota</span> <span class='ocrx_word' id='word_1_409' title='bbox 634 2937 769 2989; x_wconf 91' lang='lat' dir='ltr'>hinc</span> <span class='ocrx_word' id='word_1_410' title='bbox 793 2935 926 2988; x_wconf 87' lang='lat' dir='ltr'>mali</span> <span class='ocrx_word' id='word_1_411' title='bbox 945 2936 1122 2995; x_wconf 87' lang='lat' dir='ltr'>labes,</span> <span class='ocrx_word' id='word_1_412' title='bbox 1146 2948 1218 2986; x_wconf 91' lang='lat' dir='ltr'>ex</span> <span class='ocrx_word' id='word_1_413' title='bbox 1243 2947 1357 2998; x_wconf 90' lang='lat' dir='ltr'>quo</span> <span class='ocrx_word' id='word_1_414' title='bbox 1382 2934 1511 2999; x_wconf 91' lang='lat' dir='ltr'>plus</span> <span class='ocrx_word' id='word_1_415' title='bbox 1529 2936 1719 2986; x_wconf 89' lang='lat' dir='ltr'>tamen</span> <span class='ocrx_word' id='word_1_416' title='bbox 1735 2932 1947 2997; x_wconf 88' lang='lat' dir='ltr'>aliquid</span> <span class='ocrx_word' id='word_1_417' title='bbox 1967 2934 2130 2998; x_wconf 90' lang='lat' dir='ltr'>pretii</span> <span class='ocrx_word' id='word_1_418' title='bbox 2155 2934 2267 2986; x_wconf 89' lang='lat' dir='ltr'>illis</span> <span class='ocrx_word' id='word_1_419' title='bbox 2296 2934 2691 2988; x_wconf 89' lang='lat' dir='ltr'>accedendum</span> <span class='ocrx_word' id='word_1_420' title='bbox 2710 2935 3026 2989; x_wconf 82' lang='lat' dir='ltr'>videbatur.</span> <span class='ocrx_word' id='word_1_421' title='bbox 3048 2939 3477 3001; x_wconf 82' lang='lat' dir='ltr'>Auctor,quum</span> <span class='ocrx_word' id='word_1_422' title='bbox 3500 2934 3794 2987; x_wconf 88' lang='lat' dir='ltr'>favorisin</span> 
     </span>
    </p>
   </div>
   <div class='ocr_carea' id='block_1_30' title="bbox 493 3022 3793 3091">
    <p class='ocr_par' dir='ltr' id='par_1_30' title="bbox 493 3022 3793 3091">
     <span class='ocr_line' id='line_1_30' title="bbox 493 3022 3793 3091; baseline -0.002 -12"><span class='ocrx_word' id='word_1_423' title='bbox 493 3027 814 3091; x_wconf 85' lang='lat' dir='ltr'>Origenem,</span> <span class='ocrx_word' id='word_1_424' title='bbox 838 3025 991 3090; x_wconf 90' lang='lat' dir='ltr'>quod</span> <span class='ocrx_word' id='word_1_425' title='bbox 1003 3024 1217 3075; x_wconf 87' lang='lat' dir='ltr'>nemini</span> <span class='ocrx_word' id='word_1_426' title='bbox 1243 3028 1596 3088; x_wconf 90' lang='lat' dir='ltr'>compertum</span> <span class='ocrx_word' id='word_1_427' title='bbox 1618 3036 1738 3075; x_wconf 91' lang='lat' dir='ltr'>non</span> <span class='ocrx_word' id='word_1_428' title='bbox 1753 3028 1856 3085; x_wconf 91' lang='lat' dir='ltr'>est,</span> <span class='ocrx_word' id='word_1_429' title='bbox 1878 3024 2206 3088; x_wconf 89' lang='lat' dir='ltr'>suspicione</span> <span class='ocrx_word' id='word_1_430' title='bbox 2222 3024 2525 3085; x_wconf 89' lang='lat' dir='ltr'>laboraret,</span> <span class='ocrx_word' id='word_1_431' title='bbox 2558 3026 2664 3076; x_wconf 89' lang='lat' dir='ltr'>abs</span> <span class='ocrx_word' id='word_1_432' title='bbox 2689 3025 3056 3090; x_wconf 82' lang='lat' dir='ltr'>Hieronymo,</span> <span class='ocrx_word' id='word_1_433' title='bbox 3085 3025 3175 3078; x_wconf 91' lang='lat' dir='ltr'>cui</span> <span class='ocrx_word' id='word_1_434' title='bbox 3195 3026 3329 3077; x_wconf 91' lang='lat' dir='ltr'>olim</span> <span class='ocrx_word' id='word_1_435' title='bbox 3354 3036 3583 3077; x_wconf 89' lang='lat' dir='ltr'>summa</span> <span class='ocrx_word' id='word_1_436' title='bbox 3597 3022 3793 3076; x_wconf 82' lang='lat' dir='ltr'>fuerat</span> 
     </span>
    </p>
   </div>
   <div class='ocr_carea' id='block_1_31' title="bbox 493 3110 3795 3179">
    <p class='ocr_par' dir='ltr' id='par_1_31' title="bbox 493 3110 3795 3179">
     <span class='ocr_line' id='line_1_31' title="bbox 493 3110 3795 3179; baseline -0.002 -11"><span class='ocrx_word' id='word_1_437' title='bbox 493 3115 761 3168; x_wconf 66' lang='lat' dir='ltr'>amicitias</span> <span class='ocrx_word' id='word_1_438' title='bbox 780 3114 1123 3166; x_wconf 67' lang='lat' dir='ltr'>necessitlte</span> <span class='ocrx_word' id='word_1_439' title='bbox 1139 3125 1244 3164; x_wconf 91' lang='lat' dir='ltr'>con</span> <span class='ocrx_word' id='word_1_440' title='bbox 1244 3114 1505 3177; x_wconf 87' lang='lat' dir='ltr'>junctus,</span> <span class='ocrx_word' id='word_1_441' title='bbox 1518 3113 1666 3165; x_wconf 90' lang='lat' dir='ltr'>bono</span> <span class='ocrx_word' id='word_1_442' title='bbox 1681 3112 1914 3176; x_wconf 88' lang='lat' dir='ltr'>quidem</span> <span class='ocrx_word' id='word_1_443' title='bbox 1937 3112 2089 3163; x_wconf 87' lang='lat' dir='ltr'>Fidei</span> <span class='ocrx_word' id='word_1_444' title='bbox 2106 3112 2353 3177; x_wconf 89' lang='lat' dir='ltr'>purioris</span> <span class='ocrx_word' id='word_1_445' title='bbox 2372 3112 2580 3176; x_wconf 79' lang='lat' dir='ltr'>studio,</span> <span class='ocrx_word' id='word_1_446' title='bbox 2598 3114 2803 3166; x_wconf 89' lang='lat' dir='ltr'>acriter</span> <span class='ocrx_word' id='word_1_447' title='bbox 2818 3118 3008 3166; x_wconf 86' lang='lat' dir='ltr'>tamen</span> <span class='ocrx_word' id='word_1_448' title='bbox 3019 3118 3270 3174; x_wconf 86' lang='lat' dir='ltr'>notatus,</span> <span class='ocrx_word' id='word_1_449' title='bbox 3287 3126 3528 3179; x_wconf 80' lang='lat' dir='ltr'>purgare</span> <span class='ocrx_word' id='word_1_450' title='bbox 3551 3132 3615 3173; x_wconf 85' lang='lat' dir='ltr'>se</span> <span class='ocrx_word' id='word_1_451' title='bbox 3636 3110 3795 3176; x_wconf 87' lang='lat' dir='ltr'>apud</span> 
     </span>
    </p>
   </div>
   <div class='ocr_carea' id='block_1_32' title="bbox 490 3200 3790 3269">
    <p class='ocr_par' dir='ltr' id='par_1_32' title="bbox 490 3200 3790 3269">
     <span class='ocr_line' id='line_1_32' title="bbox 490 3200 3790 3269; baseline 0.003 -14"><span class='ocrx_word' id='word_1_452' title='bbox 490 3216 636 3269; x_wconf 87' lang='lat' dir='ltr'>quos</span> <span class='ocrx_word' id='word_1_453' title='bbox 658 3203 809 3256; x_wconf 90' lang='lat' dir='ltr'>male</span> <span class='ocrx_word' id='word_1_454' title='bbox 824 3214 892 3255; x_wconf 91' lang='lat' dir='ltr'>ea</span> <span class='ocrx_word' id='word_1_455' title='bbox 914 3201 985 3254; x_wconf 88' lang='lat' dir='ltr'>de</span> <span class='ocrx_word' id='word_1_456' title='bbox 1009 3214 1216 3254; x_wconf 73' lang='lat' dir='ltr'>caussa</span> <span class='ocrx_word' id='word_1_457' title='bbox 1237 3201 1351 3254; x_wconf 90' lang='lat' dir='ltr'>aud</span> <span class='ocrx_word' id='word_1_458' title='bbox 1374 3206 1477 3265; x_wconf 83' lang='lat' dir='ltr'>ret,</span> <span class='ocrx_word' id='word_1_459' title='bbox 1509 3208 1568 3253; x_wconf 94' lang='lat' dir='ltr'>et</span> <span class='ocrx_word' id='word_1_460' title='bbox 1584 3214 1785 3253; x_wconf 89' lang='lat' dir='ltr'>secum</span> <span class='ocrx_word' id='word_1_461' title='bbox 1801 3200 1898 3254; x_wconf 91' lang='lat' dir='ltr'>illo</span> <span class='ocrx_word' id='word_1_462' title='bbox 1920 3201 1980 3253; x_wconf 91' lang='lat' dir='ltr'>in</span> <span class='ocrx_word' id='word_1_463' title='bbox 1996 3214 2228 3254; x_wconf 89' lang='lat' dir='ltr'>arenam</span> <span class='ocrx_word' id='word_1_464' title='bbox 2253 3202 2607 3255; x_wconf 88' lang='lat' dir='ltr'>descendere</span> <span class='ocrx_word' id='word_1_465' title='bbox 2624 3209 2858 3256; x_wconf 89' lang='lat' dir='ltr'>coactus</span> <span class='ocrx_word' id='word_1_466' title='bbox 2889 3208 2996 3257; x_wconf 89' lang='lat' dir='ltr'>est.</span> <span class='ocrx_word' id='word_1_467' title='bbox 3025 3206 3232 3269; x_wconf 89' lang='lat' dir='ltr'>Impar,</span> <span class='ocrx_word' id='word_1_468' title='bbox 3252 3211 3314 3259; x_wconf 90' lang='lat' dir='ltr'>ut</span> <span class='ocrx_word' id='word_1_469' title='bbox 3336 3207 3480 3259; x_wconf 87' lang='lat' dir='ltr'>nihil</span> <span class='ocrx_word' id='word_1_470' title='bbox 3505 3208 3790 3264; x_wconf 86' lang='lat' dir='ltr'>dissimu-</span> 
     </span>
    </p>
   </div>
   <div class='ocr_carea' id='block_1_33' title="bbox 494 3289 3796 3363">
    <p class='ocr_par' dir='ltr' id='par_1_33' title="bbox 494 3289 3796 3363">
     <span class='ocr_line' id='line_1_33' title="bbox 494 3289 3796 3363; baseline 0.002 -17"><span class='ocrx_word' id='word_1_471' title='bbox 494 3293 629 3359; x_wconf 89' lang='lat' dir='ltr'>lem,</span> <span class='ocrx_word' id='word_1_472' title='bbox 653 3304 999 3357; x_wconf 89' lang='lat' dir='ltr'>congressus</span> <span class='ocrx_word' id='word_1_473' title='bbox 1024 3291 1245 3343; x_wconf 84' lang='lat' dir='ltr'>Achilli.</span> <span class='ocrx_word' id='word_1_474' title='bbox 1272 3291 1381 3343; x_wconf 90' lang='lat' dir='ltr'>Sed</span> <span class='ocrx_word' id='word_1_475' title='bbox 1406 3295 1462 3343; x_wconf 90' lang='lat' dir='ltr'>et</span> <span class='ocrx_word' id='word_1_476' title='bbox 1483 3290 1734 3353; x_wconf 87' lang='lat' dir='ltr'>aliunde,</span> <span class='ocrx_word' id='word_1_477' title='bbox 1760 3295 1827 3343; x_wconf 92' lang='lat' dir='ltr'>ut</span> <span class='ocrx_word' id='word_1_478' title='bbox 1847 3304 1978 3344; x_wconf 88' lang='lat' dir='ltr'>vere</span> <span class='ocrx_word' id='word_1_479' title='bbox 2009 3289 2163 3354; x_wconf 89' lang='lat' dir='ltr'>quod</span> <span class='ocrx_word' id='word_1_480' title='bbox 2188 3303 2278 3343; x_wconf 90' lang='lat' dir='ltr'>res</span> <span class='ocrx_word' id='word_1_481' title='bbox 2303 3295 2391 3344; x_wconf 92' lang='lat' dir='ltr'>est</span> <span class='ocrx_word' id='word_1_482' title='bbox 2412 3292 2619 3350; x_wconf 89' lang='lat' dir='ltr'>dicam,</span> <span class='ocrx_word' id='word_1_483' title='bbox 2646 3306 2854 3345; x_wconf 81' lang='lat' dir='ltr'>caussa</span> <span class='ocrx_word' id='word_1_484' title='bbox 2876 3294 3115 3359; x_wconf 81' lang='lat' dir='ltr'>exstitit,</span> <span class='ocrx_word' id='word_1_485' title='bbox 3130 3308 3231 3347; x_wconf 89' lang='lat' dir='ltr'>cur</span> <span class='ocrx_word' id='word_1_486' title='bbox 3253 3296 3458 3349; x_wconf 89' lang='lat' dir='ltr'>Noster</span> <span class='ocrx_word' id='word_1_487' title='bbox 3470 3297 3668 3363; x_wconf 89' lang='lat' dir='ltr'>paullo</span> <span class='ocrx_word' id='word_1_488' title='bbox 3684 3300 3796 3352; x_wconf 92' lang='lat' dir='ltr'>ini-</span> 
     </span>
    </p>
   </div>
   <div class='ocr_carea' id='block_1_34' title="bbox 490 3380 3800 3451">
    <p class='ocr_par' dir='ltr' id='par_1_34' title="bbox 490 3380 3800 3451">
     <span class='ocr_line' id='line_1_34' title="bbox 490 3380 3800 3451; baseline 0.002 -17"><span class='ocrx_word' id='word_1_489' title='bbox 490 3382 688 3448; x_wconf 89' lang='lat' dir='ltr'>quiore</span> <span class='ocrx_word' id='word_1_490' title='bbox 715 3380 840 3433; x_wconf 87' lang='lat' dir='ltr'>loco</span> <span class='ocrx_word' id='word_1_491' title='bbox 868 3382 943 3433; x_wconf 91' lang='lat' dir='ltr'>sit</span> <span class='ocrx_word' id='word_1_492' title='bbox 970 3381 1220 3433; x_wconf 87' lang='lat' dir='ltr'>habitus.</span> <span class='ocrx_word' id='word_1_493' title='bbox 1242 3382 1457 3445; x_wconf 89' lang='lat' dir='ltr'>Nempe</span> <span class='ocrx_word' id='word_1_494' title='bbox 1481 3381 1561 3433; x_wconf 88' lang='lat' dir='ltr'>ita</span> <span class='ocrx_word' id='word_1_495' title='bbox 1584 3383 1982 3445; x_wconf 85' lang='lat' dir='ltr'>comparatum</span> <span class='ocrx_word' id='word_1_496' title='bbox 2013 3386 2103 3433; x_wconf 93' lang='lat' dir='ltr'>est</span> <span class='ocrx_word' id='word_1_497' title='bbox 2126 3392 2161 3432; x_wconf 89' lang='lat' dir='ltr'>a</span> <span class='ocrx_word' id='word_1_498' title='bbox 2185 3383 2395 3434; x_wconf 85' lang='lat' dir='ltr'>Natura</span> <span class='ocrx_word' id='word_1_499' title='bbox 2417 3383 2477 3434; x_wconf 92' lang='lat' dir='ltr'>in</span> <span class='ocrx_word' id='word_1_500' title='bbox 2502 3382 2824 3447; x_wconf 82' lang='lat' dir='ltr'>hominum,</span> <span class='ocrx_word' id='word_1_501' title='bbox 2847 3384 3261 3449; x_wconf 88' lang='lat' dir='ltr'>cujuscumque</span> <span class='ocrx_word' id='word_1_502' title='bbox 3288 3385 3402 3439; x_wconf 70' lang='lat' dir='ltr'>illm</span> <span class='ocrx_word' id='word_1_503' title='bbox 3425 3389 3658 3451; x_wconf 78' lang='lat' dir='ltr'>generis</span> <span class='ocrx_word' id='word_1_504' title='bbox 3680 3390 3800 3442; x_wconf 88' lang='lat' dir='ltr'>sint</span> 
     </span>
    </p>
   </div>
   <div class='ocr_carea' id='block_1_35' title="bbox 494 3470 3796 3540">
    <p class='ocr_par' dir='ltr' id='par_1_35' title="bbox 494 3470 3796 3540">
     <span class='ocr_line' id='line_1_35' title="bbox 494 3470 3796 3540; baseline 0.002 -15"><span class='ocrx_word' id='word_1_505' title='bbox 494 3471 999 3538; x_wconf 88' lang='lat' dir='ltr'>disputationibus,</span> <span class='ocrx_word' id='word_1_506' title='bbox 1015 3474 1081 3523; x_wconf 92' lang='lat' dir='ltr'>ut</span> <span class='ocrx_word' id='word_1_507' title='bbox 1097 3471 1196 3534; x_wconf 89' lang='lat' dir='ltr'>qui</span> <span class='ocrx_word' id='word_1_508' title='bbox 1211 3483 1415 3523; x_wconf 85' lang='lat' dir='ltr'>caussa</span> <span class='ocrx_word' id='word_1_509' title='bbox 1430 3470 1600 3532; x_wconf 91' lang='lat' dir='ltr'>cadit,</span> <span class='ocrx_word' id='word_1_510' title='bbox 1618 3471 1748 3535; x_wconf 90' lang='lat' dir='ltr'>ejus</span> <span class='ocrx_word' id='word_1_511' title='bbox 1765 3475 1823 3523; x_wconf 93' lang='lat' dir='ltr'>et</span> <span class='ocrx_word' id='word_1_512' title='bbox 1839 3470 2051 3536; x_wconf 88' lang='lat' dir='ltr'>ingenii</span> <span class='ocrx_word' id='word_1_513' title='bbox 2073 3471 2265 3536; x_wconf 71' lang='lat' dir='ltr'>fretus,</span> <span class='ocrx_word' id='word_1_514' title='bbox 2283 3476 2340 3524; x_wconf 91' lang='lat' dir='ltr'>et</span> <span class='ocrx_word' id='word_1_515' title='bbox 2354 3471 2555 3524; x_wconf 90' lang='lat' dir='ltr'>laudes</span> <span class='ocrx_word' id='word_1_516' title='bbox 2572 3472 2834 3524; x_wconf 91' lang='lat' dir='ltr'>nonnihil</span> <span class='ocrx_word' id='word_1_517' title='bbox 2852 3473 3174 3526; x_wconf 91' lang='lat' dir='ltr'>detrimenti</span> <span class='ocrx_word' id='word_1_518' title='bbox 3195 3475 3451 3540; x_wconf 89' lang='lat' dir='ltr'>accipere</span> <span class='ocrx_word' id='word_1_519' title='bbox 3468 3478 3796 3532; x_wconf 88' lang='lat' dir='ltr'>videantur.</span> 
     </span>
    </p>
   </div>
   <div class='ocr_carea' id='block_1_36' title="bbox 495 3560 3800 3630">
    <p class='ocr_par' dir='ltr' id='par_1_36' title="bbox 495 3560 3800 3630">
     <span class='ocr_line' id='line_1_36' title="bbox 495 3560 3800 3630; baseline 0.002 -15"><span class='ocrx_word' id='word_1_520' title='bbox 495 3563 660 3615; x_wconf 88' lang='lat' dir='ltr'>Hanc</span> <span class='ocrx_word' id='word_1_521' title='bbox 682 3574 800 3627; x_wconf 66' lang='lat' dir='ltr'>praa</span> <span class='ocrx_word' id='word_1_522' title='bbox 824 3561 1046 3613; x_wconf 70' lang='lat' dir='ltr'>caeteris</span> <span class='ocrx_word' id='word_1_523' title='bbox 1064 3562 1365 3626; x_wconf 89' lang='lat' dir='ltr'>Presbyter</span> <span class='ocrx_word' id='word_1_524' title='bbox 1388 3560 1778 3625; x_wconf 86' lang='lat' dir='ltr'>Aquilejensis</span> <span class='ocrx_word' id='word_1_525' title='bbox 1806 3560 2095 3613; x_wconf 84' lang='lat' dir='ltr'>fortunam</span> <span class='ocrx_word' id='word_1_526' title='bbox 2119 3562 2289 3615; x_wconf 90' lang='lat' dir='ltr'>subit.</span> <span class='ocrx_word' id='word_1_527' title='bbox 2319 3563 2458 3627; x_wconf 89' lang='lat' dir='ltr'>Ejus</span> <span class='ocrx_word' id='word_1_528' title='bbox 2489 3562 2846 3615; x_wconf 89' lang='lat' dir='ltr'>monimenta</span> <span class='ocrx_word' id='word_1_529' title='bbox 2867 3562 3080 3627; x_wconf 88' lang='lat' dir='ltr'>ingenii</span> <span class='ocrx_word' id='word_1_530' title='bbox 3104 3577 3218 3616; x_wconf 93' lang='lat' dir='ltr'>non</span> <span class='ocrx_word' id='word_1_531' title='bbox 3241 3566 3473 3630; x_wconf 89' lang='lat' dir='ltr'>perinde</span> <span class='ocrx_word' id='word_1_532' title='bbox 3497 3566 3800 3623; x_wconf 85' lang='lat' dir='ltr'>studiosos</span> 
     </span>
    </p>
   </div>
   <div class='ocr_carea' id='block_1_37' title="bbox 498 3650 3802 3718">
    <p class='ocr_par' dir='ltr' id='par_1_37' title="bbox 498 3650 3802 3718">
     <span class='ocr_line' id='line_1_37' title="bbox 498 3650 3802 3718; baseline 0.002 -13"><span class='ocrx_word' id='word_1_533' title='bbox 498 3652 813 3706; x_wconf 91' lang='lat' dir='ltr'>olimnacta</span> <span class='ocrx_word' id='word_1_534' title='bbox 834 3655 986 3714; x_wconf 91' lang='lat' dir='ltr'>sunt,</span> <span class='ocrx_word' id='word_1_535' title='bbox 1016 3664 1083 3703; x_wconf 89' lang='lat' dir='ltr'>ac</span> <span class='ocrx_word' id='word_1_536' title='bbox 1107 3650 1353 3703; x_wconf 87' lang='lat' dir='ltr'>fuissent</span> <span class='ocrx_word' id='word_1_537' title='bbox 1373 3650 1443 3702; x_wconf 91' lang='lat' dir='ltr'>de</span> <span class='ocrx_word' id='word_1_538' title='bbox 1466 3651 1537 3701; x_wconf 90' lang='lat' dir='ltr'>iis</span> <span class='ocrx_word' id='word_1_539' title='bbox 1562 3653 1780 3701; x_wconf 79' lang='lat' dir='ltr'>merita.</span> <span class='ocrx_word' id='word_1_540' title='bbox 1804 3650 2072 3713; x_wconf 89' lang='lat' dir='ltr'>Sequiore</span> <span class='ocrx_word' id='word_1_541' title='bbox 2094 3664 2220 3704; x_wconf 68' lang='lat' dir='ltr'>aevo</span> <span class='ocrx_word' id='word_1_542' title='bbox 2234 3664 2364 3716; x_wconf 69' lang='lat' dir='ltr'>qum</span> <span class='ocrx_word' id='word_1_543' title='bbox 2386 3652 2447 3703; x_wconf 89' lang='lat' dir='ltr'>in</span> <span class='ocrx_word' id='word_1_544' title='bbox 2471 3652 2589 3703; x_wconf 89' lang='lat' dir='ltr'>dies</span> <span class='ocrx_word' id='word_1_545' title='bbox 2614 3653 2816 3717; x_wconf 89' lang='lat' dir='ltr'>magis,</span> <span class='ocrx_word' id='word_1_546' title='bbox 2844 3654 3038 3718; x_wconf 90' lang='lat' dir='ltr'>etjure</span> <span class='ocrx_word' id='word_1_547' title='bbox 3055 3654 3308 3718; x_wconf 89' lang='lat' dir='ltr'>quidem,</span> <span class='ocrx_word' id='word_1_548' title='bbox 3325 3656 3570 3709; x_wconf 88' lang='lat' dir='ltr'>invaluit</span> <span class='ocrx_word' id='word_1_549' title='bbox 3592 3658 3802 3713; x_wconf 89' lang='lat' dir='ltr'>Hiero-</span> 
     </span>
    </p>
   </div>
   <div class='ocr_carea' id='block_1_38' title="bbox 497 3738 3801 3807">
    <p class='ocr_par' dir='ltr' id='par_1_38' title="bbox 497 3738 3801 3807">
     <span class='ocr_line' id='line_1_38' title="bbox 497 3738 3801 3807; baseline 0.002 -13"><span class='ocrx_word' id='word_1_550' title='bbox 497 3741 753 3807; x_wconf 85' lang='lat' dir='ltr'>nymiani</span> <span class='ocrx_word' id='word_1_551' title='bbox 774 3740 1024 3794; x_wconf 89' lang='lat' dir='ltr'>nominis</span> <span class='ocrx_word' id='word_1_552' title='bbox 1050 3740 1231 3804; x_wconf 88' lang='lat' dir='ltr'>gloria</span> <span class='ocrx_word' id='word_1_553' title='bbox 1253 3740 1537 3805; x_wconf 88' lang='lat' dir='ltr'>quasdam</span> <span class='ocrx_word' id='word_1_554' title='bbox 1556 3738 1670 3790; x_wconf 91' lang='lat' dir='ltr'>illis</span> <span class='ocrx_word' id='word_1_555' title='bbox 1699 3739 1864 3802; x_wconf 89' lang='lat' dir='ltr'>quasi</span> <span class='ocrx_word' id='word_1_556' title='bbox 1888 3740 2149 3792; x_wconf 88' lang='lat' dir='ltr'>tenebras</span> <span class='ocrx_word' id='word_1_557' title='bbox 2164 3741 2385 3793; x_wconf 80' lang='lat' dir='ltr'>offudit.</span> <span class='ocrx_word' id='word_1_558' title='bbox 2411 3743 2603 3794; x_wconf 90' lang='lat' dir='ltr'>Unum</span> <span class='ocrx_word' id='word_1_559' title='bbox 2628 3741 2737 3794; x_wconf 91' lang='lat' dir='ltr'>hoc</span> <span class='ocrx_word' id='word_1_560' title='bbox 2768 3742 3002 3807; x_wconf 89' lang='lat' dir='ltr'>scilicet,</span> <span class='ocrx_word' id='word_1_561' title='bbox 3026 3743 3179 3807; x_wconf 90' lang='lat' dir='ltr'>quod</span> <span class='ocrx_word' id='word_1_562' title='bbox 3200 3745 3273 3797; x_wconf 91' lang='lat' dir='ltr'>ab</span> <span class='ocrx_word' id='word_1_563' title='bbox 3305 3745 3529 3801; x_wconf 89' lang='lat' dir='ltr'>infenso</span> <span class='ocrx_word' id='word_1_564' title='bbox 3558 3746 3621 3799; x_wconf 91' lang='lat' dir='ltr'>in</span> <span class='ocrx_word' id='word_1_565' title='bbox 3657 3750 3801 3802; x_wconf 90' lang='lat' dir='ltr'>San-</span> 
     </span>
    </p>
   </div>
   <div class='ocr_carea' id='block_1_39' title="bbox 494 3827 3797 3901">
    <p class='ocr_par' dir='ltr' id='par_1_39' title="bbox 494 3827 3797 3901">
     <span class='ocr_line' id='line_1_39' title="bbox 494 3827 3797 3901; baseline 0.002 -17"><span class='ocrx_word' id='word_1_566' title='bbox 494 3831 816 3885; x_wconf 88' lang='lat' dir='ltr'>ctissimum</span> <span class='ocrx_word' id='word_1_567' title='bbox 846 3832 1144 3883; x_wconf 90' lang='lat' dir='ltr'>Doctorem</span> <span class='ocrx_word' id='word_1_568' title='bbox 1159 3834 1396 3895; x_wconf 89' lang='lat' dir='ltr'>parente</span> <span class='ocrx_word' id='word_1_569' title='bbox 1420 3827 1598 3883; x_wconf 90' lang='lat' dir='ltr'>videri</span> <span class='ocrx_word' id='word_1_570' title='bbox 1616 3831 1882 3893; x_wconf 88' lang='lat' dir='ltr'>poterant</span> <span class='ocrx_word' id='word_1_571' title='bbox 1908 3827 2262 3892; x_wconf 63' lang='lat' dir='ltr'>elucubrati,</span> <span class='ocrx_word' id='word_1_572' title='bbox 2291 3830 2432 3883; x_wconf 87' lang='lat' dir='ltr'>satis</span> <span class='ocrx_word' id='word_1_573' title='bbox 2448 3844 2675 3885; x_wconf 60' lang='lat' dir='ltr'>caussa</span> <span class='ocrx_word' id='word_1_574' title='bbox 2695 3838 2834 3896; x_wconf 87' lang='lat' dir='ltr'>erat,</span> <span class='ocrx_word' id='word_1_575' title='bbox 2860 3838 2925 3885; x_wconf 93' lang='lat' dir='ltr'>ut</span> <span class='ocrx_word' id='word_1_576' title='bbox 2942 3832 3110 3886; x_wconf 90' lang='lat' dir='ltr'>avide</span> <span class='ocrx_word' id='word_1_577' title='bbox 3129 3833 3322 3887; x_wconf 88' lang='lat' dir='ltr'>minus</span> <span class='ocrx_word' id='word_1_578' title='bbox 3334 3836 3797 3901; x_wconf 86' lang='lat' dir='ltr'>exquirerentur.</span> 
     </span>
    </p>
   </div>
   <div class='ocr_carea' id='block_1_40' title="bbox 559 3970 3801 4047">
    <p class='ocr_par' dir='ltr' id='par_1_40' title="bbox 559 3970 3801 4047">
     <span class='ocr_line' id='line_1_40' title="bbox 559 3970 3801 4047; baseline 0.002 -22"><span class='ocrx_word' id='word_1_579' title='bbox 559 3974 707 4026; x_wconf 82' lang='lat' dir='ltr'>Hinc</span> <span class='ocrx_word' id='word_1_580' title='bbox 730 3973 949 4026; x_wconf 90' lang='lat' dir='ltr'>sensim</span> <span class='ocrx_word' id='word_1_581' title='bbox 979 3972 1153 4025; x_wconf 86' lang='lat' dir='ltr'>ferme</span> <span class='ocrx_word' id='word_1_582' title='bbox 1169 3971 1524 4024; x_wconf 89' lang='lat' dir='ltr'>obsolescere</span> <span class='ocrx_word' id='word_1_583' title='bbox 1542 3970 1751 4024; x_wconf 84' lang='lat' dir='ltr'>eximia</span> <span class='ocrx_word' id='word_1_584' title='bbox 1775 3970 2158 4037; x_wconf 85' lang='lat' dir='ltr'>Aquilejensis</span> <span class='ocrx_word' id='word_1_585' title='bbox 2178 3974 2500 4040; x_wconf 84' lang='lat' dir='ltr'>Presbyteri</span> <span class='ocrx_word' id='word_1_586' title='bbox 2525 3975 2754 4041; x_wconf 89' lang='lat' dir='ltr'>scripta,</span> <span class='ocrx_word' id='word_1_587' title='bbox 2782 3974 2963 4039; x_wconf 89' lang='lat' dir='ltr'>deque</span> <span class='ocrx_word' id='word_1_588' title='bbox 2992 3976 3264 4029; x_wconf 90' lang='lat' dir='ltr'>manibus</span> <span class='ocrx_word' id='word_1_589' title='bbox 3286 3977 3566 4031; x_wconf 91' lang='lat' dir='ltr'>lectorum</span> <span class='ocrx_word' id='word_1_590' title='bbox 3589 3993 3801 4047; x_wconf 90' lang='lat' dir='ltr'>prope-</span> 
     </span>
    </p>
   </div>
   <div class='ocr_carea' id='block_1_41' title="bbox 498 4062 3803 4135">
    <p class='ocr_par' dir='ltr' id='par_1_41' title="bbox 498 4062 3803 4135">
     <span class='ocr_line' id='line_1_41' title="bbox 498 4062 3803 4135; baseline 0.002 -18"><span class='ocrx_word' id='word_1_591' title='bbox 498 4064 734 4118; x_wconf 91' lang='lat' dir='ltr'>modum</span> <span class='ocrx_word' id='word_1_592' title='bbox 749 4063 943 4116; x_wconf 85' lang='lat' dir='ltr'>excuti</span> <span class='ocrx_word' id='word_1_593' title='bbox 961 4075 1119 4127; x_wconf 68' lang='lat' dir='ltr'>:qum</span> <span class='ocrx_word' id='word_1_594' title='bbox 1132 4076 1205 4115; x_wconf 91' lang='lat' dir='ltr'>ne</span> <span class='ocrx_word' id='word_1_595' title='bbox 1220 4062 1625 4116; x_wconf 90' lang='lat' dir='ltr'>interciderent</span> <span class='ocrx_word' id='word_1_596' title='bbox 1645 4066 1857 4122; x_wconf 88' lang='lat' dir='ltr'>tamen,</span> <span class='ocrx_word' id='word_1_597' title='bbox 1876 4074 2074 4114; x_wconf 90' lang='lat' dir='ltr'>eorum</span> <span class='ocrx_word' id='word_1_598' title='bbox 2091 4062 2285 4115; x_wconf 89' lang='lat' dir='ltr'>relicta</span> <span class='ocrx_word' id='word_1_599' title='bbox 2297 4068 2433 4116; x_wconf 92' lang='lat' dir='ltr'>sunt</span> <span class='ocrx_word' id='word_1_600' title='bbox 2448 4078 2621 4127; x_wconf 67' lang='lat' dir='ltr'>curse,</span> <span class='ocrx_word' id='word_1_601' title='bbox 2637 4066 2736 4130; x_wconf 86' lang='lat' dir='ltr'>qui</span> <span class='ocrx_word' id='word_1_602' title='bbox 2755 4066 3064 4118; x_wconf 68' lang='lat' dir='ltr'>Librariam</span> <span class='ocrx_word' id='word_1_603' title='bbox 3079 4072 3262 4120; x_wconf 90' lang='lat' dir='ltr'>artem</span> <span class='ocrx_word' id='word_1_604' title='bbox 3275 4069 3715 4135; x_wconf 84' lang='lat' dir='ltr'>profitebantur,</span> <span class='ocrx_word' id='word_1_605' title='bbox 3744 4077 3803 4125; x_wconf 90' lang='lat' dir='ltr'>et</span> 
     </span>
    </p>
   </div>
   <div class='ocr_carea' id='block_1_42' title="bbox 497 4150 3801 4220">
    <p class='ocr_par' dir='ltr' id='par_1_42' title="bbox 497 4150 3801 4220">
     <span class='ocr_line' id='line_1_42' title="bbox 497 4150 3801 4220; baseline 0.002 -13"><span class='ocrx_word' id='word_1_606' title='bbox 497 4152 876 4207; x_wconf 88' lang='lat' dir='ltr'>Bibliothecas</span> <span class='ocrx_word' id='word_1_607' title='bbox 897 4153 1277 4205; x_wconf 88' lang='lat' dir='ltr'>instruebant.</span> <span class='ocrx_word' id='word_1_608' title='bbox 1302 4153 1376 4203; x_wconf 89' lang='lat' dir='ltr'>Hi</span> <span class='ocrx_word' id='word_1_609' title='bbox 1397 4157 1592 4204; x_wconf 84' lang='lat' dir='ltr'>autem</span> <span class='ocrx_word' id='word_1_610' title='bbox 1614 4163 1766 4204; x_wconf 90' lang='lat' dir='ltr'>novo</span> <span class='ocrx_word' id='word_1_611' title='bbox 1788 4150 1883 4202; x_wconf 89' lang='lat' dir='ltr'>illa</span> <span class='ocrx_word' id='word_1_612' title='bbox 1896 4150 2283 4218; x_wconf 89' lang='lat' dir='ltr'>incommodo,</span> <span class='ocrx_word' id='word_1_613' title='bbox 2299 4166 2371 4205; x_wconf 91' lang='lat' dir='ltr'>ne</span> <span class='ocrx_word' id='word_1_614' title='bbox 2392 4154 2528 4218; x_wconf 88' lang='lat' dir='ltr'>quid</span> <span class='ocrx_word' id='word_1_615' title='bbox 2543 4154 2717 4207; x_wconf 88' lang='lat' dir='ltr'>lucris</span> <span class='ocrx_word' id='word_1_616' title='bbox 2736 4156 2859 4208; x_wconf 91' lang='lat' dir='ltr'>suis</span> <span class='ocrx_word' id='word_1_617' title='bbox 2879 4156 3195 4220; x_wconf 89' lang='lat' dir='ltr'>decederet,</span> <span class='ocrx_word' id='word_1_618' title='bbox 3223 4159 3613 4212; x_wconf 91' lang='lat' dir='ltr'>cumularunt.</span> <span class='ocrx_word' id='word_1_619' title='bbox 3649 4163 3801 4214; x_wconf 88' lang='lat' dir='ltr'>Nam</span> 
     </span>
    </p>
   </div>
   <div class='ocr_carea' id='block_1_43' title="bbox 494 4241 3807 4315">
    <p class='ocr_par' dir='ltr' id='par_1_43' title="bbox 494 4241 3807 4315">
     <span class='ocr_line' id='line_1_43' title="bbox 494 4241 3807 4315; baseline 0.002 -18"><span class='ocrx_word' id='word_1_620' title='bbox 494 4256 628 4310; x_wconf 71' lang='lat' dir='ltr'>quae</span> <span class='ocrx_word' id='word_1_621' title='bbox 649 4242 791 4295; x_wconf 91' lang='lat' dir='ltr'>nulli</span> <span class='ocrx_word' id='word_1_622' title='bbox 806 4241 1037 4306; x_wconf 90' lang='lat' dir='ltr'>quidem</span> <span class='ocrx_word' id='word_1_623' title='bbox 1055 4254 1318 4295; x_wconf 66' lang='lat' dir='ltr'>censuras</span> <span class='ocrx_word' id='word_1_624' title='bbox 1334 4242 1581 4294; x_wconf 88' lang='lat' dir='ltr'>obnoxia</span> <span class='ocrx_word' id='word_1_625' title='bbox 1607 4242 1967 4303; x_wconf 90' lang='lat' dir='ltr'>videbantur,</span> <span class='ocrx_word' id='word_1_626' title='bbox 1983 4241 2255 4294; x_wconf 90' lang='lat' dir='ltr'>nimirum</span> <span class='ocrx_word' id='word_1_627' title='bbox 2270 4256 2458 4308; x_wconf 91' lang='lat' dir='ltr'>neque</span> <span class='ocrx_word' id='word_1_628' title='bbox 2472 4244 2830 4309; x_wconf 88' lang='lat' dir='ltr'>Origenianis</span> <span class='ocrx_word' id='word_1_629' title='bbox 2848 4245 3216 4310; x_wconf 88' lang='lat' dir='ltr'>dogmatibus</span> <span class='ocrx_word' id='word_1_630' title='bbox 3234 4247 3443 4310; x_wconf 89' lang='lat' dir='ltr'>favere,</span> <span class='ocrx_word' id='word_1_631' title='bbox 3456 4262 3647 4315; x_wconf 90' lang='lat' dir='ltr'>neque</span> <span class='ocrx_word' id='word_1_632' title='bbox 3666 4253 3807 4306; x_wconf 86' lang='lat' dir='ltr'>Hie-</span> 
     </span>
    </p>
   </div>
   <div class='ocr_carea' id='block_1_44' title="bbox 496 4330 3807 4402">
    <p class='ocr_par' dir='ltr' id='par_1_44' title="bbox 496 4330 3807 4402">
     <span class='ocr_line' id='line_1_44' title="bbox 496 4330 3807 4402; baseline 0.002 -15"><span class='ocrx_word' id='word_1_633' title='bbox 496 4332 849 4398; x_wconf 86' lang='lat' dir='ltr'>ronymianis</span> <span class='ocrx_word' id='word_1_634' title='bbox 870 4331 1167 4395; x_wconf 85' lang='lat' dir='ltr'>institutis,</span> <span class='ocrx_word' id='word_1_635' title='bbox 1192 4335 1251 4383; x_wconf 91' lang='lat' dir='ltr'>et</span> <span class='ocrx_word' id='word_1_636' title='bbox 1275 4331 1471 4395; x_wconf 69' lang='lat' dir='ltr'>gloriae</span> <span class='ocrx_word' id='word_1_637' title='bbox 1498 4330 1725 4396; x_wconf 90' lang='lat' dir='ltr'>opponi,</span> <span class='ocrx_word' id='word_1_638' title='bbox 1750 4334 2026 4394; x_wconf 92' lang='lat' dir='ltr'>erantque</span> <span class='ocrx_word' id='word_1_639' title='bbox 2051 4331 2161 4383; x_wconf 89' lang='lat' dir='ltr'>alia</span> <span class='ocrx_word' id='word_1_640' title='bbox 2181 4346 2251 4384; x_wconf 93' lang='lat' dir='ltr'>ex</span> <span class='ocrx_word' id='word_1_641' title='bbox 2269 4337 2444 4398; x_wconf 91' lang='lat' dir='ltr'>parte,</span> <span class='ocrx_word' id='word_1_642' title='bbox 2468 4339 2534 4386; x_wconf 90' lang='lat' dir='ltr'>ut</span> <span class='ocrx_word' id='word_1_643' title='bbox 2548 4336 2716 4387; x_wconf 90' lang='lat' dir='ltr'>avide</span> <span class='ocrx_word' id='word_1_644' title='bbox 2732 4334 3071 4400; x_wconf 81' lang='lat' dir='ltr'>legerentur,</span> <span class='ocrx_word' id='word_1_645' title='bbox 3089 4342 3261 4402; x_wconf 89' lang='lat' dir='ltr'>atque</span> <span class='ocrx_word' id='word_1_646' title='bbox 3278 4343 3554 4392; x_wconf 67' lang='lat' dir='ltr'>aeternum</span> <span class='ocrx_word' id='word_1_647' title='bbox 3569 4342 3807 4396; x_wconf 89' lang='lat' dir='ltr'>obtine-</span> 
     </span>
    </p>
   </div>
   <div class='ocr_carea' id='block_1_45' title="bbox 497 4420 3800 4496">
    <p class='ocr_par' dir='ltr' id='par_1_45' title="bbox 497 4420 3800 4496">
     <span class='ocr_line' id='line_1_45' title="bbox 497 4420 3800 4496; baseline 0.002 -20"><span class='ocrx_word' id='word_1_648' title='bbox 497 4428 644 4485; x_wconf 89' lang='lat' dir='ltr'>rent,</span> <span class='ocrx_word' id='word_1_649' title='bbox 668 4423 839 4486; x_wconf 83' lang='lat' dir='ltr'>longe</span> <span class='ocrx_word' id='word_1_650' title='bbox 853 4420 1206 4486; x_wconf 88' lang='lat' dir='ltr'>dignissima,</span> <span class='ocrx_word' id='word_1_651' title='bbox 1232 4420 1305 4472; x_wconf 90' lang='lat' dir='ltr'>ad</span> <span class='ocrx_word' id='word_1_652' title='bbox 1326 4420 1723 4473; x_wconf 89' lang='lat' dir='ltr'>declinandam</span> <span class='ocrx_word' id='word_1_653' title='bbox 1752 4420 1949 4472; x_wconf 85' lang='lat' dir='ltr'>nescio</span> <span class='ocrx_word' id='word_1_654' title='bbox 1974 4433 2150 4485; x_wconf 90' lang='lat' dir='ltr'>quam</span> <span class='ocrx_word' id='word_1_655' title='bbox 2176 4421 2454 4475; x_wconf 83' lang='lat' dir='ltr'>Ruﬂniani</span> <span class='ocrx_word' id='word_1_656' title='bbox 2472 4423 2725 4475; x_wconf 90' lang='lat' dir='ltr'>nominis</span> <span class='ocrx_word' id='word_1_657' title='bbox 2743 4428 2938 4476; x_wconf 90' lang='lat' dir='ltr'>notam</span> <span class='ocrx_word' id='word_1_658' title='bbox 2955 4425 3109 4491; x_wconf 89' lang='lat' dir='ltr'>apud</span> <span class='ocrx_word' id='word_1_659' title='bbox 3142 4425 3533 4480; x_wconf 88' lang='lat' dir='ltr'>studiosorum</span> <span class='ocrx_word' id='word_1_660' title='bbox 3552 4430 3800 4496; x_wconf 85' lang='lat' dir='ltr'>vulgus,</span> 
     </span>
    </p>
   </div>
   <div class='ocr_carea' id='block_1_46' title="bbox 499 4509 3807 4588">
    <p class='ocr_par' dir='ltr' id='par_1_46' title="bbox 499 4509 3807 4588">
     <span class='ocr_line' id='line_1_46' title="bbox 499 4509 3807 4588; baseline 0.002 -23"><span class='ocrx_word' id='word_1_661' title='bbox 499 4513 624 4566; x_wconf 88' lang='lat' dir='ltr'>aliis</span> <span class='ocrx_word' id='word_1_662' title='bbox 647 4513 978 4565; x_wconf 91' lang='lat' dir='ltr'>nominibus</span> <span class='ocrx_word' id='word_1_663' title='bbox 1001 4512 1434 4576; x_wconf 87' lang='lat' dir='ltr'>inscripserunt.</span> <span class='ocrx_word' id='word_1_664' title='bbox 1464 4513 1533 4562; x_wconf 88' lang='lat' dir='ltr'>Et</span> <span class='ocrx_word' id='word_1_665' title='bbox 1554 4509 1722 4576; x_wconf 90' lang='lat' dir='ltr'>primi</span> <span class='ocrx_word' id='word_1_666' title='bbox 1742 4509 1972 4574; x_wconf 88' lang='lat' dir='ltr'>quidem</span> <span class='ocrx_word' id='word_1_667' title='bbox 1995 4511 2253 4563; x_wconf 90' lang='lat' dir='ltr'>subsellii</span> <span class='ocrx_word' id='word_1_668' title='bbox 2268 4514 2636 4579; x_wconf 80' lang='lat' dir='ltr'>Auctoribus,</span> <span class='ocrx_word' id='word_1_669' title='bbox 2656 4516 2935 4580; x_wconf 83' lang='lat' dir='ltr'>Cypriano</span> <span class='ocrx_word' id='word_1_670' title='bbox 2953 4521 3088 4580; x_wconf 77' lang='lat' dir='ltr'>puta</span> <span class='ocrx_word' id='word_1_671' title='bbox 3105 4520 3162 4569; x_wconf 90' lang='lat' dir='ltr'>et</span> <span class='ocrx_word' id='word_1_672' title='bbox 3179 4518 3521 4583; x_wconf 80' lang='lat' dir='ltr'>Augustino,</span> <span class='ocrx_word' id='word_1_673' title='bbox 3535 4519 3807 4588; x_wconf 88' lang='lat' dir='ltr'>quinipsi</span> 
     </span>
    </p>
   </div>
   <div class='ocr_carea' id='block_1_47' title="bbox 499 4599 3798 4676">
    <p class='ocr_par' dir='ltr' id='par_1_47' title="bbox 499 4599 3798 4676">
     <span class='ocr_line' id='line_1_47' title="bbox 499 4599 3798 4676; baseline 0.002 -19"><span class='ocrx_word' id='word_1_674' title='bbox 499 4604 671 4657; x_wconf 89' lang='lat' dir='ltr'>etiam</span> <span class='ocrx_word' id='word_1_675' title='bbox 695 4604 1049 4668; x_wconf 84' lang='lat' dir='ltr'>Hieronymo,</span> <span class='ocrx_word' id='word_1_676' title='bbox 1082 4603 1130 4653; x_wconf 92' lang='lat' dir='ltr'>si</span> <span class='ocrx_word' id='word_1_677' title='bbox 1155 4600 1383 4666; x_wconf 91' lang='lat' dir='ltr'>Superis</span> <span class='ocrx_word' id='word_1_678' title='bbox 1407 4600 1609 4665; x_wconf 87' lang='lat' dir='ltr'>placet,</span> <span class='ocrx_word' id='word_1_679' title='bbox 1634 4599 2052 4651; x_wconf 91' lang='lat' dir='ltr'>adtribuerunt.</span> <span class='ocrx_word' id='word_1_680' title='bbox 2082 4601 2317 4654; x_wconf 87' lang='lat' dir='ltr'>Factum</span> <span class='ocrx_word' id='word_1_681' title='bbox 2346 4604 2601 4668; x_wconf 89' lang='lat' dir='ltr'>proinde,</span> <span class='ocrx_word' id='word_1_682' title='bbox 2627 4610 2692 4657; x_wconf 91' lang='lat' dir='ltr'>ut</span> <span class='ocrx_word' id='word_1_683' title='bbox 2720 4618 2901 4669; x_wconf 88' lang='lat' dir='ltr'>quum</span> <span class='ocrx_word' id='word_1_684' title='bbox 2938 4604 3049 4659; x_wconf 91' lang='lat' dir='ltr'>alia</span> <span class='ocrx_word' id='word_1_685' title='bbox 3078 4606 3253 4660; x_wconf 85' lang='lat' dir='ltr'>ferme</span> <span class='ocrx_word' id='word_1_686' title='bbox 3279 4608 3454 4660; x_wconf 90' lang='lat' dir='ltr'>situm</span> <span class='ocrx_word' id='word_1_687' title='bbox 3484 4608 3798 4676; x_wconf 90' lang='lat' dir='ltr'>ducerent,</span> 
     </span>
    </p>
   </div>
   <div class='ocr_carea' id='block_1_48' title="bbox 500 4690 3805 4765">
    <p class='ocr_par' dir='ltr' id='par_1_48' title="bbox 500 4690 3805 4765">
     <span class='ocr_line' id='line_1_48' title="bbox 500 4690 3805 4765; baseline 0.002 -19"><span class='ocrx_word' id='word_1_688' title='bbox 500 4693 610 4746; x_wconf 89' lang='lat' dir='ltr'>alia</span> <span class='ocrx_word' id='word_1_689' title='bbox 630 4705 748 4746; x_wconf 90' lang='lat' dir='ltr'>non</span> <span class='ocrx_word' id='word_1_690' title='bbox 772 4691 982 4757; x_wconf 85' lang='lat' dir='ltr'>Rufini,</span> <span class='ocrx_word' id='word_1_691' title='bbox 1008 4691 1110 4745; x_wconf 90' lang='lat' dir='ltr'>sed</span> <span class='ocrx_word' id='word_1_692' title='bbox 1125 4703 1372 4755; x_wconf 90' lang='lat' dir='ltr'>quorum</span> <span class='ocrx_word' id='word_1_693' title='bbox 1387 4690 1619 4743; x_wconf 89' lang='lat' dir='ltr'>nomina</span> <span class='ocrx_word' id='word_1_694' title='bbox 1635 4690 2031 4755; x_wconf 67' lang='lat' dir='ltr'>praeferebant,</span> <span class='ocrx_word' id='word_1_695' title='bbox 2059 4693 2274 4754; x_wconf 90' lang='lat' dir='ltr'>passim</span> <span class='ocrx_word' id='word_1_696' title='bbox 2286 4693 2670 4746; x_wconf 87' lang='lat' dir='ltr'>crederentur.</span> <span class='ocrx_word' id='word_1_697' title='bbox 2697 4695 2878 4746; x_wconf 80' lang='lat' dir='ltr'>Etiam</span> <span class='ocrx_word' id='word_1_698' title='bbox 2894 4697 2966 4746; x_wconf 88' lang='lat' dir='ltr'>ab</span> <span class='ocrx_word' id='word_1_699' title='bbox 2982 4695 3217 4748; x_wconf 89' lang='lat' dir='ltr'>inventa</span> <span class='ocrx_word' id='word_1_700' title='bbox 3229 4702 3349 4749; x_wconf 88' lang='lat' dir='ltr'>arte</span> <span class='ocrx_word' id='word_1_701' title='bbox 3364 4698 3805 4765; x_wconf 86' lang='lat' dir='ltr'>Typographica</span> 
     </span>
    </p>
   </div>
   <div class='ocr_carea' id='block_1_49' title="bbox 500 4780 3804 4849">
    <p class='ocr_par' dir='ltr' id='par_1_49' title="bbox 500 4780 3804 4849">
     <span class='ocr_line' id='line_1_49' title="bbox 500 4780 3804 4849; baseline 0.002 -13"><span class='ocrx_word' id='word_1_702' title='bbox 500 4784 576 4837; x_wconf 88' lang='lat' dir='ltr'>ad</span> <span class='ocrx_word' id='word_1_703' title='bbox 591 4784 717 4836; x_wconf 64' lang='lat' dir='ltr'>hinc</span> <span class='ocrx_word' id='word_1_704' title='bbox 739 4796 922 4848; x_wconf 91' lang='lat' dir='ltr'>usque</span> <span class='ocrx_word' id='word_1_705' title='bbox 944 4787 1223 4847; x_wconf 90' lang='lat' dir='ltr'>tempora,</span> <span class='ocrx_word' id='word_1_706' title='bbox 1246 4786 1313 4833; x_wconf 90' lang='lat' dir='ltr'>ut</span> <span class='ocrx_word' id='word_1_707' title='bbox 1335 4781 1547 4833; x_wconf 86' lang='lat' dir='ltr'>fuerint</span> <span class='ocrx_word' id='word_1_708' title='bbox 1570 4780 1839 4847; x_wconf 86' lang='lat' dir='ltr'>pleraque</span> <span class='ocrx_word' id='word_1_709' title='bbox 1863 4781 2062 4834; x_wconf 90' lang='lat' dir='ltr'>omnia</span> <span class='ocrx_word' id='word_1_710' title='bbox 2084 4783 2327 4847; x_wconf 89' lang='lat' dir='ltr'>sparsim</span> <span class='ocrx_word' id='word_1_711' title='bbox 2353 4784 2641 4848; x_wconf 85' lang='lat' dir='ltr'>variisque</span> <span class='ocrx_word' id='word_1_712' title='bbox 2660 4784 2720 4835; x_wconf 92' lang='lat' dir='ltr'>in</span> <span class='ocrx_word' id='word_1_713' title='bbox 2735 4783 2915 4847; x_wconf 90' lang='lat' dir='ltr'>libris,</span> <span class='ocrx_word' id='word_1_714' title='bbox 2940 4789 3113 4849; x_wconf 88' lang='lat' dir='ltr'>atque</span> <span class='ocrx_word' id='word_1_715' title='bbox 3139 4784 3266 4837; x_wconf 89' lang='lat' dir='ltr'>aliis</span> <span class='ocrx_word' id='word_1_716' title='bbox 3279 4786 3588 4840; x_wconf 90' lang='lat' dir='ltr'>identidem</span> <span class='ocrx_word' id='word_1_717' title='bbox 3613 4789 3804 4843; x_wconf 84' lang='lat' dir='ltr'>titulis</span> 
     </span>
    </p>
   </div>
   <div class='ocr_carea' id='block_1_50' title="bbox 472 4870 3805 4941">
    <p class='ocr_par' dir='ltr' id='par_1_50' title="bbox 472 4870 3805 4941">
     <span class='ocr_line' id='line_1_50' title="bbox 472 4870 3805 4941; baseline 0.002 -15"><span class='ocrx_word' id='word_1_718' title='bbox 472 4906 475 4915; x_wconf 59' lang='grc' dir='ltr'>λ</span> <span class='ocrx_word' id='word_1_719' title='bbox 500 4874 561 4926; x_wconf 93' lang='lat' dir='ltr'>in</span> <span class='ocrx_word' id='word_1_720' title='bbox 579 4873 766 4926; x_wconf 91' lang='lat' dir='ltr'>lucem</span> <span class='ocrx_word' id='word_1_721' title='bbox 790 4872 960 4935; x_wconf 86' lang='lat' dir='ltr'>edita,</span> <span class='ocrx_word' id='word_1_722' title='bbox 977 4870 1135 4924; x_wconf 90' lang='lat' dir='ltr'>nulla</span> <span class='ocrx_word' id='word_1_723' title='bbox 1149 4883 1411 4936; x_wconf 87' lang='lat' dir='ltr'>unquam</span> <span class='ocrx_word' id='word_1_724' title='bbox 1439 4871 1779 4923; x_wconf 90' lang='lat' dir='ltr'>Collectione</span> <span class='ocrx_word' id='word_1_725' title='bbox 1800 4871 2039 4938; x_wconf 86' lang='lat' dir='ltr'>integra,</span> <span class='ocrx_word' id='word_1_726' title='bbox 2061 4873 2214 4937; x_wconf 89' lang='lat' dir='ltr'>quod</span> <span class='ocrx_word' id='word_1_727' title='bbox 2237 4874 2476 4926; x_wconf 90' lang='lat' dir='ltr'>aliorum</span> <span class='ocrx_word' id='word_1_728' title='bbox 2489 4875 2666 4928; x_wconf 85' lang='lat' dir='ltr'>ferme</span> <span class='ocrx_word' id='word_1_729' title='bbox 2690 4874 2947 4927; x_wconf 91' lang='lat' dir='ltr'>omnium</span> <span class='ocrx_word' id='word_1_730' title='bbox 2961 4875 3240 4941; x_wconf 89' lang='lat' dir='ltr'>Operibus</span> <span class='ocrx_word' id='word_1_731' title='bbox 3253 4877 3567 4928; x_wconf 89' lang='lat' dir='ltr'>Auctorum</span> <span class='ocrx_word' id='word_1_732' title='bbox 3584 4891 3805 4933; x_wconf 89' lang='lat' dir='ltr'>usuve-</span> 
     </span>
    </p>
   </div>
   <div class='ocr_carea' id='block_1_51' title="bbox 501 4961 3808 5033">
    <p class='ocr_par' dir='ltr' id='par_1_51' title="bbox 501 4961 3808 5033">
     <span class='ocr_line' id='line_1_51' title="bbox 501 4961 3808 5033; baseline 0.002 -17"><span class='ocrx_word' id='word_1_733' title='bbox 501 4965 606 5029; x_wconf 91' lang='lat' dir='ltr'>nit,</span> <span class='ocrx_word' id='word_1_734' title='bbox 623 4964 685 5015; x_wconf 91' lang='lat' dir='ltr'>in</span> <span class='ocrx_word' id='word_1_735' title='bbox 701 4976 882 5016; x_wconf 90' lang='lat' dir='ltr'>unum</span> <span class='ocrx_word' id='word_1_736' title='bbox 896 4962 1074 5015; x_wconf 88' lang='lat' dir='ltr'>veluti</span> <span class='ocrx_word' id='word_1_737' title='bbox 1091 4974 1302 5026; x_wconf 90' lang='lat' dir='ltr'>corpus</span> <span class='ocrx_word' id='word_1_738' title='bbox 1324 4961 1555 5014; x_wconf 87' lang='lat' dir='ltr'>redacta</span> <span class='ocrx_word' id='word_1_739' title='bbox 1571 4965 1731 5015; x_wconf 87' lang='lat' dir='ltr'>sunt.</span> <span class='ocrx_word' id='word_1_740' title='bbox 1750 4962 1979 5015; x_wconf 83' lang='lat' dir='ltr'>Molitus</span> <span class='ocrx_word' id='word_1_741' title='bbox 1992 4963 2049 5015; x_wconf 94' lang='lat' dir='ltr'>id</span> <span class='ocrx_word' id='word_1_742' title='bbox 2061 4962 2292 5027; x_wconf 87' lang='lat' dir='ltr'>quidem</span> <span class='ocrx_word' id='word_1_743' title='bbox 2308 4964 2563 5028; x_wconf 90' lang='lat' dir='ltr'>estolim,</span> <span class='ocrx_word' id='word_1_744' title='bbox 2577 4965 2697 5017; x_wconf 91' lang='lat' dir='ltr'>sive</span> <span class='ocrx_word' id='word_1_745' title='bbox 2708 4969 2841 5017; x_wconf 88' lang='lat' dir='ltr'>ante</span> <span class='ocrx_word' id='word_1_746' title='bbox 2853 4978 3038 5018; x_wconf 91' lang='lat' dir='ltr'>annos</span> <span class='ocrx_word' id='word_1_747' title='bbox 3053 4965 3231 5017; x_wconf 87' lang='lat' dir='ltr'>ferme</span> <span class='ocrx_word' id='word_1_748' title='bbox 3247 4970 3480 5017; x_wconf 85' lang='lat' dir='ltr'>centum</span> <span class='ocrx_word' id='word_1_749' title='bbox 3497 4971 3555 5019; x_wconf 90' lang='lat' dir='ltr'>et</span> <span class='ocrx_word' id='word_1_750' title='bbox 3570 4973 3808 5033; x_wconf 85' lang='lat' dir='ltr'>septua-</span> 
     </span>
    </p>
   </div>
   <div class='ocr_carea' id='block_1_52' title="bbox 502 5051 3807 5121">
    <p class='ocr_par' dir='ltr' id='par_1_52' title="bbox 502 5051 3807 5121">
     <span class='ocr_line' id='line_1_52' title="bbox 502 5051 3807 5121; baseline 0 -15"><span class='ocrx_word' id='word_1_751' title='bbox 502 5054 661 5119; x_wconf 85' lang='lat' dir='ltr'>ginta</span> <span class='ocrx_word' id='word_1_752' title='bbox 689 5054 778 5107; x_wconf 88' lang='lat' dir='ltr'>vir</span> <span class='ocrx_word' id='word_1_753' title='bbox 801 5054 947 5106; x_wconf 89' lang='lat' dir='ltr'>bene</span> <span class='ocrx_word' id='word_1_754' title='bbox 961 5053 1032 5105; x_wconf 89' lang='lat' dir='ltr'>de</span> <span class='ocrx_word' id='word_1_755' title='bbox 1052 5051 1254 5104; x_wconf 89' lang='lat' dir='ltr'>litteris</span> <span class='ocrx_word' id='word_1_756' title='bbox 1274 5051 1457 5116; x_wconf 90' lang='lat' dir='ltr'>deque</span> <span class='ocrx_word' id='word_1_757' title='bbox 1486 5052 1885 5105; x_wconf 89' lang='lat' dir='ltr'>Ecclesiastica</span> <span class='ocrx_word' id='word_1_758' title='bbox 1895 5052 2211 5106; x_wconf 90' lang='lat' dir='ltr'>eruditione</span> <span class='ocrx_word' id='word_1_759' title='bbox 2224 5055 2462 5107; x_wconf 90' lang='lat' dir='ltr'>meritus</span> <span class='ocrx_word' id='word_1_760' title='bbox 2486 5056 2739 5107; x_wconf 84' lang='lat' dir='ltr'>Renatus</span> <span class='ocrx_word' id='word_1_761' title='bbox 2754 5055 3094 5106; x_wconf 88' lang='lat' dir='ltr'>Laurentius</span> <span class='ocrx_word' id='word_1_762' title='bbox 3119 5056 3200 5106; x_wconf 92' lang='lat' dir='ltr'>De</span> <span class='ocrx_word' id='word_1_763' title='bbox 3214 5054 3271 5106; x_wconf 89' lang='lat' dir='ltr'>la</span> <span class='ocrx_word' id='word_1_764' title='bbox 3285 5056 3472 5119; x_wconf 89' lang='lat' dir='ltr'>Barre,</span> <span class='ocrx_word' id='word_1_765' title='bbox 3488 5056 3589 5120; x_wconf 91' lang='lat' dir='ltr'>qui</span> <span class='ocrx_word' id='word_1_766' title='bbox 3604 5057 3807 5121; x_wconf 72' lang='lat' dir='ltr'>Ruﬁni</span> 
     </span>
    </p>
   </div>
   <div class='ocr_carea' id='block_1_53' title="bbox 505 5141 3812 5212">
    <p class='ocr_par' dir='ltr' id='par_1_53' title="bbox 505 5141 3812 5212">
     <span class='ocr_line' id='line_1_53' title="bbox 505 5141 3812 5212; baseline 0.002 -19"><span class='ocrx_word' id='word_1_767' title='bbox 505 5145 692 5210; x_wconf 76' lang='lat' dir='ltr'>Opera,</span> <span class='ocrx_word' id='word_1_768' title='bbox 720 5148 786 5195; x_wconf 92' lang='lat' dir='ltr'>ut</span> <span class='ocrx_word' id='word_1_769' title='bbox 804 5142 977 5195; x_wconf 80' lang='lat' dir='ltr'>habet</span> <span class='ocrx_word' id='word_1_770' title='bbox 994 5142 1056 5194; x_wconf 89' lang='lat' dir='ltr'>in</span> <span class='ocrx_word' id='word_1_771' title='bbox 1078 5141 1266 5194; x_wconf 88' lang='lat' dir='ltr'>fronte</span> <span class='ocrx_word' id='word_1_772' title='bbox 1287 5141 1435 5206; x_wconf 86' lang='lat' dir='ltr'>libri,</span> <span class='ocrx_word' id='word_1_773' title='bbox 1459 5156 1575 5206; x_wconf 57' lang='lat' dir='ltr'>qua</span> <span class='ocrx_word' id='word_1_774' title='bbox 1595 5147 1811 5192; x_wconf 75' lang='lat' dir='ltr'>exstant</span> <span class='ocrx_word' id='word_1_775' title='bbox 1834 5143 2041 5207; x_wconf 75' lang='lat' dir='ltr'>partim</span> <span class='ocrx_word' id='word_1_776' title='bbox 2065 5144 2294 5194; x_wconf 78' lang='lat' dir='ltr'>antehac</span> <span class='ocrx_word' id='word_1_777' title='bbox 2316 5160 2609 5210; x_wconf 84' lang='lat' dir='ltr'>nunquam</span> <span class='ocrx_word' id='word_1_778' title='bbox 2624 5145 2687 5194; x_wconf 71' lang='lat' dir='ltr'>in</span> <span class='ocrx_word' id='word_1_779' title='bbox 2711 5144 2880 5195; x_wconf 82' lang='lat' dir='ltr'>lucem</span> <span class='ocrx_word' id='word_1_780' title='bbox 2897 5145 3060 5207; x_wconf 74' lang='lat' dir='ltr'>edita,</span> <span class='ocrx_word' id='word_1_781' title='bbox 3077 5145 3291 5210; x_wconf 79' lang='lat' dir='ltr'>partim</span> <span class='ocrx_word' id='word_1_782' title='bbox 3313 5161 3487 5211; x_wconf 84' lang='lat' dir='ltr'>nuper</span> <span class='ocrx_word' id='word_1_783' title='bbox 3499 5160 3599 5212; x_wconf 83' lang='lat' dir='ltr'>ope</span> <span class='ocrx_word' id='word_1_784' title='bbox 3613 5147 3812 5198; x_wconf 73' lang='lat' dir='ltr'>doctis-</span> 
     </span>
    </p>
   </div>
   <div class='ocr_carea' id='block_1_54' title="bbox 502 5232 3810 5300">
    <p class='ocr_par' dir='ltr' id='par_1_54' title="bbox 502 5232 3810 5300">
     <span class='ocr_line' id='line_1_54' title="bbox 502 5232 3810 5300; baseline 0.002 -16"><span class='ocrx_word' id='word_1_785' title='bbox 502 5234 773 5285; x_wconf 71' lang='lat' dir='ltr'>simorum</span> <span class='ocrx_word' id='word_1_786' title='bbox 782 5233 1031 5283; x_wconf 75' lang='lat' dir='ltr'>virorum</span> <span class='ocrx_word' id='word_1_787' title='bbox 1047 5233 1328 5281; x_wconf 82' lang='lat' dir='ltr'>emendata</span> <span class='ocrx_word' id='word_1_788' title='bbox 1352 5238 1397 5281; x_wconf 82' lang='lat' dir='ltr'>et</span> <span class='ocrx_word' id='word_1_789' title='bbox 1420 5233 1694 5297; x_wconf 76' lang='lat' dir='ltr'>castigata,</span> <span class='ocrx_word' id='word_1_790' title='bbox 1713 5239 1759 5282; x_wconf 80' lang='lat' dir='ltr'>et</span> <span class='ocrx_word' id='word_1_791' title='bbox 1774 5233 1833 5281; x_wconf 75' lang='lat' dir='ltr'>in</span> <span class='ocrx_word' id='word_1_792' title='bbox 1852 5232 1985 5283; x_wconf 87' lang='lat' dir='ltr'>duos</span> <span class='ocrx_word' id='word_1_793' title='bbox 2003 5233 2186 5284; x_wconf 83' lang='lat' dir='ltr'>Tomos</span> <span class='ocrx_word' id='word_1_794' title='bbox 2202 5236 2376 5285; x_wconf 76' lang='lat' dir='ltr'>divisa</span> <span class='ocrx_word' id='word_1_795' title='bbox 2399 5234 2736 5300; x_wconf 82' lang='lat' dir='ltr'>complexus</span> <span class='ocrx_word' id='word_1_796' title='bbox 2753 5239 2844 5287; x_wconf 79' lang='lat' dir='ltr'>est.</span> <span class='ocrx_word' id='word_1_797' title='bbox 2881 5234 3230 5298; x_wconf 78' lang='lat' dir='ltr'>Complexus</span> <span class='ocrx_word' id='word_1_798' title='bbox 3246 5239 3334 5288; x_wconf 87' lang='lat' dir='ltr'>est</span> <span class='ocrx_word' id='word_1_799' title='bbox 3348 5238 3541 5288; x_wconf 83' lang='lat' dir='ltr'>autem</span> <span class='ocrx_word' id='word_1_800' title='bbox 3556 5249 3683 5290; x_wconf 89' lang='lat' dir='ltr'>uno</span> <span class='ocrx_word' id='word_1_801' title='bbox 3700 5251 3810 5290; x_wconf 85' lang='lat' dir='ltr'>nec</span> 
     </span>
    </p>
   </div>
   <div class='ocr_carea' id='block_1_55' title="bbox 504 5321 3811 5390">
    <p class='ocr_par' dir='ltr' id='par_1_55' title="bbox 504 5321 3811 5390">
     <span class='ocr_line' id='line_1_55' title="bbox 504 5321 3811 5390; baseline 0.001 -14"><span class='ocrx_word' id='word_1_802' title='bbox 504 5335 735 5388; x_wconf 77' lang='lat' dir='ltr'>magnes</span> <span class='ocrx_word' id='word_1_803' title='bbox 746 5321 914 5375; x_wconf 90' lang='lat' dir='ltr'>molis</span> <span class='ocrx_word' id='word_1_804' title='bbox 930 5321 1238 5387; x_wconf 88' lang='lat' dir='ltr'>volumine,</span> <span class='ocrx_word' id='word_1_805' title='bbox 1251 5322 1416 5387; x_wconf 92' lang='lat' dir='ltr'>cujus</span> <span class='ocrx_word' id='word_1_806' title='bbox 1430 5321 1668 5374; x_wconf 88' lang='lat' dir='ltr'>alteram</span> <span class='ocrx_word' id='word_1_807' title='bbox 1683 5328 1924 5388; x_wconf 88' lang='lat' dir='ltr'>partem,</span> <span class='ocrx_word' id='word_1_808' title='bbox 1940 5323 2060 5375; x_wconf 86' lang='lat' dir='ltr'>sive</span> <span class='ocrx_word' id='word_1_809' title='bbox 2071 5323 2313 5377; x_wconf 85' lang='lat' dir='ltr'>Tomum</span> <span class='ocrx_word' id='word_1_810' title='bbox 2328 5324 2635 5377; x_wconf 89' lang='lat' dir='ltr'>manifeste</span> <span class='ocrx_word' id='word_1_811' title='bbox 2648 5322 3011 5389; x_wconf 89' lang='lat' dir='ltr'>supposititio</span> <span class='ocrx_word' id='word_1_812' title='bbox 3021 5326 3081 5378; x_wconf 91' lang='lat' dir='ltr'>in</span> <span class='ocrx_word' id='word_1_813' title='bbox 3096 5324 3303 5376; x_wconf 85' lang='lat' dir='ltr'><strong>LXXV</strong></span> <span class='ocrx_word' id='word_1_814' title='bbox 3314 5324 3528 5390; x_wconf 86' lang='lat' dir='ltr'>priores</span> <span class='ocrx_word' id='word_1_815' title='bbox 3541 5326 3811 5379; x_wconf 86' lang='lat' dir='ltr'>Psalmos</span> 
     </span>
    </p>
   </div>
   <div class='ocr_carea' id='block_1_56' title="bbox 504 5412 3811 5480">
    <p class='ocr_par' dir='ltr' id='par_1_56' title="bbox 504 5412 3811 5480">
     <span class='ocr_line' id='line_1_56' title="bbox 504 5412 3811 5480; baseline -0 -13"><span class='ocrx_word' id='word_1_816' title='bbox 504 5415 923 5467; x_wconf 80' lang='lat' dir='ltr'>Commentario</span> <span class='ocrx_word' id='word_1_817' title='bbox 950 5412 1221 5476; x_wconf 78' lang='lat' dir='ltr'>explevit,</span> <span class='ocrx_word' id='word_1_818' title='bbox 1260 5425 1431 5477; x_wconf 85' lang='lat' dir='ltr'>quem</span> <span class='ocrx_word' id='word_1_819' title='bbox 1473 5429 1540 5463; x_wconf 75' lang='lat' dir='ltr'>ea:</span> <span class='ocrx_word' id='word_1_820' title='bbox 1567 5414 2009 5475; x_wconf 62' lang='lat' dir='ltr'>vetustissimomt</span> <span class='ocrx_word' id='word_1_821' title='bbox 2043 5414 2139 5471; x_wconf 86' lang='lat' dir='ltr'>ait.</span> <span class='ocrx_word' id='word_1_822' title='bbox 2166 5416 2536 5480; x_wconf 77' lang='lat' dir='ltr'>Manuscripto</span> <span class='ocrx_word' id='word_1_823' title='bbox 2565 5414 2865 5480; x_wconf 68' lang='lat' dir='ltr'>exemplari</span> <span class='ocrx_word' id='word_1_824' title='bbox 2885 5415 3219 5466; x_wconf 66' lang='lat' dir='ltr'>Bibliotheca;</span> <span class='ocrx_word' id='word_1_825' title='bbox 3253 5415 3572 5466; x_wconf 71' lang='lat' dir='ltr'>Monaslcrii</span> <span class='ocrx_word' id='word_1_826' title='bbox 3603 5416 3811 5466; x_wconf 60' lang='lat' dir='ltr'>Insula</span> 
     </span>
    </p>
   </div>
   <div class='ocr_carea' id='block_1_57' title="bbox 504 5503 3809 5571">
    <p class='ocr_par' dir='ltr' id='par_1_57' title="bbox 504 5503 3809 5571">
     <span class='ocr_line' id='line_1_57' title="bbox 504 5503 3809 5571; baseline 0.001 -16"><span class='ocrx_word' id='word_1_827' title='bbox 504 5505 767 5566; x_wconf 67' lang='lat' dir='ltr'>Barbarae,</span> <span class='ocrx_word' id='word_1_828' title='bbox 776 5504 944 5569; x_wconf 73' lang='lat' dir='ltr'>juxta</span> <span class='ocrx_word' id='word_1_829' title='bbox 963 5504 1312 5567; x_wconf 84' lang='lat' dir='ltr'>Lugdunum,</span> <span class='ocrx_word' id='word_1_830' title='bbox 1331 5504 1619 5556; x_wconf 83' lang='lat' dir='ltr'>Antonius</span> <span class='ocrx_word' id='word_1_831' title='bbox 1643 5504 1713 5555; x_wconf 90' lang='lat' dir='ltr'>de</span> <span class='ocrx_word' id='word_1_832' title='bbox 1734 5503 1957 5556; x_wconf 85' lang='lat' dir='ltr'>Albone</span> <span class='ocrx_word' id='word_1_833' title='bbox 1974 5505 2454 5571; x_wconf 85' lang='lat' dir='ltr'>Archiepiscopus</span> <span class='ocrx_word' id='word_1_834' title='bbox 2471 5504 2892 5569; x_wconf 87' lang='lat' dir='ltr'>Lugdunensis,</span> <span class='ocrx_word' id='word_1_835' title='bbox 2911 5509 2968 5558; x_wconf 91' lang='lat' dir='ltr'>et</span> <span class='ocrx_word' id='word_1_836' title='bbox 2977 5505 3287 5559; x_wconf 89' lang='lat' dir='ltr'>Galliarum</span> <span class='ocrx_word' id='word_1_837' title='bbox 3312 5506 3534 5558; x_wconf 88' lang='lat' dir='ltr'>Primas</span> <span class='ocrx_word' id='word_1_838' title='bbox 3552 5511 3809 5558; x_wconf 88' lang='lat' dir='ltr'>eruerat.</span> 
     </span>
    </p>
   </div>
   <div class='ocr_carea' id='block_1_58' title="bbox 508 5594 3810 5660">
    <p class='ocr_par' dir='ltr' id='par_1_58' title="bbox 508 5594 3810 5660">
     <span class='ocr_line' id='line_1_58' title="bbox 508 5594 3810 5660; baseline -0 -10"><span class='ocrx_word' id='word_1_839' title='bbox 508 5596 617 5650; x_wconf 85' lang='lat' dir='ltr'>Sed</span> <span class='ocrx_word' id='word_1_840' title='bbox 646 5600 706 5649; x_wconf 89' lang='lat' dir='ltr'>et</span> <span class='ocrx_word' id='word_1_841' title='bbox 727 5595 970 5660; x_wconf 89' lang='lat' dir='ltr'>priorem</span> <span class='ocrx_word' id='word_1_842' title='bbox 996 5596 1239 5647; x_wconf 92' lang='lat' dir='ltr'>Tomum</span> <span class='ocrx_word' id='word_1_843' title='bbox 1261 5595 1485 5648; x_wconf 86' lang='lat' dir='ltr'>infarsit</span> <span class='ocrx_word' id='word_1_844' title='bbox 1506 5594 1706 5647; x_wconf 88' lang='lat' dir='ltr'>alienis</span> <span class='ocrx_word' id='word_1_845' title='bbox 1724 5595 1783 5647; x_wconf 93' lang='lat' dir='ltr'>in</span> <span class='ocrx_word' id='word_1_846' title='bbox 1807 5596 2033 5656; x_wconf 91' lang='lat' dir='ltr'>Oseam,</span> <span class='ocrx_word' id='word_1_847' title='bbox 2061 5595 2279 5648; x_wconf 90' lang='lat' dir='ltr'>Joelem</span> <span class='ocrx_word' id='word_1_848' title='bbox 2303 5600 2359 5647; x_wconf 90' lang='lat' dir='ltr'>et</span> <span class='ocrx_word' id='word_1_849' title='bbox 2380 5596 2659 5647; x_wconf 82' lang='lat' dir='ltr'>Amosum</span> <span class='ocrx_word' id='word_1_850' title='bbox 2685 5595 3148 5660; x_wconf 89' lang='lat' dir='ltr'>Commentariis;</span> <span class='ocrx_word' id='word_1_851' title='bbox 3180 5608 3329 5660; x_wconf 91' lang='lat' dir='ltr'>quos</span> <span class='ocrx_word' id='word_1_852' title='bbox 3355 5595 3404 5647; x_wconf 88' lang='lat' dir='ltr'>si</span> <span class='ocrx_word' id='word_1_853' title='bbox 3426 5595 3713 5659; x_wconf 87' lang='lat' dir='ltr'>excipias,</span> <span class='ocrx_word' id='word_1_854' title='bbox 3742 5599 3810 5649; x_wconf 85' lang='lat' dir='ltr'>ut</span> 
     </span>
    </p>
   </div>
   <div class='ocr_carea' id='block_1_59' title="bbox 504 5683 3809 5754">
    <p class='ocr_par' dir='ltr' id='par_1_59' title="bbox 504 5683 3809 5754">
     <span class='ocr_line' id='line_1_59' title="bbox 504 5683 3809 5754; baseline -0.001 -14"><span class='ocrx_word' id='word_1_855' title='bbox 504 5698 608 5754; x_wconf 89' lang='lat' dir='ltr'>par</span> <span class='ocrx_word' id='word_1_856' title='bbox 624 5690 731 5752; x_wconf 89' lang='lat' dir='ltr'>est,</span> <span class='ocrx_word' id='word_1_857' title='bbox 747 5697 1150 5752; x_wconf 81' lang='lat' dir='ltr'>germanorum</span> <span class='ocrx_word' id='word_1_858' title='bbox 1171 5684 1362 5739; x_wconf 81' lang='lat' dir='ltr'>Rufini</span> <span class='ocrx_word' id='word_1_859' title='bbox 1388 5685 1640 5751; x_wconf 76' lang='lat' dir='ltr'>Operam</span> <span class='ocrx_word' id='word_1_860' title='bbox 1666 5684 1896 5738; x_wconf 89' lang='lat' dir='ltr'>nonnisi</span> <span class='ocrx_word' id='word_1_861' title='bbox 1917 5684 2065 5738; x_wconf 87' lang='lat' dir='ltr'>duos</span> <span class='ocrx_word' id='word_1_862' title='bbox 2085 5684 2287 5739; x_wconf 85' lang='lat' dir='ltr'>Libros</span> <span class='ocrx_word' id='word_1_863' title='bbox 2316 5684 2389 5739; x_wconf 90' lang='lat' dir='ltr'>de</span> <span class='ocrx_word' id='word_1_864' title='bbox 2409 5684 2909 5740; x_wconf 86' lang='lat' dir='ltr'>Benedictionibus</span> <span class='ocrx_word' id='word_1_865' title='bbox 2938 5685 3416 5752; x_wconf 85' lang='lat' dir='ltr'>Patriarcharum,</span> <span class='ocrx_word' id='word_1_866' title='bbox 3434 5683 3809 5752; x_wconf 86' lang='lat' dir='ltr'>totidemque</span> 
     </span>
    </p>
   </div>
  </div>
