3902 6402
476 295 539 350 51
1930 303 2017 353 PR

2227 301 2325 353 ἸΟ.
2704 342 2711 349 ,
3698 296 3768 353 59

477 421 595 474 Nec
621 420 852 476 dubites
876 436 1020 488 num
1040 425 1119 478 ita
1134 427 1381 493 potuerit
1393 427 1554 481 locus
1577 426 1649 480 ab
1673 439 1739 480 eo
1752 426 1851 491 qui
1876 426 2140 478 Codicem
2164 426 2483 491 descripsit,
2501 425 2687 490 refigi;
2719 425 2857 490 quin
2875 424 3063 491 potius
3087 436 3160 477 ex
3185 434 3253 476 eo
3282 423 3353 475 de
3377 434 3651 488 germana
3685 421 3772 475 le-

476 512 662 566 ctione
684 515 1002 569 vetustiore
1028 530 1223 569 sumas
1240 523 1648 583 argumentum
1664 516 1858 569 velim.
1877 518 2021 567 Nam
2036 518 2115 569 ita
2132 529 2191 568 se
2204 517 2344 567 liber
2359 518 2431 567 ab
2449 516 2708 580 imperito
2729 515 3067 579 Antiquario
3093 518 3414 576 exaratum,
3439 511 3579 564 locis
3599 513 3775 564 innu-

476 602 650 653 meris
666 604 870 670 prodit,
897 610 964 657 ut
985 619 1118 658 cum
1132 607 1203 659 ad
1222 618 1289 659 ea
1308 606 1671 659 reformanda
1686 608 1880 671 verba,
1900 607 2113 658 summi
2133 606 2347 672 ingenii
2371 606 2572 657 Critico
2595 618 2739 668 opus
2777 605 3001 666 fuisset,
3025 604 3120 655 hic
3159 615 3220 655 se
3250 615 3528 667 perquam
3571 601 3777 667 exigui

480 690 749 755 ostendit,
766 694 823 743 et
846 692 905 743 in
927 693 1017 745 his
1043 696 1214 748 etiam
1235 709 1367 762 qua
1383 711 1488 749 nec
1512 697 1803 763 descriptu
1832 700 1985 759 sunt,
2011 710 2196 761 neque
2221 696 2515 748 intellectu
2548 695 2863 747 admodum
2897 694 3164 755 difficilia,
3200 706 3388 745 errore
3415 705 3569 757 sape
3601 691 3780 744 libra-

478 775 593 829 rios
609 784 775 843 errat,
801 780 1056 847 nihilque
1081 784 1251 847 aliud,
1272 798 1450 850 quam
1480 786 1635 851 quod
1663 786 1721 838 in
1747 786 2036 851 proposito
2061 786 2168 837 sibi
2189 784 2498 850 exemplari
2521 784 2763 847 legebat,
2794 783 3025 834 omnino
3059 781 3366 846 rescripsit.
3403 780 3673 833 Dicemus
3705 779 3780 832 de

479 868 697 921 Codicis
708 869 899 924 indole
919 878 1092 937 atque
1115 876 1454 928 auctoritate
1478 876 1714 928 inferius
1737 888 1843 928 suo
1858 876 1982 928 loco
2005 874 2283 940 pluribus.
2302 874 2537 926 Interim
2560 877 2714 924 certo
2745 873 2958 925 certius
2984 872 3075 935 sit,
3096 884 3213 923 non
3242 870 3403 923 aliter
3439 869 3720 935 scriptum
3744 881 3781 921 a

479 958 704 1023 Rufino,
731 965 788 1012 et
811 961 957 1013 duos
980 975 1115 1015 eum
1130 976 1332 1017 revera
1351 977 1536 1017 annos
1556 964 2132 1029 Alexandria,quum
2152 976 2217 1016 eo
2241 963 2479 1015 advenit
2505 961 2779 1023 secundo,
2806 961 3013 1027 egisse.
3040 962 3121 1011 De
3144 960 3326 1025 primo
3347 959 3471 1024 ejus
3502 958 3780 1021 incolatu,

476 1048 627 1112 quod
651 1050 723 1101 ab
751 1063 904 1103 anno
926 1050 1047 1107 379.
1072 1052 1144 1104 ad
1161 1053 1284 1108 377.
1302 1054 1632 1107 consendus
1658 1054 1960 1115 sit,nullus
1992 1066 2146 1105 unus
2168 1052 2414 1105 dubitat.
2441 1052 2600 1104 Alter
2624 1051 2717 1103 hic
2738 1052 2951 1115 itaque,
2987 1050 3086 1115 qui
3109 1056 3166 1103 et
3189 1050 3418 1102 biennio
3448 1050 3697 1111 constat,
3723 1049 3783 1099 et

388 1144 407 1163 '
478 1142 609 1203 post
630 1138 855 1204 aliquod
876 1142 949 1193 ab
972 1141 1066 1194 illo
1084 1142 1450 1207 intervallum,
1476 1144 1649 1196 unius
1672 1149 1814 1209 puta
1836 1143 2147 1196 alteriusve
2170 1143 2321 1206 anni,
2341 1142 2599 1207 contigit,
2617 1141 2999 1193 conferendus
3032 1141 3261 1193 videtur
3281 1140 3341 1192 in
3373 1139 3496 1195 380.
3525 1144 3585 1191 et
3623 1138 3782 1189 inse-

478 1229 771 1292 quentem,
796 1232 897 1281 aut
920 1233 1103 1283 serius
1128 1231 1316 1296 paullo
1342 1232 1390 1283 si
1414 1232 1593 1296 lubet,
1616 1238 1789 1297 atque
1801 1232 1939 1284 illud
1953 1232 2224 1296 quodque
2242 1230 2432 1296 paullo
2449 1231 2632 1282 serius
2656 1230 3023 1283 intervallum
3036 1234 3238 1295 putare
3259 1228 3445 1281 malis.
3472 1229 3783 1279 Certeante

479 1314 602 1372 385.
636 1331 751 1383 quo
774 1332 945 1382 anno,
964 1320 1054 1373 die
1079 1320 1166 1375 20.
1192 1321 1327 1373 Julii
1354 1321 1703 1387 Theophilus
1725 1324 1850 1386 ejus
1868 1322 2208 1374 Cathedram
2230 1321 2498 1374 Ecclesia
2521 1321 2834 1383 inscendit;
2856 1320 3135 1373 discimus
3160 1320 3316 1373 enim
3335 1319 3407 1371 ab
3429 1318 3783 1381 Hieronymo

480 1405 774 1472 Apologia
796 1405 889 1459 lib.
916 1410 1011 1459 III.
1036 1409 1310 1461 Rufinum
1332 1415 1618 1475 postquam
1650 1409 1973 1475 Theophilus
1995 1410 2289 1475 Episcopus
2311 1408 2487 1471 factus
2501 1414 2590 1470 est,
2609 1409 2958 1459 Alexandria
2987 1424 3099 1458 non
3124 1410 3306 1473 fuisse.
3324 1407 3411 1460 Ad
3431 1406 3589 1459 hunc
3608 1405 3787 1470 igitur

480 1495 722 1548 modum
744 1497 839 1548 illa
861 1503 950 1551 est
966 1498 1118 1563 apud
1141 1499 1530 1551 Fontaninum
1550 1500 1839 1551 Rufiniani
1862 1499 2148 1551 incolatus
2171 1499 2350 1551 altero
2382 1499 2614 1551 biennio
2637 1500 2843 1552 lacuna
2867 1499 3164 1565 explenda.

545 1586 653 1637 Sed
676 1586 801 1639 aliis
827 1591 928 1652 qui
945 1588 1138 1640 Vitam
1151 1588 1302 1641 hanc
1318 1588 1562 1641 eandem
1582 1589 1968 1654 Aquilejensis
1995 1590 2335 1654 Presbyteri,
2356 1590 2480 1642 sive
2504 1604 2575 1642 ex
2598 1590 2840 1655 integro,
2868 1590 2990 1643 sive
3006 1604 3078 1642 ex
3103 1594 3262 1654 parte
3278 1588 3453 1640 literis
3477 1586 3790 1650 consigna-

481 1682 637 1741 runt,
666 1677 780 1731 falli
802 1683 861 1731 et
890 1679 1080 1732 fallere
1106 1681 1317 1746 sapius
1348 1680 1531 1733 multo
1556 1680 1811 1745 contigit.
1840 1682 2122 1733 Pratereo
2149 1693 2323 1745 quam
2351 1685 2485 1733 ante
2510 1694 2694 1733 annos
2728 1683 2904 1735 ferme
2940 1683 3173 1747 triginta
3206 1681 3402 1732 Abbas
3436 1678 3788 1744 Trappensis

483 1766 696 1820 Gallica
714 1768 911 1834 lingua
930 1769 1157 1822 duobus
1174 1771 1399 1836 exiguis
1427 1771 1619 1822 Tomis
1646 1770 2096 1835 comprehendit:
2113 1783 2247 1822 cum
2263 1771 2416 1822 enim
2443 1770 2715 1823 incolumi
2730 1772 2919 1823 adhuc
2941 1771 3282 1834 Fontanino,
3297 1770 3599 1833 eidemque
3619 1768 3789 1832 Operi

477 1856 825 1922 jamdudum
847 1857 1231 1922 incumbente,
1260 1859 1495 1924 vulgata
1521 1859 1614 1923 sit,
1638 1864 1693 1911 et
1713 1872 1814 1924 pro
1836 1858 1932 1911 illa
1954 1872 2069 1923 qua
2083 1858 2235 1923 apud
2249 1859 2459 1924 vulgus
2480 1860 2749 1912 Italorum
2762 1865 3005 1912 utuntur
3015 1860 3210 1911 Gallici
3235 1858 3361 1910 libri
3377 1858 3530 1910 docti
3550 1856 3790 1909 indocti-

482 1958 594 2009 que
616 1946 858 2010 fortuna,
885 1947 1127 2001 lectores
1143 1948 1443 2011 invenerit,
1461 1960 1763 2012 nunquam
1774 1949 1846 2000 ab
1870 1960 1936 2000 eo
1955 1953 2149 2000 tamen
2173 1951 2292 1999 toto
2310 1950 2730 2001 Commentario
2750 1961 2856 2001 suo
2870 1948 3073 2001 saltem
3088 1949 3264 2000 verbo
3289 1953 3458 1999 tenus
3481 1946 3785 2009 laudatur;

487 2034 640 2098 quod
663 2036 870 2089 indicio
891 2041 1000 2101 est,
1030 2037 1262 2089 doctum
1282 2037 1467 2088 virum
1489 2050 1608 2088 non
1634 2038 1778 2089 tanti
1801 2036 1956 2088 illam
1982 2038 2327 2098 astimasse,
2348 2042 2415 2089 ut
2428 2038 2704 2090 memoria
2730 2038 3081 2103 dignaretur.
3104 2039 3185 2089 Re
3202 2037 3375 2089 etiam
3386 2047 3644 2088 veranec
3658 2048 3790 2089 me-

480 2128 590 2179 reri
614 2128 740 2181 visa
761 2131 929 2182 nobis
955 2136 1060 2193 est,
1088 2134 1151 2182 ut
1173 2132 1303 2195 quis
1330 2133 1513 2183 bonas
1529 2131 1702 2183 horas
1726 2132 1785 2183 in
1809 2132 1934 2194 ejus
1959 2134 2062 2183 aut
2076 2131 2317 2184 lectione
2341 2133 2441 2184 aut
2464 2132 2853 2184 confutatione
2876 2132 3148 2183 insumat.
3176 2132 3454 2183 Pratereo
3476 2130 3617 2181 item
3652 2141 3791 2193 qua

482 2220 553 2274 de
567 2222 775 2275 Rufino
790 2223 977 2287 deque
994 2226 1117 2288 ejus
1142 2225 1325 2275 Libris
1354 2224 1505 2276 haud
1539 2237 1720 2290 pauca
1748 2224 1979 2278 disserit
2003 2226 2071 2276 V.
2100 2225 2176 2276 Cl.
2201 2224 2526 2279 Bernardus
2550 2226 2729 2277 Maria
2756 2224 2827 2277 de
2848 2226 3079 2287 Rubeis,
3106 2224 3203 2289 qui
3228 2236 3413 2288 nuper
3433 2223 3725 2272 Monumcn
3737 2229 3791 2272 ta

480 2316 719 2365 Ecclesia
732 2316 1081 2381 Aquilejensis
1095 2316 1493 2367 Commentario
1505 2315 2412 2380 Historico-Chronologico-Critico
2426 2316 2761 2381 complexus
2784 2322 2890 2368 cst.
2906 2317 3047 2368 Cum
3063 2316 3215 2368 enim
3230 2315 3426 2380 paucis
3438 2314 3793 2379 quibusdam

482 2406 623 2459 locis
646 2418 679 2457 a
701 2408 1019 2460 Fontanino
1043 2408 1366 2471 dissentiat,
1393 2419 1747 2471 quamquam
1775 2412 1832 2459 et
1865 2406 2038 2459 simul
2057 2419 2093 2459 a
2114 2407 2352 2459 veritate
2389 2407 2655 2459 recedere
2678 2408 2973 2460 videatur:
3003 2407 3142 2459 satis
3166 2406 3293 2459 hac
3322 2408 3514 2458 tamen
3537 2404 3709 2458 fuerit
3732 2406 3795 2458 in

485 2494 969 2547 Adnotationibus
992 2496 1297 2558 indicasse,
1322 2496 1582 2560 nihilque
1597 2508 1745 2561 opus
1776 2499 1865 2548 est
1893 2496 2005 2547 huc
2036 2494 2226 2547 denuo
2251 2495 2507 2559 proferri,
2540 2507 2670 2559 qua
2693 2500 2998 2559 utramque
3026 2496 3389 2560 scriptionem
3421 2493 3796 2547 contendenti

482 2582 668 2635 fraudi
691 2596 821 2635 esse
834 2589 1149 2647 nequeunt.
1165 2585 1384 2637 Catera
1400 2590 1459 2637 et
1470 2585 1645 2649 probe
1663 2586 1879 2637 Auctor
1895 2584 2327 2637 Ecclesiasticas
2345 2584 2735 2649 Antiquitates
2752 2585 3078 2650 comprimis
3090 2584 3272 2649 novit,
3293 2589 3350 2637 et
3372 2582 3647 2649 praclara
3657 2596 3795 2637 eru-

488 2673 704 2726 ditione
715 2687 782 2726 ac
804 2674 1067 2727 doctrina
1091 2676 1216 2740 ejus
1240 2676 1485 2727 refertus
1510 2680 1599 2727 est
1614 2676 1772 2727 liber.

552 2763 662 2815 Sed
683 2764 830 2815 alius
854 2770 960 2822 est,
988 2777 1161 2828 quem
1186 2766 1475 2830 praterire
1506 2766 1736 2817 omnino
1766 2777 1885 2817 non
1908 2777 2241 2831 possumus,
2276 2771 2339 2818 ut
2362 2778 2435 2818 ne
2462 2766 2679 2818 diutius
2704 2765 2879 2831 vulgo
2907 2765 3297 2819 studiosorum
3326 2765 3522 2819 fucum
3553 2766 3794 2832 impune

490 2852 676 2905 faciat.
704 2856 806 2906 Est
828 2858 1025 2907 autem
1042 2867 1073 2906 e
1100 2854 1533 2907 Carmelitarum
1559 2854 1770 2907 familia
1793 2857 1989 2907 Frater
2018 2876 2045 2901 α
2084 2858 2285 2909 Petrus
2321 2856 2574 2908 Thomas
2599 2857 2863 2918 Cacciari,
2879 2862 2946 2909 ut
2976 2870 3037 2909 se
3062 2857 3184 2922 ipse
3201 2857 3476 2920 nominat,
3512 2856 3655 2909 Cleri
3679 2858 3796 2909 Ro-

486 2943 644 2995 mani
665 2945 1025 2997 examinator
1044 2945 1428 3009 Apostolicus,
1471 2950 1529 2997 et
1559 2946 1619 2996 in
1654 2944 1900 3009 Collegio
1938 2946 2169 2998 Urbano
2204 2947 2594 3011 Propaganda
2630 2947 2783 2999 Fidei
2821 2948 3020 2998 Lector
3044 2946 3369 3011 Tbeologia
3402 2946 3727 3011 primarius.
3767 2966 3794 2991 ιι

489 3032 733 3086 Editioni
760 3048 903 3099 sua,
930 3047 1104 3099 quam
1120 3041 1255 3088 ante
1285 3040 1404 3087 tres
1430 3035 1607 3088 ferme
1632 3048 1817 3087 annos
1837 3036 2139 3089 adornavit
2162 3037 2428 3089 Historia
2454 3037 2869 3090 Ecclesiastica
2891 3050 2964 3089 ex
2986 3037 3290 3089 Rufiniana
3305 3037 3702 3090 Translatione
3723 3037 3796 3091 de

487 3123 701 3177 Gracis
725 3125 975 3186 Eusebii,
1000 3125 1210 3177 additis
1240 3130 1298 3177 et
1321 3124 1549 3177 duobus
1574 3124 1763 3176 Rufini
1787 3125 2090 3190 ipsiusmet
2133 3127 2316 3179 Libris
2345 3127 2779 3177 Dissertationem
2808 3127 3104 3180 subtexuit
3124 3128 3468 3189 Ηίεεονιοαηι,
3494 3126 3553 3179 in
3577 3139 3697 3191 qua
3721 3128 3796 3180 de

488 3217 619 3271 Vita
640 3219 767 3283 ejus
790 3224 847 3271 et
874 3219 1009 3284 fide,
1036 3231 1143 3271 nec
1164 3231 1282 3271 non
1300 3219 1696 3271 Translatione
1728 3219 1853 3284 ipsa
1886 3218 2137 3283 inquirit.
2170 3222 2240 3272 Et
2263 3233 2384 3272 rem
2423 3220 2655 3285 quidem
2692 3221 2765 3273 ab
2800 3233 2909 3273 ovo
2948 3220 3259 3285 exorditur,
3297 3221 3402 3272 abs
3438 3220 3796 3286 Hieronymi.

488 3309 746 3373 inquam,
763 3322 896 3360 cum
916 3308 1123 3361 Rufino
1144 3309 1327 3374 prima
1348 3308 1615 3371 amicitia,
1636 3309 1842 3360 seriem
1862 3308 2068 3361 deinde
2098 3322 2307 3362 onnem
2335 3311 2487 3363 Vita
2515 3312 2640 3375 ejus
2662 3312 2718 3363 et
2740 3323 2983 3371 morum,
3016 3310 3455 3375 studiorumque
3497 3312 3802 3375 persequi-

494 3403 605 3451 tur.
630 3397 740 3449 Sed
755 3398 966 3449 mirum
993 3397 1170 3461 dictu,
1195 3410 1371 3461 quam
1387 3410 1542 3462 sape
1560 3396 1805 3463 fallatur,
1829 3402 2005 3463 atque
2025 3397 2185 3450 inhis
2203 3398 2372 3450 etiam
2385 3411 2518 3463 qua
2533 3398 2711 3450 nullis
2730 3397 3310 3450 suntdifllcultatibus
3330 3398 3623 3464 impedita,
3646 3404 3801 3451 erret

494 3489 869 3555 desipiatque.
894 3491 1011 3542 Nos
1031 3489 1250 3554 aliquot
1279 3488 1377 3553 qui
1400 3490 1582 3553 primo
1605 3489 1663 3541 in
1684 3489 1882 3541 oculos
1902 3490 2165 3542 lectando
2196 3490 2498 3543 incurrunt
2526 3504 2743 3544 errores
2781 3490 3328 3557 animadvertemus,
3361 3497 3427 3544 ut
3462 3505 3535 3543 ne
3569 3492 3802 3545 muneri

494 3587 713 3647 nostro,
730 3595 799 3635 ea
822 3594 955 3647 qua
980 3581 1210 3647 propius
1227 3582 1299 3634 ad
1332 3581 1607 3634 Rufinum
1640 3583 1927 3647 pertinent
1942 3583 2323 3649 expendendi,
2350 3584 2554 3637 deesse
2585 3584 2910 3637 videamur:
2941 3592 3149 3639 catera
3170 3585 3355 3639 multo
3371 3585 3638 3638 libentius
3656 3598 3768 3638 con
3784 3613 3804 3625 -

495 3680 780 3742 donaturi,
797 3694 905 3734 nec
936 3681 1141 3734 facturi
1163 3679 1531 3746 dispendium
1554 3682 1826 3747 temporis
1850 3681 2220 3748 dispellendis
2246 3696 2447 3736 eorum
2471 3682 3031 3748 hallucinationibus,
3071 3696 3218 3750 quos
3256 3682 3518 3737 dedoceri
3549 3681 3802 3736 fortasse

496 3771 725 3840 pudeat.

557 3879 588 3914 ‹‹
616 3863 1031 3928 Hieronymum
1052 3864 1132 3917 ait
1152 3864 1282 3931 Cap.
1310 3867 1377 3917 II.
1398 3870 1536 3918 tunc
1558 3865 1619 3918 in
1646 3864 2004 3929 Dalmatiam,
2034 3866 2282 3930 patrium
2305 3865 2512 3929 solum,
2530 3865 2711 3919 redire
2728 3867 3113 3933 compulsum,
3127 3880 3259 3920 cum
3273 3867 3346 3919 ad
3363 3866 3636 3920 Rufinum
3663 3870 3801 3923 scri-

496 3955 661 4018 bons,
691 3955 1007 4019 Postquam,
1031 3955 1234 4019 inquit,
1263 3972 1345 4005 mc
1374 3973 1409 4005 α
1434 3962 1523 4005 tuo
1548 3956 1705 4006 latere
1733 3956 1938 4005 subitus
1963 3956 2114 4007 turbo
2134 3956 2412 4019 commisit,
2437 3960 2543 4008 etc.
2568 3957 2765 4021 (Epist.
2793 3958 2915 4021 III).
2938 3974 2966 4007 ι
2992 3956 3225 4019 Scilicet,
3255 3958 3437 4011 redire
3460 3958 3552 4011 ille
3574 3958 3799 4013 dicetur

494 4045 553 4097 in
574 4044 817 4109 patriam
847 4046 943 4109 qui
968 4058 1029 4097 se
1057 4046 1191 4099 inde
1224 4047 1305 4099 ait
1335 4047 1701 4112 compulsum
1736 4046 2061 4110 abscedere,
2100 4045 2442 4112 Parentibus,
2475 4046 2681 4107 Sorori,
2713 4047 2966 4111 Cognalis
2996 4047 3108 4097 vale
3140 4047 3339 4097 dixisse
3366 4048 3571 4113 (Epist.
3601 4049 3799 4114 XXII).

498 4134 913 4187 Cantheriusin
938 4136 1115 4199 porta.
1143 4135 1286 4188 Vide
1308 4148 1414 4188 nos
1439 4138 1568 4201 Cap.
1590 4136 1640 4191 6.
1673 4136 1820 4188 Vita
1849 4135 2335 4201 Hieronymiana;
2366 4148 2553 4199 neque
2590 4136 2761 4201 enim,
2801 4138 2848 4188 si
2875 4137 3067 4202 plures
3098 4150 3213 4189 una
3235 4130 3533 4190 sententia
3574 4150 3801 4193 errores

499 4221 889 4285 cumulantur,
917 4221 1179 4287 singulos
1213 4229 1414 4277 notare
1428 4227 1518 4277 est
1537 4224 1783 4276 animus.
1811 4224 2059 4290 Ineptias
2077 4236 2305 4288 quoque
2328 4228 2621 4289 pratereo,
2645 4223 2854 4287 quibus
2872 4225 2985 4277 fere
3008 4230 3125 4277 tota
3144 4226 3337 4291 Capita
3362 4230 3610 4290 quatuor
3640 4227 3802 4280 inse-

498 4312 730 4377 quentia
747 4317 1030 4365 constant.
1055 4314 1245 4379 Capite
1267 4317 1385 4367 VII.
1405 4315 1707 4368 Athanasii
1722 4319 1986 4375 mortem,
2004 4326 2075 4367 ex
2094 4326 2211 4377 qua
2226 4313 2501 4366 Chronica
2516 4317 2653 4365 nota
2662 4313 2983 4368 Ruﬂniana
3000 4315 3469 4380 peregrinationis
3491 4316 3801 4381 praclpua

497 4401 749 4454 rationes
765 4402 1035 4467 pendent,
1052 4416 1205 4457 anno
1225 4405 1529 4471 consignat
1550 4404 1653 4460 372
1680 4404 1771 4457 die
1796 4402 1829 4457 2
1857 4403 2002 4466 Maii,
2034 4407 2328 4467 totamque
2348 4402 2490 4455 adeo
2507 4402 2803 4455 historiam
2821 4403 2976 4455 illam
3001 4417 3101 4456 sus
3127 4404 3312 4469 deque
3343 4405 3531 4468 vertit,
3556 4419 3690 4458 cum
3719 4408 3797 4460 sit

493 4491 617 4557 jam
642 4495 798 4545 certo
822 4494 1053 4559 certius,
1078 4500 1211 4560 post
1236 4495 1484 4549 solidum
1505 4508 1725 4549 annum
1749 4494 1839 4547 die
1861 4493 1893 4550 3
1913 4494 2063 4558 Maii,
2088 4494 2139 4545 S.
2172 4494 2521 4559 Epis00pum
2539 4494 2651 4547 fato
2668 4496 3053 4547 concessisse:
3083 4495 3567 4559 quemadmodum
3587 4496 3703 4550 allii
3724 4511 3800 4551 ex

498 4583 623 4635 aliis
636 4584 1026 4650 monimentis,
1037 4586 1266 4638 Proterii
1286 4587 1543 4639 Paschali
1562 4586 1829 4652 Epistola.
1846 4589 1905 4637 et
1919 4584 2169 4637 Historia
2185 4584 2643 4637 Patriarcharum
2657 4586 3028 4651 Coptitarum,
3041 4598 3148 4637 nos
3162 4585 3346 4639 multo
3371 4586 3801 4641 evidentissima

498 4685 572 4725 ex
590 4664 831 4721 Historia
853 4674 1411 4739 deipsiusmetrcbus
1445 4677 1499 4726 S.
1527 4674 1820 4726 Athanasii
1858 4672 2148 4737 Acephala
2181 4672 2477 4734 evicimus,
2498 4673 2596 4725 ubi
2619 4673 2771 4726 diem
2800 4674 3008 4726 obiisse
3046 4673 3330 4739 scribitur,
3364 4676 3661 4726 Consutatu
3694 4678 3803 4727 Va-

502 4760 814 4824 lentiniani,
831 4767 877 4811 et
909 4762 1145 4814 Valentis
1172 4765 1264 4816 IV.
1291 4766 1551 4815 Pachom.
1587 4763 1717 4815 VIII.
1749 4761 1875 4814 Alia
1899 4774 2031 4826 qua
2054 4762 2227 4815 videri
2244 4761 2457 4815 leviora
2476 4768 2739 4828 possunt,
2765 4764 2945 4817 missa
2973 4764 3267 4816 faciamus.
3306 4765 3498 4830 Capite
3515 4767 3611 4818 XI.
3639 4768 3798 4831 quod

501 4850 702 4914 prioris
727 4851 907 4903 Partis
932 4858 1290 4917 postremum
1315 4859 1423 4918 est,
1454 4852 1569 4905 duo
1600 4851 1797 4917 paucis
1817 4851 2007 4905 verbis
2028 4851 2301 4904 immania
2327 4857 2538 4917 peccat.
2566 4852 2875 4905 Historiam
2905 4853 3285 4917 Eremiticam,
3323 4866 3425 4905 scn
3460 4854 3621 4906 Vitas
3661 4858 3799 4909 San-

501 4942 721 4990 ctorum
740 4939 969 4993 Patrum
994 4943 1235 5007 scriptas
1254 4944 1335 4995 ait
1357 4956 1393 4995 a
1417 4942 1643 5005 Rufino,
1669 4940 1807 4992 dum
1831 4940 2193 4994 Alexandria
2213 4941 2443 5007 degeret
2460 4943 2474 5003 (
2490 4945 2556 4993 ut
2583 4942 2766 4994 serius
2796 4947 2935 5008 puta
2960 4948 3092 4996 ante
3120 4955 3255 4995 ann.
3292 4942 3431 5007 385)
3466 4957 3647 5007 quum
3680 4948 3799 4998 Au-

502 5032 658 5081 ctore
680 5029 890 5094 abipso
916 5037 1088 5097 atque
1105 5033 1287 5098 Opere
1308 5045 1432 5097 cap.
1451 5030 1536 5086 28.
1554 5031 1613 5083 in
1635 5029 1766 5092 fine,
1792 5032 1918 5083 tum
1946 5031 2119 5083 etiam
2141 5031 2235 5083 lib.
2273 5034 2319 5084 II
2354 5032 2767 5086 Ecclesiastica
2791 5034 3060 5087 Historia
3089 5034 3273 5099 capite
3299 5033 3330 5087 4
3365 5033 3525 5088 facile
3547 5039 3800 5098 constet,

502 5133 597 5173 eas
612 5134 730 5173 non
746 5123 1128 5186 Alexandria,
1155 5121 1248 5172 sed
1274 5121 1571 5186 Aquileja,
1599 5125 1655 5173 et
1670 5122 1798 5185 post
1811 5133 2028 5174 annum
2046 5120 2167 5175 400.
2189 5121 2324 5185 (hoc
2345 5126 2435 5173 est
2452 5122 2620 5173 annis
2644 5127 2708 5175 ut
2733 5122 3035 5173 minimum
3050 5122 3374 5185 quindecim
3392 5122 3595 5187 serius,
3618 5128 3798 5187 atque

498 5216 591 5268 ille
619 5219 848 5283 asserit)
868 5220 1115 5271 scribere
1137 5219 1447 5282 accepisse.
1479 5219 1623 5271 Item
1659 5230 1778 5270 non
1808 5231 1991 5270 unum
2014 5218 2205 5281 modo,
2234 5219 2336 5271 sed
2371 5219 2519 5271 duos
2554 5219 2816 5284 ejusdem
2855 5219 3126 5271 Historia
3150 5220 3324 5272 libros
3347 5233 3447 5285 pro
3471 5220 3797 5273 Ruﬁnianis

498 5308 763 5372 agnoscit
785 5325 813 5356 «
848 5320 1091 5372 quorum
1120 5308 1412 5360 secundus
1435 5308 1584 5371 licet,
1614 5308 1711 5372 ait,
1734 5321 1852 5360 non
1880 5321 1951 5360 ex
1983 5309 2204 5372 integro
2238 5310 2310 5360 ab
2339 5310 2462 5374 ipso
2501 5309 2868 5361 elucubratus
2910 5308 3088 5360 videri
3134 5310 3335 5374 possit,
3372 5314 3523 5362 certe
3561 5310 3795 5373 quidem

502 5409 633 5448 cum
656 5397 958 5450 Latinitate
982 5396 1250 5461 donatus,
1271 5400 1393 5449 tum
1415 5411 1623 5463 magna
1647 5411 1717 5449 ex
1743 5402 1900 5463 parte
1919 5404 2124 5451 auctus
2142 5402 2317 5463 atque
2336 5399 2660 5451 illustratus
2686 5412 2783 5462 per
2798 5398 3069 5449 Rufinum
3088 5400 3416 5450 censendus
3434 5404 3579 5449 est.»
3606 5402 3800 5455 Potuit

502 5486 637 5538 olim
664 5488 776 5539 fere
801 5486 1002 5539 similis
1026 5487 1483 5541 hallucinationis
1512 5489 1634 5541 dari
1653 5490 1955 5543 Rosvveido
1993 5490 2189 5554 venia;
2223 5502 2381 5542 nunc
2415 5501 2549 5541 vero
2590 5488 2858 5552 temporis
2888 5487 3151 5552 duplices
3185 5489 3374 5541 videre
3405 5489 3646 5551 Thebas,
3692 5505 3797 5556 pro

502 5589 774 5638 germano
794 5576 984 5628 Rufini
1009 5577 1166 5642 fatu,
1187 5578 1392 5631 fatum
1406 5579 1613 5632 habere
1631 5580 1932 5633 manifesto
1956 5580 2208 5633 alienum
2231 5591 2297 5631 ac
2322 5578 2770 5643 supposititium,
2796 5590 2914 5629 non
2940 5578 3063 5630 sani
3087 5591 3217 5629 esse
3239 5578 3492 5631 hominis
3509 5578 3792 5633 videatur.

503 5665 741 5718 Accedit
754 5665 828 5718 ad
845 5666 1091 5723 inscitia
1112 5668 1426 5731 cumulum,
1452 5669 1606 5735 quod
1624 5670 1695 5723 de
1717 5683 1779 5723 se
1792 5669 1966 5736 loqui,
1980 5683 2197 5736 suaque
2212 5670 2403 5735 ipsum
2416 5681 2643 5721 narrare
2654 5680 2752 5732 per
2767 5669 3077 5734 Egyptum
3094 5669 3310 5731 itinera,
3329 5669 3606 5722 Ruﬁnum
3624 5674 3793 5734 putat
