3902 6414
122 302 191 362 53
1585 312 1663 363 PB

1890 314 1981 366 IO.
3362 307 3430 363 54

123 437 305 491 quum
328 429 386 478 et
400 424 708 480 manifesto
727 425 988 493 colligere
1005 426 1079 478 sit
1101 438 1174 479 ex
1199 431 1336 492 tota,
1354 438 1486 492 qum
1505 428 1851 483 describitur
1863 442 2052 484 rerum
2082 430 2338 492 historia,
2358 435 2415 484 et
2429 430 2779 497 palmaribus
2794 426 3155 494 argumentis
3194 426 3432 480 evicerit

119 516 500 582 Fontaninus,
529 518 839 570 Auctorem
858 529 931 570 ex
951 516 1187 570 alterius
1214 530 1456 584 persona
1470 519 1644 584 loqui,
1659 521 1904 573 Petronii
1926 521 2141 575 scilicet
2163 521 2562 583 Bononiensis,
2587 534 2622 575 a
2636 533 2752 586 quo
2780 524 3016 586 rogatus
3033 521 3141 583 est,
3162 521 3230 570 ut
3260 517 3429 570 Pere-

122 604 475 676 grinationes
502 619 641 660 suas
665 619 764 672 per
778 606 1005 673 Egypti
1026 620 1294 661 secessus
1310 608 1492 663 literis
1510 609 1898 674 consignaret.

185 730 325 783 Pars
340 727 521 781 altera
544 727 974 781 Dissertationis
987 732 1044 781 et
1066 728 1337 794 prolixior
1358 728 1539 782 multo
1566 731 1667 792 est,
1696 734 1754 783 et
1768 731 2055 783 erroribus
2073 731 2243 797 longe
2264 732 2525 797 pluribus
2560 733 2756 785 scatet.
2783 730 3111 784 Ridiculum
3144 726 3429 794 imprimis

124 819 277 885 quod
292 818 561 885 proponit
577 817 686 871 sibi
711 818 770 870 in
792 818 1060 871 lemmate
1073 818 1607 883 demonstrandum,
1634 821 1895 884 Ruﬁnum
1919 826 1965 872 et
1986 822 2257 873 Joannem
2276 823 2496 874 Jerosol.
2516 823 2656 873 male
2684 822 2879 872 audire
2902 822 3114 887 ccepisse
3154 821 3215 871 de
3242 819 3430 883 Orige-

120 913 301 963 nismo
319 923 332 961 :
352 915 418 963 ut
433 910 483 975 ej
494 921 663 963 urare
691 908 1117 975 Origenismum
1133 910 1379 975 coepisse
1395 922 1493 962 eos
1523 914 1712 975 putes,
1744 924 1845 977 pro
1868 924 1934 963 eo
1954 911 2108 976 quod
2138 926 2229 965 res
2254 918 2393 975 erat,
2415 913 2563 966 male
2588 914 2783 966 audire
2799 911 2952 978 apud
2982 911 3126 965 alios
3159 910 3426 975 coepisse,

118 998 274 1064 quod
296 997 540 1063 Origeni
560 995 880 1062 impensius
897 996 1171 1050 faverent.
1193 998 1362 1051 Porro
1378 997 1536 1061 illud,
1566 1010 1740 1062 quam
1765 999 2026 1065 fidenter,
2055 1012 2130 1052 ne
2169 1000 2307 1065 quid
2335 1001 2465 1067 plus
2491 1001 2699 1063 dicam,
2740 1000 2892 1065 quod
2919 999 3429 1065 germanissimum

115 1086 447 1153 Hieronymi
468 1086 704 1138 Librum
719 1087 917 1138 contra
927 1087 1210 1139 Joannem
1231 1085 1795 1151 Jerosolymitanum,
1813 1087 1884 1140 de
1903 1102 2017 1153 quo
2033 1102 2204 1142 nemo
2229 1103 2488 1154 unquam
2518 1089 2819 1142 hominum
2840 1088 3148 1152 dubitavit,
3173 1088 3221 1139 si
3237 1098 3428 1139 unum

116 1176 458 1230 Wastelium
488 1174 763 1241 excipias,
788 1174 990 1229 itidem
1010 1174 1393 1239 Carmelitam,
1418 1176 1474 1227 et
1498 1188 1597 1240 pro
1621 1177 1843 1228 Joanne
1868 1184 2226 1245 praesumpto
2257 1178 2515 1231 Instituti
2543 1179 2635 1230 sui
2672 1176 2905 1230 homine
2950 1189 3093 1242 pene
3143 1175 3427 1229 furentem

115 1265 379 1320 falsitatis
399 1277 673 1318 accusare
687 1263 877 1329 audet,
906 1264 1145 1329 ejusque
1161 1266 1467 1317 Auctorem
1485 1264 1885 1329 apertissimum
1901 1282 1963 1315 ac
1986 1282 2249 1330 nugacem
2270 1268 2505 1317 Joannis
2530 1267 2839 1328 inimicum,
2866 1267 3055 1317 vocat!
3081 1265 3229 1326 Quin
3247 1264 3430 1329 pergit

116 1355 291 1409 etiam
313 1354 509 1420 Capite
535 1354 679 1417 VIII,
704 1365 817 1418 quo
840 1353 991 1405 hanc
1014 1353 1123 1405 sibi
1153 1365 1226 1405 ex
1254 1353 1475 1418 integro
1500 1364 1767 1405 caussam
1793 1355 2147 1407 tractandam
2172 1356 2369 1420 sumit,
2396 1356 2731 1409 calumniari
2764 1356 2958 1417 verba,
2991 1366 3240 1418 eumque
3270 1353 3429 1405 Pela-

113 1445 269 1511 giani
298 1455 530 1508 quoque
556 1441 841 1508 dogmatis
876 1454 1040 1493 reum
1068 1455 1355 1507 peragere,
1386 1440 1635 1506 denique
1664 1446 1721 1493 et
1748 1443 1970 1507 probris
2003 1444 2306 1497 incessere.
2354 1443 2506 1497 Olim
2545 1444 2701 1497 istud
2746 1443 3007 1495 Wastelii
3032 1447 3425 1494 commentum

116 1534 269 1587 docti
292 1533 511 1599 quique
541 1532 647 1586 viri
668 1531 865 1583 sannis
890 1544 1191 1597 excepere:
1222 1531 1468 1597 scripsit,
1496 1534 1556 1583 et
1591 1530 1967 1584 doctissimus
2013 1533 2432 1598 Tillemontius,
2476 1535 2609 1585 Cctle
2646 1533 2875 1598 opinion
2912 1536 2984 1581 est
3020 1532 3067 1581 si
3098 1532 3335 1595 é:range,
3381 1534 3427 1580 et

110 1638 312 1674 commc
326 1626 384 1687 je
406 1622 564 1684 crois,
588 1621 637 1671 si
662 1637 768 1687 peu
790 1635 940 1686 recite
960 1621 1147 1687 parmi
1172 1621 1240 1670 tes
1262 1624 1497 1680 savanvts,
1535 1620 1697 1684 qu’on
1721 1636 1859 1670 nous
1882 1622 2192 1686 dispensera
2218 1624 2475 1673 aise’ment
2497 1623 2616 1672 d’en
2640 1622 2925 1671 examiner
2954 1621 3022 1670 tes
3050 1620 3288 1681 raisons,
3329 1620 3427 1684 qui

113 1714 346 1764 semient
373 1710 495 1777 plus
522 1710 740 1776 langues
763 1710 799 1761 ὰ
819 1710 1021 1774 réfuter
1048 1708 1180 1775 qu'il
1202 1725 1268 1760 ne
1289 1710 1451 1760 seruit
1486 1708 1704 1772 difﬁcile
1737 1711 1799 1761 de
1835 1710 1879 1761 le
1916 1710 2059 1775 faire
2096 1711 2187 1774 (In
2212 1712 2338 1764 Not.
2370 1712 2444 1762 ad
2478 1712 2575 1763 Vit.
2608 1712 2758 1764 Hier.
2789 1711 2912 1762 Not.
2941 1710 3084 1774 LII).
3116 1709 3274 1762 Idem
3317 1708 3427 1761 sibi

112 1802 343 1855 dictum
372 1800 692 1853 Cacciarius
717 1804 879 1865 putet
904 1815 917 1848 :
941 1812 1290 1865 quamquam
1321 1801 1634 1855 mulctasse
1657 1800 2013 1854 nobilissima
2039 1802 2128 1854 sui
2169 1812 2346 1868 parte,
2384 1801 2609 1867 integro
2640 1802 2877 1866 inquam
2914 1801 3103 1860 Libro,
3146 1812 3425 1866 magnum

111 1892 364 1956 Ilierony
378 1903 564 1953 mum,
593 1890 942 1943 reclamante
966 1889 1114 1943 Orbe
1142 1891 1555 1956 propemodum
1576 1891 1867 1954 universo,
1891 1904 2011 1943 non
2034 1904 2164 1945 esse
2196 1891 2363 1945 venia
2386 1891 2627 1957 dignum
2650 1890 2743 1944 vid
2752 1895 2896 1943 etur.
2916 1891 3426 1943 Cmterumanobis

113 1972 387 2040 praeclare
404 1983 613 2025 secum
629 1976 823 2024 actum
848 1971 1156 2035 existimet,
1183 1972 1337 2036 quod
1356 1985 1458 2024 sex
1474 1972 1830 2025 intermediis
1842 1973 2153 2039 Capitibus,
2166 1987 2301 2026 eum
2320 1973 2462 2026 nihil
2485 1973 2713 2036 habeat,
2740 1971 2893 2037 quod
2917 1970 3141 2037 proprie
3153 1971 3427 2025 Rufinum

114 2067 349 2128 spectet,
369 2073 579 2126 nugas,
597 2060 860 2133 ineptias,
886 2074 1100 2124 gerrae,
1126 2074 1271 2126 quas
1299 2062 1379 2113 ibi
1406 2061 1585 2115 nectit
1602 2062 1954 2126 innumeras,
1968 2063 2349 2128 praeterimus,
2368 2065 2432 2116 ut
2447 2068 2506 2116 et
2521 2073 2671 2128 quas
2690 2060 3133 2126 insequentibus
3149 2061 3222 2113 ad
3238 2074 3427 2126 usque

114 2152 268 2215 XIV;
302 2150 520 2215 quibus
550 2154 706 2202 totus
738 2149 797 2200 in
823 2162 890 2202 eo
912 2155 1021 2214 est,
1046 2153 1111 2201 ut
1132 2152 1415 2203 Joannem
1441 2163 1615 2203 suum
1636 2152 1741 2203 abs
1764 2152 2097 2218 Hieronymi
2122 2157 2180 2205 et
2205 2152 2617 2218 Episcoporum
2640 2150 2827 2218 Cypri,
2852 2152 3026 2215 atque
3060 2150 3426 2204 Alexandriae

111 2238 580 2293 accusationibus
601 2236 918 2290 subtrahat.
946 2239 1139 2291 Unum
1175 2251 1326 2305 aegre
1350 2239 1583 2292 ferimus
1595 2240 1947 2294 sanctissimi
1970 2240 2089 2293 Viri
2121 2239 2421 2306 Epiphanii
2442 2239 2600 2293 canis
2620 2242 2737 2293 tam
2768 2251 2922 2303 saepe
2954 2242 3190 2303 tamque
3220 2238 3427 2304 impur-

110 2327 315 2381 denter
338 2325 626 2379 insultari.

164 2443 357 2497 Sedeo
383 2440 620 2494 tandem
649 2440 948 2506 processit,
976 2453 1109 2494 cum
1131 2441 1281 2494 male
1305 2441 1594 2507 plerisque
1619 2443 1787 2496 bonis
1809 2443 2113 2508 doctisque
2138 2441 2399 2507 dixisset,
2416 2446 2483 2495 ut
2505 2448 2564 2495 et
2581 2441 2751 2496 nobis
2772 2442 3079 2508 derepente
3102 2440 3293 2494 dicam
3318 2441 3427 2495 im-

109 2533 390 2599 pingeret.
418 2530 579 2594 Vide,
602 2542 775 2594 quam
788 2530 1027 2596 erudite,
1045 2532 1331 2596 quibusve
1344 2531 1552 2583 modis.
1580 2532 1675 2584 Ait
1698 2532 1881 2598 capite
1898 2534 2031 2584 XV:
2050 2548 2080 2582 «
2095 2532 2512 2599 Hieronymum
2530 2531 2855 2597 aliquando,
2874 2545 3010 2584 cum
3033 2543 3096 2586 se
3118 2530 3286 2596 decep
3299 2536 3426 2585 tum

110 2622 293 2674 beatis
317 2619 478 2673 senis
509 2618 809 2684 Epiphanii
840 2619 1203 2685 simplicitate
1246 2619 1773 2685 animadvertisset,
1796 2621 1976 2686 hujus
1993 2621 2211 2686 judicio
2235 2622 2479 2687 abjecto,
2516 2634 2669 2675 anno
2705 2621 2955 2685 denique
2988 2619 3113 2684 396,
3146 2633 3348 2685 pacem
3370 2625 3427 2674 et

114 2710 523 2766 comunionem
545 2722 679 2762 cum
701 2723 808 2763 suo
839 2711 1119 2777 Episcopo
1146 2711 1585 2777 redintegrasse.
1624 2728 1652 2758 ι)
1678 2711 2113 2764 Procbronismo
2140 2712 2314 2766 unius
2338 2716 2405 2764 ut
2437 2711 2741 2765 minimum
2763 2711 2901 2765 anni
2925 2714 3124 2777 peccat
3143 2710 3205 2762 in
3227 2723 3426 2763 eorum

108 2804 276 2856 etiam
292 2800 639 2863 rationibus,
655 2800 752 2864 qui
766 2812 892 2853 eam
908 2814 1106 2866 pacem
1127 2801 1352 2853 caeteris
1366 2801 1542 2852 altius
1554 2803 1841 2866 repetunt.
1859 2801 1967 2854 Sed
1989 2801 2200 2854 mirum
2215 2800 2323 2853 hoc
2336 2802 2540 2866 magis,
2555 2801 2711 2866 quod
2727 2801 2800 2853 ad
2817 2814 2944 2854 eam
2970 2800 3261 2865 Epocham
3271 2813 3427 2853 com-

108 2891 466 2960 probandam
487 2889 811 2944 testimonio
843 2892 1038 2958 utitur,
1070 2892 1225 2958 quod
1239 2905 1459 2945 annum
1480 2891 2117 2957 quadringentesimum
2131 2891 2514 2957 primum,aut
2535 2890 2857 2944 secundum
2877 2889 3427 2955 designatznotissi-

112 2996 204 3035 mo
218 2981 576 3046 inquamillo
590 2982 944 3035 Postumiani
956 2982 1015 3034 in
1030 2984 1221 3036 Severi
1235 2983 1486 3049 Dialogo,
1501 2984 1598 3057 ubi
1615 2983 1845 3049 dicitur,
1859 2983 2151 3035 Ecclesium
2164 2984 2265 3034 loci
2276 2984 2427 3034 illius
2443 2983 2789 3049 (Bethleemi)
2809 2982 3179 3047 Hieronymus
3195 2981 3425 3047 Presby-

104 3076 199 3136 ter,
227 3077 369 3125 tunc
392 3071 632 3131 rexisse,
650 3083 778 3135 quin
793 3072 1064 3123 Parochia
1079 3077 1201 3125 erat
1218 3074 1468 3139 Episcopi
1479 3072 1923 3138 Jerosolymitani
1936 3073 2096 3135 (Dial.
2111 3074 2151 3124 Ι.
2166 3071 2236 3136 8).
2257 3074 2373 3126 Νθο
2388 3086 2552 3139 porro
2568 3072 2845 3125 ditIltetur
2859 3071 2983 3136 ipse
3001 3083 3128 3124 eam
3146 3069 3421 3136 temporis

107 3165 327 3225 notam,
354 3159 553 3213 subdit
581 3159 753 3224 enim,
775 3176 803 3207 α
826 3172 900 3213 ex
923 3173 989 3213 eo
1012 3161 1199 3227 colligi
1224 3162 1435 3227 loco,S.
1461 3163 1781 3223 Doctorem,
1813 3160 1914 3226 qui
1936 3160 2248 3226 Epiphanio
2274 3164 2418 3214 teste
2435 3161 2564 3227 (Ep.
2590 3159 2717 3225 5.1),
2731 3164 2950 3226 propter
2976 3158 3354 3210 verecundiam
3378 3163 3425 3209 et

106 3250 472 3300 humilitatem
486 3248 732 3299 noluerat
764 3249 937 3301 debita
950 3267 981 3299 η
990 3251 1165 3301 omini
1180 3267 1275 3301 suo
1287 3266 1526 3302 exercere
1536 3251 1725 3314 officia
1737 3250 1860 3316 (leg.
1878 3250 2172 3315 sacrificia)
2187 3254 2317 3316 post
2327 3250 2709 3316 compositum
2720 3248 3023 3303 dissidium
3039 3261 3192 3301 anno
3204 3247 3426 3301 circiter

103 3342 225 3397 tOO.
255 3341 535 3394 humeros
566 3338 911 3395 submisisse
954 3342 1134 3395 oneri
1158 3343 1512 3396 Monachalis
1538 3342 1652 3408 (sic
1674 3344 1873 3406 vocat)
1900 3341 2170 3395 Parmcim
2194 3341 2658 3405 Bethleemiticaa,
2682 3340 2789 3393 sibi
2811 3339 2968 3393 haud
2991 3339 3163 3393 dubie
3185 3340 3425 3393 Joannis

101 3432 444 3484 auctoritate
466 3429 690 3484 delatae.
721 3450 741 3477 ιο
768 3433 831 3483 lu
855 3433 1068 3496 quibus
1098 3433 1344 3486 alterum
1375 3433 1564 3485 denuo
1597 3436 1764 3493 errat,
1795 3431 1949 3496 quod
1977 3431 2398 3497 Hieronymum
2421 3432 2492 3484 ab
2517 3444 2587 3485 eo
2610 3431 2844 3484 demum
2870 3436 3124 3496 tempore
3160 3430 3424 3484 functum

104 3520 437 3585 Presbyteri
460 3519 666 3584 omcio,
690 3524 748 3574 et
766 3521 942 3572 sacris
974 3527 1278 3587 operatum
1296 3524 1481 3588 putat.
1508 3523 1691 3575 Tanta
1711 3520 1792 3573 illi
1816 3520 2335 3575 hallucinationum
2360 3534 2544 3588 seges,
2570 3527 2635 3574 ut
2658 3520 2832 3573 semel
2847 3534 2965 3573 una
2983 3521 3268 3574 sententia
3282 3521 3424 3573 deli-

107 3623 268 3663 rasse
288 3622 411 3662 non
434 3609 574 3661 satis
591 3608 812 3662 habeat.
828 3611 968 3663 Haec
977 3614 1173 3663 autem
1188 3613 1363 3676 atque
1374 3612 1465 3664 his
1478 3610 1685 3663 similia
1701 3623 1836 3662 cum
1854 3608 2215 3675 blaterasset,
2236 3624 2368 3676 quae
2386 3598 2659 3677 persequi
2671 3609 3005 3675 singillatim
3015 3616 3263 3665 nontam
3280 3610 3422 3664 mihi

107 3699 350 3753 taedium
365 3711 542 3763 quam
557 3699 775 3752 Lectori
799 3699 986 3764 fuerit,
1006 3701 1199 3753 subito
1223 3714 1315 3753 me
1328 3700 1657 3766 suggillare,
1683 3700 1907 3765 sibique
1927 3700 2216 3766 plaudere,
2234 3701 2282 3754 si
2302 3710 2497 3767 queat,
2523 3700 2832 3767 experitur.
2853 3702 3025 3767 Atque
3051 3702 3159 3752 haec
3182 3702 3419 3766 quidem,

103 3789 313 3855 inquit,
335 3794 524 3839 notata
544 3791 819 3855 opportuit
838 3791 1128 3841 Veronensi
1147 3792 1361 3841 Editori
1382 3792 1613 3856 Operum
1627 3790 1683 3841 S.
1703 3791 2046 3855 Hieronymi,
2062 3790 2171 3855 (est
2198 3793 2313 3845 Deo
2330 3792 2531 3857 gratia,
2556 3791 2713 3855 quod
2737 3803 2856 3844 non
2878 3790 2967 3845 ita
2980 3790 3419 3856 desipuerimus)

105 3881 203 3945 qui
219 3881 256 3930 ει
262 3895 353 3930 um
368 3895 487 3931 eam
500 3880 799 3945 Epistulam
819 3881 839 3946 (
858 3882 1091 3935 Librum
1100 3887 1299 3935 contra
1318 3885 1487 3935 Joau.
1510 3882 1917 3948 Jerosolymit.)
1935 3882 2107 3947 rejicit
2122 3883 2184 3931 in
2200 3897 2417 3932 annum
2431 3885 2540 3936 399.
2558 3887 2654 3932 aut
2666 3880 2790 3937 400.
2805 3880 2865 3931 id
2877 3886 2949 3931 est
2958 3886 3076 3944 post
3097 3881 3419 3945 triennium,

103 3975 200 4020 aut
225 3970 659 4034 quadriennium
678 3971 745 4022 ab
768 3972 909 4021 inita
930 3971 1236 4022 solemniter
1255 3973 1560 4034 concordia,
1583 3987 1735 4021 reum
1760 3971 2095 4035 apertissime
2125 3971 2259 4034 facit
2290 3971 2506 4023 Violatae
2526 3971 2653 4034 fidei
2675 3976 2722 4021 et
2744 3970 2997 4021 amicitias
3031 3970 3086 4021 S.
3117 3970 3417 4024 Doctorem.

106 4060 266 4113 Deus
288 4057 527 4112 meliora
546 4059 708 4123 mihi,
720 4073 1084 4125 erroremque
1099 4062 1367 4115 hostibus
1387 4062 1584 4114 istum.
1598 4060 1901 4113 Hominem
1924 4057 2099 4111 nullis
2122 4060 2306 4113 oculis
2323 4059 2482 4112 nullo
2509 4058 2677 4111 corde
2701 4057 3186 4111 nonimitabimur
3203 4073 3215 4110 :
3230 4070 3419 4124 neque

107 4162 229 4202 non
269 4154 467 4202 tamen
494 4148 743 4203 feremus
780 4163 947 4215 aequo
975 4152 1169 4204 animo
1201 4154 1427 4205 tantam
1470 4152 1598 4217 ejus
1630 4150 1946 4213 levitatem,
1983 4149 2082 4215 qui
2115 4149 2256 4202 alios
2296 4146 2563 4201 docuisse
2605 4148 2786 4201 videri
2814 4146 2967 4213 apud
3011 4147 3221 4213 vulgus
3260 4149 3415 4203 velit.

106 4238 309 4291 Editor
334 4238 681 4292 Veronensis
701 4239 828 4303 (qui
850 4252 968 4291 non
982 4240 1133 4292 alius
1156 4253 1190 4292 a
1212 4253 1303 4292 me
1327 4242 1444 4305 est)
1471 4241 1531 4293 in
1558 4239 1895 4293 Prmfatione
1920 4240 1991 4292 ad
2016 4252 2150 4292 eum
2186 4239 2423 4291 Librum
2453 4237 2620 4291 bonis
2650 4236 3007 4303 argumentis
3051 4236 3126 4290 ad
3161 4249 3252 4291 an.
3293 4237 3416 4295 399.

108 4328 308 4403 referri
325 4327 493 4380 illum
511 4329 780 4392 ostendit,
799 4342 969 4395 posse
993 4330 1162 4383 etiam
1187 4329 1259 4383 ad
1276 4329 1398 4386 400.
1424 4329 1612 4390 initia;
1628 4330 1688 4381 in
1709 4329 1840 4381 Vita
1860 4332 2054 4383 autem
2077 4330 2130 4382 S.
2158 4328 2438 4393 Doctoris,
2455 4328 2556 4382 ubi
2570 4327 2698 4381 hinc
2713 4326 2883 4379 latius
2907 4331 2963 4380 et
2981 4328 3126 4381 serie
3146 4328 3419 4383 continua

106 4418 506 4484 disputantur,
534 4418 659 4484 ipso
683 4417 786 4474 399
809 4419 1098 4485 adscribit,
1124 4424 1189 4472 ut
1212 4419 1369 4472 initis
1387 4420 1563 4484 probe
1580 4419 1894 4472 rationibus
1916 4418 2142 4472 nullum
2160 4418 2328 4471 faciat
2351 4416 2636 4482 reliquum
2660 4416 2835 4469 dubio
2858 4415 3066 4469 locum.
3090 4417 3267 4483 Legat
3282 4430 3417 4471 eru-

107 4508 347 4561 ditionis
381 4506 555 4561 homo
584 4508 826 4573 cupidus
851 4513 1022 4575 caput
1040 4510 1253 4562 XXIX.
1280 4523 1315 4562 a
1336 4521 1575 4561 numero
1601 4509 1925 4573 praesertim
1950 4509 2196 4573 septimo
2220 4506 2292 4558 ad
2309 4506 2717 4560 duodecimum
2737 4506 2751 4570 (
2772 4517 2909 4557 nam
2935 4505 2985 4557 si
3008 4505 3123 4558 huc
3142 4506 3239 4559 illa
3263 4511 3417 4560 tran-

108 4589 287 4641 sferre
312 4587 485 4642 velim
508 4588 681 4641 nimis
696 4588 934 4654 longum
965 4590 1189 4654 faciam,
1217 4595 1275 4643 et
1298 4590 1419 4653 jam
1443 4588 1637 4642 nonin
1670 4588 1863 4640 Rufini
1890 4588 2206 4640 Editionem
2231 4587 2508 4648 Praefatio,
2537 4586 2638 4639 sed
2667 4585 3127 4651 Hieronymianas
3150 4587 3419 4642 vindicia:

111 4677 518 4731 describenda
554 4677 737 4743 erunt)
767 4681 825 4732 et
838 4678 1034 4732 nullus
1057 4680 1276 4743 dubito,
1301 4678 1442 4743 quin
1466 4678 1855 4744 supputationi
1878 4690 2181 4730 assensum
2206 4677 2379 4729 etiam
2401 4677 2620 4730 invitus
2643 4677 2912 4742 praebeat.
2954 4675 3061 4729 Sed
3097 4683 3164 4730 ut
3198 4677 3417 4744 videas,

119 4767 281 4832 quod
326 4772 385 4821 et
405 4768 463 4820 in
482 4768 663 4821 veteri
693 4768 844 4834 apud
868 4770 1285 4834 Hieronymum
1311 4769 1615 4821 Proverbia
1640 4772 1748 4831 est,
1773 4767 2121 4819 Cacciarium
2133 4766 2487 4819 voluntatem
2511 4768 2783 4820 habuisse
2806 4767 3069 4832 nocendi,
3088 4767 3419 4822 facultatem

112 4868 234 4909 non
250 4856 553 4909 habuisse:
583 4862 742 4923 puta,
766 4871 886 4910 non
904 4858 1366 4911 evidentissimus
1391 4870 1514 4921 nos,
1543 4857 1643 4909 sed
1667 4856 1911 4909 leviores
1933 4856 2329 4921 Cbronologiee
2365 4859 2586 4910 nostrae
2610 4870 2848 4909 caussas
2881 4856 3109 4919 addere,
3146 4858 3195 4910 si
3233 4859 3420 4912 mavis

111 4946 307 5010 etiam,
320 4959 437 4998 non
447 4945 817 5012 399,aut400,
832 4947 931 5000 sed
945 4949 1124 5001 multo
1138 4947 1340 5013 serius,
1352 4954 1409 5002 et
1424 4953 1491 5002 ut
1502 4948 1694 5001 visum
1705 4958 1934 5011 quoque
1948 4952 2039 4999 est
2053 4946 2176 4998 aliis
2190 4946 2375 4999 doctis
2386 4946 2539 5009 viris,
2554 4946 2826 5011 adusque
2838 4946 2960 5003 406.
2976 4949 3115 5000 Eam
3126 4947 3418 5002 elucubra-

113 5035 330 5088 tionem
352 5034 577 5088 differre
595 5050 608 5086 :
630 5034 758 5088 ideo
773 5050 863 5095 ne,
881 5036 1034 5102 quod
1050 5037 1306 5102 religioni
1328 5051 1447 5090 non
1468 5037 1641 5089 habet
1651 5033 1953 5099 religiosus
1970 5036 2141 5087 homo
2158 5034 2510 5099 calumniari,
2524 5050 2580 5085 re
2588 5051 2678 5085 um
2690 5036 3024 5099 apertissime
3038 5036 3275 5100 facimus
3300 5039 3416 5088 vio-

110 5122 226 5174 lata:
240 5124 371 5186 fidei
382 5128 428 5173 α
449 5124 704 5175 amicitiae
715 5126 769 5174 S.
789 5125 1064 5176 Doctorem
1076 5128 1100 5176 .9
1119 5128 1315 5179 Nonne
1330 5126 1500 5178 aliam
1522 5136 1717 5178 rerum
1731 5124 1953 5187 seriem,
1971 5125 2222 5177 rationes
2232 5124 2374 5176 alias
2389 5124 2558 5177 nobis
2570 5124 2798 5177 institui
2821 5125 3088 5178 videbat?
3098 5126 3234 5179 hinc
3256 5126 3413 5191 pacis
3456 5120 3461 5125 ’

113 5226 405 5277 percussas
430 5217 687 5279 tempora
709 5215 892 5268 serius
916 5215 1188 5281 protrahi,
1216 5216 1305 5269 sin
1328 5216 1635 5281 plumbeus
1652 5216 1740 5266 est
1755 5217 1930 5279 totus,
1954 5227 2071 5267 non
2095 5216 2373 5266 noverat?
2393 5214 2565 5267 Novit
2584 5214 2897 5279 enimvero,
2922 5214 3023 5267 sed
3049 5215 3191 5268 tanti
3217 5215 3415 5267 haberi

118 5302 271 5368 apud
294 5315 436 5355 suos
460 5302 662 5367 voluit,
691 5307 752 5356 ut
772 5317 882 5357 nos
904 5305 1217 5371 castigasse
1240 5305 1545 5359 videretur.
1576 5307 1710 5371 Nos,
1732 5304 1907 5357 salvis
1923 5303 2113 5357 Rufini
2134 5316 2200 5356 ac
2223 5304 2548 5369 Hieronymi
2575 5305 2770 5370 rebus,
2788 5316 3035 5369 quorum
3055 5304 3183 5358 hac
3206 5316 3413 5357 caussa

115 5391 264 5446 dicta
278 5395 434 5458 sunt,
457 5392 687 5459 injuria:
708 5395 1095 5448 concedimus.

179 5512 322 5572 Quae
350 5514 544 5564 tamen
569 5509 707 5563 hinc
737 5510 949 5577 reliqua
971 5513 1097 5577 ejus
1127 5513 1305 5566 Partis
1323 5518 1544 5578 septem
1561 5513 1753 5578 Capita
1776 5514 2209 5576 subsequuntur
2223 5509 2493 5574 (Tertiam
2515 5511 2689 5574 enim,
2714 5509 2811 5562 ubi
2835 5510 2905 5562 de
2930 5508 3198 5562 Historias
3221 5508 3417 5563 Eccle-

124 5597 366 5653 siasticaa
392 5599 700 5653 Ruﬁniana
711 5600 975 5655 versione
989 5602 1127 5667 agit,
1147 5601 1470 5656 Praefationi
1492 5602 1848 5666 insequentis
1861 5602 2025 5655 Tomi
2039 5602 2419 5663 reservamus)
2437 5613 2567 5653 cum
2580 5599 2875 5652 stomacho
2888 5599 2967 5651 ita
2989 5611 3411 5666 percurremus,

124 5694 183 5740 ut
203 5690 430 5744 tantum
443 5696 683 5747 notasse
698 5692 960 5756 graviora
981 5692 1251 5767 (patenti,
1276 5692 1513 5758 tempori
1530 5704 1829 5758 parcamus
1853 5697 1911 5747 et
1937 5691 2103 5756 stylo.
2130 5693 2338 5746 Totum
2363 5689 2472 5744 fere
2494 5695 2665 5757 caput
2685 5691 2831 5743 XVI.
2856 5689 3195 5755 injuriosum
3220 5691 3420 5746 Hiero-
