3902 6408
452 312 521 371 55
1910 316 1993 368 PR

2217 313 2312 367 IO.
3684 307 3753 363 56

450 430 627 485 nymo
648 422 757 477 est,
773 417 873 483 qui
891 416 1172 471 etiisdem
1187 429 1332 469 usus
1343 417 1642 469 fraudibus
1666 416 1891 478 dicitur,
1914 416 1987 468 de
2008 416 2219 481 quibus
2242 415 2599 468 adversarios
2625 428 2763 469 suos
2786 420 3038 471 accusat,
3073 418 3131 466 et
3152 412 3406 465 schisma
3437 408 3756 462 Monacho-

455 520 587 560 rum
604 507 837 561 fovisse.
856 506 1293 559 Prochronismo
1315 507 1486 559 etiam
1507 510 1723 572 peccat.
1742 507 1900 558 Idem
1921 506 2128 557 vitium
2144 506 2491 558 estduorum
2512 506 2953 571 insequentium,
2967 505 3063 556 ubi
3080 509 3135 555 et
3160 504 3333 554 series
3352 501 3541 553 Rufini
3562 500 3757 552 elucu-

457 597 781 649 brationum
796 597 985 648 omnis
1005 596 1413 656 intervertitur,
1458 600 1516 647 et
1542 596 1759 647 itineris
1792 598 1971 646 Roma
1996 596 2321 659 Aquilejam
2341 596 2495 655 ordo,
2527 597 2765 660 ipsaque
2802 596 3037 647 historia
3068 595 3354 645 turbatur.
3381 592 3591 643 Inscite
3609 587 3757 642 illud

458 698 578 752 prae
602 687 846 750 ceteris,
871 685 1025 749 quod
1051 686 1213 750 putat
1227 685 1352 750 ipsa
1375 685 1432 736 in
1456 686 1605 737 Urbe
1624 690 1774 737 totos
1798 684 1944 737 duos
1968 697 2154 737 annos
2180 686 2453 737 Ruﬁnum
2471 686 2817 737 substitisse.
2847 686 3015 736 Porro
3039 682 3179 735 nihil
3200 682 3267 733 iis
3288 681 3523 731 stultius
3542 680 3761 745 verbis,

452 776 664 842 quibus
698 776 826 840 Cap.
854 776 1002 826 XIX.
1030 774 1343 838 exorditur,
1359 775 1699 838 Jampridcm
1715 790 1781 824 ειη
1802 775 1970 839 Epist.
1991 775 2316 839 Hieronymi
2335 774 2420 829 61.
2442 775 2564 839 (hic
2585 778 2882 827 estcontra
2900 776 3063 825 Joan.
3089 772 3330 825 Jerosol.
3352 771 3547 831 Liber)
3568 770 3757 819 minus

458 865 728 915 commode
741 862 931 913 sentire
946 864 1557 927 ccperatPammachius
1576 863 1637 913 de
1660 864 1848 926 Ruﬁni
1862 862 2303 926 ﬁde.Enimvero
2323 878 2440 916 non
2464 864 2791 929 Hieronymi
2832 864 2985 915 illam
3011 876 3141 915 esse
3173 861 3504 926 Epistolam,
3532 860 3635 911 sed
3654 876 3758 908 nu-

460 954 605 1018 gacis
622 953 860 1003 hominis
871 951 1080 1004 Joanni
1106 952 1386 1017 Episcopo
1402 965 1679 1017 perquam
1699 953 1924 1017 infensi,
1960 959 2081 1006 tota
2100 954 2316 1018 passim
2346 954 2768 1016 Dissertatione,
2792 953 3147 1018 propriisque
3172 949 3447 1016 Capitulis
3465 950 3752 1001 hactenus

456 1042 765 1101 contendit,
778 1041 936 1106 quod
948 1054 1055 1093 nos
1069 1041 1522 1094 audacissimum
1535 1046 1927 1095 commentum
1943 1043 2322 1108 explodimus.
2342 1044 2648 1095 Memorem
2662 1057 2789 1095 esse
2802 1043 3143 1095 mendacem
3164 1041 3437 1106 oportuit.
3457 1039 3758 1091 Adversa-

457 1136 549 1184 tur
565 1132 687 1196 jam
707 1131 861 1184 enim
875 1130 999 1195 ipse
1022 1130 1147 1188 sibi,
1174 1136 1231 1183 et
1244 1131 1333 1182 sui
1344 1136 1433 1182 est
1450 1134 1565 1182 tam
1578 1132 1688 1183 cito
1702 1132 1975 1196 propositi
1993 1133 2222 1183 oblitus.
2239 1134 2434 1196 Neque
2454 1146 2588 1184 vero
2602 1146 2662 1185 se
2674 1133 2843 1189 dicat,
2864 1146 2937 1184 ex
2950 1133 3176 1195 recepta
3191 1143 3344 1181 nunc
3362 1128 3532 1192 vulgo
3546 1128 3758 1178 inscri-

461 1221 653 1286 ptione
675 1220 873 1285 Operis
888 1220 1044 1284 loqui
1061 1233 1073 1280 ;
1094 1225 1477 1284 praeterquam
1495 1221 1648 1285 quod
1666 1222 1820 1273 enim
1833 1222 1973 1273 alias
1986 1235 2301 1285 numquam
2316 1222 2663 1287 Hieronymi,
2688 1222 2789 1273 sed
2806 1222 3069 1273 Auctoris
3082 1220 3282 1272 incerti
3300 1217 3616 1283 Epistolam
3628 1228 3761 1268 eam

460 1315 645 1369 vocat,
665 1310 776 1362 nisi
797 1323 930 1363 vere
954 1323 1083 1362 esse
1103 1310 1608 1373 Hieronymianam
1622 1311 1879 1373 sentiret,
1893 1315 2066 1375 atque
2078 1312 2275 1364 haberi
2291 1326 2445 1363 nunc
2462 1311 2650 1374 vellet,
2665 1311 2848 1363 multo
2860 1312 3049 1362 adhuc
3065 1310 3249 1374 magis
3269 1310 3329 1360 in
3348 1320 3471 1359 rem
3490 1319 3657 1358 suam
3671 1306 3767 1358 de-

460 1400 686 1464 siperet,
707 1400 1031 1463 faceretque
1049 1400 1270 1451 Lectori
1293 1399 1549 1450 offucias.
1568 1400 1784 1464 Quippe
1806 1401 1983 1462 addit,
2006 1402 2253 1453 «lectam
2276 1402 2657 1465 Pammachio,
2674 1399 3197 1464 adhibitamqucilli
3221 1397 3677 1460 Ildem,denique
3705 1400 3767 1450 et

460 1489 854 1554 praajudicium
875 1489 1194 1540 Rufinianae
1214 1488 1623 1540 existimationi
1636 1489 1768 1541 hinc
1791 1490 2031 1552 illatum,
2046 1506 2073 1537 «
2090 1495 2542 1555 argumentatur.
2561 1494 2709 1543 Num
2721 1492 2867 1543 alius
2887 1492 3041 1543 venit
3056 1492 3116 1541 in
3132 1495 3386 1541 mentem
3404 1487 3508 1538 sibi
3524 1489 3764 1547 Auctor,

461 1591 634 1643 quem
657 1592 830 1632 verus
852 1579 1250 1631 Pammachius
1271 1591 1370 1644 pro
1392 1591 1525 1630 vero
1556 1580 1901 1643 Hieronymo
1926 1581 2178 1639 haberet,
2202 1582 2322 1647 ipse
2344 1583 2516 1634 etiam
2537 1583 2608 1634 de
2628 1584 2857 1633 nomine
2882 1583 3293 1643 Hieronymum
3306 1579 3537 1640 diceret,
3554 1582 3612 1627 et
3628 1576 3767 1627 Hie-

460 1680 739 1733 ronymus
766 1673 956 1721 tamen
971 1682 1088 1721 non
1111 1671 1305 1721 esset?
1326 1667 1435 1720 Sed
1460 1669 1720 1720 nondum
1735 1669 2083 1734 ineptiarum
2101 1670 2249 1722 ﬁnis.
2269 1673 2409 1724 Rem
2430 1672 2584 1723 enim
2605 1672 2789 1736 ipsam
2811 1670 2961 1735 quod
2990 1674 3229 1734 spectat,
3255 1672 3313 1720 et
3342 1669 3413 1719 ab
3436 1666 3598 1717 omni
3622 1664 3768 1716 veri«

459 1758 665 1823 specie,
691 1762 748 1810 et
770 1769 805 1810 a
834 1757 1141 1822 semetipso
1161 1758 1369 1810 iterum
1385 1756 1652 1823 dissentit
1667 1760 1985 1819 Carmelita,
2008 1762 2107 1824 qui
2130 1766 2259 1825 post
2276 1762 2475 1812 Tillem
2496 1763 2721 1824 mtium,
2744 1762 3001 1824 aliosque
3022 1760 3223 1811 doctos
3245 1758 3395 1809 viros
3410 1768 3530 1808 non
3564 1754 3771 1806 difﬁte-

469 1851 580 1908 tur,
619 1846 778 1900 illam
821 1861 1011 1912 neque
1034 1848 1341 1912 perfectam
1363 1850 1435 1900 ab
1463 1850 1712 1901 Auctore
1737 1862 1842 1900 suo
1875 1848 2073 1913 fuisse,
2095 1863 2281 1913 neque
2297 1850 2367 1901 ad
2396 1850 2822 1901 Pammachium
2848 1850 3105 1911 missam,
3131 1848 3308 1899 immo
3330 1851 3388 1897 et
3418 1857 3768 1910 suppressam

471 1937 782 2002 Epistolam
802 1938 963 2001 (Cap.
991 1938 1156 2001 VIII).
1184 1939 1323 1999 Quae
1342 1938 1512 2003 igitur
1538 1943 1677 1990 sunt
1704 1939 1831 1991 haec
1853 1940 2187 2005 praestigia?
2208 1941 2338 1991 Fuit
2359 1940 2454 1991 illa
2476 1940 2807 2004 Hieronymi
2834 1939 3103 2003 Epistola,
3136 1937 3451 1999 eademque
3472 1948 3591 1987 non
3611 1934 3764 1997 ejus,

468 2028 571 2079 sed
580 2028 819 2093 nugacis
839 2034 897 2081 et
913 2028 1148 2093 maligni
1168 2029 1415 2081 hominis
1438 2029 1544 2081 fuit
1564 2044 1575 2080 :
1599 2029 1672 2081 ad
1703 2031 2132 2082 Pammachium
2156 2030 2351 2092 missa,
2371 2030 2469 2093 qui
2485 2044 2652 2081 verus
2670 2035 2866 2080 tamen
2888 2028 3283 2079 Pammachius
3297 2039 3414 2077 non
3436 2030 3575 2087 erat,
3590 2023 3774 2087 siqui-

471 2115 605 2169 dem
628 2131 734 2170 nec
766 2129 801 2169 a
823 2130 958 2170 vero
984 2119 1331 2182 Hieronymo
1351 2124 1674 2183 acceperat:
1700 2119 1884 2171 eidem
1909 2119 2073 2183 lecta,
2095 2125 2151 2171 et
2171 2120 2231 2171 in
2252 2120 2465 2183 vulgus
2490 2132 2707 2184 sparsa,
2732 2119 2885 2170 unde
2907 2119 3110 2169 Rufino
3134 2119 3380 2169 conﬂata
3413 2120 3503 2167 est
3535 2114 3774 2177 invidia,

466 2211 525 2258 et
541 2220 849 2272 suppressa
878 2208 1049 2259 simul
1079 2208 1309 2271 scrinio,
1332 2221 1439 2260 nec
1461 2209 1669 2261 educta
1691 2221 1967 2273 unquam,
1988 2210 2165 2261 immo
2195 2222 2383 2273 neque
2407 2210 2479 2260 ab
2515 2214 2759 2261 Auctore
2798 2207 3079 2260 absoluta.
3107 2208 3432 2259 Tantumne
3457 2205 3778 2268 ambagum

467 2295 955 2361 ineptissimarum
975 2297 1203 2349 duobus
1225 2298 1526 2351 versiculis
1549 2301 1573 2347 7

528 2441 697 2493 Porro
710 2441 835 2504 ejus
864 2439 1179 2504 imperitia,
1207 2441 1280 2492 ob
1305 2453 1485 2505 quam
1500 2440 1621 2493 tota
1635 2439 1937 2492 Rufiniana
1952 2439 2191 2493 historia
2211 2445 2359 2493 retro
2380 2440 2653 2506 sublapsa
2666 2445 2730 2492 ut
2748 2440 3039 2499 referatur,
3058 2452 3298 2492 necesse
3323 2444 3430 2496 est,
3468 2450 3652 2490 unum
3684 2442 3777 2490 at-

470 2529 836 2595 quealterum
857 2529 929 2581 de
945 2529 1176 2593 reliquis
1196 2530 1498 2593 postremis
1516 2530 1787 2595 Capitulis
1808 2530 2138 2595 exemplum
2159 2530 2389 2593 addam,
2416 2532 2624 2594 quibus
2646 2530 2858 2594 liquido
2881 2535 3125 2592 constet,
3152 2542 3329 2593 quam
3349 2528 3441 2579 ille
3461 2530 3533 2579 ab
3569 2527 3772 2579 erudi~

474 2618 646 2680 tione,
678 2619 1075 2682 bonarumque
1094 2618 1302 2670 artium
1319 2619 1523 2671 studiis
1547 2619 1816 2671 omnibus
1841 2620 2155 2685 imparatus
2172 2620 2243 2671 ad
2263 2620 2631 2672 scribendum
2644 2621 2714 2672 de
2736 2621 2926 2671 Ruilni
2938 2621 3111 2671 rebus
3128 2619 3448 2671 accesserit.
3470 2619 3638 2669 Hunc
3655 2629 3778 2668 non

470 2707 649 2759 fuisse
671 2707 744 2759 ab
765 2708 1069 2759 Anastasio
1105 2707 1460 2769 damnatum,
1485 2721 1558 2760 ex
1582 2721 1649 2760 eo
1670 2708 1954 2773 colligitur
1980 2710 2302 2765 manifesto.
2325 2710 2477 2773 quod
2505 2723 2691 2773 usque
2718 2710 2807 2769 sit,
2832 2723 2961 2760 cum
2985 2709 3207 2761 Sanctis
3234 2708 3545 2772 Episcopis,
3586 2707 3774 2758 Italia:

471 2796 807 2862 praesertim,
820 2797 1226 2850 communione
1241 2810 1307 2849 ac
1323 2798 1697 2849 familiaritate
1718 2811 1878 2849 usus.
1898 2799 2096 2850 Nobile
2108 2804 2517 2863 argumentum
2533 2800 2724 2852 bonus
2742 2799 2826 2851 vir
2842 2798 2934 2850 ille
2949 2797 3349 2862 exaggerando
3374 2797 3454 2849 sic
3466 2796 3775 2861 depravat:

478 2902 509 2935 α
543 2886 980 2950 Paulinum,ait,
1005 2886 1286 2938 Nolanum
1307 2887 1651 2952 Episcopum
1679 2887 1829 2940 datis
1864 2887 1934 2938 ad
1966 2888 2240 2939 Rufinum
2266 2888 2493 2939 Litteris
2514 2890 2728 2940 amoris
2750 2902 2816 2940 ac
2851 2888 3269 2940 benevolentia;
3308 2887 3506 2952 plenis,
3540 2886 3781 2949 petiisse

472 2980 646 3041 atque
666 2976 987 3028 obtinuisse
1010 2975 1450 3040 explicationem
1473 2975 1542 3027 de
1561 2977 2014 3028 Patriarcharum
2048 2978 2563 3030 Benedictionibus.
2598 2980 2849 3041 Rogasse
2872 2991 3004 3031 eum
3029 2991 3277 3041 quoque,
3296 2981 3363 3028 ut
3382 2975 3779 3040 pertransicns

475 3067 672 3127 Roma,
690 3065 892 3117 Nolam
917 3079 978 3117 se
999 3067 1350 3116 conventum
1369 3066 1566 3118 vellet:
1590 3066 1803 3129 quibus
1822 3072 1973 3117 certe
1996 3067 2435 3118 studiosissimis
2455 3068 2643 3119 verbis
2664 3070 3067 3132 Presbyterum
3081 3066 3508 3130 Aquilejenscm
3535 3076 3654 3115 non
3691 3076 3791 3115 co-

475 3153 696 3215 luisset,
718 3154 767 3205 si
785 3153 912 3217 ejus
930 3153 1329 3205 condemnatio
1354 3167 1610 3218 unquam
1630 3154 1961 3220 prodiisset;
1978 3168 2151 3219 quam
2166 3156 2363 3219 utique
2386 3157 2647 3221 ignorare
2675 3169 2791 3208 non
2804 3161 3045 3221 poterat,
3068 3160 3263 3219 utpote
3282 3155 3379 3219 qui
3398 3151 3594 3205 sedem
3613 3163 3785 3203 suam

478 3243 716 3296 haberet
748 3243 809 3294 in
826 3242 1123 3295 Provincia
1140 3243 1557 3305 Suburbicaria,
1577 3245 1969 3308 Romanaeque
1989 3244 2189 3297 ditioni
2212 3245 2460 3297 subdita.
2499 3265 2521 3295 υ
2548 3249 2699 3299 Deus
2720 3248 2903 3298 bone?
2919 3245 3054 3309 quid
3081 3250 3169 3297 est
3193 3245 3451 3309 desipere
3474 3242 3706 3299 mentis,
3734 3241 3782 3292 si

480 3333 591 3385 hoc
613 3345 731 3384 non
751 3336 842 3385 est
860 3333 871 3382 ι
892 3333 1014 3393 Quo
1032 3334 1283 3398 tempore
1304 3333 1429 3385 illas
1456 3333 1739 3397 Epistolas
1768 3335 2037 3385 Paulinus
2070 3334 2313 3399 scripsit,
2338 3349 2443 3387 nec
2462 3336 2806 3401 Episcopum
2830 3335 2951 3400 ipse
2972 3336 3196 3398 agebat,
3225 3334 3326 3385 sed
3356 3334 3416 3384 in
3449 3329 3784 3395 Presbyteri

484 3424 710 3475 tantum
725 3422 904 3487 gradu
922 3424 1271 3475 merebatur:
1297 3437 1401 3475 nec
1417 3424 1657 3475 Rufinus
1672 3424 1785 3476 ulla
1802 3424 2257 3489 pravidogmatis
2277 3440 2376 3476 sus
2384 3426 2926 3490 picionelaborabat,
2948 3426 3093 3476 utab
3110 3427 3157 3489 ej
3173 3439 3238 3476 us
3254 3424 3511 3489 refugere
3540 3435 3790 3473 consuc-

481 3512 679 3565 tudine
698 3512 827 3576 quis
843 3512 1095 3564 deberet:
1124 3526 1227 3565 nec
1248 3513 1494 3578 denique
1512 3515 1851 3566 Anistasius
1877 3518 2195 3567 Romanam
2218 3514 2406 3566 adhuc
2428 3515 2768 3568 Cathedram
2792 3516 3105 3575 obtinebat,
3132 3519 3193 3565 ut
3222 3513 3524 3578 percellere
3542 3512 3763 3563 anathe
3778 3536 3796 3547 -

489 3608 645 3654 mate
660 3614 793 3654 eum
813 3606 1025 3667 posset.
1042 3604 1226 3666 Pergit
1248 3608 1442 3655 tamen
1462 3603 1556 3655 ille
1576 3617 1793 3657 errores
1819 3606 2103 3657 erroribus
2119 3605 2441 3658 cumulare:
2476 3627 2501 3650 κ
2535 3608 2604 3657 Et
2634 3618 2785 3667 cum,
2811 3604 2889 3655 ait
2910 3604 3231 3655 Chromatio
3271 3616 3302 3655 e
3344 3602 3491 3654 vivis
3528 3603 3782 3667 sublato,

486 3690 729 3743 Rufinus
751 3689 1009 3754 Aquileja
1035 3690 1248 3753 relicta,
1266 3692 1327 3743 in
1348 3692 1757 3744 Monasterium
1783 3694 1962 3745 Pineti
1994 3694 2066 3746 ad
2109 3696 2473 3748 Classensem
2491 3696 2696 3747 urbem
2715 3708 2776 3746 se
2793 3696 3086 3759 receperit,
3104 3698 3348 3758 putasne
3378 3692 3794 3756 totReligiosos

489 3781 641 3833 viros
652 3779 950 3846 proscripti
969 3781 1233 3833 Haaretici
1249 3782 1597 3838 convictum.
1612 3784 2070 3843 contubernium,
2085 3787 2299 3838 nedum
2317 3785 2782 3837 communionem
2798 3785 2974 3836 fuisse
2988 3784 3214 3835 laturos
3228 3786 3254 3834 (Ρ
3267 3800 3294 3831 ››
3308 3783 3545 3847 Ineptias
3561 3783 3794 3847 ineptis-

491 3871 674 3935 simaa,
694 3873 934 3926 somnia.
947 3872 1192 3923 Rufinus
1210 3884 1343 3924 cum
1358 3871 1416 3922 in
1428 3871 1606 3924 Pineti
1619 3874 2027 3925 Monasterium
2046 3876 2302 3937 secessit,
2322 3875 2583 3928 nondum
2602 3874 2923 3939 Aquilejam
2941 3877 3199 3934 venerat,
3222 3872 3472 3924 vixdum
3490 3872 3646 3923 enim
3664 3874 3790 3924 erat

493 3964 569 4015 ab
598 3963 828 4016 Oriente
853 3975 1136 4015 reversus.
1162 3962 1521 4014 Chromatius
1542 3961 1603 4013 in
1628 3962 1772 4014 vivis
1788 3963 1977 4015 adhuc
1992 3964 2189 4028 utique
2205 3967 2427 4029 agebat,
2442 3966 2540 4028 qui
2557 3965 2667 4016 nisi
2679 3970 2807 4029 post
2820 3977 3003 4015 annos
3018 3962 3189 4014 ferme
3213 3975 3424 4015 novem
3441 3961 3595 4014 diem
3611 3962 3757 4015 obiit
3778 3977 3791 4014 :

492 4053 672 4105 Pineti
697 4052 943 4116 denique
976 4051 1388 4103 Monasterium
1411 4064 1529 4103 non
1551 4051 1623 4103 ad
1649 4052 2008 4106 Classensem
2033 4055 2253 4116 urbem,
2269 4068 2401 4118 qum
2424 4053 2583 4107 nulla
2599 4067 2853 4118 unquam
2882 4054 3003 4115 fuit,
3029 4052 3127 4104 sed
3155 4065 3340 4115 neque
3366 4052 3578 4103 Classis
3612 4065 3790 4117 prope

497 4145 847 4204 Ravennam,
874 4154 1079 4193 verum
1102 4141 1161 4192 in
1190 4142 1327 4206 Agri
1348 4142 1609 4207 Romani,
1637 4143 1997 4195 Terracinam
2018 4156 2353 4207 versus,ora
2393 4144 2673 4195 maritima
2686 4144 2919 4194 steterit.
2940 4143 3365 4206 Potuissetquis
3385 4126 3517 4193 data
3531 4154 3706 4206 opera
3722 4141 3793 4194 ad

493 4231 845 4284 movendum
858 4230 1109 4282 tunicato
1126 4230 1345 4294 popello
1361 4231 1543 4283 risum
1560 4232 1722 4297 plura
1734 4233 2099 4297 paucioribus
2116 4232 2306 4284 verbis
2323 4232 2477 4295 loqui
2498 4232 2877 4283 deliramenta
2891 4235 2914 4281 P
2933 4232 3145 4283 Verum
3162 4231 3253 4282 his
3266 4231 3482 4282 diutius
3502 4231 3797 4283 immorari

495 4320 665 4373 nobis
689 4324 745 4371 et
771 4319 996 4371 fastidio
1022 4323 1127 4383 est,
1150 4324 1206 4371 et
1235 4320 1454 4384 pudori.
1485 4322 1551 4372 Et
1576 4320 1736 4373 facile
1764 4324 1955 4374 tamen
1985 4324 2187 4373 Lector
2209 4321 2509 4385 intelliget,
2552 4321 2599 4372 si
2632 4320 2963 4372 historicam
3006 4321 3163 4372 illam
3200 4320 3673 4372 Dissertationem
3705 4319 3795 4373 lu-

494 4414 675 4461 strare
704 4413 930 4461 tantum
953 4406 1133 4459 oculis
1156 4408 1308 4472 velit,
1332 4409 1441 4461 alia
1461 4423 1587 4461 esse
1604 4410 2039 4475 quamplurima,
2064 4423 2197 4474 quas
2218 4423 2398 4475 quum
2421 4423 2624 4475 parum
2646 4410 2719 4461 ad
2743 4423 2850 4461 nos
2870 4413 3146 4475 spectent,
3166 4410 3439 4461 immania
3459 4410 3588 4474 ejus
3606 4414 3797 4463 errata

499 4497 949 4550 dissimulamus.

562 4644 944 4694 Revertamur
964 4640 1038 4694 ad
1064 4641 1254 4694 Ruﬁni
1268 4641 1515 4706 Operam
1532 4641 1849 4693 Edilionem
1864 4646 2143 4704 nostram,
2162 4655 2579 4707 pergamusque
2598 4655 2761 4708 porro
2773 4643 2843 4695 de
2859 4643 2950 4695 his
2968 4656 3099 4707 quae
3121 4644 3181 4694 in
3192 4642 3287 4695 illa
3296 4643 3628 4696 adornanda
3642 4657 3794 4709 pree-

502 4731 775 4794 stitimus,
789 4733 1080 4785 Lectorem
1092 4732 1599 4784 commonefacere.
1620 4732 1851 4783 Initium
1868 4731 2135 4783 ducimus
2147 4744 2181 4783 a
2194 4732 2422 4784 duobus
2439 4733 2510 4785 de
2527 4734 2631 4782 Ben
2640 4732 2991 4782 edit-tionibus
3006 4734 3464 4782 Patriarcharum
3478 4733 3678 4797 Libris,
3693 4732 3794 4798 qui

502 4822 716 4887 primas
732 4822 879 4875 inter
894 4834 1095 4874 omnes
1112 4821 1431 4885 Presbyteri
1450 4820 1831 4885 Aquilejensis
1846 4822 2144 4873 Tractatus
2158 4822 2367 4885 ferunt,
2386 4830 2506 4874 tum
2520 4824 2820 4887 Scriptura:
2838 4836 3013 4887 quam
3028 4821 3341 4886 explanant
3352 4825 3639 4887 respectu,
3659 4836 3793 4875 cum

506 4913 777 4977 temporis
798 4913 1194 4977 praerogativa,
1221 4924 1335 4975 qua
1358 4911 1582 4962 caeteris
1594 4911 1962 4975 primigeniis,
1985 4916 2047 4962 ut
2070 4924 2272 4964 vocare
2289 4913 2489 4977 placet,
2506 4915 2632 4978 ejus
2650 4913 3051 4978 scriptionibus
3068 4912 3433 4964 antecedunt.
3461 4914 3580 4963 Hos
3595 4919 3793 4965 autem

503 5001 831 5066 accepimus
861 5015 933 5055 ex
951 5004 1231 5054 Barreana
1254 5000 1531 5059 Editione,
1554 5012 1687 5063 qum
1703 5005 1762 5051 et
1780 5001 2007 5052 caeteris
2024 5003 2209 5055 multo
2230 5006 2651 5056 estaccuratior
2674 5004 2962 5066 omnibus,
2982 5008 3039 5054 et
3064 5016 3137 5055 ex
3165 5003 3585 5066 antiquissimis
3606 5016 3785 5055 manu

505 5092 757 5145 exaratis
771 5091 1195 5157 exemplaribus
1218 5090 1533 5140 Monasterii
1551 5090 1747 5139 Montis
1762 5090 1883 5151 Dei,
1915 5090 2124 5144 dicitur
2146 5094 2201 5145 in
2228 5095 2558 5145 Praefatione
2580 5094 2880 5159 descripta.
2908 5093 3091 5144 Aliam
3115 5092 3491 5144 nihilominus
3521 5094 3799 5145 vetustio-

501 5195 625 5234 rem
645 5181 704 5233 in
727 5182 1030 5234 consilium
1051 5180 1440 5241 adhibuimus,
1469 5191 1599 5243 qum
1616 5180 1675 5231 in
1704 5180 1828 5228 Μοη
1838 5183 2065 5231 umentis
2087 5186 2178 5235 SS.
2200 5185 2430 5235 Patrum
2447 5183 2982 5246 Orthodowographis
3002 5183 3345 5246 continetur,
3359 5187 3415 5233 et
3430 5194 3608 5245 quam
3626 5183 3796 5234 bonae

501 5271 683 5336 frugis
713 5284 867 5336 saepe
889 5270 1287 5334 comperimus.
1315 5269 1412 5322 Usi
1440 5274 1723 5333 praaterea
1748 5283 1953 5322 sumus
1984 5276 2040 5323 et
2064 5273 2265 5325 Codice
2292 5275 2394 5325 Ms.
2420 5286 2593 5337 quem
2621 5287 2652 5324 e
2681 5274 2733 5324 S.
2774 5272 3083 5324 Salvatcris
3122 5272 3468 5323 Bibliotheca
3485 5311 3499 5335 ,
3526 5284 3662 5335 qum
3688 5274 3796 5323 Bo-

502 5361 693 5413 noniae
717 5366 825 5421 est,
854 5360 931 5411 Cl.
958 5359 1026 5410 V.
1054 5359 1109 5409 P.
1143 5359 1247 5409 Ab.
1276 5358 1653 5411 Trombellius
1680 5359 2030 5425 descriptum
2060 5361 2494 5426 diligentissime
2517 5362 2589 5412 ad
2607 5375 2711 5413 nos
2736 5361 2909 5412 misit.
2933 5360 3136 5412 Etatis
3157 5360 3308 5412 haud
3336 5361 3429 5413 ille
3450 5361 3687 5425 quidem
3705 5363 3795 5412 est

505 5450 753 5503 multum
775 5449 1209 5513 dissiteameque
1225 5448 1374 5500 hanc
1390 5448 1593 5512 ipsam,
1614 5450 1765 5513 quod
1779 5450 1859 5502 rei
1872 5456 2161 5515 caputest,
2175 5452 2365 5503 Rutlni
2381 5451 2841 5516 explanationem
2854 5456 3245 5515 repraesentat,
3261 5451 3361 5502 sed
3389 5452 3792 5516 cognominem

506 5540 676 5592 aliam
699 5540 772 5590 ab
796 5536 1054 5590 studioso
1069 5537 1260 5602 aliquo
1285 5539 1761 5599 consarcinatum,
1779 5542 1949 5605 cujus
1965 5553 2071 5593 nos
2098 5541 2386 5605 specimen
2410 5542 2585 5592 Tomo
2598 5540 3167 5603 Hieronymianorum
3191 5542 3440 5605 Operum
3462 5540 3626 5592 tertio
3644 5540 3697 5591 fe
3708 5540 3785 5590 ci-

506 5642 639 5680 mus
661 5629 721 5681 in
746 5627 1088 5692 Appendice.
1117 5630 1330 5681 Verum
1354 5642 1486 5680 cum
1504 5635 1560 5681 et
1574 5630 1774 5682 iisdem
1789 5631 2199 5695 prepemodum
2219 5630 2469 5693 vestigiis
2483 5630 2727 5690 insistat,
2747 5631 2885 5681 etab
2900 5630 3521 5682 Rufinianaidentidem
3535 5629 3597 5680 in
3614 5642 3784 5681 suam

507 5716 1033 5782 interpretationem
1062 5718 1327 5783 quaedam
1349 5720 1564 5771 Auctor
1585 5718 1821 5784 derivet,
1848 5720 2011 5773 facile
2038 5720 2172 5772 huic
2205 5724 2421 5785 nostrae
2441 5719 2756 5773 recensioni
2777 5720 3109 5785 adjumento
3133 5720 3276 5784 fuit,
3302 5719 3609 5786 plurimum
3639 5724 3801 5772 certe
