3902 6432
126 354 188 411 57
1576 350 1978 404 ΡΒίΕΕΑΤΙΟ.
3355 353 3425 410 58

124 450 379 518 ejusdem
396 448 766 504 illustrationi
781 448 1040 503 contulit.
1059 447 1295 503 Accedit
1310 448 1643 502 Monimenti
1658 449 1903 511 novitas,
1921 452 1977 499 et
1992 458 2184 499 rerum
2197 458 2329 512 quae
2344 447 2404 499 in
2424 459 2491 500 co
2514 448 2884 502 continentur
2903 447 3321 516 praecipuarum
3335 451 3427 503 de-

122 540 330 594 lectus:
346 527 540 607 neque
556 539 712 594 enim
741 545 912 592 antea
937 542 1138 602 totum,
1171 539 1271 591 sed
1308 539 1493 604 priore
1529 540 1753 590 tantum
1782 550 1854 587 ex
1878 540 2054 602 parte,
2079 549 2260 601 eaque
2276 538 2485 601 exigua
2505 538 2567 589 in
2591 539 2879 603 publicam
2897 540 3082 591 lucem
3096 540 3418 605 prodierat:

121 643 306 696 neque
321 643 430 683 nos
452 634 641 683 totum
656 631 718 683 in
741 630 893 683 nolis
910 630 1333 695 descripsimus,
1362 628 1463 680 sed
1482 628 1577 679 illa
1600 628 1927 690 dumtaxat,
1954 640 2086 691 quae
2118 631 2174 679 et
2199 628 2350 679 lectu
2379 628 2628 680 maxime
2649 629 2842 694 digna,
2866 635 2923 683 et
2947 630 3005 683 in
3030 643 3149 682 rem
3166 635 3425 684 nostram

120 724 267 772 recte
290 719 614 772 conducere
637 713 991 772 videbantur.
1027 719 1547 783 Preeclarius,puto,
1573 718 1876 769 nobiscum
1893 722 2093 768 etcum
2118 717 2377 770 Editione
2404 723 2603 771 nostra
2624 725 2820 771 actum
2845 725 3021 784 esset,
3045 721 3095 772 si
3119 721 3271 785 quod
3288 721 3425 774 aife»

122 810 404 862 ctavimus
419 809 873 874 diligentissime,
894 808 1117 861 Codicis
1132 808 1524 861 Murbacensis
1548 809 1606 858 in
1626 808 1859 867 Alsatia,
1875 811 1930 858 et
1945 807 2358 872 descriptarum
2375 820 2449 859 ex
2473 821 2538 859 eo
2556 809 2905 861 variantium
2921 808 3236 864 lectionum
3257 810 3427 876 potiri

122 897 402 963 licuisset;
431 900 536 952 sed
564 899 868 951 frustratia
891 912 990 964 spe
1017 912 1238 950 sumus.
1262 898 1493 950 Interim
1512 896 1666 961 quod
1694 897 1859 948 unice
1886 897 2083 948 datum
2110 900 2215 958 est,
2243 897 2535 961 ingentem
2554 898 2708 950 illam
2726 899 2923 951 decem
2946 900 3058 952 fere
3079 913 3351 952 versuum
3368 901 3427 953 in

123 989 455 1043 Praefatione
486 989 753 1041 lacunam
776 986 1152 1053 explevimus,
1187 1002 1361 1054 quam
1390 1001 1461 1040 ex
1487 1000 1555 1039 eo
1584 987 1687 1038 Ms.
1716 987 1917 1038 recitat
1941 987 2317 1050 Fontaninus,
2348 990 2403 1038 et
2440 1000 2553 1051 qua
2582 989 2758 1041 vitam
2795 1002 3151 1054 sensumque
3176 990 3429 1044 huicmet

121 1079 285 1143 Operi
300 1078 565 1130 videmur
580 1079 920 1131 restituisse.
939 1080 1224 1131 Caeterum
1249 1091 1379 1142 quae
1401 1077 1473 1129 de
1494 1077 1584 1128 his
1608 1075 1766 1128 libris
1791 1075 1953 1140 plura
1978 1076 2065 1127 vir
2088 1075 2237 1127 idem
2254 1076 2449 1140 Claris,
2468 1076 2739 1142 disputat.
2754 1078 2814 1129 in
2830 1082 3198 1131 antecessum
3217 1092 3430 1132 consu-

120 1168 314 1232 luisse,
334 1180 526 1233 operae
564 1165 812 1233 pretium
843 1168 965 1220 erit.
1000 1168 1326 1219 Econtrario
1354 1169 1454 1219 aut
1479 1166 1637 1225 falsa,
1668 1171 1770 1219 aut
1796 1166 1866 1217 de
1901 1164 2077 1216 nihilo
2106 1165 2279 1218 ferme
2310 1166 2503 1218 omnia
2527 1169 2682 1229 sunt,
2713 1180 2846 1232 quae
2872 1168 2941 1219 de
2978 1168 3086 1219 illis
3110 1168 3428 1222 Cacciarius

123 1258 334 1323 scribit,
350 1263 526 1323 atque
551 1257 692 1310 illud
705 1271 836 1310 cum
856 1258 1071 1324 primis,
1085 1256 1240 1322 quod
1251 1269 1450 1309 eorum
1466 1256 1959 1309 clucu‘orationem
1976 1255 2047 1307 ad
2066 1268 2284 1308 annum
2303 1269 2487 1320 usque
2507 1257 3146 1324 quadringentesimum
3158 1262 3430 1313 octavum

123 1344 325 1399 diifert.

182 1489 571 1554 Subsequitur
588 1490 1044 1543 Commentarius
1060 1489 1120 1541 in
1141 1488 1478 1554 Symbolum
1496 1487 1915 1553 Apostolorum,
1935 1501 2050 1553 quo
2068 1494 2217 1543 certe
2233 1489 2372 1541 nihil
2390 1490 2725 1555 praeclarum
2741 1491 2929 1557 magis
2944 1497 3120 1556 atque
3140 1492 3431 1545 eruditum

122 1582 239 1631 tota
256 1580 670 1633 Ecclesiasticze
690 1580 1061 1645 Antiquitatis
1081 1579 1357 1631 memoria
1371 1579 1717 1630 continetur.
1746 1580 1861 1630 Nec
1877 1580 2108 1643 aliquod
2126 1580 2280 1632 aliud
2305 1586 2394 1632 est
2416 1581 2577 1633 facile
2593 1581 2652 1633 in
2679 1582 2764 1633 Ss.
2787 1583 2854 1632 Pa
2865 1586 3017 1634 trum
3036 1582 3263 1648 scriptis
3289 1589 3433 1648 quot

122 1675 274 1731 sunt,
308 1676 566 1736 quotque
586 1671 834 1733 fuerunt,
852 1671 1004 1735 quod
1030 1670 1244 1736 saepius
1270 1670 1502 1732 editum,
1521 1670 1896 1733 recognitum,
1915 1682 2201 1732 recusum,
2218 1669 2708 1734 lectumqueadeo
2727 1670 2909 1732 fuerit,
2931 1676 2987 1723 et
3011 1671 3312 1724 doctorum
3327 1673 3433 1725 ho-

118 1759 340 1811 minum
354 1760 855 1812 observationibus
873 1759 1196 1823 studiisque
1210 1760 1393 1824 magis
1410 1759 1727 1823 expolitum
1750 1764 1926 1823 atque
1950 1758 2314 1811 illustratum.
2333 1761 2447 1811 Nos
2464 1759 2822 1811 Balusianam
2837 1761 3227 1826 nuperrimam
3243 1761 3435 1815 editio.

120 1850 564 1915 nem(siveejus
588 1863 619 1902 e
644 1850 1058 1901 Parisiensibus
1083 1849 1491 1913 Benedictinis,
1510 1849 1607 1914 qui
1633 1848 1976 1914 posthumas
1995 1848 2209 1900 Balusii
2241 1862 2410 1901 curas
2445 1851 2506 1901 in
2540 1852 2594 1901 S.
2630 1851 2994 1915 Cyprianum,
3019 1851 3112 1902 cui
3144 1851 3279 1902 olim
3309 1851 3433 1903 haec

121 1939 582 1991 estelucubratio
600 1939 906 1999 adlributa,
927 1938 1312 1990 absolvendas
1332 1944 1391 1991 et
1416 1938 1737 2003 vulgandas
1766 1938 2045 2002 suscepit)
2066 1951 2185 1990 non
2200 1943 2318 1990 tam
2341 1939 2677 1991 imitandam
2702 1940 2868 1991 nobis
2887 1944 3082 2005 utpote
3106 1940 3363 1993 omnium
3378 1943 3438 1993 et

123 2030 582 2082 recentissimam
606 2034 665 2082 et
683 2028 1203 2094 diligentissimam,
1229 2041 1403 2093 quam
1424 2029 1817 2081 exornandam
1844 2030 2267 2094 proposuimus.
2290 2030 2651 2081 Contulimus
2675 2030 2966 2083 enimvero
2986 2044 3118 2082 cum
3143 2030 3269 2082 aliis
3293 2042 3437 2095 prai-

125 2122 276 2171 terea
295 2119 547 2184 vulgatis
562 2119 983 2183 antiquioribus
999 2118 1176 2179 libris,
1197 2131 1344 2182 quos
1362 2118 1601 2170 minimc
1616 2119 1778 2171 novit
1793 2118 2061 2171 laudatus
2080 2119 2294 2184 Editor,
2311 2121 2368 2170 et
2381 2119 2681 2171 Barrseano
2704 2120 3019 2185 praesertim
3038 2120 3251 2183 codice,
3264 2131 3437 2183 quem

121 2208 435 2274 ignorasse,
455 2213 559 2261 aut
586 2221 705 2260 non
729 2207 1111 2272 consuluisse,
1130 2208 1335 2272 quanti
1356 2208 1436 2260 illi
1466 2208 1704 2271 steterit,
1729 2209 1944 2272 passim
1964 2209 2342 2261 ostendimus.
2362 2209 2543 2261 Multa
2559 2209 2737 2274 hujus
2752 2211 2923 2273 atque
2939 2210 3197 2270 aliorum,
3214 2214 3278 2262 ut
3289 2207 3437 2260 dixi-

122 2310 271 2358 mus,
304 2298 585 2349 librorum
601 2310 707 2363 ope
739 2298 1117 2351 restituimus.
1147 2310 1278 2362 quae
1302 2297 1518 2361 reliqua
1532 2297 1718 2361 nobis,
1744 2298 1878 2350 fecit
1894 2302 1978 2350 tot
2003 2298 2306 2351 hominum
2321 2304 2531 2351 caetera
2561 2299 3024 2351 doctissimorum
3048 2299 3352 2363 industria,
3374 2298 3434 2351 et

122 2387 349 2439 medica
378 2387 572 2440 adhuc
591 2401 769 2440 manu
792 2387 1149 2453 indigebant.
1180 2388 1345 2439 Porro
1363 2400 1496 2439 cum
1519 2386 2113 2449 animadverterimus,
2140 2388 2412 2439 Ruﬁnum
2430 2389 2535 2440 abs
2551 2388 2754 2452 Cyrillo
2784 2388 3278 2452 Jerosolymitano,
3297 2399 3433 2452 quo,

122 2488 307 2540 quum
328 2477 409 2528 ibi
432 2481 646 2542 ageret,
669 2478 946 2542 magistro
972 2490 1115 2528 usus
1139 2480 1246 2539 est,
1264 2477 1448 2528 multa
1464 2476 1642 2529 fuisse
1661 2480 2010 2538 mutuatum,
2028 2478 2349 2543 longasque
2361 2479 2652 2543 pericopas
2666 2491 2738 2530 ex
2755 2480 2880 2543 ejus
2899 2479 3048 2528 Fidei
3061 2478 3432 2543 Expositione,

123 2579 302 2630 quam
318 2568 493 2621 variis
517 2566 927 2619 Catechesibus
947 2566 1268 2629 rdisseruit,
1288 2566 1348 2618 in
1374 2567 1641 2619 Latinum
1665 2579 1812 2631 pene
1838 2567 1912 2619 ad
1931 2569 2174 2620 verbum
2199 2580 2510 2620 conversas
2534 2568 2593 2619 in
2628 2581 2732 2619 sua
2770 2567 3151 2629 transtulisse,
3184 2567 3342 2632 ipsas
3371 2567 3433 2619 in

126 2662 321 2722 partes
344 2657 705 2722 vocavimus,
722 2662 778 2710 et
799 2656 1037 2721 singulis
1060 2657 1389 2721 quibusque
1414 2656 1553 2708 locis
1569 2656 1643 2709 ad
1667 2657 1932 2708 Graecum
1970 2658 2278 2722 exemplar,
2314 2657 2468 2721 quod
2501 2661 2557 2709 et
2573 2656 2877 2709 laudamus
2909 2656 2988 2708 ibi
3015 2667 3433 2722 saepenumero,

125 2747 449 2812 exegimus.
466 2749 552 2799 Ex
578 2760 692 2811 quo
713 2759 831 2799 non
854 2746 1020 2799 lectio
1038 2747 1346 2799 dumtaxat
1370 2747 1553 2799 verior
1570 2760 1688 2811 prae
1711 2747 1837 2798 aliis
1854 2759 1987 2811 quae
2009 2748 2364 2809 obtinebant,
2384 2748 2651 2809 innotuit,
2672 2747 2775 2799 sed
2798 2752 2856 2800 et
2881 2759 3088 2800 sensus
3105 2745 3363 2812 penitior,
3381 2745 3439 2798 et

124 2837 212 2888 vis
243 2836 479 2901 prOpria
503 2838 809 2889 verborum
831 2838 890 2889 in
908 2842 1104 2901 aperto
1124 2837 1244 2889 fuit.
1276 2836 1400 2888 Alia
1412 2849 1545 2902 quae
1570 2837 1643 2889 ad
1666 2837 2034 2901 divinissimi,
2054 2839 2119 2889 ut
2138 2837 2219 2890 ita
2237 2837 2497 2900 dixerim,
2519 2837 2671 2890 Libri
2688 2836 3245 2889 commendationem
3263 2839 3438 2901 atque

124 2932 394 2979 ornatum
414 2926 783 2991 contulimus,
808 2940 880 2980 ex
899 2926 1380 2979 Adnotationibus
1404 2926 1609 2979 disces.

184 3069 445 3123 Historia
468 3068 775 3122 Eremitica
795 3082 940 3135 pone
966 3069 1242 3135 sequitur,
1280 3069 1401 3122 sive
1424 3071 1661 3122 Patrum
1681 3069 1851 3134 Vitae,
1879 3082 1980 3121 seu
2011 3068 2280 3134 denique,
2307 3072 2374 3121 ut
2402 3068 2715 3133 placuisset
2746 3068 3067 3121 Fontanino
3106 3068 3435 3135 inscribere,

121 3161 365 3211 Historia
389 3160 806 3223 Monachorum,
829 3165 875 3209 et
898 3160 1095 3210 itinera
1109 3175 1206 3225 per
1226 3160 1527 3224 {Egyptum
1554 3160 1609 3211 S.
1636 3159 1880 3210 Petronii
1904 3159 2263 3209 Bononiensis
2283 3158 2505 3208 nomine
2520 3158 2738 3223 scripta.
2760 3160 2919 3211 Hanc
2934 3172 3041 3210 nos
3062 3170 3135 3211 ex
3149 3157 3436 3213 Rosweidi

120 3262 555 3328 elegantissima
571 3262 826 3314 Edilione
854 3263 1203 3328 accepimus,
1223 3264 1389 3326 cujus
1413 3263 1585 3314 etiam
1608 3276 1725 3313 non
1749 3260 1963 3314 indocti
1987 3275 2123 3313 sane
2140 3261 2267 3326 viri,
2284 3266 2491 3314 caetera
2505 3266 2700 3314 autem
2726 3261 3150 3327 diligentissimi
3174 3261 3432 3313 Adnota-

121 3352 307 3405 tiones
322 3352 1059 3405 contextuisubnectimus.
1083 3356 1154 3404 At
1173 3366 1305 3404 vero
1325 3352 1533 3404 alicubi
1551 3352 1720 3404 etiarn
1746 3353 2120 3417 castigamus.
2152 3352 2403 3417 Longius
2429 3353 2641 3417 quippe
2673 3353 2899 3404 aberrat
2926 3365 2961 3404 a
2997 3352 3253 3416 veritate,
3286 3351 3439 3417 quod

116 3441 372 3495 alterum
397 3455 631 3507 quoque
649 3442 881 3494 Librum
905 3442 975 3495 de
995 3442 1140 3495 Vilis
1160 3443 1391 3495 Patrum
1408 3442 1615 3494 Ruﬁno
1633 3442 1854 3504 saltem,
1870 3445 1934 3494 ut
1951 3442 2248 3507 lnterpreti
2269 3455 2438 3506 posse
2464 3444 2625 3507 putat
2640 3443 2917 3506 adscribi;
2940 3447 2997 3494 et
3020 3442 3175 3506 quod
3204 3441 3438 3507 gravius

122 3533 393 3586 fortassis
422 3535 671 3585 erratum
699 3532 977 3597 videatur,
1001 3532 1179 3585 hocce
1210 3533 1376 3585 unico
1406 3533 1595 3594 Libro,
1628 3531 1727 3596 qui
1758 3533 1945 3583 Ruﬁni
1987 3545 2298 3596 germanus
2338 3537 2426 3585 est
2463 3532 2657 3595 fastus,
2700 3545 2882 3591 suam,
2921 3544 3039 3584 non
3071 3532 3306 3583 alterius
3333 3542 3439 3597 per

115 3626 439 3690 Egyptum
452 3622 971 3689 peregrinationem
990 3624 1062 3675 ab
1096 3623 1219 3688 ipso
1245 3623 1460 3675 narrari
1486 3621 1793 3674 existimat.
1814 3623 2195 3684 Quamobrem
2211 3623 2338 3685 ejus
2357 3624 2413 3673 et
2436 3622 2697 3675 Melaniae
2723 3622 2995 3674 itinerum
3018 3621 3317 3674 historiam
3357 3633 3433 3673 ex

114 3715 346 3780 integro
360 3714 504 3766 texit
522 3713 786 3766 Prasludii
801 3714 941 3773 loco,
960 3718 1132 3778 atque
1152 3713 1239 3764 his
1253 3713 1505 3775 domum,
1521 3712 1734 3777 quibus
1748 3712 1856 3762 sibi
1872 3717 2124 3764 mentem
2136 3713 2525 3777 praeoccupari
2541 3712 3086 3765 hallucinationibus
3100 3724 3311 3777 passus
3330 3715 3438 3773 est,

116 3803 530 3857 adnotationes
551 3816 779 3867 quoque
803 3816 909 3855 sua
934 3803 1248 3855 identidem
1271 3803 1495 3855 imbuit.
1516 3802 2061 3866 Nostrarumitaque
2080 3802 2329 3867 partium
2342 3801 2464 3863 fuit,
2490 3803 2781 3855 Lectorem
2799 3815 3034 3865 monere
3048 3803 3441 3867 quibusopor-

118 3897 231 3948 tuit
247 3895 414 3957 locis,
434 3895 499 3946 ut
518 3906 591 3946 ne
614 3894 826 3947 sineret
846 3894 966 3946 ﬁeri
991 3894 1099 3946 sibi
1117 3893 1331 3955 fucum,
1350 3894 1596 3959 ejusque
1622 3894 1699 3945 rei
1724 3892 1998 3945 brevibus
2026 3904 2266 3943 caussas
2297 3892 2525 3955 addere,
2553 3893 2768 3944 notulis
2785 3904 2940 3957 quas
2978 3892 3253 3945 asterisco
3289 3902 3432 3957 prm-

112 3984 383 4049 signatas
403 3981 762 4048 opponimus.
782 3981 940 4033 Alios
965 3981 1090 4045 ejus
1115 3994 1332 4033 errores
1357 3994 1632 4033 cavemus
1658 3981 1818 4033 alibi:
1840 3986 1996 4046 puta,
2011 3981 2163 4045 quod
2190 3980 2369 4033 fuisse
2396 3982 2668 4033 Ruﬁnum
2691 3982 2968 4033 nonnulla
2987 3994 3022 4033 a
3045 3980 3293 4033 Palladio
3309 3993 3443 4033 mu-

115 4076 355 4126 tuatum
369 4076 653 4135 autumat,
677 4083 857 4135 quum
870 4083 1106 4137 prorsus
1124 4071 1438 4123 econtrario
1457 4071 1578 4135 jam
1603 4076 1843 4134 constet,
1862 4085 1933 4123 ex
1956 4071 2163 4123 Ruﬁno
2187 4072 2456 4135 quaedam
2479 4071 2794 4123 Palladium
2818 4071 2879 4123 in
2909 4083 3016 4123 sua
3044 4069 3435 4123 transtulisse.

118 4164 385 4228 Denique
409 4165 468 4214 et
488 4160 696 4213 menda
717 4159 936 4225 aliquot
949 4160 1215 4214 lectionis
1233 4160 1598 4225 sustulimus,
1613 4165 2065 4225 contextumque
2082 4161 2367 4225 Auctoris,
2383 4161 2609 4226 quoties
2629 4174 2691 4214 se
2712 4161 2935 4215 occasio
2960 4160 3185 4226 obtulit,
3202 4160 3440 4214 fecimus

116 4254 292 4319 paulo
317 4251 636 4304 meliorem.

177 4395 447 4450 Gradum
468 4394 601 4448 hinc
625 4393 870 4447 facimus
893 4392 966 4446 ad
994 4393 1305 4447 Historiam
1326 4391 1800 4457 Ecclesiasticam,
1820 4394 2108 4448 nonillam
2121 4395 2356 4460 quidem
2378 4395 2609 4448 Eusebii
2630 4393 3017 4458 Ca'esariensis,
3036 4406 3211 4458 quam
3228 4396 3440 4447 Noster

117 4488 189 4541 de
214 4489 428 4541 Graeco
451 4486 510 4537 in
533 4485 803 4538 Latinum
820 4485 1031 4537 refudit
1051 4486 1271 4550 (neque
1288 4484 1442 4536 enim
1468 4484 1844 4537 Versionibus
1868 4486 1996 4538 hcic
2017 4486 2183 4538 locus
2205 4489 2325 4540 esti
2345 4486 2444 4538 sed
2469 4498 2645 4550 quam
2662 4484 2730 4536 de
2756 4498 2862 4536 suo
2880 4486 2999 4549 ipse
3010 4484 3238 4535 duobus
3252 4484 3436 4536 Libris

115 4577 444 4639 contexuit,
455 4580 629 4640 atque
646 4576 987 4628 Eusebiante
1000 4575 1127 4641 subj
1138 4575 1315 4627 unxit.
1333 4576 1474 4639 Ejus
1489 4575 1781 4628 Editiones
1795 4575 2217 4640 typOgraphicis
2232 4574 2427 4626 formis
2440 4588 2510 4626 ex
2518 4586 2748 4639 pressas
2763 4574 3122 4625 Fontaninus
3134 4573 3310 4626 ferme
3322 4586 3441 4626 om.

116 4681 224 4721 nes
248 4668 539 4729 recenset,
556 4665 942 4730 expenditque
966 4665 1037 4718 de
1060 4677 1219 4718 more
1249 4665 1481 4730 copiose
1504 4666 1645 4717 satis
1676 4677 1743 4717 ac
1768 4665 2085 4730 diligenter.
2125 4667 2293 4717 Anno
2318 4669 2516 4717 autem
2555 4664 2628 4715 ab
2663 4665 2790 4729 ejus
2828 4664 2989 4716 obitu
3021 4668 3229 4728 quarto
3271 4676 3440 4716 suam

118 4759 325 4811 Romae
353 4756 611 4821 vulgavit
633 4756 691 4806 F.
713 4755 1051 4819 Cacciarius,
1073 4756 1144 4807 de
1165 4768 1282 4819 quo
1313 4755 1483 4819 paulo
1498 4758 1632 4808 ante
1662 4754 2019 4817 dicebamus,
2048 4767 2291 4817 eamque
2317 4768 2378 4806 se
2398 4754 2472 4806 ad
2494 4754 2801 4806 Vaticanos
2820 4754 2956 4806 Mss.
2973 4754 3136 4807 codd.
3157 4754 3439 4818 exegisse,

116 4853 172 4900 et
193 4847 367 4901 notis
385 4845 718 4907 illustrasse,
742 4845 801 4897 in
827 4846 1012 4897 fronte
1038 4845 1236 4910 Operis
1254 4845 1567 4910 proﬁtetur.
1595 4846 1627 4896 J
1634 4858 1729 4896 ure
1756 4857 1862 4897 suo
1889 4845 2137 4909 postulet
2160 4857 2196 4895 a
2215 4856 2306 4895 me
2326 4845 2546 4903 Lector,
2574 4846 2638 4895 ut
2661 4856 2793 4907 quae
2817 4844 2942 4908 ejus
2960 4843 3102 4896 ratio
3121 4843 3214 4908 sit,
3233 4843 3438 4895 dicam.

119 4938 232 4991 Sed
255 4941 578 5001 antequam
603 4936 710 4988 hoc
733 4935 899 5001 facio,
919 4935 1060 5000 quid
1084 4948 1191 5001 ego
1210 4935 1267 4987 in
1290 4935 1398 4988 hac
1412 4948 1541 4988 mea
1564 4934 1900 4987 adornanda
1922 4934 2309 5000 praestiterim,
2330 4939 2398 4986 ut
2426 4936 2613 4998 coepto
2637 4933 2893 4999 pressius
2916 4934 3200 4996 insistam,
3225 4933 3442 4986 docebo

117 5029 344 5091 paucis,
374 5027 749 5079 Barreeanum
772 5024 1069 5090 exemplar
1084 5025 1236 5089 typis
1265 5026 1399 5078 ante
1423 5037 1607 5076 annos
1628 5024 1806 5076 ferme
1832 5028 2063 5076 c:ntum
2079 5023 2445 5088 septuaginta
2465 5035 2825 5087 expressum,
2851 5036 2968 5087 quo
3003 5022 3265 5088 pluribus
3302 5022 3442 5075 locis

115 5118 357 5170 nullum
374 5121 466 5169 est
480 5115 667 5180 magis
681 5114 1069 5179 emendatum,
1085 5115 1491 5180 expoliendum
1506 5128 1689 5179 usque
1699 5113 1842 5167 mihi
1854 5120 2027 5178 atque
2041 5112 2439 5166 exornandum
2452 5113 2738 5178 proposui.
2752 5112 2978 5163 Contuli
2988 5117 3183 5165 autem
3196 5112 3441 5165 subinde

116 5221 254 5260 cum
270 5206 408 5259 aliis
419 5205 845 5269 antiquioribus
860 5205 1029 5258 editis
1040 5204 1220 5268 libris,
1234 5208 1289 5257 et
1305 5205 1590 5270 praecipue
1606 5204 1854 5257 Parisien
1862 5204 1909 5256 si
1920 5204 2056 5255 anni
2072 5202 2229 5267 15‘23,
2244 5215 2417 5266 quem
2430 5201 2788 5254 Boussardus
2798 5201 3066 5253 secundis
3078 5216 3149 5254 cu
3157 5202 3230 5253 ris
3244 5202 3438 5267 vulga-

119 5298 217 5357 vit,
238 5301 301 5350 et
318 5298 492 5349 bona)
515 5294 697 5360 frugis
718 5295 931 5360 saepius
946 5300 1219 5361 expertus
1238 5308 1388 5347 sum.
1408 5296 1557 5347 Tum
1576 5307 1709 5348 vero
1722 5295 2017 5347 codicibus
2036 5295 2168 5345 Mss.
2189 5294 2416 5345 duobus
2432 5306 2467 5343 θ.
2489 5292 2690 5356 capite,
2710 5292 2961 5353 utaiunt,
2980 5292 3053 5343 ad
3071 5291 3287 5343 calcem
3304 5303 3441 5343 cum

122 5388 284 5440 edito
311 5385 665 5451 comparatis
689 5397 820 5438 sum
836 5399 1003 5449 usus,
1026 5398 1291 5449 quorum,
1321 5389 1516 5449 utpote
1532 5385 1889 5439 diversarum
1912 5383 2191 5450 gentium,
2211 5383 2506 5447 explorare
2530 5382 2704 5434 etiam
2728 5380 2899 5433 ﬁdem
2917 5380 3263 5433 variantium
3290 5381 3438 5433 inter

121 5490 183 5530 se
212 5475 477 5530 invicem
501 5474 865 5528 contentione
888 5474 1218 5539 lectionum,
1238 5487 1354 5526 non
1379 5474 1607 5538 exiguae
1624 5475 1748 5540 Opis
1764 5474 1888 5527 fuit.
1920 5474 2180 5527 Alterum
2207 5472 2475 5525 laudatus
2498 5484 2681 5536 nuper
2700 5468 3077 5522 Trombellius
3094 5470 3197 5521 Ab.
3227 5470 3279 5519 S.
3316 5469 3439 5522 Sal-

126 5567 352 5620 vatoris
377 5566 450 5618 de
473 5565 738 5630 ejusdem
761 5564 1012 5617 Caenobii
1038 5565 1406 5625 Bibliotheca,
1430 5578 1563 5629 quae
1590 5565 1864 5618 Bononire
1880 5570 1984 5627 est,
2004 5563 2418 5630 suppeditavit;
2436 5563 2681 5614 alterum
2697 5560 3048 5626 quietpaulo
3070 5560 3320 5613 melioris
3339 5566 3431 5614 est

126 5662 308 5722 notas,
339 5655 671 5720 accepimus
693 5666 765 5707 ex
787 5653 1154 5708 celeberrima
1176 5655 1641 5708 Guarnerianain
1675 5656 1725 5706 S.
1760 5655 2006 5708 Danielis
2036 5654 2365 5719 municipio,
2392 5666 2563 5717 quem
2586 5650 2827 5704 contulit
2849 5648 3336 5714 diligentisssime,
3371 5654 3432 5704 et

128 5752 357 5812 quanta
374 5745 434 5799 in
461 5744 747 5812 ejusmodi
767 5744 1077 5798 tractandis
1096 5744 1255 5798 libris
1271 5758 1419 5811 opus
1444 5750 1550 5811 est,
1580 5745 1882 5799 sedulitate
1910 5758 1978 5799 ac
2005 5745 2266 5799 doctrina
2287 5741 2561 5809 expendit
2584 5742 2649 5794 V.
2674 5740 2751 5793 Cl.
2778 5739 3111 5793 Dominicus
3136 5740 3430 5807 Ongarus,
