3902 6400
491 276 560 332 59
1944 276 2341 329 PREFATIO.
3719 276 3792 332 60

493 388 817 445 studiorum
836 390 899 445 in
920 391 1182 447 Utinensi
1197 394 1506 449 Seminario
1524 393 1852 454 Prafectus,
1870 392 2011 446 alias
2026 405 2132 445 nec
2157 392 2336 447 semel
2356 393 2505 447 infra
2526 394 2600 446 ob
2625 394 2909 459 ejusmodi
2930 393 2990 446 in
3006 393 3278 446 Ruﬁnum
3300 398 3565 447 nostrum
3585 391 3794 445 collata

491 490 567 533 ex
595 482 735 535 Mss.
760 482 1035 537 beneficia
1047 484 1389 539 laudandus.
1417 486 1726 536 Possemus
1738 488 1797 537 et
1810 484 2138 545 Vaticanos,
2171 497 2316 548 quos
2334 485 2645 537 Cacciarius
2663 484 2979 550 descripsit,
3008 484 3231 537 codices
3252 497 3454 537 vocare
3480 484 3542 536 in
3564 488 3789 549 partes;

493 570 778 636 siquidem
798 586 918 628 non
935 587 1063 628 eam
1084 574 1407 629 inconsulto
1431 575 1733 628 lectionem
1756 574 1987 638 sequuti
2012 587 2237 638 sumus,
2258 587 2433 639 quam
2455 575 2547 627 hic
2571 575 2937 640 pratulisset,
2961 573 3063 626 sed
3090 573 3331 639 singulis
3358 574 3687 638 quibusque
3715 584 3792 624 ex

489 657 712 726 integro
733 661 808 715 ad
823 674 1069 718 examen
1089 665 1391 731 revocatis,
1420 664 1634 731 sapius
1658 675 1832 729 quam
1847 662 1939 716 ille
1953 663 2015 715 in
2031 667 2257 716 textum
2280 669 2586 729 receperat,
2611 664 3037 729 repudiavimus
3066 683 3077 712 :
3105 663 3419 716 econtrario
3435 674 3569 727 qua
3592 661 3792 714 minus

491 752 551 800 et
571 750 933 817 probabatur,
958 752 1307 806 suffecimus.

550 895 680 947 Jam
701 895 894 961 itaque
914 910 1042 951 eam
1057 898 1366 952 editionem
1383 899 1799 965 expendamus.
1818 899 2080 963 Quinque
2105 898 2239 950 Mss.
2264 896 2507 959 codices,
2524 896 2596 949 ad
2622 908 2768 961 quos
2791 894 2945 949 illam
2975 895 3247 961 exegerit,
3281 895 3476 949 laudat
3499 894 3694 948 Editor
3727 894 3789 948 in

488 982 837 1050 Prafatione,
864 992 981 1041 tres
1007 987 1220 1041 scilicet
1240 988 1575 1052 Vaticanos,
1605 987 1868 1053 duosque
1882 987 2022 1039 alios
2040 1000 2111 1039 ex
2129 986 2329 1038 eadem
2345 986 2707 1049 Bibliotheca,
2725 998 2908 1037 unum
2919 986 3152 1049 Regina
3176 987 3485 1037 Suecorum
3499 1023 3514 1049 ,
3540 984 3789 1037 alterum

490 1072 842 1141 Urbinatem,
860 1089 1034 1142 quem
1060 1078 1121 1129 in
1144 1077 1296 1130 notis
1320 1078 1459 1130 falso
1478 1078 1821 1128 recentiorem
1843 1077 2086 1141 Regium,
2108 1091 2199 1125 seu
2224 1077 2437 1140 Regina
2451 1074 2713 1140 appellat,
2731 1074 2973 1140 ejusque
3000 1075 3081 1127 rei
3105 1074 3332 1140 culpam
3355 1074 3480 1127 heic
3512 1073 3791 1139 depreca-

489 1168 599 1217 tur.
623 1164 707 1215 Ac
727 1167 866 1217 sunt
883 1164 961 1218 illi
991 1165 1225 1230 quidem
1238 1166 1569 1219 recentioris
1585 1167 1773 1220 atatis
1802 1178 2023 1229 omnes,
2050 1170 2105 1217 et
2128 1176 2261 1229 qua
2278 1176 2480 1229 parum
2505 1163 2951 1229 Typographica
2977 1163 3115 1215 artis
3133 1163 3385 1217 inventis
3417 1161 3785 1215 antecedant.

491 1249 706 1304 Verum
727 1250 867 1305 illud
886 1254 1059 1307 etiam
1073 1254 1292 1308 accedit
1311 1254 1677 1319 incommodi,
1702 1254 1855 1319 quod
1865 1255 1945 1307 ita
1960 1266 2022 1306 se
2037 1253 2105 1305 iis
2120 1265 2290 1305 usum
2306 1252 2604 1317 fatetur,ut
2618 1268 2646 1300 α
2672 1252 2779 1304 sibi
2799 1251 3056 1317 religioni
3080 1251 3309 1305 duxerit
3329 1251 3401 1304 de
3423 1250 3790 1316 superiorum

491 1338 785 1394 Editorum
807 1341 1048 1396 lectione
1070 1344 1365 1410 quidpiam
1387 1345 1709 1409 immutare,
1736 1344 1847 1397 nisi
1863 1344 2213 1409 suffragante
2237 1343 2348 1395 fide
2372 1343 2616 1395 duorum
2630 1341 2831 1395 saltem
2851 1342 3283 1408 exemplarium.
3298 1341 3543 1394 nExhoc
3565 1340 3793 1393 scilicet

492 1434 609 1483 tam
630 1429 744 1485 levi
754 1444 1040 1485 censensu
1059 1433 1278 1499 maluit,
1292 1447 1466 1500 quam
1477 1448 1551 1489 ex
1562 1435 1842 1501 probitate
1853 1433 2113 1488 lectionis
2126 1433 2446 1494 manifesta,
2464 1437 2771 1485 contextus
2783 1433 2944 1496 serie,
2960 1438 3133 1497 atque
3150 1432 3276 1485 aliis
3292 1432 3504 1496 quibus
3519 1430 3787 1483 abundat

486 1521 786 1586 praceptis
811 1525 917 1575 Ars
929 1523 1147 1585 Critica,
1168 1524 1453 1590 judicium
1480 1526 1640 1580 ferre.
1667 1528 1797 1586 Ars,
1818 1526 2076 1590 inquam,
2101 1524 2319 1586 Critica,
2334 1536 2508 1588 quam
2524 1524 2623 1588 qui
2641 1524 2979 1588 profitentur
2992 1529 3166 1587 atque
3187 1527 3411 1584 ornant,
3424 1521 3787 1587 contemptui

485 1608 661 1664 habet
681 1614 740 1666 et
757 1612 1046 1666 cavendas
1066 1613 1249 1668 docet.
1270 1630 1300 1666 α
1318 1617 1465 1669 Nam
1479 1627 1613 1681 qua
1635 1617 1716 1680 (in
1739 1617 1939 1679 Praf.),
1956 1615 2054 1677 ait,
2072 1613 2339 1667 subtilius
2360 1613 2541 1666 autde
2561 1614 2777 1666 ratione
2801 1619 3121 1678 temporum
3146 1613 3563 1677 excogitarunt,
3584 1615 3688 1663 aut
3711 1610 3786 1663 de

489 1699 614 1755 aliis
629 1700 963 1765 hujusmodi
983 1704 1157 1757 rebus
1169 1704 1481 1771 disputant,
1496 1718 1630 1757 cum
1641 1709 1705 1757 ut
1714 1704 2022 1770 plurimum
2043 1716 2162 1756 non
2180 1703 2273 1755 alii
2285 1703 2556 1765 usuisint,
2570 1707 2743 1767 atque
2762 1702 2832 1753 iis
2842 1702 3223 1765 infirmandis,
3238 1714 3368 1767 qua
3380 1700 3610 1753 aliunde
3629 1701 3788 1753 certa

486 1787 835 1853 viderentur,
860 1802 979 1843 non
1004 1796 1121 1843 tam
1138 1793 1347 1855 valent,
1366 1805 1492 1845 meo
1506 1793 1737 1857 quidem
1744 1792 1976 1857 judicio,
1992 1792 2064 1844 ad
2075 1792 2360 1856 juvenum
2377 1791 2754 1843 eruditionem
2770 1804 2945 1855 quam
2960 1790 3031 1841 ad
3047 1804 3146 1842 eos
3164 1790 3506 1842 imbuendos
3523 1788 3787 1841 libertate

487 1876 758 1942 opinandi
778 1879 1046 1944 quadam,
1061 1881 1217 1933 unde
1231 1894 1422 1933 rerum
1433 1881 1526 1935 vel
1546 1881 1923 1947 gravissimas
1945 1881 2007 1932 in
2025 1880 2268 1933 dubium
2280 1892 2548 1933 revocare
2570 1881 2925 1933 assuescant.
2946 1898 2973 1923 ιι
2991 1880 3137 1931 Hinc
3158 1880 3299 1931 satis
3312 1879 3510 1943 liquet,
3525 1890 3641 1943 quo
3660 1877 3787 1942 ipse

485 1965 717 2031 ingenio
730 1966 881 2020 hanc
902 1969 1090 2023 inierit
1114 1971 1466 2035 provinciam
1488 1987 1505 2020 :
1536 1983 1709 2036 quem
1731 1971 1926 2023 fecerit
1946 1970 2260 2024 lectionum
2276 1969 2591 2023 delectum:
2618 1983 2750 2035 qua
2775 1970 3112 2023 disseruerit
3133 1971 3195 2022 in
3216 1970 3387 2021 notis.
3403 1971 3620 2034 Nempe
3638 1980 3786 2033 quas

489 2056 838 2121 oportuisset
850 2058 1167 2113 lectionnes
1183 2061 1524 2126 expendere,
1546 2065 1611 2113 ut
1635 2061 1795 2115 facile
1819 2061 2199 2126 reciperentur
2222 2060 2283 2112 in
2306 2064 2546 2121 textum,
2573 2058 2682 2112 hac
2706 2059 2882 2112 ferme
2902 2072 3019 2112 una
3043 2060 3113 2111 de
3137 2072 3346 2112 caussa
3367 2059 3606 2124 respuit,
3624 2057 3786 2124 quod

492 2145 759 2202 solitaria
770 2154 969 2202 essent
991 2163 1173 2215 quum
1187 2150 1500 2203 econtrario
1517 2151 1623 2204 hac
1638 2152 1764 2217 ipsa
1780 2156 1977 2204 essent
1990 2151 2061 2203 de
2073 2164 2281 2203 caussa
2296 2150 2475 2215 pluris
2488 2150 2780 2215 facienda,
2798 2154 2863 2202 ut
2878 2150 3095 2202 faciunt
3106 2162 3321 2207 revera,
3346 2150 3445 2214 qui
3457 2151 3590 2201 Mss.
3606 2149 3788 2201 libros

490 2235 698 2302 sciunt,
722 2238 877 2303 quod
903 2251 965 2291 se
978 2240 1053 2292 ab
1071 2240 1327 2301 alterius,
1360 2241 1483 2293 sive
1504 2240 1630 2305 loci,
1660 2241 1782 2294 sive
1813 2253 2020 2293 manus
2037 2240 2344 2304 archetypo
2364 2245 2636 2305 exceptas
2661 2239 2929 2303 produnt,
2945 2243 3121 2303 atque
3147 2239 3260 2293 illa
3285 2244 3439 2301 sunt,
3456 2250 3602 2303 quas
3628 2252 3787 2293 unus

488 2324 655 2391 plane
678 2327 894 2380 similes
924 2329 1098 2382 variis
1108 2330 1562 2382 amanuensibus
1574 2329 1947 2394 Antiquarius
1961 2329 2216 2382 dictavit.
2238 2329 2393 2381 Alias
2410 2342 2555 2394 quas
2572 2330 2800 2394 recepit,
2823 2335 2888 2381 ut
2905 2334 3033 2394 pote
3048 2328 3295 2393 plurium
3314 2328 3600 2393 suffragiis
3616 2328 3788 2381 Codi-

490 2427 624 2467 cum
643 2416 1094 2482 commendatas,
1119 2417 1170 2469 si
1192 2431 1314 2472 rem
1335 2418 1709 2485 expendisset
1731 2420 1895 2480 bene,
1927 2431 2045 2470 non
2065 2422 2185 2471 erat
2213 2430 2316 2470 cur
2340 2417 2615 2483 reciperet
2637 2419 2711 2469 ob
2737 2418 2917 2469 solam
2943 2418 3174 2481 majoris
3196 2416 3420 2469 numeri
3442 2416 3633 2480 fidem,
3648 2429 3787 2481 qua

491 2505 636 2556 tanti
657 2518 775 2557 non
798 2512 904 2571 est,
923 2508 1154 2572 quando
1183 2509 1264 2561 ita
1293 2510 1353 2561 in
1382 2510 1651 2562 omnibus
1675 2508 1909 2561 Codices
1934 2510 2205 2574 perpetuo
2226 2508 2611 2568 consentiunt,
2636 2512 2702 2559 ut
2732 2521 2886 2559 unus
2914 2508 2987 2559 ab
3011 2508 3121 2559 alio
3151 2506 3419 2572 descripti
3456 2507 3785 2571 videantur,

492 2605 680 2657 neque
700 2594 843 2648 adeo
864 2594 959 2649 illa
976 2597 1090 2649 nisi
1112 2597 1285 2651 unius
1309 2598 1529 2651 Codicis
1553 2598 1865 2651 auctoritas
1885 2598 2149 2650 habenda
2172 2598 2263 2649 sit.
2290 2598 2354 2648 In
2379 2598 2601 2649 cateris
2623 2609 2795 2661 quam
2812 2596 2986 2661 probe
3018 2608 3246 2661 operam
3274 2608 3441 2647 suam
3467 2595 3683 2657 locarit,
3711 2610 3787 2649 ex

491 2682 855 2735 contentione
873 2688 1088 2736 nostra
1120 2683 1298 2750 hujus
1325 2685 1598 2738 Editionis
1622 2697 1954 2750 cognosces,
1978 2697 2053 2737 ne
2074 2684 2123 2736 si
2148 2684 2411 2750 persequi
2438 2684 2778 2750 exponendo
2804 2683 2994 2745 velim,
3024 2683 3247 2736 nullum
3271 2683 3472 2735 faciam
3501 2684 3787 2748 prafandi

490 2768 685 2822 finem.
709 2771 1158 2826 Adnotationum
1174 2776 1291 2837 (eas
1313 2774 1457 2837 dico,
1472 2788 1603 2840 qua
1629 2774 1778 2827 hanc
1790 2774 2041 2827 maxime
2057 2778 2278 2838 partem
2289 2773 2609 2827 Rufiniana
2630 2774 2896 2827 Historia
2915 2776 3192 2839 spectant)
3216 2794 3242 2818 α
3258 2786 3324 2825 eo
3349 2786 3410 2825 se
3430 2773 3508 2825 ait
3523 2774 3601 2835 (in
3617 2775 3782 2837 Praef.

495 2859 636 2909 Tom.
661 2860 733 2924 Ι.)
776 2860 1021 2925 ipsemet
1051 2876 1225 2915 usum
1248 2876 1476 2928 genere,
1508 2877 1623 2929 quo
1646 2864 1946 2917 lectionem
1973 2876 2139 2916 suam
2173 2863 2490 2916 vindicaret
2525 2865 2597 2916 ab
2635 2863 3124 2929 intemperantiori
3169 2862 3397 2925 Critice;
3438 2867 3562 2914 tum
3586 2868 3787 2915 autem

488 2960 706 3013 eorum,
732 2961 865 3013 qua
883 2950 957 3002 ad
987 2952 1402 3017 Geographiam
1432 2952 1698 3015 attinent,
1727 2962 1848 3006 non
1865 2952 2207 3017 injocundas
2235 2957 2292 3004 et
2319 2952 2461 3004 satis
2484 2952 2654 3004 utiles
2678 2953 2911 3005 notitias
2934 2952 3176 3004 curiosa
3185 2950 3477 3015 juventuti
3494 2957 3733 3014 pararet.
3759 2974 3785 2996 ι-

488 3037 637 3090 Nihil
662 3044 854 3092 tamen
863 3041 1018 3094 aliud
1035 3042 1323 3107 pleraque
1335 3055 1537 3095 omnes
1550 3042 1774 3107 docent,
1789 3055 1962 3107 quam
1980 3042 2133 3107 quod
2152 3036 2343 3093 sciunt
2358 3043 2571 3106 passim
2588 3055 2809 3105 omnes,
2824 3046 2923 3093 aut
2934 3040 3049 3106 peti
3068 3052 3102 3093 a
3114 3039 3559 3106 Lexicographis
3574 3043 3789 3105 potest,

485 3131 586 3180 aut
608 3128 856 3194 denique
870 3143 1084 3184 novam
1111 3132 1359 3185 rancidis
1391 3132 1935 3185 hallucinationibus
1954 3132 2249 3184 materiam
2265 3133 2499 3196 prabet.

548 3271 849 3337 Specimen
870 3286 1054 3326 unum
1089 3273 1319 3339 aliquod
1344 3274 1768 3340 subjiciendum
1797 3280 1903 3337 est,
1930 3280 1996 3327 ut
2021 3274 2174 3339 quod
2202 3273 2471 3331 diximus.
2502 3273 2765 3339 exemplo
2788 3276 3028 3325 constet.
3062 3274 3263 3325 Narrat
3290 3272 3534 3324 Rufinus
3558 3273 3681 3325 Lib.
3716 3277 3788 3328 ll.

487 3361 618 3427 Cap.
662 3362 866 3415 XXIII.
906 3362 976 3415 de
1008 3364 1222 3429 Serapii
1256 3365 1653 3426 subversione,
1685 3364 1941 3431 militem,
1974 3368 2230 3428 correpta
2258 3364 2527 3429 bipenne,
2555 3364 2912 3429 percussisse
2932 3361 3171 3424 Idolum,
3198 3366 3255 3415 et
3282 3362 3537 3426 repetitis
3568 3363 3786 3417 ictibus

481 3450 661 3515 putris
691 3451 830 3517 ligni
851 3450 1130 3515 fumosum
1152 3454 1377 3519 genium
1393 3455 1623 3505 ccedisse.
1649 3454 1904 3507 Adnotat
1920 3454 2108 3505 bonus
2127 3452 2220 3504 ille
2237 3453 2341 3516 vir,
2358 3454 2457 3503 His
2476 3469 2553 3503 vei
2566 3452 2645 3503 bis
2662 3453 2953 3505 fumosum
2969 3452 3222 3517 genium,
3247 3452 3410 3502 etiam
3428 3453 3602 3502 utitur
3623 3453 3792 3504 Theo-

479 3538 667 3605 philus
690 3541 1141 3594 deAlexandrino
1166 3542 1445 3609 Serapidis
1474 3544 1682 3610 Templa
1715 3545 1933 3609 loquens
1968 3544 2029 3593 in
2059 3543 2299 3605 Epistula
2326 3542 2615 3607 Synodica.
2643 3542 2979 3593 Nouissimas
3020 3547 3200 3592 autem
3234 3541 3427 3591 Editor
3468 3557 3694 3607 operum
3730 3546 3789 3598 S.

482 3628 807 3695 Hieronymi
836 3631 1109 3682 existimat
1132 3634 1275 3695 ἑνιον,
1301 3648 1392 3683 seu
1440 3634 1601 3684 κὲνὶον
1630 3632 1763 3698 (sic)
1788 3632 1965 3682 locum
1985 3632 2151 3696 fuisse
2178 3631 2268 3680 ubi
2290 3631 2534 3695 HOSpites
2559 3631 2939 3697 reciperentur.
2966 3630 3125 3693 Vide,
3159 3630 3362 3682 amabo
3392 3632 3614 3695 Lector,
3645 3639 3794 3697 quot

485 3718 801 3782 mendacia,
820 3719 1155 3781 calumnias,
1172 3721 1415 3788 ineptias
1432 3722 1621 3775 verbis
1641 3727 1759 3776 tam
1776 3721 1973 3786 paucis
1988 3720 2153 3785 cogit.
2174 3721 2441 3783 Queritur
2453 3720 2803 3786 Theophilus
2817 3720 3084 3773 factiosos
3098 3720 3470 3785 Origenistas,
3487 3720 3791 3775 mulierem

487 3813 547 3863 et
567 3808 749 3861 illium
763 3811 890 3875 ejus
910 3810 1350 3873 adolescentem,
1368 3824 1616 3876 quorum
1627 3824 1833 3864 caussa
1847 3810 1995 3862 male
2012 3810 2265 3862 Isidorus
2293 3810 2579 3874 audiebat,
2610 3810 2950 3876 produxisse
2969 3810 3029 3862 in
3044 3810 3316 3873 medium,
3342 3812 3397 3862 et
3422 3810 3482 3860 in
3500 3811 3608 3861 loco
3632 3812 3793 3863 Urbis

486 3897 833 3961 celeberrimo,
860 3915 1017 3965 quem
1041 3900 1101 3950 ni
1122 3900 1412 3966 fallor,ait,
1437 3902 1667 3951 Genium
1679 3906 1884 3961 vocant,
1910 3900 2202 3950 collacasse.
2217 3900 2355 3951 Hac
2373 3901 2536 3952 totaT
2548 3899 2799 3965 heophili
2813 3900 3096 3953 sententia
3110 3904 3216 3952 est.
3235 3898 3469 3953 Falsum
3481 3905 3571 3953 est
3590 3900 3793 3966 itaque

484 3987 667 4053 primo
682 3989 835 4053 quod
846 3990 925 4042 ait
949 3990 1284 4055 Cacciarius,
1311 3990 1689 4055 Theophilum
1710 4002 1988 4056 usurpare
2019 3989 2145 4041 hac
2162 3990 2357 4053 verba,
2380 3990 2658 4053 fumosum
2688 3990 2925 4054 genium.
2954 3987 3186 4039 Falsum
3210 3987 3432 4051 deinde,
3448 3988 3603 4053 quod
3630 3990 3794 4045 hunc

484 4080 565 4133 ait
586 4079 658 4133 de
686 4079 1071 4133 Alexandrino
1105 4081 1387 4146 Serapidis
1414 4079 1623 4146 templo
1646 4080 1823 4145 loqui,
1844 4093 1959 4144 quo
1983 4080 2123 4133 nihil
2157 4080 2207 4132 ei
2230 4080 2421 4133 minus
2448 4080 2639 4132 venire
2666 4080 2725 4131 in
2758 4084 3013 4131 mentem
3048 4080 3346 4145 potuisset.
3396 4081 3793 4145 Praterquam

485 4167 639 4234 quod
662 4170 811 4221 enim
834 4171 1126 4235 conceptis
1152 4171 1340 4223 verbis
1376 4170 1551 4220 locum
1578 4169 1731 4221 Urbis
1754 4169 2153 4221 celeberrimum
2178 4170 2344 4233 dixit,
2368 4170 2579 4228 vicum,
2606 4174 2761 4233 puta,
2785 4173 2886 4221 aut
2914 4170 3120 4232 forum,
3150 4173 3251 4222 aut
3267 4168 3405 4232 quid
3432 4169 3635 4234 simile,
3669 4184 3793 4225 non

490 4257 797 4323 templum:
814 4259 1108 4323 Serapiurn
1120 4273 1309 4324 neque
1327 4259 1573 4324 amplius
1592 4261 1860 4312 exstabat
1876 4263 2012 4312 tunc
2025 4259 2315 4325 temporis,
2336 4257 2488 4323 quod
2503 4258 2625 4322 ipse
2643 4258 2993 4323 Theophilus
3017 4263 3152 4311 ante
3176 4271 3361 4311 annos
3379 4259 3553 4312 ferme
3565 4258 3792 4327 decem,

489 4358 665 4412 quam
690 4346 818 4399 hac
837 4348 1125 4408 scriberet,
1147 4349 1267 4413 jam
1291 4350 1671 4412 subverterat,
1699 4361 1764 4401 ac
1786 4348 1905 4401 solo
1931 4353 2282 4412 aquaverat.
2306 4347 2539 4399 Falsum
2562 4346 2743 4409 tertio,
2772 4346 2926 4411 quod
2954 4352 3012 4401 et
3034 4347 3389 4414 pracipuum
3412 4352 3502 4399 est
3522 4349 3792 4403 Cacciarii

486 4436 860 4502 propositum,
877 4436 1096 4500 genium
1120 4436 1275 4501 quod
1296 4436 1461 4489 unice
1478 4438 1722 4489 verbum
1737 4437 2085 4501 Theophilus
2101 4441 2343 4501 usurpat
2361 4436 2604 4500 (etiamsi
2620 4442 2770 4489 recte
2796 4436 3085 4501 Scriptura
3104 4436 3357 4499 haberet,
3374 4449 3550 4501 quam
3575 4437 3791 4503 depra-

488 4530 683 4578 vatam
698 4526 1075 4589 ostendimus)
1100 4526 1413 4589 quidquam
1436 4526 1497 4578 in
1522 4526 1898 4591 significando
1922 4538 2225 4578 commune
2238 4538 2372 4577 cum
2394 4525 2607 4588 fumoso
2632 4526 2915 4591 Serapidis
2939 4528 3093 4591 genio
3110 4526 3337 4578 habere.
3355 4528 3485 4578 Jam
3506 4527 3661 4591 quod
3695 4541 3794 4580 me

492 4618 717 4678 spectat
741 4613 1030 4666 Editorem
1046 4614 1570 4680 Hieronymianum,
1594 4628 1699 4680 ego
1722 4628 1855 4668 cum
1874 4614 2184 4679 Epistolam
2195 4613 2367 4678 illam,
2380 4626 2552 4678 quam
2576 4619 2634 4667 et
2648 4614 2939 4680 Theophili
2957 4616 3298 4680 Synodicam
3312 4616 3419 4667 abs
3433 4615 3792 4680 Hieronymo

492 4702 690 4754 Latine
719 4701 997 4755 redditam
1022 4704 1189 4755 certis
1212 4704 1566 4768 argumentis
1591 4704 1835 4768 ostendi,
1867 4704 2153 4768 etprimus
2166 4716 2236 4755 ex
2247 4704 2499 4768 antiquis
2516 4704 3045 4769 membranis,inter
3059 4717 3205 4769 quas
3218 4704 3333 4757 fato
3352 4704 3613 4769 proxima
3646 4704 3790 4755 hac-

491 4794 662 4843 tenus
688 4791 873 4851 latuit,
891 4796 1133 4854 erutam,
1157 4793 1633 4858 pretiosissimum
1658 4794 1707 4844 si
1730 4793 1882 4857 quod
1902 4792 2056 4846 aliud
2076 4793 2451 4859 Antiquitatis
2473 4794 2912 4853 monimentum,
2926 4794 3172 4847 literario
3193 4794 3327 4847 Orbi
3348 4793 3789 4853 communicavi,

487 4880 550 4932 in
560 4880 643 4932 Ad
650 4882 1037 4934 notationibus
1050 4883 1261 4947 quibus
1272 4895 1398 4936 eam
1409 4882 1809 4935 illustrandam
1822 4883 2065 4949 suscepi,
2078 4884 2150 4936 ad
2163 4883 2462 4936 laudatum
2474 4884 2643 4936 modo
2652 4882 2843 4936 locum
2854 4897 2956 4937 sus
2960 4885 3186 4949 picutus
3203 4896 3332 4935 sum
3341 4922 3353 4943 ,
3369 4884 3563 4947 Ξένιον,
3574 4882 3792 4933 Χεηίοη

486 4968 923 5035 intelligendum
946 4983 1046 5035 pro
1064 4970 1247 5034 Genio,
1273 4970 1524 5024 etvideri
1554 4971 1764 5035 locum,
1781 4971 1881 5022 ubi
1899 4971 2159 5037 hospites
2176 4972 2581 5025 convenirent:
2608 4972 2854 5037 plateam
2873 4972 3153 5034 videlicet,
3178 4976 3279 5024 aut
3311 4972 3507 5024 vicum
3532 4970 3795 5024 advena-

488 5071 635 5112 rum.
661 5061 873 5111 Demus
892 5059 1123 5125 ingenio
1145 5060 1393 5125 religiosi
1417 5060 1539 5124 viri,
1567 5060 1722 5125 quod
1752 5060 2096 5113 beneficium
2116 5061 2404 5125 singulare
2431 5062 2491 5114 in
2517 5063 2698 5114 bonis
2722 5062 2933 5126 literas,
2954 5067 3012 5114 et
3027 5075 3161 5113 cum
3189 5061 3385 5127 primis
3410 5073 3602 5114 sacras
3627 5073 3663 5113 a
3684 5071 3792 5112 no-

487 5148 576 5201 bis
599 5147 869 5202 collatum
892 5150 1020 5214 ejus
1037 5150 1297 5202 Editione
1322 5149 1597 5215 Epistola
1617 5150 1848 5202 silentio
1872 5152 2161 5215 presserit,
2179 5150 2559 5215 malueritque
2581 5151 2851 5204 lectorem
2881 5164 3056 5203 suum
3082 5152 3156 5204 ad
3180 5165 3300 5204 non
3322 5151 3481 5217 prius
3504 5148 3788 5212 auditum,

489 5241 591 5292 aut
606 5238 817 5291 lectum
828 5239 958 5290 alibi
975 5252 1120 5302 opus
1136 5238 1465 5302 amandare,
1476 5252 1652 5303 quam
1663 5238 1802 5291 illud
1820 5252 1954 5292 cum
1968 5241 2242 5293 novitatis
2260 5241 2463 5292 saltem
2474 5240 2661 5304 laude,
2676 5252 2807 5304 qua
2821 5254 2893 5292 ex
2904 5241 2985 5291 rei
2998 5240 3290 5293 notatione
3306 5240 3615 5301 oriebatur,
3633 5250 3789 5290 com-

493 5341 823 5381 memorare.
839 5327 983 5391 Quid
995 5328 1143 5380 istuc
1158 5329 1236 5379 rei
1248 5332 1354 5388 est,
1369 5328 1524 5391 quod
1537 5328 1787 5381 indoctis
1805 5329 1975 5394 vulgo
1992 5330 2476 5383 confidentissime
2490 5330 2747 5393 imponit,
2762 5335 2819 5381 ct
2840 5330 2977 5381 mihi
2994 5329 3341 5382 calumniam
3357 5328 3789 5395 apertissimam

494 5418 664 5470 struit
688 5426 709 5457 θ
737 5419 969 5471 Falsum
989 5430 1214 5482 nempe,
1240 5422 1297 5469 et
1319 5423 1521 5481 quarto
1550 5418 1607 5471 id
1630 5420 1864 5484 quidem
1883 5426 1990 5484 est,
2014 5421 2205 5473 locum
2230 5420 2449 5472 dixisse
2475 5433 2564 5471 me
2587 5419 2874 5483 indigitari
2888 5420 2993 5471 abs
3025 5420 3355 5485 Theophilo,
3395 5421 3493 5472 ubi
3524 5419 3787 5485 hospites

495 5506 891 5570 reciperentur,
932 5511 999 5560 ut
1022 5506 1459 5559 Xenodochium
1480 5509 1777 5574 scripsisse
1801 5511 2015 5568 videar.
2036 5511 2184 5574 quod
2215 5510 2414 5570 forum,
2442 5513 2543 5560 aut
2565 5508 2810 5573 plateam
2836 5522 3247 5575 convenarum,
3274 5512 3396 5563 sive
3432 5511 3521 5560 ubi
3554 5512 3788 5577 hospites

495 5597 852 5658 convenirent,
875 5596 1013 5649 dixi.
1050 5595 1190 5648 Nam
1211 5596 1501 5661 proprium
1522 5596 1630 5651 loci
1657 5612 1887 5665 nomen,
1908 5601 2030 5653 sive
2044 5599 2182 5652 illud
2207 5600 2279 5650 ab
2304 5598 2607 5661 interprete
2638 5598 2983 5664 Hieronymo
3016 5602 3221 5666 (neque
3247 5601 3403 5654 enim
3427 5602 3657 5655 videtur
3687 5615 3789 5668 po-
