3902 6414
137 287 198 347 61
1604 290 1678 343 PF

1903 290 2000 344 ’IO.
3375 289 3444 347 62

136 405 322 461 tuisse
343 404 417 459 de
429 404 799 461 celeberrimo
815 406 1188 463 Alexandrini
1210 407 1323 462 vici
1347 406 1577 460 nomine
1598 406 1924 460 dubitanter
1939 407 2095 473 loqui
2119 408 2546 464 Alexandrinus
2560 410 2838 476 Antistes)
2853 410 2974 465 sive
2983 411 3233 465 Auctore
3249 409 3321 463 ab
3330 407 3444 462 hoc

132 494 259 562 ipso
288 495 555 550 additum
573 496 665 558 sit,
698 510 877 562 quum
900 498 1169 552 Graecum
1197 498 1433 552 omnino
1449 510 1580 551 esse
1595 496 1875 562 debuerit,
1896 498 2108 551 Latinis
2122 498 2347 552 etiamsi
2363 501 2552 554 mavis
2565 501 2745 554 literis
2771 501 3075 567 scriptum;
3092 499 3328 553 minime
3338 511 3445 552 au-

132 588 250 638 tem
273 586 543 639 Grmcum
562 587 637 642 sit
662 588 912 651 Genium,
937 601 1045 641 nec
1078 588 1273 643 GraiCe
1290 587 1600 653 quicquam
1628 587 1945 656 significet:
1972 589 2106 654 jura
2127 590 2478 654 addubitavi,
2511 591 2652 657 quin
2680 591 2889 645 fuisset
2922 591 3109 645 Latini
3138 586 3445 655 antiquarii

130 685 317 728 errore
337 674 743 741 depravatum,
768 676 998 731 fallente
1024 677 1117 731 vel
1140 678 1656 745 pronunciationis,
1683 678 1776 732 vel
1791 678 2027 732 notioris
2041 680 2303 734 vocabuli
2325 680 2715 736 similitudine.
2730 682 2996 736 Grmcum
3022 676 3444 748 proinde,quod

134 766 216 820 illi
238 768 504 833 proxime
536 767 843 831 accederet,
868 771 928 820 et
950 780 1084 819 cum
1112 767 1404 834 proposita
1434 768 1671 822 celebris
1702 768 1812 822 loci
1854 769 2269 835 significatione
2307 772 2447 824 satis
2484 773 2834 834 conveniret,
2867 771 3091 826 erudito
3127 768 3348 824 Lectori
3382 768 3444 821 in

136 854 290 909 notis
302 855 578 921 proposui
602 855 1088 909 substituendum.
1109 857 1237 908 Dixi
1262 858 1452 919 Ξένιον,
1468 862 1523 911 et
1538 858 1836 912 commode
1849 860 1923 911 ab
1933 859 2229 925 hospitum
2250 861 2570 927 frequentia
2597 862 2824 915 desumi
2839 868 3076 929 etymon
3089 872 3278 927 posse,
3297 858 3442 913 arbi-

142 949 327 999 tratus
342 958 495 998 sum.
515 948 656 1009 Qua;
680 946 761 999 illi
775 946 1060 1001 inurenda
1081 947 1156 999 sit
1166 951 1322 1012 nota,
1335 947 1431 1012 qui
1443 960 1571 1001 mea
1587 947 1740 1001 dicta
1750 950 2079 1016 corrumpit,
2090 955 2157 1003 ut
2167 951 2484 1017 castigasse
2500 952 2782 1018 videatur,
2803 953 2899 1006 alii
2908 954 2928 1019 j
2938 952 3187 1005 udicent.
3206 949 3443 1003 Falsum

133 1034 357 1088 interea
375 1041 464 1089 est
479 1036 681 1101 quinto
706 1035 857 1101 quod
882 1050 976 1090 me
987 1037 1065 1089 ait
1086 1037 1403 1103 scripsisse,
1423 1033 1569 1102 ἔνιον,
1589 1050 1689 1090 seu
1705 1033 1862 1091 κὲνὶον
1876 1030 1904 1105 ’(
1916 1040 2027 1105 sic)
2047 1045 2310 1106 portenta
2326 1044 2653 1106 verborum,
2682 1055 2817 1108 quae
2839 1043 2963 1107 ipse
2977 1042 3051 1095 de
3079 1040 3311 1095 cerebro
3331 1051 3439 1092 suo

135 1124 298 1178 cudit
316 1140 329 1177 :
350 1130 409 1178 et
433 1126 591 1191 quod
613 1140 853 1190 novum,
883 1138 1068 1192 eoque
1092 1127 1259 1180 valde
1296 1128 1549 1193 iniquius
1576 1127 1736 1180 addit
1766 1127 2000 1181 falsitati
2022 1131 2401 1197 momentum,
2432 1144 2528 1185 me
2554 1131 2666 1184 illis
2701 1131 3085 1195 existimasse,
3124 1130 3315 1183 locum
3335 1127 3441 1180 abs

134 1213 448 1282 Theophilo
476 1216 816 1269 donotatum
838 1216 1163 1280 signiﬁcari.
1187 1217 1434 1271 Unicum
1462 1217 1728 1271 Graecum
1744 1219 1986 1271 verbum
2011 1219 2289 1286 scriptum
2314 1227 2404 1275 est
2437 1235 2473 1276 a
2498 1235 2612 1289 me,
2645 1223 2816 1276 Ξένιον
2844 1239 2855 1271 :
2892 1222 3171 1287 pudorem
3206 1218 3441 1271 exuisse

135 1319 386 1369 omnem,
414 1319 651 1359 necesse
675 1312 780 1372 est,
806 1308 904 1373 qui
928 1307 1069 1359 mihi
1093 1308 1208 1361 duo
1229 1308 1325 1360 illa
1346 1308 1623 1360 adscribit
1643 1308 1855 1372 quibus
1880 1310 1936 1361 et
1952 1312 2302 1376 corruptiora
2322 1312 2464 1378 fingi
2490 1312 2538 1364 si
2550 1313 2771 1379 possint
2793 1311 2950 1364 haud
2975 1310 3112 1375 scio,
3130 1321 3264 1362 cum
3288 1307 3441 1360 enim

130 1409 241 1449 nec
263 1396 460 1448 Graece
476 1396 787 1461 quidquam
805 1397 1145 1462 significent,
1172 1411 1277 1451 nec
1299 1397 1513 1460 Latine,
1540 1398 1759 1463 aliquot
1781 1399 1956 1451 etiam
1976 1412 2173 1466 pravae
2191 1402 2489 1467 scripturas
2510 1402 2666 1455 vitiis
2688 1401 2971 1465 laborant,
3000 1402 3065 1453 ut
3082 1410 3271 1464 neque
3291 1395 3443 1449 (Edi~

131 1499 244 1552 pus
274 1486 464 1539 valeat
499 1487 876 1552 interpretari.
898 1490 1097 1552 Neque
1134 1501 1249 1540 non
1275 1493 1465 1540 tamen
1494 1489 1716 1553 absque
1747 1488 1878 1542 dolo
1902 1490 2053 1543 malo
2078 1491 2325 1545 conficta
2348 1492 2664 1558 existimes,
2693 1492 2793 1545 sed
2825 1504 2893 1545 eo
2914 1490 3117 1555 utique
3137 1488 3351 1551 animo,
3376 1490 3444 1539 ut

128 1576 572 1641 Hieronymiano
603 1575 816 1629 Editori
848 1577 999 1642 apud
1031 1578 1348 1643 imperitos,
1372 1581 1431 1631 et
1453 1577 1692 1631 minime
1733 1576 1809 1641 id,
1839 1580 1997 1644 quod
2034 1594 2127 1635 res
2151 1588 2258 1641 est,
2276 1583 2420 1636 scire
2451 1583 2928 1649 cupidos,probro
2956 1581 3098 1634 sint:
3129 1579 3344 1645 quique
3374 1589 3441 1631 ea

131 1665 373 1728 notavit,
399 1679 527 1718 esse
542 1666 751 1731 aliquis
767 1666 1051 1720 videatur.

194 1810 478 1863 Praetereo
506 1821 639 1874 qum
660 1809 821 1864 hisce
844 1809 1161 1862 mendaciis
1184 1809 1551 1863 continentur
1569 1809 2063 1878 hallucinationes,
2094 1818 2272 1879 atque
2292 1815 2539 1880 ineptias
2568 1830 2580 1864 :
2608 1827 2853 1880 quarum
2875 1826 3055 1867 unam
3076 1812 3250 1865 modo
3264 1812 3439 1877 atque

128 1900 369 1953 alteram
385 1899 434 1952 si
455 1912 667 1968 ponere
688 1901 762 1953 ob
790 1900 989 1953 oculos
1013 1901 1236 1955 Lectori
1258 1901 1446 1962 velim,
1464 1902 1637 1953 nimis
1658 1902 1901 1967 longum
1926 1902 2146 1955 faciam.
2171 1906 2251 1956 Re
2268 1904 2425 1957 enim
2441 1918 2594 1968 vera,
2625 1917 2758 1969 quae
2778 1908 2870 1957 est
2884 1903 3135 1957 hominis
3152 1898 3435 1970 ὄιπροσεξία,

128 1991 227 2055 qui
239 1990 456 2053 fumoso
475 1992 633 2055 genio
655 1990 810 2056 apud
823 1992 1099 2044 Rufinum
1117 1991 1258 2043 dum
1282 2004 1595 2045 consonare
1623 1993 1735 2045 hoc
1755 1992 1910 2057 apud
1931 1993 2309 2059 Theophilum
2338 1994 2568 2045 Genium
2606 1995 2918 2057 contendit,
2950 2006 3059 2046 nos
3092 1991 3306 2054 laudat,
3341 1990 3439 2055 qui

128 2081 292 2134 aliter
309 2080 617 2145 legendum
634 2082 730 2143 ibi,
745 2086 930 2134 etnon
943 2081 1192 2143 Genium,
1214 2082 1315 2134 sed
1335 2083 1507 2136 Ξένιον
1528 2082 1907 2135 ostendimus.
1936 2083 1991 2135 Si
2021 2083 2253 2134 Genium
2280 2083 2402 2149 ipse
2430 2088 2647 2137 rectam
2670 2085 3007 2150 scripturam
3025 2083 3282 2149 putabat,
3301 2077 3439 2145 quid

125 2183 236 2223 nos
255 2182 386 2223 eam
407 2170 797 2236 improbantes
821 2172 1049 2237 profert,
1068 2171 1324 2236 adeoque
1339 2184 1457 2224 non
1480 2172 1688 2224 refutat
1705 2174 1876 2225 verbo
1896 2176 2081 2235 tenus,
2098 2178 2166 2225 ut
2180 2175 2569 2227 etconsentire
2598 2174 2887 2238 videatur;
2902 2174 2951 2225 si
2971 2172 3280 2226 nobiscum
3304 2183 3434 2223 sen-

126 2261 214 2325 tit,
241 2272 311 2313 ac
338 2260 713 2326 depravatam
734 2260 1038 2314 lectionem
1060 2275 1180 2314 non
1213 2261 1507 2323 diiiitetur,
1545 2261 1685 2326 quid
1712 2261 1786 2314 ad
1809 2263 2076 2315 Auctoris
2106 2263 2194 2315 sui
2236 2264 2466 2315 Genium
2492 2264 2789 2330 Theophili
2819 2264 2992 2317 Ξένιον
3027 2262 3196 2315 facit?
3243 2262 3435 2323 Porro,

126 2363 262 2415 quae
276 2350 485 2405 levitas
503 2351 717 2404 mentis
733 2351 807 2403 ad
829 2351 1010 2417 ignoti
1034 2351 1295 2404 vocabuli
1319 2352 1759 2417 explicationem
1784 2352 2039 2417 igno‘tius
2070 2354 2336 2419 proferre,
2362 2354 2619 2419 illudque
2645 2353 2942 2419 geminum
2981 2351 3144 2405 alteri
3179 2362 3433 2416 pronun-

121 2439 291 2502 ciare,
318 2440 474 2505 quod
501 2452 575 2494 ne
609 2439 792 2494 simile
820 2440 1057 2505 quidem
1081 2441 1173 2506 sit,
1209 2442 1326 2495 imo
1356 2442 1495 2507 quid
1528 2441 1611 2495 rei
1642 2443 1737 2506 sit,
1772 2442 2034 2495 nesciat?
2070 2443 2180 2497 Sed
2220 2444 2534 2497 referamus
2570 2443 2880 2508 aliquando
2914 2441 3160 2495 colluvie
3198 2452 3271 2494 ex
3326 2440 3435 2492 hac

120 2528 350 2595 pedem.

182 2673 462 2739 Equidem
485 2685 604 2727 non
623 2677 745 2727 erat
760 2673 1067 2728 Ruﬂniana
1087 2673 1257 2727 lectio
1278 2678 1398 2727 tam
1434 2673 1601 2741 pauci
1624 2672 1903 2739 facienda,
1933 2677 2001 2727 ut
2036 2687 2172 2728 cum
2197 2674 2424 2728 librario
2461 2676 2615 2742 apud
2652 2675 2997 2741 Scriptorem
3027 2674 3207 2728 alium
3245 2687 3433 2729 errore

121 2762 495 2816 conferretur.
529 2764 647 2817 Nos
682 2776 807 2816 eam
828 2764 1039 2817 iterum
1067 2763 1140 2816 ad
1164 2765 1502 2816 contextum
1516 2762 1840 2816 accuratius
1864 2765 2266 2831 expendimus,
2291 2772 2349 2820 et
2369 2766 2553 2820 multo
2575 2780 2733 2820 nunc
2752 2766 2988 2832 propius
3010 2765 3084 2818 ad
3114 2779 3319 2819 verum
3342 2779 3435 2819 se-

119 2853 330 2906 cundis
353 2854 510 2906 euris
532 2854 850 2908 accessisse
870 2854 1155 2920 videmur,
1173 2866 1347 2919 quam
1368 2857 1539 2907 antea
1566 2854 1627 2906 in
1648 2853 1800 2907 notis
1820 2854 1892 2908 ad
1907 2868 2043 2908 eum
2066 2855 2259 2909 locum
2280 2857 2771 2911 existimavimus.
2786 2858 2976 2910 Prima
2996 2856 3214 2910 scilicet
3246 2856 3432 2910 fronte

120 2942 312 2996 visum
323 2944 431 3005 est,
453 2944 652 2997 Latine
665 2944 833 2997 scribi
852 2944 1083 2994 Genium
1103 2943 1329 3009 proprio
1343 2943 1639 3005 vocabulo,
1668 2946 1822 3008 quod
1837 2945 2073 3011 perinde
2097 2951 2265 3009 esset,
2288 2941 2557 3013 εἰρωνικῶς,
2584 2948 2795 3011 tamen,
2819 2959 2888 2999 ac
2916 2946 2965 2998 si
2988 2947 3160 2997 Deum
3184 2945 3433 2999 dixisset

109 3033 393 3086 Ruﬁnus:
416 3034 595 3098 putris
614 3033 758 3098 ligni
778 3033 1057 3098 fumosum
1084 3033 1508 3098 Genuim(idest
1527 3034 1727 3101 Deum)
1755 3036 1921 3088 caedit.
1948 3038 2111 3089 Nunc
2144 3037 2249 3089 abs
2273 3038 2471 3090 Graeco
2487 3049 2701 3090 nomen
2730 3042 2984 3103 repetere
3012 3036 3199 3102 magis
3222 3036 3429 3102 placet,

112 3128 170 3176 et
199 3123 427 3189 proprie
448 3129 717 3177 mentum
730 3124 870 3177 Idoli
894 3124 1229 3190 intelligere,
1249 3124 1404 3189 quod
1420 3124 1587 3176 miles
1598 3126 1956 3190 percusserit.
1983 3128 2171 3179 Γένειον
2201 3128 2440 3191 inquam
2456 3129 2669 3190 Graece,
2690 3127 2845 3192 quod
2868 3129 2958 3180 est
2976 3132 3235 3190 mentum,
3254 3131 3313 3181 et
3327 3139 3430 3194 pro

110 3212 254 3265 facie
276 3213 589 3278 aliquando
616 3214 882 3277 sumitur,
913 3227 1051 3267 nam
1074 3219 1132 3267 et
1155 3214 1319 3280 γένεια
1344 3213 1557 3279 saepius
1581 3214 1768 3280 legere
1795 3220 1884 3269 est
1914 3217 2162 3281 plurium
2189 3230 2446 3280 numero,
2484 3233 2666 3283 genas,
2690 3218 2885 3282 malas,
2901 3222 2961 3271 et
2983 3218 3429 3284 Lexicographis

105 3304 418 3370 exponitur
436 3304 633 3371 πώγων,
649 3306 830 3370 facies,
854 3310 901 3355 et
926 3304 1109 3358 barba.
1129 3305 1437 3357 Enimvero
1452 3308 1669 3358 Auctor
1692 3311 1828 3359 ante
1857 3311 1973 3360 tres
2001 3307 2172 3361 modo
2189 3321 2412 3370 versus,
2426 3309 2669 3359 mna-ilia:
2692 3309 3000 3360 veteratoris
3028 3309 3234 3362 illisam
3248 3310 3429 3375 primo

104 3394 419 3460 bipennem
433 3395 593 3458 dixit,
626 3400 750 3449 tum
772 3396 981 3449 iterum
1007 3396 1218 3448 ictibus
1250 3395 1510 3461 repetitis
1540 3408 1759 3449 ciesum
1783 3397 1965 3461 putris
1989 3397 2129 3463 ligni
2155 3398 2437 3467 fu-mgsum
2464 3398 2670 3465 γένειον.
2702 3401 2893 3465 Atque
2918 3404 2987 3453 ut
3008 3400 3150 3453 nihil
3178 3400 3425 3464 dubites,

100 3484 243 3549 quin
266 3484 433 3537 faciei
457 3488 692 3550 partem,
721 3486 844 3539 sive
872 3486 1049 3539 rictus
1074 3485 1215 3539 Idoli
1236 3484 1536 3550 significet,
1561 3498 1635 3538 ex
1659 3487 2050 3540 membrorum
2077 3487 2275 3541 ordine
2290 3488 2681 3543 narrationem
2696 3488 2920 3555 disjecti
2959 3489 3250 3543 simulacri
3280 3489 3425 3544 texit

99 3575 418 3640 subditque
441 3575 730 3638 continuo,
749 3575 1035 3642 dejectam
1058 3588 1185 3629 eam
1206 3580 1449 3642 partem,
1478 3577 1683 3642 γένειον,
1711 3578 1831 3643 igni
1850 3578 2156 3629 adhibitam
2179 3580 2566 3645 conﬂagrasse:
2595 3579 2801 3633 deinde
2826 3580 3098 3631 revulsum
3118 3580 3425 3641 cervicibus,

99 3670 281 3731 caput,
306 3669 353 3716 et
385 3665 629 3731 depresso
653 3666 851 3729 Medio,
884 3666 1203 3717 distractum
1224 3666 1481 3730 funibus:
1516 3669 1641 3720 tum
1679 3671 1863 3718 caetera
1888 3683 1986 3734 per
2011 3672 2191 3734 partes
2226 3668 2465 3719 membra
2502 3685 2634 3720 caesa
2664 3668 2955 3733 securibus,
2989 3675 3035 3721 et
3070 3685 3169 3736 per
3198 3669 3422 3736 singula

98 3754 339 3804 cultricis
348 3754 391 3804 A
403 3753 698 3806 lcxandriae
709 3755 823 3807 loca
836 3756 1328 3821 efﬁgiemveternosi
1342 3757 1495 3809 Senis
1507 3756 1850 3808 membratim
1861 3764 2145 3813 exustam.
2162 3761 2206 3810 N
2214 3759 2313 3811 ihil
2322 3761 2517 3825 itaque
2528 3759 2685 3813 aliud
2696 3760 2775 3812 ibi
2786 3772 2963 3825 quam
2976 3760 3159 3828 γένειον
3173 3759 3422 3827 scripsit,

101 3850 160 3898 et
178 3849 447 3898 mentum
469 3845 822 3912 barbamque
851 3846 1222 3913 signiﬁcavit,
1239 3848 1661 3913 prominentem
1686 3849 1923 3913 partem,
1942 3861 2074 3913 quae
2100 3848 2287 3913 dejici,
2312 3849 2500 3915 capite
2525 3850 2700 3902 ferme
2715 3848 2906 3903 adhuc
2927 3849 3420 3917 integro,poterat.

99 3935 263 4000 Quod
287 3936 486 3988 Greece
501 3936 808 4002 scripserit,
825 3950 945 3990 non
962 3937 1183 4002 Latine,
1201 3950 1440 3990 caussas
1465 3937 1685 4002 habuit,
1711 3937 1864 4002 quod
1889 3941 1948 3990 et
1969 3938 2236 3991 Graecum
2252 3939 2436 4004 γένειον
2459 3940 2590 4004 plus
2601 3939 2838 4005 aliquid,
2857 3952 3033 4004 quam
3051 3939 3207 4005 quod
3220 3939 3424 3993 Latine

98 4028 192 4080 est
218 4029 465 4075 mentum
493 4030 672 4087 notet,
698 4031 756 4079 et
782 4027 1008 4093 proprio
1039 4028 1318 4081 vocabulo
1353 4025 1619 4080 maluerit
1640 4026 1926 4092 appellari,
1954 4027 2109 4092 quod
2144 4028 2323 4081 ferme
2346 4033 2469 4081 erat
2503 4028 2657 4081 Idolo
2686 4028 2982 4094 proprium
3017 4041 3085 4081 ac
3116 4027 3418 4094 peculiare.

97 4118 234 4168 Erat
256 4115 468 4181 quippe
488 4115 588 4168 illa
612 4115 904 4169 simulacri
926 4129 1057 4182 pars
1082 4118 1305 4171 caeteris
1330 4117 1610 4184 insignior
1633 4117 1922 4181 omnibus,
1960 4116 2228 4181 hirquina
2256 4118 2453 4182 barba,
2486 4130 2669 4182 eaque
2706 4117 2780 4170 ad
2809 4117 3064 4170 medium
3082 4118 3195 4171 fere
3218 4122 3421 4183 pectus

99 4205 405 4271 promissa,
426 4205 528 4259 sed
545 4206 729 4271 tereti,
755 4210 813 4260 et
836 4206 910 4259 ad
943 4207 1167 4260 cilindri
1190 4208 1448 4273 modum,
1476 4211 1812 4272 tantumque
1832 4207 2165 4261 cuneaciore
2189 4206 2263 4260 ad
2286 4208 2491 4270 imum,
2513 4212 2580 4260 ut
2604 4207 2798 4262 videre
2832 4212 2923 4261 est
2952 4207 3013 4260 in
3042 4209 3169 4273 ejus
3194 4207 3421 4261 ridiculi

97 4295 219 4351 Dei.
247 4307 384 4360 quae
400 4300 711 4361 supersunt
734 4296 1049 4350 etiamnum
1070 4297 1271 4363 signis,
1291 4310 1538 4362 quorum
1547 4310 1733 4350 unum
1748 4310 1822 4349 ex
1839 4310 1952 4350 mre
1968 4297 2026 4349 in
2049 4297 2367 4350 domestico
2380 4298 2576 4351 Museo
2587 4310 2664 4351 no
2675 4302 2792 4351 stro
2809 4298 2882 4351 ob
2898 4297 3096 4351 oculos
3111 4298 3411 4351 habemus.

96 4385 363 4451 Denique
389 4386 670 4452 scriptum
685 4387 790 4439 abs
809 4387 1018 4441 Ruﬁno
1037 4389 1233 4441 Graece
1262 4387 1422 4452 illud,
1438 4400 1556 4440 non
1576 4388 1793 4450 Latine,
1818 4386 1944 4451 ipsa
1968 4387 2301 4439 Latinorum
2316 4388 2759 4440 amanuensium
2784 4388 2988 4453 probat
3014 4386 3413 4453 hallucinatio,

96 4477 199 4541 qui
230 4476 501 4529 Graecum
526 4477 876 4531 vocabulum
908 4478 1126 4531 Latinis
1165 4478 1402 4531 totidem
1429 4476 1609 4530 literis
1640 4476 2027 4542 reddiderunt,
2062 4477 2247 4542 deque
2274 4478 2455 4543 γένειον
2482 4477 2838 4544 scripserunt
2873 4478 3122 4529 Genium.
3148 4476 3260 4529 Sed
3286 4476 3417 4530 haec

96 4568 411 4620 hactenus.

158 4718 209 4768 A
214 4713 524 4781 pologetici
535 4720 737 4770 contra
745 4717 1164 4784 Hieronymum
1174 4718 1327 4772 Libri
1338 4717 1453 4771 duo
1469 4718 1921 4782 subsequuntur,
1937 4716 2066 4782 subj
2074 4722 2249 4772 uncta
2262 4717 2463 4772 itidem
2473 4718 2751 4785 Apologia
2761 4718 2834 4772 ad
2848 4720 3218 4773 Anastasium
3235 4734 3249 4771 :
3266 4733 3413 4787 quos

96 4818 308 4860 omnes
331 4807 443 4859 etsi
470 4807 531 4859 in
547 4807 996 4875 Hieronymiana
1017 4810 1192 4864 etiam
1209 4810 1549 4864 Collectione
1572 4809 1822 4875 Operum
1852 4806 2269 4872 recensuimus,
2292 4812 2492 4873 utpote
2519 4809 2619 4874 qui
2642 4822 2709 4863 eo
2732 4809 2983 4863 maxime
3004 4809 3411 4872 referebantur,

95 4909 215 4950 non
235 4897 363 4955 erit.
388 4897 650 4963 arbitror,
675 4900 900 4953 Lectori
923 4901 1215 4967 ingratum
1236 4901 1363 4955 heic
1385 4900 1611 4967 proprio
1635 4899 1758 4952 loco
1787 4896 2045 4950 exhiberi
2070 4897 2180 4950 sibi
2200 4898 2410 4952 iterum
2433 4912 2588 4954 novo
2612 4900 2772 4953 cultu
2801 4904 3125 4967 exornatos,
3146 4903 3213 4956 ut
3233 4903 3412 4957 ferme

93 4989 166 5039 ab
187 4986 262 5039 iis
275 4987 374 5039 alii
397 4987 710 5042 videantur.
733 4992 1021 5054 Quantum
1041 4991 1292 5058 profecto
1305 5004 1494 5059 operae
1515 4991 1584 5043 iis
1598 4995 1776 5054 utque
1790 4993 1848 5041 et
1859 5000 2045 5052 usque
2066 4990 2424 5055 expoliendis
2441 4991 2868 5054 collocavimus,
2885 4995 3223 5057 argumento
3243 4999 3413 5048 erunt

93 5077 305 5143 spissa
324 5077 778 5142 observationes,
795 5085 853 5134 et
868 5086 1041 5146 notae,
1065 5094 1210 5147 quas
1232 5081 1393 5135 licuit
1407 5080 1563 5145 olim,
1589 5092 1772 5145 quum
1792 5078 1942 5131 inter
1960 5080 2406 5145 Hieronymiana
2425 5082 2867 5149 excuderentur,
2885 5088 3085 5150 utpote
3110 5084 3409 5151 peregrino

91 5167 320 5232 inloco,
347 5168 587 5233 segnius
610 5182 827 5224 curare.
847 5172 1043 5237 Neque
1065 5185 1199 5225 vero
1230 5176 1370 5225 tunc
1390 5173 1534 5226 alios
1559 5182 1735 5235 quam
1764 5168 2032 5235 vulgatos
2056 5175 2228 5223 antea
2248 5170 2426 5225 libros
2458 5172 2754 5226 consulere
2768 5173 2970 5226 datum
2986 5178 3101 5228 est:
3122 5188 3279 5229 nunc
3293 5189 3408 5230 me-

90 5250 229 5302 liore
246 5250 482 5304 fortuna
514 5250 750 5318 utimur,
766 5256 940 5319 atque
961 5254 1085 5320 opis
1117 5254 1408 5320 impendio
1428 5257 1736 5321 plurimum
1750 5272 1822 5312 ex
1835 5259 1923 5311 Ms
1947 5259 2140 5312 codice
2172 5261 2559 5315 Guarneriano
2584 5264 2931 5329 accepimus.
2967 5266 3066 5317 Est
3086 5270 3279 5319 autem
3300 5266 3407 5321 Ms.

92 5338 185 5391 hic
195 5340 341 5392 liber
350 5353 421 5391 ex
442 5340 667 5406 eadem,
680 5354 855 5407 quam
871 5343 1092 5396 dudum
1102 5344 1470 5399 laudavimus
1483 5347 1543 5400 in
1558 5349 1612 5400 S.
1633 5349 1851 5404 Danieli
1859 5365 1886 5403 s
1897 5352 2208 5417 municipio
2227 5353 2593 5419 Bibliotheca,
2611 5355 2747 5408 olim
2764 5356 3192 5416 Guarnerliana,
3210 5357 3408 5411 itidem

91 5429 260 5481 nobis
285 5442 322 5482 a
344 5429 579 5483 laudato
602 5431 701 5493 ibi,
727 5445 794 5485 ac
817 5433 1004 5487 denuo
1024 5435 1260 5488 honoris
1284 5449 1493 5489 caussa
1515 5439 1866 5494 nominando
1893 5443 1970 5495 Cl.
1998 5443 2065 5494 V.
2092 5443 2388 5497 Dominico
2405 5444 2632 5511 Ongaro
2660 5446 3138 5499 communicatus.
3164 5447 3294 5499 Non
3316 5453 3409 5503 est

93 5518 184 5571 ille
214 5520 448 5585 quidem
473 5526 577 5574 aut
592 5522 782 5575 aetatis
803 5523 1117 5578 admodum
1138 5527 1414 5592 antiquae,
1440 5531 1498 5581 et
1518 5528 1590 5580 ad
1606 5529 1924 5584 faciendam
1938 5532 2085 5585 illico
2101 5533 2274 5586 fidem
2284 5533 2528 5599 idoneae,
2545 5541 2663 5599 aut,
2679 5536 2830 5600 quod
2851 5537 3034 5600 magis
3053 5536 3237 5599 refert,
3263 5538 3407 5591 satis

96 5612 286 5673 proba:
302 5612 730 5666 emendationis
753 5617 1002 5670 etnotae.
1034 5616 1217 5671 Nihilo
1242 5618 1430 5672 secius
1453 5623 1570 5673 tam
1586 5622 1799 5687 profuit
1815 5623 1998 5685 nobis,
2026 5635 2200 5689 quam
2223 5623 2322 5690 qui
2338 5624 2571 5690 optimm
2595 5630 2753 5678 notae
2772 5629 2945 5690 atque
2968 5626 3403 5690 emendationis,

101 5702 277 5755 aetatis
286 5702 429 5757 item
446 5702 866 5759 vetustissimae
881 5705 1084 5760 adesse
1096 5720 1355 5773 unquam
1380 5716 1641 5774 possunt.
1655 5714 1946 5778 Exceptus
1960 5727 2165 5779 nempe
2176 5716 2283 5779 est,
2295 5716 2360 5769 ut
2371 5714 2568 5769 multis
2580 5728 2643 5770 se
2652 5715 2876 5770 indiciis
2887 5717 3092 5783 prodit,
3104 5731 3176 5774 ex
3202 5718 3401 5773 admo-
