3902 6408
533 311 602 369 63
1982 315 2071 366 PR

2303 314 2377 364 LO.
3768 308 3844 363 64

532 423 671 477 dum
687 425 884 489 veteri,
912 437 1095 490 eoque
1134 425 1205 477 de
1222 425 1573 489 Aquilejensi
1598 424 1894 485 tabulario,
1921 425 2017 477 ubi
2036 428 2091 477 et
2110 425 2359 490 primum
2378 426 2625 477 Auctore
2645 424 2718 478 ab
2746 425 2870 489 ipso
2901 424 3263 488 conscriptus
3280 427 3384 487 est,
3408 428 3465 475 et
3487 423 3546 475 in
3570 423 3850 488 patrium

536 514 713 567 veluti
729 528 969 567 censum
986 515 1189 567 deinde
1200 515 1454 576 habitus,
1470 517 1815 577 curatusque
1833 514 2280 579 estdiligentius.
2296 516 2550 577 Denique
2564 515 2633 564 ab
2650 515 2985 578 Antiquario
3000 518 3272 578 exceptus
3285 516 3370 564 est
3384 514 3525 564 satis
3538 512 3847 576 imperito,

535 603 768 657 homine
792 608 985 657 autem
1009 605 1243 656 minime
1266 604 1434 665 malo,
1462 604 1559 667 qui
1586 606 1799 669 saepius
1824 605 1975 669 quid:
1996 618 2053 655 m
2083 618 2298 656 errores
2323 606 2580 657 librarios
2604 608 2769 667 erret,
2788 604 2912 655 etin
2926 609 3138 656 rectam
3158 604 3496 668 scripturam
3512 606 3745 668 peccet,
3769 601 3849 652 de

536 706 643 746 suo
661 699 857 746 autem
879 694 1018 746 nihil
1041 698 1141 746 aut
1169 694 1378 745 audere
1408 694 1566 757 velit,
1592 699 1693 746 aut
1711 695 1871 747 sciat.
1898 696 2057 747 Certe
2080 695 2153 745 ad
2177 696 2460 747 Lectionis
2479 696 2779 746 veritatem
2796 694 3178 758 indagandam
3194 693 3316 758 ipso
3334 692 3625 744 interdum
3637 704 3852 743 errore

537 796 641 835 suo
663 783 888 849 profuit,
907 784 1145 847 ejusque
1171 783 1394 834 monitu
1426 784 1616 848 potius
1642 796 1819 847 quam
1843 787 2028 845 jussu,
2048 785 2172 836 loca
2195 798 2301 836 nec
2326 784 2555 836 levioris
2580 784 2872 841 momenti,
2899 796 3003 835 nec
3041 795 3179 833 sane
3218 795 3400 846 pauca
3434 781 3848 833 restituimus.

534 871 799 937 Alioquin
818 873 912 923 ubi
936 873 1225 924 constanti
1240 878 1508 937 rectaque
1536 874 1815 938 scriptura
1832 875 1903 925 ab
1923 874 2218 938 impressis
2241 875 2422 926 variat
2443 876 2455 938 (
2475 875 2859 926 multaautem
2877 873 3088 935 variat)
3110 872 3280 924 fidem
3302 872 3559 923 adhiberi
3577 872 3690 922 sibi
3700 875 3853 935 jure

533 963 736 1012 merito
757 961 956 1025 poscit,
972 965 1029 1012 et
1051 962 1273 1014 veriora
1295 962 1611 1013 admodum
1644 962 1899 1027 proponi,
1925 963 2038 1014 iere
2076 968 2293 1015 certum
2326 967 2430 1015 est.
2464 963 2665 1015 Recole
2699 961 2853 1026 quod
2890 962 3152 1026 superius
3192 961 3289 1012 ubi
3325 960 3396 1012 de
3434 961 3630 1013 Rufini
3670 961 3849 1020 Vita,

532 1050 858 1114 exemplum
903 1051 1128 1103 edimus
1162 1064 1233 1102 ex
1260 1050 1537 1115 singulari
1565 1052 1689 1115 ejus
1720 1052 1962 1104 lectione
1991 1052 2139 1114 (Lib.
2160 1054 2225 1118 ll,
2258 1069 2410 1101 num.
2446 1051 2562 1116 12),
2594 1064 2709 1116 qua
2733 1050 2937 1099 duobus
2973 1050 3138 1098 annis
3163 1049 3529 1101 Alexandriae
3566 1049 3851 1102 secundo

530 1144 919 1191 commoratus
940 1140 1235 1199 evincitur,
1271 1141 1369 1205 qui
1384 1141 1505 1192 dies
1523 1141 1622 1193 ubi
1651 1145 1878 1194 tantum
1911 1142 2127 1206 aliquot
2153 1143 2500 1206 substitisse,
2515 1142 2796 1193 hactenus
2818 1140 3007 1191 dictus
3024 1142 3127 1191 est.
3146 1140 3250 1189 His
3265 1152 3430 1203 porro
3446 1139 3606 1190 libris
3624 1140 3853 1204 Apolo-

530 1229 751 1293 geticis,
776 1242 840 1281 eo
866 1229 1038 1282 etiam
1054 1230 1244 1282 libello
1264 1245 1379 1283 una
1414 1234 1762 1296 computato,
1789 1245 1961 1295 quem
1984 1232 2211 1297 scripsit
2239 1232 2311 1284 ad
2334 1232 2721 1294 Anastasium,
2746 1235 2801 1281 et
2832 1242 3004 1293 quem
3034 1228 3233 1279 itidem
3264 1228 3336 1279 ad
3368 1229 3853 1280 Guarnerianum

533 1318 825 1384 exemplar
851 1320 1173 1384 exegimus,
1200 1321 1510 1385 multisque
1534 1321 1671 1372 locis
1696 1321 1936 1373 fecimus
1960 1323 2271 1386 meliorem,
2298 1321 2729 1373 Rufinianorum
2755 1319 3023 1382 Operum,
3040 1329 3171 1381 qua:
3196 1317 3267 1369 de
3290 1330 3395 1370 suo
3420 1318 3542 1383 ipse
3570 1317 3846 1380 excudit,

534 1412 594 1462 et
620 1408 963 1474 primigenia
982 1410 1364 1475 nominamus,
1382 1411 1645 1463 Collectio
1668 1412 1856 1463 omnis
1874 1412 2208 1464 absolvitur.

596 1549 910 1601 Germanos
934 1551 1124 1602 Ruï¬‚ni
1154 1552 1331 1604 fastus
1352 1553 1540 1618 proles
1560 1552 1837 1617 suppositi
1848 1554 1926 1605 tia
1948 1552 2322 1617 consequitur
2348 1566 2361 1602 :
2383 1563 2501 1603 non
2524 1550 2619 1602 illa
2641 1549 2893 1614 quidem,
2911 1554 2977 1601 ut
2999 1548 3125 1601 aliis
3150 1548 3367 1614 passim
3380 1546 3675 1610 usuvenit,
3690 1560 3847 1599 ver-

531 1637 662 1689 nilis
678 1639 1038 1699 conditionis,
1072 1645 1128 1691 et
1151 1652 1283 1703 quas
1308 1643 1709 1704 Presbyterum
1728 1642 2154 1706 Aquilejensem
2172 1642 2487 1702 dedecoret,
2512 1640 2612 1692 sed
2638 1653 2865 1704 genere:
2880 1652 2929 1691 aa
2952 1639 3160 1691 indolis
3183 1641 3354 1702 atque
3378 1637 3606 1700 ingenii,
3625 1649 3779 1700 quae
3795 1638 3853 1689 et

534 1738 667 1779 cum
694 1727 963 1792 genuinis
989 1732 1143 1781 stare
1163 1742 1271 1781 nec
1304 1730 1425 1782 sine
1442 1730 1719 1795 dignitate
1732 1731 1930 1796 possit.
1952 1733 2035 1782 Ex
2058 1732 2255 1783 ordine
2274 1730 2461 1782 locum
2476 1730 2721 1794 priorem
2739 1734 2894 1780 tenet
2909 1730 3031 1779 Com
3043 1728 3341 1776 mentarius
3358 1727 3415 1775 in
3444 1726 3851 1789 Septuaginta-

533 1816 773 1881 quinque
792 1818 1002 1881 priores
1025 1819 1285 1880 Psalmos,
1314 1820 1385 1872 de
1416 1833 1529 1884 quo
1544 1821 1783 1885 longum
1806 1823 2073 1873 essetaut
2098 1833 2230 1886 qua}
2247 1819 2581 1881 Fontanino,
2604 1820 2702 1869 aut
2719 1831 2849 1881 quae
2866 1818 3033 1869 nobis
3054 1817 3237 1868 multa
3259 1816 3319 1868 in
3337 1815 3851 1867 Adnotationibus

535 1906 842 1959 observata
872 1909 1025 1969 sunt,
1044 1908 1157 1960 huc
1182 1910 1405 1962 referre.
1437 1910 1546 1963 Sed
1570 1913 1879 1963 Auctorem
1908 1911 2255 1975 investigare
2280 1910 2496 1973 Operis,
2536 1912 2592 1959 et
2630 1908 2992 1971 conjecturas
3034 1918 3347 1971 proponere
3382 1917 3528 1968 quas
3563 1904 3850 1967 fecimus,

533 1998 790 2059 praestat.
825 1997 889 2047 In
914 2008 1090 2060 quam
1113 2010 1236 2049 rem
1250 2000 1450 2050 notatu
1462 1999 1699 2064 dignum
1718 2012 1849 2051 cum
1867 1999 2080 2064 primis,
2097 1999 2249 2063 quod
2266 1998 2495 2049 natione
2511 1996 2733 2048 Gallum
2762 2009 2822 2046 se
2840 2009 2957 2047 non
2975 1996 3220 2046 obscuro
3238 1996 3455 2045 Auctor
3473 1992 3688 2044 indicio
3708 2007 3851 2058 pro-

535 2082 635 2134 dit.
658 2085 724 2135 In
749 2084 1190 2139 Praefatiuncula
1210 2088 1362 2138 enim
1386 2088 1459 2139 ad
1475 2088 1817 2141 PsalmiXV.
1843 2088 2073 2140 titulum
2098 2089 2169 2139 de
2193 2088 2456 2139 Arcubus
2479 2084 2742 2149 loquens,
2761 2097 2906 2148 quos
2932 2085 3254 2147 antiquitus,
3268 2084 3365 2144 ait,
3385 2082 3606 2146 quando
3620 2083 3849 2146 aliquis

534 2172 596 2221 de
621 2172 767 2222 hoste
789 2189 885 2224 suo
910 2176 1233 2240 trumphum
1260 2176 1497 2238 habebat,
1522 2177 1748 2240 faciebat
1764 2177 1866 2226 sibi
1889 2178 2143 2237 construi,
2170 2190 2284 2228 non
2300 2176 2439 2227 alios
2460 2179 2759 2237 memorat,
2782 2188 2953 2238 quam
2971 2174 3394 2231 Arausiensem,
3414 2184 3585 2235 quem
3601 2172 3678 2223 ob
3699 2186 3855 2224 ocu-

531 2258 619 2312 los
642 2260 899 2328 fortasse,
926 2269 1028 2317 aut
1053 2270 1203 2318 certe
1226 2278 1345 2318 non
1363 2264 1531 2331 longe
1562 2266 1816 2330 positum
1845 2266 2063 2318 habuit.
2102 2265 2509 2327 Unde,~subdit,
2536 2266 2810 2314 Arausicze
2846 2265 2906 2313 in
2934 2280 3067 2313 areu
3116 2262 3445 2326 triumphali
3487 2262 3845 2312 Massilicnse

531 2347 722 2400 bellum
748 2352 1017 2418 scalptum
1046 2353 1271 2404 habetur
1293 2355 1355 2404 ob
1378 2356 1599 2420 signum
1624 2356 1853 2405 victoriae
1884 2355 2124 2407 Caesaris.
2157 2356 2495 2407 Arausicam
2516 2367 2629 2405 non
2645 2354 2815 2406 aliam
2833 2352 3103 2417 intelligo,
3128 2365 3301 2417 quam
3324 2363 3458 2416 quas
3482 2351 3758 2413 Arausio,
3794 2358 3852 2404 et

530 2438 893 2505 Arausiensis,
917 2446 975 2495 et
998 2443 1396 2495 Araus-icorum
1423 2445 1627 2498 civitas
1651 2445 1804 2497 dicta
1828 2450 1934 2507 est,
1954 2458 2111 2496 nunc
2129 2446 2365 2508 Oranges
2387 2444 2528 2495 Galli
2554 2448 2780 2495 vocant.
2801 2443 2862 2494 Id
2880 2443 3066 2506 ipsum
3084 2442 3193 2493 alia
3224 2441 3621 2506 comprobabit
3643 2442 3851 2493 anim-

534 2527 815 2581 adversio.
834 2532 1052 2583 Auctor
1076 2546 1209 2585 cum
1232 2535 1441 2585 bonam
1466 2535 1865 2587 Commentarii
1893 2534 1982 2586 sui
2006 2538 2227 2599 partem
2253 2548 2323 2585 ex
2347 2534 2675 2599 Augustino
2703 2532 2936 2584 totidem
2965 2544 3118 2595 saepe
3145 2531 3333 2583 verbis
3370 2529 3678 2589 describat,
3719 2543 3851 2583 non

539 2629 667 2669 eam
691 2621 902 2682 tamen,
928 2632 1042 2683 qua
1065 2634 1207 2673 usus
1221 2622 1315 2674 ille
1343 2625 1450 2687 est,
1476 2624 1781 2688 Scriptura:
1806 2626 1994 2675 Sacra
2019 2624 2339 2675 versionem
2356 2627 2614 2687 usurpat,
2643 2622 2743 2674 sed
2768 2622 3086 2685 Vulgatam,
3112 2633 3244 2684 quae
3260 2620 3529 2671 nimirum
3544 2620 3852 2672 Gallicana

540 2707 718 2771 audit,
739 2713 798 2761 et
824 2711 896 2763 ab
917 2711 1042 2774 ejus
1056 2711 1324 2765 Ecclesia:
1341 2726 1455 2764 usu
1472 2726 1683 2765 nomen
1701 2714 1936 2777 accepit.
1959 2714 2104 2765 Loca
2117 2713 2288 2764 nimis
2306 2712 2651 2773 multasunt,
2669 2716 2726 2763 et
2744 2724 2858 2763 uno
2878 2722 3109 2774 quoque
3123 2708 3537 2774 propemodum
3554 2710 3847 2762 Tractatu

540 2797 727 2857 obvia,
756 2802 819 2850 ut
849 2799 1082 2863 proferri
1098 2814 1252 2853 nunc
1275 2802 1347 2853 ad
1378 2802 1702 2855 faciendum
1728 2803 1805 2855 rei
1823 2804 2138 2868 periculum
2168 2802 2430 2854 debeant.
2457 2802 2536 2852 Ea
2558 2814 2661 2852 nos
2691 2801 2801 2851 sub
2830 2799 3057 2850 initium
3088 2799 3305 2863 Operis,
3333 2802 3390 2849 et
3426 2799 3522 2849 ubi
3547 2798 3849 2863 longiores

538 2886 770 2941 lacinias
787 2889 847 2942 in
873 2902 983 2943 sua
994 2891 1282 2944 transfert.
1302 2892 1576 2944 adnotato
1598 2893 1906 2956 Augustini
1919 2893 2166 2953 nomine,
2180 2890 2504 2943 innuimus:
2520 2889 2889 2955 postmodum
2906 2889 3210 2953 adscriptis
3229 2888 3534 2940 dumtaxat
3552 2888 3836 2953 virgulis,

537 2990 663 3031 eam
682 2981 1003 3045 pericopem
1027 2981 1099 3032 ab
1116 2981 1211 3033 illo
1246 2982 1665 3034 declaravimus
1683 2986 2005 3034 mutuatam
2048 2982 2339 3045 Conjicere
2358 2980 2647 3043 estitaque
2662 2979 2858 3031 oculos
2876 2979 2933 3030 in
2949 2979 3181 3042 librum,
3195 2980 3250 3030 et
3273 2978 3463 3029 mirari
3482 2977 3850 3043 decerptoris

534 3066 846 3133 ingenium,
865 3070 964 3133 qui
989 3075 1106 3122 tam
1132 3070 1241 3122 sibi
1262 3071 1521 3137 religioni
1539 3072 1714 3134 ducit,
1731 3085 1766 3124 a
1786 3071 2043 3136 Vulgata,
2060 3069 2367 3133 Gallicana,
2385 3070 2637 3134 inquam,
2658 3069 2947 3133 Scriptura
2962 3068 3236 3125 recedere,
3254 3071 3317 3119 ut
3334 3067 3573 3132 ineptire
3589 3067 3839 3131 alicubi,

536 3165 595 3213 et
615 3173 650 3212 a
670 3163 961 3226 proposito
981 3163 1044 3215 in
1069 3164 1301 3216 diversa
1334 3164 1491 3216 abire
1518 3170 1750 3217 coactus
1777 3165 1869 3217 sit.
1897 3167 2086 3228 Quum
2116 3163 2269 3215 enim
2293 3162 2658 3226 Augustinus
2683 3162 2975 3211 Versionis
3011 3172 3127 3223 qua
3150 3160 3331 3211 utitur
3361 3159 3550 3211 verbis
3576 3161 3853 3223 pressius

539 3249 937 3315 explanatione
956 3264 1062 3304 sua
1080 3251 1358 3314 adhaeret,
1378 3254 1582 3305 Noster
1605 3266 1731 3305 eam
1748 3253 2212 3318 explanationem
2238 3250 2590 3313 describens,
2615 3250 2760 3301 male
2777 3263 2911 3301 cum
2934 3249 3172 3301 lectione
3196 3249 3486 3300 Versionis
3514 3261 3637 3301 suae
3653 3254 3848 3313 aptat,

536 3347 593 3391 et
624 3352 659 3391 a
678 3352 850 3405 scopo
873 3341 1115 3393 aberrat.
1141 3344 1266 3394 Non
1287 3355 1422 3407 ergo
1443 3346 1656 3394 temere
1668 3343 1801 3395 hinc
1814 3344 1987 3396 etiam
2003 3356 2230 3408 arguas,
2249 3340 2428 3395 fuisse
2454 3355 2525 3393 ex
2551 3340 2857 3393 Galliarum
2875 3338 3125 3390 Ecclesia
3146 3337 3460 3399 hominem,
3480 3336 3577 3400 qui
3592 3337 3851 3390 minime

536 3424 702 3479 licere
714 3433 942 3493 putaret
959 3429 1083 3495 sibi,
1099 3429 1210 3482 alio
1227 3444 1402 3495 quam
1415 3431 1701 3485 Gallicano
1713 3432 1950 3496 Circulo,
1966 3435 2031 3485 ut
2044 3437 2269 3495 vocant,
2288 3445 2414 3484 recc
2421 3436 2516 3496 pta
2529 3431 2741 3482 scilicet
2753 3428 2904 3493 apud
2918 3441 3053 3480 suos
3067 3427 3424 3480 Psalmorum
3437 3427 3709 3480 Versione
3725 3427 3820 3479 uti
3831 3465 3846 3479 .

600 3570 772 3623 Porro
805 3572 1099 3624 Monachis
1132 3573 1283 3626 hanc
1320 3573 1575 3627 Psalterii
1604 3575 1952 3640 explanandi
1985 3590 2215 3641 operam
2258 3575 2628 3640 impendisse,
2653 3578 2828 3637 atque
2864 3572 3140 3625 habuisse
3163 3570 3222 3622 in
3247 3572 3507 3622 Fratrum
3538 3578 3849 3625 conventu

540 3671 852 3725 sermones,
877 3662 1122 3715 videtur.
1148 3664 1428 3717 Nimirum
1457 3667 1682 3717 Fratres
1712 3665 2001 3717 interdum
2025 3668 2345 3732 compellat,
2369 3667 2556 3729 deque
2575 3664 2791 3716 muniis
2830 3663 3239 3715 Monachorum
3260 3660 3531 3725 loquitur.
3570 3663 3633 3712 In
3672 3663 3847 3715 Psal-

539 3759 697 3799 mum
716 3750 858 3811 XLI,
883 3763 1031 3804 vers.
1060 3750 1157 3806 10:
1185 3753 1389 3817 Magna
1413 3753 1565 3802 nobis
1579 3754 1800 3817 ï¬ducia,
1824 3755 2049 3815 Fratres,
2078 3756 2210 3819 quia
2233 3760 2501 3818 susceptor
2524 3758 2700 3802 noster
2723 3756 2793 3802 est
2823 3752 2980 3804 Deus.
3015 3753 3085 3803 Et
3110 3750 3365 3814 proxime
3391 3749 3743 3815 praecedenti
3768 3751 3845 3803 ad

540 3848 689 3889 vers.
714 3834 764 3892 8.
791 3838 861 3890 de
885 3851 1083 3891 eorum
1104 3840 1276 3905 vitiis,
1298 3840 1622 3907 Hypocritae,
1648 3842 1985 3893 simulatores
2013 3844 2161 3907 mali,
2188 3844 2541 3908 adjungcntcs
2562 3857 2613 3891 se
2643 3843 2767 3905 ï¬cta
2794 3842 3073 3890 caritate...
3105 3839 3250 3888 Tales
3280 3837 3439 3888 multi
3473 3839 3847 3890 inveniuntur

540 3924 691 3975 intra
721 3927 1015 3978 societatem
1039 3930 1317 3994 Fratrum,
1353 3934 1460 3982 etc.
1501 3932 1570 3982 Et
1598 3930 1768 3996 paulo
1791 3937 1939 3996 post,
1978 3933 2067 3982 Vis
2096 3933 2229 3983 scire
2264 3933 2328 3982 de
2364 3933 2549 3981 Fratre
2582 3929 2740 3994 quate
2771 3944 2862 3979 cor
2900 3929 3091 3977 habet?
3134 3927 3356 3977 Attende
3394 3926 3537 3976 unde
3579 3926 3846 3978 libentius

542 4015 812 4082 loquatur,
825 4024 914 4069 etc.
935 4021 1098 4081 Tum,
1122 4021 1515 4083 Custodiamus,
1534 4023 1760 4083 Fratres,
1780 4024 2068 4073 introitum
2096 4028 2360 4083 nostrum,
2390 4036 2708 4071 maneamus
2725 4020 2889 4077 intus,
2902 4024 3032 4069 etc...
3056 4024 3277 4067 notatur
3299 4018 3512 4082 vagatio
3524 4019 3844 4081 oculorum,

541 4110 587 4156 et
626 4109 927 4172 curiositas,
960 4112 1104 4175 quod
1137 4112 1332 4161 vitium
1364 4112 1694 4161 vehementer
1728 4113 1851 4162 solet
1884 4128 2067 4161 nocere
2100 4112 2397 4163 Conversis.
2438 4111 2712 4173 Denique,
2754 4110 2872 4159 Ilaec
2906 4110 3014 4159 tria
3049 4109 3231 4159 studia
3271 4114 3401 4158 sunt
3441 4108 3747 4159 otiosorum
3781 4111 3843 4159 in

542 4195 804 4258 Claustra,
822 4201 1033 4263 vagatio
1059 4200 1358 4260 oculorum,
1389 4202 1733 4265 superï¬‚uitas
1770 4201 2067 4262 verborum,
2092 4202 2409 4265 perversitas
2436 4200 2841 4265 cogitationum.
2885 4200 3003 4249 Haec
3034 4200 3142 4249 tria
3165 4199 3297 4247 vilia
3321 4198 3543 4263 ejiciunt
3571 4198 3833 4249 Fratrem

542 4288 605 4337 de
630 4287 893 4340 Claustra.
921 4290 1068 4351 Quin
1090 4290 1401 4355 ipsummet
1413 4289 1592 4342 vitam
1612 4290 1798 4352 egisse
1823 4303 1956 4342 cum
1981 4290 2274 4342 Monachis
2296 4290 2555 4342 dubitare
2575 4302 2691 4341 non
2713 4289 3017 4341 sinitlocus
3040 4289 3101 4340 in
3120 4290 3263 4341 Psal.
3284 4288 3451 4339 XLV.
3470 4301 3629 4339 num.
3655 4289 3733 4341 iI:
3760 4289 3847 4340 Ad

542 4379 640 4429 hoc
654 4379 776 4444 jam
797 4380 1117 4446 reliquimus
1140 4382 1526 4445 impedimenta
1548 4381 1763 4443 mundi,
1784 4386 1828 4431 et
1851 4397 2010 4431 curas
2032 4383 2227 4445 saeculi,
2249 4388 2408 4446 atque
2424 4383 2498 4431 ad
2522 4393 2890 4434 MONASTBRII
2914 4382 3228 4430 accessimus
3246 4384 3514 4442 secretum,
3544 4384 3601 4429 ut
3618 4379 3845 4430 liberius

542 4483 731 4519 vacare
750 4471 1018 4535 possimus
1039 4471 1163 4523 Deo.
1183 4472 1250 4522 Et
1275 4471 1381 4522 sub
1398 4471 1592 4532 finem,
1610 4483 1807 4523 eorum
1824 4483 2052 4534 quoque
2070 4471 2268 4532 Choro,
2289 4477 2351 4524 ut
2370 4476 2594 4530 vocant,
2615 4471 2736 4523 sive
2758 4470 3085 4523 canentium
3103 4469 3443 4521 stationibus
3470 4467 3810 4521 interfuisse
3831 4482 3843 4519 :

541 4555 604 4605 In
632 4556 729 4606 hoc
748 4558 981 4623 Psalmo,
1006 4575 1163 4623 quem
1179 4564 1460 4609 cantatum
1476 4558 1810 4620 audivimus,
1835 4558 1923 4607 cui
1947 4560 2217 4607 cantando
2241 4561 2641 4624 reSpondimus,
2667 4563 2713 4608 et
2734 4574 2924 4608 sumus
2949 4558 3277 4621 dicturiqua:
3294 4557 3640 4608 nostis.Num
3662 4556 3846 4621 igitur

547 4644 889 4699 Monachum
914 4649 1120 4711 agebat
1143 4649 1280 4714 ipse,
1294 4648 1481 4712 deque
1504 4661 1699 4701 eorum
1714 4661 1951 4700 numero
1976 4662 2129 4701 unus
2146 4654 2267 4701 erat
2283 4651 2614 4703 Monasticse
2642 4649 2776 4701 vita:
2788 4648 3065 4701 institutis
3082 4647 3329 4699 devotus
3346 4650 3373 4699 â€˜l
3390 4646 3592 4698 Nullus
3610 4646 3843 4699 videtur

547 4731 1032 4798 dubitandilocus,
1052 4737 1151 4788 sed
1164 4738 1241 4789 ita
1254 4743 1464 4800 tamen,
1482 4741 1547 4789 ut
1562 4742 1732 4799 esset,
1749 4742 2020 4802 praeterea
2036 4739 2354 4803 Presbyteri
2367 4739 2642 4803 dignitate
2654 4738 2965 4802 insignitus
2982 4749 3139 4798 ;nam
3155 4736 3303 4799 quod
3322 4735 3456 4787 olim
3468 4734 3841 4788 interdictum

550 4827 658 4887 est,
689 4828 746 4875 et
770 4826 823 4877 S.
842 4827 954 4878 Leo
977 4827 1130 4879 cavit
1152 4827 1328 4891 Epist.
1358 4826 1431 4878 ad
1455 4826 1769 4877 Maximum
1792 4827 2228 4888 Antiochenum,
2254 4829 2454 4879 Praeter
2477 4844 2577 4888 eos,
2610 4828 2705 4892 qui
2729 4832 2855 4876 sunt
2891 4826 3116 4876 Domini
3152 4826 3471 4885 Sacerdotes,
3509 4824 3698 4873 nullus
3739 4824 3841 4874 sibi

539 4909 634 4974 jus
658 4910 879 4961 docendi
906 4918 952 4962 et
976 4914 1314 4978 pradicandi
1335 4914 1508 4978 potuit
1531 4913 1827 4978 vendicare,
1854 4915 1958 4964 sive
1980 4915 2066 4965 ille
2098 4916 2415 4978 Monachus,
2442 4917 2548 4965 sive
2575 4916 2771 4965 Laicus
2799 4919 2939 4976 esset,
2983 4914 3080 4979 qui
3099 4914 3326 4963 scicntia:
3348 4913 3488 4962 aticu
3490 4913 3583 4978 jus
3616 4914 3840 4962 nomine

548 4997 931 5063 gloriarentur.
954 5003 1129 5055 Erant
1152 5002 1359 5055 idcirco
1389 5003 1709 5068 antiquitus
1737 5004 1796 5057 in
1826 5006 2205 5070 Monasteriis,
2231 5005 2413 5070 deque
2437 5005 2578 5070 ipsis
2606 5004 2898 5057 Monachis
2933 5004 3252 5068 Presbyteri
3278 5016 3430 5054 unus
3456 5004 3512 5054 et
3532 5001 3693 5065 alter,
3734 5004 3838 5054 aut

549 5087 739 5152 plures
755 5089 853 5153 qui
869 5089 1115 5143 doctoris
1139 5105 1375 5145 munere
1400 5092 1774 5156 fungerentur
1805 5093 1948 5163 (Pal,
1983 5095 2142 5144 Laus.
2166 5110 2282 5159 cap.
2313 5093 2428 5148 118.
2471 5094 2623 5146 Cont.
2655 5093 2738 5144 Jo.
2772 5093 2992 5143 Jerosol.
3021 5095 3053 5156 ).
3087 5092 3349 5157 Quinque
3372 5093 3424 5143 S.
3451 5090 3839 5155 Hieronymus

546 5183 830 5231 memorat
849 5180 908 5231 in
935 5193 1057 5245 suo,
1081 5181 1236 5245 quod
1261 5182 1445 5235 CCCC.
1472 5184 1763 5235 Fratribus
1789 5186 2082 5237 constasse
2105 5184 2474 5248 intelligimus
2500 5199 2511 5234 :
2546 5184 2950 5248 Presbyterum
2968 5196 3100 5234 vero
3119 5182 3301 5243 tribui,
3320 5187 3364 5230 et
3382 5180 3711 5230 Monachum
3726 5193 3837 5228 non

545 5267 776 5333 auferri,
801 5268 1062 5334 ejusdem
1080 5271 1131 5321 S.
1152 5271 1331 5322 Patris
1352 5273 1614 5338 exemplo
1627 5273 1922 5325 discimus.
1942 5275 2074 5324 Erat
2096 5273 2287 5337 itaque
2302 5273 2708 5325 Commentarii
2726 5273 2903 5337 hujus
2931 5275 3143 5323 Auctor
3157 5277 3214 5324 et
3230 5272 3458 5323 natione
3476 5270 3687 5333 Gallus,
3707 5272 3763 5321 et
3781 5268 3838 5319 in

546 5356 890 5410 Monasterio
913 5359 1241 5424 Presbyter:
1258 5362 1476 5424 etquod
1497 5375 1571 5414 ex
1594 5362 1701 5416 hac
1716 5363 1761 5428 ej
1773 5376 1841 5415 us
1864 5362 2290 5415 elucubrationo
2313 5362 2684 5431 manifestum
2710 5364 2816 5427 est,
2846 5374 2963 5414 non
2998 5361 3339 5423 ineruditus,
3358 5374 3462 5414 nec
3486 5360 3689 5413 leviter
3728 5370 3838 5412 usu

551 5458 841 5498 sacrarum
864 5448 1180 5501 Literarum
1203 5450 1569 5503 exercitatus.

612 5590 755 5642 Vide
777 5605 952 5657 nunc,
976 5594 1231 5658 possitne
1249 5594 1342 5647 ille
1361 5595 1540 5648 videri
1558 5595 1896 5647 Vincentius
1921 5594 2236 5659 Presbyter,
2261 5606 2434 5659 quem
2453 5594 2786 5647 Gennadius
2811 5608 2934 5661 cap.
2970 5597 3206 5649 LXXX.
3257 5594 3471 5647 laudat.
3523 5592 3831 5643 Vincentius

549 5676 821 5743 Presbyter
841 5685 887 5731 et
908 5680 1019 5746 ipse
1042 5681 1260 5732 natione
1284 5683 1486 5745 Gallus,
1511 5689 1555 5733 et
1582 5683 1643 5732 in
1667 5682 1867 5734 divinis
1893 5681 2189 5747 Scripturis
2208 5682 2541 5747 exercitatus,
2570 5683 2819 5747 linguam
2856 5684 3055 5735 habens
3092 5701 3204 5735 non
3244 5683 3501 5749 loquendi
3542 5688 3587 5732 et
3626 5682 3828 5747 majore
