3902 6414
79 340 149 395 65
1436 412 1441 419 _
1554 344 1953 401 PREFATIO.
3330 362 3399 419 66

78 448 312 497 lectione
338 448 584 515 politam,
626 455 1009 502 commentatus
1038 453 1109 499 est
1142 448 1200 498 in
1223 448 1486 505 Psalmos,
1528 450 1697 516 Cujus
1729 453 1912 517 Operis
1945 455 2067 520 legit
2099 456 2291 522 aliqua
2322 460 2536 511 homini
2569 462 2665 512 Dei
2705 463 2981 528 Cannatae,
3019 482 3102 518 me
3132 468 3397 525 audiente,

76 537 408 601 promittens
431 539 613 601 simul,
639 542 686 590 si
713 542 979 591 Dominus
1008 540 1179 589 vitam
1212 542 1257 586 et
1286 539 1419 586 vires
1444 538 1609 601 daret,
1633 555 1683 588 se
1715 541 1775 591 in
1802 548 1903 592 toto
1933 544 2192 596 Psalterio
2217 549 2397 598 eodem
2428 551 2605 602 studio
2639 552 3031 608 laboraturum.
3072 559 3218 611 Sane
3247 560 3400 625 quod

79 628 500 692 Presbyterum
519 629 818 691 duntaxat,
844 645 962 683 non
977 636 1034 682 et
1062 627 1407 681 Monachum
1433 633 1599 680 vocat
1614 628 1707 681 illa
1727 636 1816 683 est
1840 634 2006 686 unice
2022 634 2093 686 de
2110 649 2310 689 eorum
2342 640 2596 692 maxime
2615 646 2937 708 temporum
2963 649 3398 711 consuetudine,

77 716 326 767 honoris
350 729 561 771 caussa
581 720 906 785 appellatio:
939 724 1232 780 caeterum,
1260 720 1326 767 ut
1355 716 1426 767 de
1457 713 1866 771 Monachorum
1892 728 2045 774 coetu
2070 723 2249 777 fuisse
2282 727 2589 793 intelligas,
2622 731 3065 801 facitCannatae,
3102 738 3400 803 ipsiusque

77 806 388 871 Gennadii,
413 808 513 871 qui
536 822 602 861 eo
628 810 970 863 familiariter
988 809 1081 861 usi
1103 810 1259 870 sunt,
1280 806 1690 859 Monachorum
1713 811 1947 862 mentio.
1972 813 2188 865 Eadem
2203 815 2329 868 haec
2356 816 2503 881 facit,
2522 824 2587 871 ut
2612 833 2730 871 non
2760 821 2929 887 longe
2952 827 3204 889 positum
3222 828 3399 880 fuisse

78 908 215 947 eum
228 896 527 962 conjicias,
554 899 837 964 siquidem
860 904 917 953 et
933 899 1197 951 versatus
1231 900 1321 948 est
1355 896 1506 960 apud
1529 910 1627 948 eos
1659 896 1983 962 aliquando,
2012 906 2069 953 et
2100 905 2363 958 meminit
2385 907 2506 971 ipse
2532 909 2796 963 Massiliae
2821 917 2995 977 atque
3025 917 3398 970 Arausiorum

78 983 407 1070 civitatum,
437 985 599 1039 facile
622 992 688 1040 ut
706 988 882 1041 videri
900 986 1084 1054 possit
1108 998 1180 1037 ex
1211 984 1525 1047 Provincia,
1559 984 1681 1036 sive
1704 987 2065 1040 Narbonensi
2092 989 2283 1043 Gallia.
2306 993 2523 1046 Caetera
2544 998 2719 1060 probe
2758 999 2946 1052 adhuc
2979 1004 3164 1067 magis
3197 1018 3399 1058 conve-

77 1073 271 1138 niunt,
296 1079 357 1126 et
385 1078 706 1141 praesertim
732 1078 884 1143 quod
921 1074 1251 1142 imperfecti,
1277 1074 1398 1125 sive
1432 1073 1713 1140 nondum,
1739 1080 1796 1127 et
1835 1076 1896 1128 in
1924 1091 2125 1132 omnes
2169 1082 2429 1135 Psalmos
2462 1084 2709 1138 absoluti
2746 1089 3146 1145 Commentarii
3185 1096 3400 1147 Auctor

76 1164 453 1227 perhibetur:
497 1168 688 1221 Nostri
718 1169 872 1221 enim
896 1168 1055 1221 labor
1084 1165 1382 1217 dimidium
1415 1169 1504 1216 est
1525 1164 1740 1230 Operis,
1776 1166 1927 1220 solos
1960 1171 2168 1236 quippe
2195 1172 2409 1237 priores
2441 1176 2697 1229 Psalmos
2740 1180 2965 1243 LXXV,
3000 1185 3394 1250 explicatione.

78 1253 509 1319 complectitur.
529 1257 786 1321 Denique
798 1263 855 1309 et
868 1257 1139 1322 temporis
1158 1254 1300 1307 ratio
1314 1254 1600 1317 convenit,
1622 1255 1664 1305 si
1674 1256 1905 1318 quidem
1919 1258 2359 1315 Gennadianum
2371 1264 2737 1319 Vincentium
2754 1270 3095 1326 inclaruisse
3109 1288 3261 1329 anno
3273 1274 3395 1332 480.

80 1348 446 1407 compertum
470 1344 750 1398 habemus
771 1346 945 1409 (alius
969 1346 1121 1397 enim
1144 1344 1216 1396 ab
1240 1356 1306 1395 eo
1331 1347 1437 1401 est,
1466 1344 1633 1407 cujus
1667 1344 2018 1407 objectiones
2038 1348 2445 1404 Vincentianas
2470 1354 2521 1405 S.
2551 1356 2791 1422 Prosper
2807 1362 3150 1427 confutavit)
3171 1369 3228 1417 et
3254 1366 3395 1417 Nos-

82 1436 235 1483 trum
262 1433 435 1498 perid
461 1435 639 1489 ferme
662 1438 935 1502 temporis
951 1436 1211 1488 animum
1227 1433 1297 1485 ad
1307 1430 1517 1498 pulisse
1542 1431 1615 1483 ad
1641 1433 2028 1501 scribendum,
2055 1451 2407 1504 quamquam
2431 1448 2582 1496 certo
2606 1445 2888 1501 aﬂlrmare
2911 1464 3028 1504 non
3050 1450 3199 1517 licet,
3214 1455 3396 1507 multa

82 1524 478 1588 subindicant,
496 1539 628 1591 quas
643 1531 758 1580 toto
773 1528 920 1579 Libri
934 1530 1206 1579 contextu
1220 1523 1603 1576 continentur.
1624 1524 1745 1575 Non
1762 1523 1908 1577 alius
1921 1527 2115 1592 itaque
2135 1531 2339 1584 Noster
2352 1534 2424 1585 ab
2445 1546 2511 1586 eo
2528 1535 2780 1589 videtur:
2810 1540 2963 1604 quod
2991 1542 3038 1593 si
3050 1555 3393 1608 persuasum

82 1615 258 1667 habes
284 1628 461 1669 verus
488 1619 735 1683 denique
763 1620 939 1680 hujus
962 1615 1381 1676 Commentarii,
1414 1627 1586 1679 quem
1611 1620 1834 1668 veteres
1865 1618 2080 1673 chartae
2107 1622 2312 1676 Rullno
2335 1627 2682 1681 recentiores
2708 1630 2895 1684 Critici
2919 1633 3135 1688 incerto
3161 1635 3397 1690 Auctori

80 1704 529 1770 adscripserunt,
558 1708 893 1760 Vincentius
918 1708 1027 1759 iste
1051 1708 1265 1758 Auctor
1290 1709 1395 1757 est.
1420 1705 1549 1755 Jam
1574 1717 1709 1757 vero
1735 1718 1910 1770 quam
1932 1708 1991 1760 in
2027 1710 2120 1763 illo
2139 1712 2478 1777 expoliendo
2503 1729 2733 1781 operam
2750 1719 3175 1785 coliocavimus,
3200 1724 3393 1777 malim

79 1807 146 1845 ex
164 1793 662 1850 Adnotationibus
677 1798 888 1851 nostris
910 1796 1213 1862 intelligas.
1242 1797 1431 1847 Unum
1456 1795 1863 1860 prmfabor,me
1888 1811 2067 1863 quum
2088 1814 2195 1868 cpe
2218 1806 2623 1870 Augustiniani
2641 1809 3045 1866 Commentarii
3061 1818 3119 1866 et
3131 1812 3378 1867 Benedic

83 1883 327 1937 tinorum
356 1885 623 1940 Editione
652 1886 833 1939 multa
864 1888 936 1939 ab
971 1886 1080 1938 hoc
1104 1887 1310 1937 Nostro
1338 1884 1548 1935 menda
1572 1887 1926 1954 sustulerim,
1950 1902 2070 1943 non
2103 1904 2286 1957 pauca
2322 1893 2571 1948 invicem
2602 1895 2781 1964 hujus
2828 1913 2935 1967 ope
2967 1902 3026 1955 in
3064 1904 3392 1970 Augustino

82 1975 440 2042 emendasse,
466 1991 600 2042 qua)
628 1988 722 2031 τῶν
747 1997 876 2031 mw
902 1977 1195 2029 Editorum
1226 1975 1580 2041 diligentiam
1610 1977 1955 2043 effugerunt.

139 2120 298 2172 Alter
329 2126 425 2173 est
448 2121 511 2173 in
538 2126 654 2174 tres
692 2122 937 2173 minores
973 2120 1283 2185 Prophetas
1312 2119 1513 2181 Oscam,
1549 2119 1747 2170 Joelem
1784 2128 1829 2171 et
1866 2123 2130 2175 Amosum
2171 2126 2638 2193 Commentarius;
2672 2136 2766 2186 sed
2807 2135 2977 2200 cujus
3001 2136 3392 2192 internoscere

92 2212 415 2275 Auctorem,
440 2211 609 2277 longe
625 2212 698 2264 sit
720 2211 1023 2263 difﬁcilius.
1044 2212 1155 2262 Cur
1169 2210 1403 2261 minime
1428 2210 1674 2262 Rufinus
1698 2210 1791 2263 ille
1823 2212 1913 2273 sit,
1935 2218 1992 2265 et
2020 2215 2210 2267 sciunt
2220 2216 2565 2281 jamdudum
2591 2223 2799 2276 eruditi
2816 2237 3072 2292 caussas,
3095 2232 3153 2279 et
3177 2229 3392 2281 Fonta-
3490 2207 3497 2212 ’

86 2301 247 2353 uinus
272 2302 490 2367 profert
514 2304 654 2355 satis
689 2304 901 2356 bonas:
941 2302 1152 2366 quibus
1180 2301 1247 2365 si,
1271 2306 1336 2353 ut
1365 2306 1521 2353 esset
1554 2302 1787 2365 quidem
1822 2303 1879 2354 in
1903 2311 2185 2371 promptu,
2210 2306 2341 2360 latis
2375 2310 2760 2366 edisserendis
2784 2315 3172 2373 immoremur.
3194 2323 3390 2371 actum

86 2403 242 2455 agere
266 2392 587 2445 videamur.
616 2394 763 2446 Satis
788 2392 1118 2456 erititaque,
1134 2390 1287 2455 quod
1312 2391 1437 2442 aliis
1463 2391 1809 2443 intentatum
1827 2398 1935 2457 est,
1963 2394 2093 2457 quis
2120 2409 2251 2448 vere
2267 2399 2666 2454 Commentarii
2692 2405 2909 2457 Auctor
2932 2406 3118 2465 fuerit.
3143 2407 3389 2472 diligen-

89 2482 190 2531 tius
212 2481 273 2533 in
281 2481 589 2546 vestigare,
616 2486 672 2534 et
686 2481 877 2535 conari
894 2480 1187 2547 proprium
1198 2481 1326 2545 ejus
1338 2493 1551 2532 nomen
1565 2480 1971 2546 fortunamque
1982 2482 2424 2548 deprehendere.
2442 2490 2661 2552 Quibus
2674 2497 2869 2547 autem
2889 2495 2942 2546 id
2975 2495 3212 2561 assequi
3231 2496 3386 2549 notis

87 2568 276 2634 possit,
302 2570 688 2636 experiamur.
734 2588 749 2597 α

144 2714 324 2767 Primo
344 2726 628 2778 magnum
644 2713 1055 2777 Hieronymum
1084 2712 1295 2763 Auctor
1310 2709 1454 2762 male
1477 2710 1668 2773 habet,
1696 2724 1871 2776 seque
1896 2713 2023 2776 ejus
2039 2712 2331 2769 laboribus
2349 2717 2691 2785 iniquiorem
2715 2726 2960 2788 praebet:
2992 2739 3124 2791 quae
3147 2725 3385 2781 halluci-

89 2802 323 2855 nationis
360 2802 501 2854 olim
532 2801 754 2854 occasio
794 2801 922 2864 fuit,
957 2805 1023 2852 ut
1057 2813 1155 2865 pro
1193 2798 1399 2851 Ruﬁno
1432 2798 1758 2851 haberetur.
1806 2802 1872 2851 In
1904 2802 2240 2856 Praefatione
2269 2818 2401 2859 eum
2439 2810 2535 2871 ait,
2577 2811 2636 2862 in
2670 2810 3109 2866 Commentariis
3153 2815 3275 2867 suis
3321 2815 3383 2866 de

87 2892 445 2956 perquirenda
466 2891 860 2956 consequentia,
885 2904 1042 2955 penes
1065 2904 1231 2952 quam
1263 2887 1613 2952 explanation
1624 2887 1669 2936 is
1699 2887 1875 2937 debere
1898 2904 2001 2940 esse
2032 2894 2430 2961 auctoritatem,
2454 2899 2748 2954 contendit
2772 2917 2885 2952 non
2908 2903 3131 2953 voluisse
3157 2909 3253 2954 aut
3284 2919 3384 2969 po-

90 2983 235 3031 tuisse
264 2983 532 3031 sustinere
562 2996 840 3032 curarum.
870 2981 963 3045 tta,
984 2977 1195 3039 subdit,
1220 2977 1298 3026 vel
1323 2992 1419 3041 per
1451 2976 1735 3040 allegorias
1755 2977 2015 3041 Origcnis,
2053 2981 2129 3030 vel
2155 2997 2252 3046 per
2278 2983 2550 3046 fabulosus
2578 2988 2897 3040 Judzorum
2921 2992 3237 3042 traditiones
3273 2997 3381 3043 tota

86 3071 189 3137 ejus
220 3071 445 3136 deﬂuxit
464 3071 655 3121 oratio.
680 3072 749 3122 In
783 3071 946 3123 Oseaa
971 3081 1093 3132 cap.
1124 3069 1218 3119 XI.
1249 3067 1633 3116 Huncversum
1653 3068 2019 3133 Hieronymus
2046 3086 2170 3120 cum
2196 3074 2339 3123 vellet
2358 3091 2636 3141 exponere,
2666 3082 2904 3144 perrexit
2934 3096 3251 3131 enumerare
3284 3082 3383 3147 qui

87 3163 301 3213 ciuitates
323 3161 623 3213 condidisse
647 3161 959 3225 legerentur,
984 3164 1089 3211 etc.
1134 3158 1309 3207 Talem
1348 3162 1527 3205 autem
1557 3157 1958 3219 explanationis
1995 3160 2238 3226 colorem,
2267 3165 2388 3228 quis
2416 3168 2534 3216 sine
2561 3168 2821 3219 Irrisione
2839 3170 3170 3222 consideret?
3193 3172 3383 3237 Carpit

85 3256 277 3311 autem,
298 3262 610 3317 suppresso
630 3250 879 3311 nomine,
907 3248 968 3300 in
990 3246 1208 3299 Joelem
1239 3244 1427 3297 initio:
1450 3245 1685 3303 Quidam
1712 3245 2160 3299 Commentatores
2185 3253 2533 3318 etymologias
2566 3256 2730 3306 etiam
2753 3259 3047 3308 nominum
3068 3259 3382 3325 prosequuti

86 3345 215 3399 sunt,
238 3340 296 3389 de
325 3340 408 3389 his
437 3338 669 3388 videlicet
687 3338 913 3388 laudum
948 3336 1156 3386 semina
1184 3333 1496 3396 colligentes,
1528 3332 1587 3381 id
1608 3339 1696 3393 est,
1721 3334 1852 3399 Joel,
1897 3332 2267 3404 ἆρχόμενος.....
2302 3357 2418 3406 quae
2448 3349 2508 3393 ut
2538 3345 2784 3396 Puerilia
2818 3352 2865 3397 et
2906 3349 3094 3413 Inepta
3128 3354 3271 3410 sunt,
3303 3349 3383 3398 ita

84 3429 196 3493 plus
218 3431 410 3495 negotii
434 3429 685 3479 videntur
716 3426 922 3487 habere,
957 3440 1123 3490 quam
1165 3423 1448 3474 commodi.
1473 3424 1543 3474 Et
1567 3421 1754 3487 paullo
1780 3429 1927 3489 post,
1955 3428 2192 3486 Quidam
2212 3431 2274 3479 in
2313 3431 2399 3482 his
2430 3434 2697 3486 vocabulis
2718 3436 2949 3487 multam
2986 3452 3089 3488 esse
3123 3437 3382 3507 ali/feren-

91 3519 211 3568 tiam
232 3521 585 3580 crediderunt,
612 3533 807 3584 perque
832 3517 928 3566 hoc
944 3516 1243 3580 plurimum
1262 3513 1550 3564 Inutilium
1578 3515 1870 3578 expendere
1894 3517 2191 3571 verborum.
2214 3522 2417 3576 Denuo
2440 3524 2697 3591 inferius,
2723 3528 2822 3580 ubi
2845 3529 2917 3581 de
2932 3528 3378 3595 eruca,locusta,

90 3607 309 3674 brucho,
343 3614 449 3663 etc.
475 3620 609 3672 quae
629 3620 701 3660 ex
736 3607 1110 3658 Hebraeorum
1152 3602 1554 3655 traditionibus
1590 3602 1978 3669 Hieronymus
2001 3606 2200 3661 hostes
2228 3611 2577 3677 Reipublicae
2600 3615 3043 3682 interpretatur:
3088 3617 3255 3680 Unde,
3281 3619 3379 3684 ait,

91 3696 293 3747 illorum
316 3698 648 3764 opinionem,
672 3696 769 3761 qui
800 3696 906 3745 haec
926 3693 1116 3743 omnia
1143 3693 1205 3741 de
1232 3690 1468 3741 hostibus
1491 3691 1633 3740 dicta
1656 3692 1944 3746 aestimant.
1967 3696 2300 3761 Refutamus.
2319 3702 2522 3755 Acrius
2550 3703 2737 3757 multo
2760 3719 2882 3770 cap.
2902 3708 2971 3772 II,
2994 3706 3094 3759 ubi
3109 3706 3181 3759 de
3196 3708 3374 3770 Petro,

94 3788 179 3850 qui
200 3788 355 3841 Oscae
371 3787 560 3841 locum
580 3799 653 3839 ex
666 3790 826 3851 parte
848 3782 1112 3847 laudarit,
1136 3782 1306 3841 Quod,
1324 3780 1529 3844 inquit,
1552 3780 1669 3830 ideo
1694 3781 1917 3832 breviter
1940 3785 2311 3849 admonemus,
2340 3798 2399 3841 ut
2431 3793 2654 3843 illorum
2676 3796 3268 3860 repudieturAudacia,
3283 3798 3381 3862 qui

101 3877 287 3928 Temere
314 3877 660 3944 imperiteque
684 3875 1027 3937 contendunt,
1061 3876 1166 3925 etc.
1194 3871 1355 3923 Paria
1375 3870 1469 3921 his
1502 3870 1675 3923 habet
1691 3876 1749 3923 et
1778 3874 1960 3937 capite
1990 3877 2085 3928 III.
2122 3880 2188 3930 In
2228 3882 2407 3934 Amos
2446 3887 2641 3935 autem
2677 3885 2861 3949 capite
2893 3888 2960 3938 II.
2996 3884 3070 3939 ad
3100 3887 3273 3940 ﬁnem
3309 3887 3380 3940 de

95 3965 402 4021 Judzeorum
441 3967 693 4033 quadam
716 3965 867 4031 apud
892 3965 945 4016 S.
972 3965 1273 4015 Doctorem
1309 3959 1631 4023 traditione,
1658 3961 1812 4019 Quod
1840 3978 1953 4024 nos,
1990 3965 2086 4026 ait,
2124 3982 2233 4018 non
2269 3972 2462 4034 magni
2490 3974 2743 4037 ponderis
2774 3973 3113 4041 aestimantes,
3154 3978 3229 4027 ad
3263 3975 3380 4028 alia

101 4060 431 4111 transeamus.
464 4058 625 4111 Idem
659 4054 990 4120 exemplum
1035 4058 1126 4105 est
1158 4051 1221 4103 in
1259 4050 1667 4114 subsequentis
1705 4051 1906 4115 capitis
1940 4055 2032 4107 III.
2071 4056 2218 4122 fine;
2257 4073 2443 4123 neque
2478 4063 2630 4115 enim
2672 4065 2883 4125 omnia,
2935 4070 2993 4118 et
3029 4077 3162 4130 quin
3197 4067 3377 4120 videri

100 4142 289 4200 leviora
310 4152 572 4215 possunt,
597 4145 861 4213 persequi
898 4148 988 4196 est
1013 4142 1257 4195 animus.
1286 4140 1394 4192 Sed
1425 4152 1650 4205 parcere
1683 4140 1882 4193 diutus
1910 4142 2020 4208 ipsi
2058 4147 2277 4200 nomini
2313 4150 2756 4216 Hieronymiano
2807 4166 2927 4206 non
2968 4156 3175 4221 potuit,
3222 4156 3378 4223 quod

101 4234 223 4287 adeo
241 4250 357 4304 cap.
382 4240 450 4291 V.
469 4238 551 4290 ita
570 4235 905 4300 injuriosius
934 4238 1143 4286 tractat
1165 4247 1177 4283 :
1207 4232 1576 4295 Hieronymus
1598 4231 1659 4280 in
1684 4231 1780 4281 hoc
1797 4232 1905 4282 loco
1930 4235 2061 4285 adeo
2086 4237 2342 4289 Miseram
2369 4241 2560 4307 recepit
2577 4241 2908 4317 opinionem,
2933 4250 2991 4295 ut
3007 4246 3217 4307 diceret,
3246 4247 3379 4312 quia

104 4328 445 4394 quadraginta
468 4330 654 4390 annis,
668 4329 775 4381 etc.
794 4326 937 4379 Vide
958 4326 1015 4378 in
1036 4337 1169 4377 eum
1192 4323 1383 4376 locum
1399 4335 1525 4375 nos.
1545 4324 1610 4374 In
1623 4324 2108 4388 subsequentibus
2132 4330 2271 4382 satis
2287 4330 2478 4395 habet,
2493 4332 2770 4389 doctrinm
2792 4336 2918 4401 ejus
2929 4336 3118 4390 dicam
3132 4337 3376 4403 inurere,

103 4425 255 4477 quam
286 4432 403 4486 cap.
422 4421 543 4483 VII,
559 4418 713 4484 dicit,
738 4419 1058 4482 Repugnare
1085 4414 1344 4474 hiotoriae,
1363 4416 1420 4465 et
1434 4426 1555 4478 cap.
1581 4412 1675 4479 1X,
1700 4414 1800 4463 loci
1825 4421 2076 4467 contextu
2096 4418 2362 4482 Refutari.

157 4559 353 4615 Dehine
366 4563 488 4630 ipse
509 4563 639 4629 quis
664 4562 850 4625 fuerit,
875 4566 932 4613 et
953 4570 1195 4624 quarum
1218 4556 1495 4622 gentium,
1519 4561 1575 4609 et
1597 4557 1764 4622 cujus
1794 4558 2056 4625 instituti,
2084 4564 2522 4627 exquirendum.
2546 4567 2627 4618 Ac
2647 4567 2916 4621 Latinum
2941 4568 3173 4634 quidem
3198 4569 3378 4628 fuisse

107 4641 390 4712 hominem,
413 4650 809 4704 nullidubium
832 4662 958 4701 esse
990 4648 1176 4700 debet.
1210 4644 1320 4697 Sed
1340 4643 1476 4697 item
1498 4657 1597 4709 pro
1615 4649 1769 4696 certo
1798 4646 2148 4713 habendum,
2170 4650 2227 4701 in
2262 4653 2553 4705 Orientem
2585 4653 2896 4719 aliquando
2930 4659 3377 4727 peregrinatum,

109 4729 318 4802 Syriam,
355 4739 736 4803 Patrestinam,
767 4739 1030 4801 Locaque
1060 4737 1265 4788 Sancta
1289 4732 1574 4785 invicisse.
1594 4733 1809 4797 Nempe
1841 4735 2042 4784 Grzecos
2064 4737 2443 4802 Tractatores,
2470 4744 2528 4794 et
2550 4743 2703 4807 quod
2730 4743 2949 4797 homini
2976 4746 3177 4800 Latino
3212 4748 3378 4814 plane

108 4816 336 4876 insolens
351 4832 453 4889 est,
470 4830 632 4893 Syros
650 4827 755 4879 sibi
782 4830 954 4878 notos
966 4825 1146 4889 jactat
1160 4823 1221 4874 in
1233 4821 1591 4884 Praefatione;
1611 4821 1670 4871 in
1686 4822 2103 4876 Commentario
2115 4829 2312 4879 autem
2328 4829 2400 4880 ad
2419 4842 2541 4894 cap.
2555 4833 2596 4883 Ι.
2622 4845 2770 4884 vers.
2789 4831 2840 4888 ‘2.
2860 4847 3036 4899 quam
3057 4836 3126 4888 de
3140 4838 3377 4903 spiritali

110 4906 253 4965 Oscae
274 4918 533 4983 conjugio
555 4918 900 4971 sententiam
926 4915 1135 4966 ferrent
1164 4912 1469 4965 Palmstina
1495 4916 1668 4977 atque
1694 4913 1994 4977 Egyptus,
2017 4926 2217 4967 earum
2242 4917 2504 4972 videlicet
2524 4922 2845 4987 Regionum
2870 4926 3159 4993 Ecclesiae,
3186 4934 3245 4981 et
3280 4930 3375 4995 qui

100 5000 296 5059 .passim
311 5006 406 5058 ubi
421 5008 736 5073 Scripturas
757 5010 1054 5065 noverant,
1083 5009 1359 5068 tanquam
1379 5002 1796 5061 translatitiam,
1824 5008 1880 5055 et
1895 5005 1967 5055 ab
1988 5004 2071 5056 eis
2089 5004 2260 5059 fando
2276 5007 2531 5061 auditam
2550 5011 2815 5077 proponit
2833 5027 3047 5080 perque
3067 5030 3172 5069 sua
3188 5021 3379 5073 omnia

48 5112 51 5115 λ
112 5095 415 5173 argumenta
436 5097 715 5150 edisserit.
742 5096 864 5149 Alia
886 5110 957 5149 ex
977 5101 1151 5160 parte,
1169 5105 1344 5158 quam
1374 5091 1581 5144 inirent
1603 5091 2050 5156 disputationem
2076 5093 2224 5160 Syri,
2250 5102 2297 5145 et
2317 5098 2414 5161 qui
2437 5082 2770 5151 connubium
2795 5102 2936 5153 illud
2957 5104 3248 5158 carnaliter
3262 5104 3379 5175 Opi-

114 5184 293 5230 nuntur
316 5158 607 5251 impletum,
621 5186 945 5251 quibusque
958 5158 1271 5236 niterentur
1286 5181 1623 5244 rationibus,
1638 5180 1715 5232 ita
1733 5180 2068 5246 singillatim
2089 5186 2297 5246 narrat,
2313 5188 2377 5237 ut
2389 5187 2462 5237 ab
2483 5199 2683 5240 eorum
2699 5202 2799 5243 ore
2822 5193 3131 5261 accepisse,
3150 5207 3285 5249 eoru
3294 5209 3378 5251 m-

116 5274 209 5326 que
223 5282 277 5322 se
300 5287 457 5328 usum
476 5275 903 5339 consuetudine,
919 5274 1058 5328 satis
1076 5273 1371 5339 significet.
1391 5274 1533 5323 Nam
1550 5272 1597 5323 si
1624 5270 1693 5323 de
1712 5271 1944 5336 Scriptis
1960 5285 2154 5323 eorum
2176 5274 2461 5338 proferret,
2474 5289 2591 5327 non
2615 5277 2780 5335 ἁπλῶς
2805 5280 3159 5343 Palaestinos,
3176 5286 3380 5353 Egyp-

118 5352 228 5420 tios,
246 5360 423 5425 Syros,
449 5371 554 5420 etc.
581 5366 807 5427 diceret,
842 5365 943 5417 sed
977 5363 1511 5427 unumquempiam,
1539 5362 1635 5425 qui
1665 5374 1861 5412 eorum
1898 5362 2103 5426 placita
2130 5362 2306 5415 literis
2331 5366 2751 5430 consignasset,
2774 5367 2846 5421 de
2869 5371 3099 5423 nomine
3118 5352 3378 5430 laudaret

119 5442 177 5493 ad
205 5445 498 5506 faciendam
523 5456 709 5507 ﬁdem.
737 5454 898 5507 Adde
926 5452 1083 5519 quod
1107 5454 1377 5517 Syrorum
1402 5450 1656 5515 linguam
1677 5449 1992 5515 intelligere
2016 5452 2294 5515 potuisse,
2320 5453 2416 5517 qui
2436 5454 2586 5520 apud
2608 5454 2734 5507 illos
2757 5471 2872 5510 non
2889 5464 3045 5511 esset
3063 5460 3376 5525 aliquando

121 5542 466 5597 commoratus
479 5546 712 5598 minime
727 5550 814 5597 est
826 5542 1167 5597 verosimile.
1186 5541 1345 5605 Quod
1366 5541 1414 5593 si
1432 5553 1633 5605 parum
1653 5545 1844 5592 tamen
1860 5552 1987 5593 eam
2000 5555 2030 5593 c
2046 5541 2265 5594 illuisse
2276 5542 2474 5608 videri,
2490 5545 2580 5609 obj
2590 5545 2768 5598 eceris
2783 5560 2796 5597 :
2809 5560 2925 5600 non
2945 5548 3119 5612 igitur
3137 5550 3376 5616 inquam

122 5622 301 5690 Scripta
319 5643 507 5687 eorum
533 5635 686 5701 legit,
713 5633 815 5687 sei
843 5636 915 5687 ab
943 5634 1084 5700 ipsis
1110 5633 1476 5685 narrantibus
1500 5630 1738 5683 audivit.
1767 5632 1909 5682 Nam
1950 5632 2007 5683 et
2036 5631 2253 5685 facilius
2280 5632 2459 5687 multo
2497 5636 2588 5687 est
2621 5635 2907 5700 ejusmodi
2944 5640 3264 5693 sententias
3302 5642 3375 5696 de

124 5706 335 5773 {illirium
356 5734 465 5791 ore,
487 5727 544 5780 et
561 5730 899 5793 pmsentem
924 5738 959 5780 a
993 5723 1380 5792 praesentibus
1408 5721 1644 5787 discere,
1671 5733 1845 5789 quam
1868 5734 1942 5775 ex
1964 5720 2126 5778 libris
2143 5727 2202 5778 et
2222 5725 2496 5792 Syrorum
2517 5724 2773 5793 plerique
2795 5727 3056 5784 sciebant
3075 5730 3136 5785 et
3155 5731 3373 5804 Graec,
