3902 6432
523 392 593 450 67
1974 378 2063 432 PR

2277 382 2369 434 IO.
2996 403 3031 440 ς
3752 385 3817 441 68

523 508 773 572 denique
815 504 1265 558 Occidentalium
1304 512 1589 556 nonnemo
1615 498 1831 563 (plures
1852 498 2005 550 enim
2039 499 2115 550 ibi
2147 500 2322 552 vitam
2346 502 2684 558 Sanctorum
2714 505 2993 557 Locorum
3025 500 3297 567 religione
3318 501 3585 566 agebant)
3618 503 3820 556 Latine

522 598 743 666 poterat
766 594 1135 659 interpretari.

583 738 882 791 Nationem
908 735 1035 799 ejus
1062 732 1214 798 quod
1246 735 1482 798 spectat,
1506 730 1827 795 Hispanum
1860 729 2129 793 putamus
2156 743 2168 779 :
2215 730 2392 796 hujus
2421 734 2574 785 enim
2620 734 2871 800 regionis
2907 733 3153 797 videtur,
3192 735 3259 783 ut
3291 731 3526 784 inferius
3556 745 3665 785 suo
3695 732 3819 785 loco

520 826 953 884 declarabimus,
983 828 1098 875 tam
1122 822 1331 874 misere
1351 818 1649 872 lamentari
1664 817 1878 882 clades,
1904 822 1971 869 ut
1992 830 2111 869 non
2139 817 2277 870 alias
2298 820 2596 874 lamentari
2625 823 2915 887 probabile
2937 823 3026 885 sit,
3057 821 3167 873 nisi
3193 822 3392 885 patria:
3417 823 3602 883 terras,
3636 834 3820 886 quam

520 919 578 973 et
598 916 784 983 reipsa
806 914 1008 967 durius
1029 912 1254 965 cmteris
1271 910 1515 963 Vandali
1538 910 1808 961 habuere.
1834 909 2314 961 Verosimiliorem
2328 910 2436 963 hac
2460 912 2592 965 facit
2616 913 3003 977 conjecturam
3023 924 3089 964 ac
3106 924 3250 977 pene
3274 914 3483 963 certam
3514 911 3819 975 peculiaris

518 1018 633 1071 qua
655 1004 832 1057 utitur
845 1002 1207 1055 Psalmorum
1223 1001 1427 1053 Latina
1441 998 1651 1052 versio.
1672 1000 1861 1061 Quum
1878 997 2029 1050 enim
2042 997 2218 1062 hujus
2230 1000 2401 1063 Libri,
2418 1013 2591 1065 quem
2608 1015 2810 1055 canere
2828 1015 3028 1053 omnes
3049 1001 3108 1052 in
3122 1000 3295 1052 sacris
3312 1001 3553 1053 canibus
3570 1012 3822 1075 consue-

516 1098 738 1160 verant,
760 1095 945 1146 Vetus
964 1090 1359 1157 interpretatio
1382 1093 1605 1143 retenta
1632 1086 1957 1141 necessario
1992 1087 2067 1138 sit
2092 1100 2191 1139 :ex
2214 1088 2655 1155 Hieronymiana
2684 1096 2875 1144 tamen
2896 1090 3246 1143 Recensione
3268 1090 3327 1141 in
3360 1089 3672 1143 Galliarum
3702 1090 3820 1156 ple-

515 1185 709 1249 risque
723 1182 1016 1247 omnibus,
1034 1182 1091 1234 et
1112 1180 1291 1233 Italiae
1319 1177 1754 1244 quamplurimis
1778 1176 2087 1230 obtinebat.
2107 1179 2287 1239 Quam
2310 1180 2513 1231 Noster
2526 1186 2783 1246 usurpat,
2801 1193 2915 1233 non
2933 1180 3119 1233 solum
3136 1181 3207 1232 ab
3229 1192 3294 1232 ea
3309 1179 3422 1232 fere
3436 1180 3821 1246 continenter,

516 1275 616 1329 sed
639 1274 712 1327 ab
735 1273 858 1325 aliis
879 1272 1050 1324 etiam
1072 1269 1328 1323 Psalteril
1350 1267 1710 1321 Editionibus
1733 1265 1986 1331 antiquis
2008 1266 2221 1331 saepius
2238 1269 2457 1321 abludit
2480 1284 2493 1321 :
2521 1282 2627 1322 nec
2651 1283 2785 1323 cum
2810 1270 3235 1335 Augustiniana
3248 1269 3670 1331 emendatione,
3711 1278 3823 1325 aut

516 1362 832 1417 vetustiore
847 1360 956 1412 alia
979 1360 1212 1412 Patrum
1241 1357 1636 1411 Africanorum
1658 1355 1898 1408 lectione
1927 1356 2231 1408 consentit.
2267 1358 2393 1409 Non
2413 1357 2523 1411 alia
2537 1358 2784 1424 denique
2807 1360 2987 1413 videri
3012 1360 3245 1424 propius
3264 1358 3337 1410 ad
3362 1372 3558 1411 verum
3587 1364 3813 1427 potest,

517 1465 692 1518 quam
723 1462 852 1517 quae
868 1448 1271 1514 Hispaniarum
1297 1446 1565 1500 Ecclesiis
1579 1446 1715 1498 olim
1729 1445 1788 1497 in
1801 1459 1912 1497 usu
1928 1445 2053 1497 fuit.
2070 1445 2344 1511 Exempla
2360 1448 2485 1513 ejus
2507 1449 2586 1501 rei
2602 1449 2816 1514 passim
2833 1449 3004 1502 obvia
3023 1454 3176 1501 sunt.
3204 1448 3433 1513 Insigne
3449 1448 3590 1501 illud
3620 1454 3818 1503 tamen

516 1554 586 1596 ex
612 1540 837 1594 Psalmo
868 1538 971 1595 138
989 1540 1049 1592 in
1072 1543 1246 1603 caput
1261 1538 1459 1589 Amosi
1483 1537 1579 1588 IX.
1608 1536 1667 1586 Si
1686 1537 1975 1585 ascendere
1996 1536 2057 1585 in
2085 1536 2293 1600 caelum,
2320 1543 2376 1586 tu
2408 1538 2516 1588 illic
2553 1553 2603 1588 es
2637 1555 2652 1588 :
2683 1540 2731 1589 si
2750 1540 3061 1589 descendere
3095 1539 3153 1588 in
3184 1538 3474 1602 infernum
3508 1539 3715 1591 aderis.
3754 1541 3816 1591 Si

513 1648 750 1685 sumsere
770 1646 979 1697 pennas
1001 1643 1147 1679 meas
1174 1629 1307 1681 ante
1317 1626 1519 1692 lucem,
1534 1632 1579 1676 et
1607 1626 1913 1676 habitavero
1933 1626 1993 1675 in
2005 1628 2257 1675 extremis
2276 1627 2622 1680 maris:illuc
2639 1644 2835 1679 manus
2852 1636 2941 1678 tua
2957 1630 3277 1691 deducetme,
3302 1634 3347 1678 et
3372 1629 3558 1678 tenebit
3582 1645 3665 1679 me
3682 1630 3817 1680 dea:-

515 1728 625 1774 tera
643 1727 753 1773 tua.
782 1720 1009 1772 Etiamsi
1031 1719 1230 1782 dicam,
1267 1716 1502 1767 Tenebrae
1533 1714 1904 1768 occultabunt
1922 1730 2023 1779 me,
2042 1728 2275 1779 noxque
2292 1716 2433 1768 mihi
2455 1718 2767 1771 consolatio
2785 1719 2906 1781 erit,
2934 1725 3040 1771 etc.
3063 1719 3241 1782 Cujus
3267 1717 3500 1781 quidem
3526 1719 3665 1771 illud
3691 1732 3814 1785 prae

513 1811 736 1866 caeteris
759 1810 1001 1863 verbum
1016 1806 1351 1859 occultabant
1373 1818 1474 1871 pro
1496 1805 1730 1870 vulgato
1752 1804 2137 1855 conculcabunt
2155 1806 2426 1870 pensitari
2444 1806 2776 1871 diligentius
2792 1808 2984 1861 velim.
3005 1808 3145 1860 Vide
3160 1821 3268 1859 nos
3291 1809 3388 1861 ibi.
3416 1811 3586 1861 Porro
3613 1813 3815 1866 aute'n

512 1914 587 1955 ex
600 1901 738 1955 vitai
759 1899 1022 1951 instituto
1045 1897 1445 1949 Ecclesiastem
1463 1908 1525 1947 se
1540 1893 1743 1959 prodit,
1757 1900 1929 1959 atque
1953 1895 2096 1947 adeo
2118 1895 2322 1947 saltem
2340 1897 2741 1961 Presbyterum
2760 1912 2770 1948 :
2794 1911 2939 1961 quas
2957 1898 3106 1949 enim
3117 1902 3280 1963 parat
3295 1899 3481 1950 Sacrae
3503 1899 3815 1964 Scriptura:

511 1987 970 2055 Explanationes,
994 1986 1306 2039 identidem
1331 1998 1392 2037 se
1423 1984 1607 2037 dicere
1627 1984 1700 2035 ad
1727 1984 2209 2049 populum,notat.
2240 1986 2304 2036 In
2329 1986 2505 2037 Joelis
2524 1989 2694 2050 caput
2715 1988 2751 2039 Ι.
2782 1988 2890 2038 sub
2919 1987 3114 2051 tinem,
3150 1989 3213 2037 In
3250 2004 3355 2052 quo
3388 1989 3485 2052 ait,
3530 2003 3660 2038 sane
3701 1989 3813 2039 loco

510 2080 738 2145 diligens
757 2078 990 2129 Auditor
1008 2077 1255 2141 inquirat
1270 2113 1283 2137 ,
1308 2091 1425 2141 quas
1443 2075 1748 2143 inldesertis
1771 2074 2118 2139 pulchritudo
2142 2075 2474 2139 praedicetur,
2493 2081 2581 2128 etc
2597 2114 2608 2125 .
2628 2079 2695 2128 Et
2718 2077 2886 2141 paulo
2913 2084 3074 2142 post,
3095 2078 3246 2137 Quod
3267 2079 3313 2126 si
3338 2078 3461 2127 bene
3480 2079 3798 2142 consideres,

509 2176 687 2222 noster
698 2168 958 2234 Auditor,
976 2168 1142 2217 inesse
1167 2165 1362 2237 videbis
1382 2165 1596 2231 pondus
1617 2165 1879 2229 exemplo.
1899 2166 2014 2216 Nec
2041 2164 2342 2230 difﬁtebor,
2373 2166 2526 2230 quod
2551 2179 2586 2218 a
2610 2168 2858 2219 Varrone
2884 2167 3137 2230 tradunt,
3155 2173 3497 2233 usurpatum
3513 2168 3814 2222 Auditoris

509 2258 855 2316 vocabulum
868 2271 969 2324 pro
984 2260 1250 2322 Lectore;
1276 2255 1375 2308 sed
1402 2258 1676 2308 Nostrum
1695 2267 1762 2307 eo
1801 2267 1979 2306 sensu
2000 2254 2335 2307 obsoletiore
2361 2262 2552 2320 usum,
2590 2269 2891 2321 nunquam
2912 2257 3164 2309 adducar
3192 2261 3257 2310 ut
3289 2258 3533 2312 credam.
3571 2261 3716 2312 Nam
3752 2262 3813 2313 et

510 2349 838 2417 simpliciter
850 2348 1146 2401 adstantes
1167 2346 1474 2411 alloquitur
1495 2345 1557 2397 in
1578 2346 1777 2397 Amosi
1798 2349 1969 2409 caput
1992 2346 2033 2395 Ι.
2062 2358 2210 2397 vers.
2226 2342 2277 2398 2.
2298 2345 2475 2397 ubide
2500 2351 2662 2398 terrae
2678 2352 2939 2399 motuum
2954 2348 3176 2399 caussis
3192 2347 3452 2412 loquens.
3490 2349 3635 2407 Quas
3658 2366 3811 2401 nunc

505 2447 701 2501 tamen,
716 2437 922 2503 inquit,
937 2447 1116 2490 VOBIS
1135 2437 1393 2502 replicare
1408 2450 1518 2485 non
1535 2440 1606 2484 est
1626 2449 1840 2484 necesse.
1860 2434 2364 2498 Sermonesitaque
2382 2435 2488 2486 hos
2504 2435 2708 2487 habuit
2721 2436 2914 2499 aliqua
2936 2436 3139 2487 saltem
3156 2450 3228 2488 ex
3249 2441 3409 2501 parte
3424 2438 3484 2489 in
3501 2437 3772 2492 Ecclesiis
3792 2447 3805 2482 ε

507 2528 759 2596 proinde,
780 2526 934 2592 quod
944 2530 1002 2580 et
1019 2530 1286 2579 notatum
1296 2524 1559 2590 superius
1589 2528 1694 2587 est,
1722 2523 1813 2575 sin
1846 2523 2039 2594 minus
2063 2523 2424 2589 Episcopum,
2450 2530 2601 2577 certe
2618 2524 2852 2589 quidem
2873 2527 3277 2590 Presbyterum
3300 2528 3526 2592 agebat.

567 2673 731 2724 Nunc
749 2671 994 2734 tempus,
1022 2680 1137 2733 quo
1162 2666 1648 2721 Commentarium
1669 2666 1822 2717 hunc
1848 2678 2021 2717 suum
2038 2665 2339 2727 scribebat,
2365 2666 2811 2732 investigemus,
2834 2667 3192 2719 Fontaninus
3216 2680 3288 2721 ex
3324 2680 3390 2719 eo
3425 2667 3579 2733 quod
3610 2668 3803 2721 Sancti

501 2761 743 2814 Joannis
767 2758 1175 2825 Chrysostomi,
1193 2760 1250 2810 et
1271 2756 1604 2822 Hieronymi
1620 2756 2040 2807 Commentaria
2060 2755 2121 2807 in
2145 2756 2392 2808 Minores
2409 2757 2721 2821 Prophetas
2735 2760 3029 2821 memorat,
3043 2757 3186 2809 nihil
3206 2757 3482 2822 loquutus
3504 2758 3577 2810 de
3593 2758 3800 2824 Cyrillo

504 2850 910 2915 Alexandrino,
927 2854 984 2903 et
1006 2847 1370 2912 Theodorito,
1390 2846 1487 2911 qui
1503 2846 1564 2898 in
1587 2846 1789 2900 eodem
1807 2851 2143 2910 argumento
2157 2845 2368 2898 versati
2380 2849 2536 2911 sunt,
2551 2859 2683 2898 eum
2700 2852 2881 2912 putat,
2899 2848 3088 2900 medio
3106 2847 3307 2900 saltem
3325 2847 3539 2900 saeculo
3551 2849 3620 2912 V,
3638 2849 3795 2914 operi

503 2953 737 2994 manum
751 2940 1096 2993 admovisse.
1120 2938 1229 2990 Sed
1248 2939 1313 2990 ut
1324 2935 1585 2990 fortassis
1602 2948 1637 2988 a
1649 2948 1784 2988 vero
1797 2934 2057 3001 proxime
2077 2935 2407 2999 conjectura
2423 2935 2591 3000 absit,
2605 2935 2830 2988 inﬁrma
2845 2937 2971 2989 haec
2983 2937 3109 3001 ejus
3124 2942 3212 2989 est
3230 2941 3439 3002 tamen,
3451 2943 3511 2990 et
3525 2938 3639 2991 fere
3651 2938 3796 2991 falsa

500 3030 872 3084 ratiocinatio.
898 3029 1057 3082 Licet
1078 3027 1231 3080 enim
1254 3027 1350 3078 ille
1367 3026 1641 3092 Cyrillum
1656 3025 1728 3078 de
1751 3024 1985 3077 nomine
2013 3037 2080 3077 ac
2104 3024 2514 3077 Theodoritum
2535 3037 2652 3077 non
2682 3025 2893 3088 laudet,
2925 3039 2993 3079 eo
3018 3025 3177 3078 facile
3202 3028 3394 3078 tamen
3420 3028 3597 3080 verbo
3634 3040 3794 3081 com-

500 3121 867 3188 prehendisse
887 3120 1088 3186 potuit,
1116 3131 1231 3183 quo
1247 3116 1557 3181 nonnullos,
1582 3116 1664 3169 ait
1686 3116 1837 3180 apud
1859 3116 2060 3166 Graecos
2084 3116 2370 3181 ejusmodi
2403 3117 2750 3181 Interpretes
2783 3117 3080 3169 exstitisse
3099 3155 3115 3181 ,
3153 3132 3179 3167 e
3211 3117 3406 3182 quibus
3435 3133 3615 3183 pauca
3649 3134 3796 3185 qua:-

501 3212 630 3264 dam
654 3211 711 3264 S.
731 3211 967 3262 Joannis
977 3207 1369 3275 Chrysostomi
1388 3205 1546 3272 legit.
1566 3205 1741 3259 Nobis
1759 3218 1832 3257 ex
1860 3218 1928 3258 eo
1948 3206 2133 3271 magis
2150 3205 2336 3271 placet
2359 3212 2765 3271 argumentum
2787 3220 3033 3272 sumere,
3051 3207 3201 3271 quod
3230 3220 3291 3260 se
3306 3219 3510 3272 parum
3542 3220 3796 3261 commo-

500 3300 640 3353 dum
660 3298 994 3366 Hieronymi
1013 3296 1301 3362 lectorem,
1323 3300 1391 3349 ut
1411 3295 1687 3359 diximus,
1708 3296 1928 3360 praebet
1951 3308 1963 3346 :
1984 3295 2139 3348 unde
2155 3294 2497 3361 colligimus,
2515 3297 2684 3361 paulo
2704 3300 2835 3361 post
2856 3297 2909 3348 S.
2932 3296 3192 3349 Doctoris
3208 3301 3457 3350 mortem
3473 3296 3787 3363 scripsisse.

498 3391 637 3445 Post
687 3392 949 3453 mortem,
977 3390 1235 3454 inquam,
1269 3399 1407 3441 nam
1447 3384 1608 3439 illum
1643 3386 2033 3451 adviventem,
2062 3398 2236 3451 quem
2269 3391 2553 3451 nosceret,
2580 3391 2639 3439 et
2662 3399 2915 3452 quocum
2944 3386 3087 3439 nihil
3114 3387 3223 3440 sibi
3254 3392 3427 3455 esset,
3455 3393 3524 3441 ut
3563 3401 3793 3455 carpere

496 3480 732 3535 auderet
761 3481 932 3533 homo
961 3479 1156 3546 probm
1176 3480 1383 3531 caetera
1409 3475 1635 3543 pietatis
1667 3488 1734 3529 ac
1757 3475 1918 3541 fidei,
1957 3489 2128 3529 nemo
2154 3474 2263 3529 sibi
2284 3477 2345 3529 in
2365 3477 2625 3530 animum
2645 3477 2899 3531 inducat.
2927 3477 3130 3530 Paucis
3155 3481 3353 3531 autem
3376 3479 3450 3531 ab
3474 3478 3603 3544 ejus
3627 3479 3794 3533 obitu

505 3572 697 3639 annis,
713 3585 896 3638 quum
914 3571 1175 3626 nondum
1199 3571 1278 3623 fta
1291 3568 1720 3633 Hieronymiani
1734 3568 1984 3620 nominis
2012 3567 2165 3621 fama
2192 3581 2291 3633 per
2318 3570 2522 3621 orbem
2544 3569 2960 3635 propemodum
2988 3570 3347 3635 universum,
3380 3569 3630 3622 maxime
3655 3584 3796 3625 vero

499 3663 653 3728 apud
671 3676 795 3718 sum
812 3663 1029 3730 linguis
1055 3662 1340 3727 homines,
1363 3659 1763 3724 increbuisset,
1786 3661 1852 3712 ut
1870 3659 2031 3711 nefas
2061 3660 2353 3714 videretur
2395 3660 2446 3712 ei
2479 3659 2668 3713 dicam
2698 3661 2962 3724 scribere,
2995 3660 3157 3715 facile
3177 3662 3365 3727 potuit
3385 3661 3539 3726 quod
3580 3661 3654 3714 ab
3694 3662 3794 3717 illo

499 3752 794 3808 diversum
808 3754 870 3807 in
890 3752 1070 3807 literis
1091 3753 1345 3814 sentiret,
1369 3750 1542 3805 homo
1560 3762 1681 3804 non
1702 3748 2024 3803 ineruditus
2048 3748 2223 3802 libere
2246 3750 2529 3815 proloqui.
2567 3751 2617 3802 A
2646 3750 2926 3815 vigesimo
2953 3752 3129 3816 igitur
3149 3751 3222 3804 ad
3260 3752 3622 3817 trigesimum
3656 3751 3794 3817 plus

497 3845 691 3898 minus
709 3854 881 3910 supra
905 3843 1358 3909 quadringentos
1377 3854 1580 3906 annos,
1595 3841 1776 3907 hujus
1800 3854 1905 3905 ego
1934 3841 2333 3894 Commentarii
2362 3841 2640 3906 epocham
2669 3842 2867 3894 malim
2894 3847 3177 3907 repetere;
3204 3854 3338 3906 quas
3377 3843 3563 3895 serius
3601 3841 3790 3897 multo

496 3935 765 4002 protrahi,
789 3947 971 4000 quum
1003 3947 1173 3988 nemo
1183 3935 1305 4000 jam
1326 3938 1498 3998 esset,
1514 3932 1613 3998 qui
1635 3944 1754 3985 non
1782 3932 1891 3984 sibi
1912 3930 2065 3984 laudi
2082 3931 2333 3997 duceret,
2357 3932 2662 3997 gloriosius
2674 3932 2746 3985 de
2757 3933 3103 3998 Hieronymo
3120 3932 3449 3997 praedicare,
3466 3933 3566 3987 vix
3578 3935 3788 3999 potest,

496 4030 599 4080 aut
628 4038 703 4080 ne
724 4026 827 4080 vix
841 4026 1091 4091 quidem.
1115 4027 1285 4078 Porro
1298 4024 1452 4078 idem
1472 4023 1581 4077 hoc
1604 4028 1834 4088 tempus
1858 4023 1973 4077 fere
1997 4025 2326 4085 connotant,
2350 4035 2483 4087 quae
2509 4023 2709 4077 saeculi
2732 4023 2881 4077 mala
2896 4025 3110 4077 Auctor
3124 4024 3399 4089 queritur.
3424 4027 3492 4077 In
3506 4026 3792 4078 Amosum

495 4129 620 4182 cap.
651 4119 694 4170 Ι.
724 4118 786 4169 in
822 4117 957 4182 ﬁne,
999 4118 1124 4177 Quae
1163 4117 1354 4168 omnia
1399 4115 1551 4166 mala
1585 4115 1769 4166 hostili
1805 4116 2012 4165 evenire
2052 4114 2293 4177 victoria,
2331 4116 2538 4166 annuis
2582 4115 2758 4181 magis
2792 4114 3030 4166 cladibus
3077 4130 3246 4180 quam
3293 4114 3589 4166 annalibus
3616 4115 3790 4167 literis

493 4207 921 4273 eomprobamus.
946 4207 1213 4262 Efﬂictim
1235 4206 1424 4260 adhuc
1438 4206 1616 4268 magis
1644 4218 1766 4271 cap.
1785 4207 1930 4257 VlII.
1956 4205 2029 4258 ad
2048 4218 2194 4259 vers.
2210 4205 2295 4261 10.
2311 4207 2409 4258 ubi
2424 4206 2497 4259 de
2513 4219 2679 4259 sacco
2695 4208 2752 4259 et
2766 4206 2996 4260 calvitio
3012 4219 3403 4260 aerumnarum
3424 4207 3595 4270 notis,
3632 4208 3792 4267 Quod

493 4302 660 4349 totum
683 4296 840 4361 (fort.
859 4297 1007 4361 solet)
1033 4301 1262 4362 tempore
1282 4296 1606 4362 captivitatis
1637 4296 1923 4361 obtingere,
1947 4296 2161 4346 utinam
2188 4296 2402 4347 lectione
2427 4302 2639 4346 tantum
2667 4296 2940 4347 indicante
2956 4312 3261 4359 nossemus;
3278 4298 3370 4348 sed
3398 4305 3509 4349 tam
3530 4297 3790 4363 frequens

495 4389 694 4440 nostris
713 4388 1036 4455 temporibus
1049 4388 1312 4455 ejusmodi
1329 4392 1399 4438 est
1417 4389 1564 4452 facta
1585 4388 1844 4452 conditio,
1882 4394 1941 4438 ut
1964 4387 2269 4454 quidquam
2292 4388 2484 4439 melius
2505 4389 2844 4454 sperantium
2872 4389 3139 4440 miremur
3157 4389 3470 4441 audaciam.
3497 4383 3789 4443 Nimirum

490 4479 618 4534 hmo
626 4482 747 4533 erat
764 4480 976 4533 misera
997 4478 1153 4532 orbis
1170 4478 1430 4543 Romani,
1446 4479 1619 4543 atque
1630 4478 1734 4530 His
1745 4478 1878 4544 pani
1884 4490 2049 4531 arum
2065 4478 2396 4544 cumprimis
2412 4474 2585 4531 facies
2596 4479 2669 4532 ab
2683 4491 2835 4533 anno
2854 4479 3075 4533 circiter
3089 4480 3329 4533 CCCCX.
3346 4493 3446 4546 per
3462 4478 3578 4534 fere
3601 4481 3788 4535 conti-

492 4582 650 4623 nuos
677 4569 927 4635 triginta,
952 4570 1162 4634 quibus
1177 4569 1238 4622 in
1251 4582 1348 4623 eas
1362 4569 1707 4635 provincias,
1724 4573 1784 4622 et
1799 4568 1973 4623 variis
1992 4568 2272 4622 bellorum
2290 4570 2611 4633 eventibus,
2626 4572 2682 4623 et
2704 4570 2961 4636 repetitis
2973 4569 3219 4625 subinde
3234 4570 3491 4624 hostium
3510 4570 3788 4625 barbaro-

492 4658 1082 4724 rumincursionibus,
1106 4644 1252 4712 ferro
1275 4664 1449 4725 atque
1461 4659 1593 4725 igne
1618 4660 1891 4713 smvitum
1917 4663 2022 4712 est.
2050 4660 2201 4724 Lege
2225 4659 2481 4724 Prosperi
2509 4658 2844 4723 Chronicon,
2868 4665 2937 4714 ut
2952 4658 3256 4725 intelligas,
3281 4672 3456 4725 quam
3484 4672 3620 4715 vero
3648 4670 3787 4715 cum

489 4748 586 4803 illa
601 4761 852 4815 quacum
873 4749 1147 4815 Hispania
1160 4762 1279 4816 praa
1303 4750 1528 4804 cmteris
1553 4750 1756 4803 tandiu
1775 4749 2099 4803 conﬂictata
2125 4752 2218 4803 est
2237 4749 2482 4805 adversa
2504 4750 2752 4815 fortuna,
2781 4762 2983 4806 eorum
3005 4751 3254 4805 narratio
3279 4756 3621 4817 temporum,
3647 4764 3787 4818 quas

489 4840 734 4907 noshuic
752 4841 1169 4897 Commentario
1191 4846 1481 4909 postrema
1509 4841 1836 4908 tribuimus,
1851 4840 2173 4896 conveniat.

553 4986 656 5040 His
672 4985 840 5053 addo,
865 4985 1044 5040 fuisse
1070 4986 1242 5042 etiam
1264 4987 1327 5040 in
1350 4988 1551 5040 Libros
1580 4986 1903 5041 Salomonis
1922 4987 1994 5038 ab
2020 4997 2086 5038 eo
2125 4986 2613 5041 Commentarium
2636 4986 2979 5041 adornatum
3005 5002 3019 5039 :
3057 4999 3124 5039 ac
3161 4987 3321 5052 prius
3356 4998 3491 5041 eum
3525 4986 3789 5073 quidem,

487 5089 664 5144 quam
675 5076 831 5130 hunc
846 5078 1135 5132 scriberet.
1165 5079 1429 5132 Testatur
1442 5078 1552 5130 hoc
1562 5076 1685 5142 ipse
1698 5078 1760 5131 in
1775 5077 1952 5143 hujus
1968 5076 2323 5143 Prasfatione,
2338 5077 2457 5141 ubi,
2474 5077 2799 5143 Salomonis,
2810 5078 3015 5144 inquit,
3032 5076 3395 5129 voluminibus
3411 5077 3784 5159 edisserendis,

489 5167 903 5235 dispositionum
922 5169 1036 5235 ejus
1062 5169 1190 5235 (Dei)
1214 5169 1447 5235 gloriam
1469 5183 1681 5233 sumus,
1704 5168 1767 5219 in
1787 5172 2057 5234 quantum
2068 5182 2217 5232 posse
2239 5167 2461 5219 contulit
2482 5170 2774 5234 exsequuti.

547 5315 677 5367 Jam
717 5327 872 5380 vero,
921 5315 1171 5368 collectis
1230 5314 1389 5367 hisce
1440 5313 1709 5391 omnibus
1744 5313 1806 5365 in
1840 5324 2024 5366 unum
2060 5312 2230 5375 notis,
2277 5317 2381 5365 aut
2413 5325 2518 5378 ego
2559 5312 2873 5365 admodum
2903 5310 3083 5376 fallor,
3116 5313 3217 5363 aut
3252 5322 3369 5364 non
3411 5310 3578 5375 alius,
3603 5323 3782 5377 quam

487 5404 887 5458 celeberrimus
904 5404 1134 5458 Paullus
1149 5406 1385 5458 Orosius
1401 5403 1494 5455 hic
1510 5408 1619 5467 est,
1635 5402 1695 5455 in
1716 5415 1889 5467 quem
1907 5403 2193 5468 graphyce
2213 5415 2413 5455 omnes
2430 5406 2797 5456 concurrunt.
2818 5402 3123 5454 Enimvero
3138 5401 3320 5454 fuisse
3336 5415 3470 5454 eum
3488 5402 3783 5467 Presbyte-

486 5506 636 5553 rum,
659 5506 829 5548 nemo
840 5498 930 5549 est
944 5494 1245 5548 hominum
1263 5494 1360 5559 qui
1375 5493 1612 5546 nesciat.
1634 5496 1976 5557 Anonymus
1993 5498 2185 5547 autem
2202 5492 2545 5545 Mellicensis
2563 5492 2755 5557 Capite
2768 5493 2965 5543 LXIX.
2982 5504 3113 5544 eum
3130 5494 3297 5544 refert
3309 5497 3366 5543 et
3382 5505 3483 5556 pro
3500 5492 3782 5558 Episc0po

487 5583 749 5638 habitum
767 5598 781 5636 :
796 5584 1014 5635 Orosius
1036 5582 1368 5646 venerabilis,
1393 5588 1452 5633 ut
1472 5588 1714 5648 putatur,
1742 5583 2054 5649 Episcopus.
2074 5583 2313 5635 Natione
2326 5596 2554 5647 quoque
2570 5582 2887 5646 Hispanum
2902 5582 3212 5644 exstitisse,
3228 5580 3401 5646 vulgo
3418 5587 3780 5647 compertum

486 5678 593 5728 est.
607 5674 939 5727 Gennadius
954 5676 1086 5739 Cap.
1100 5674 1363 5725 XXXIX.
1380 5672 1598 5724 Orosius
1611 5672 1888 5738 Presbyter
1897 5674 2179 5739 Hispanus
2190 5687 2394 5736 genere,
2411 5676 2519 5723 etc.
2538 5671 2909 5723 Notissimum
2924 5670 3034 5724 hoc
3046 5670 3215 5722 etiam
3224 5709 3236 5733 ,
3253 5670 3402 5734 quod
3415 5670 3475 5721 in
3487 5670 3777 5723 Orientem

486 5765 777 5833 profectus
787 5763 923 5817 olim
940 5764 1031 5826 sit,
1042 5768 1217 5828 atque
1227 5776 1375 5816 anno
1387 5763 1621 5830 quidem
1632 5764 1925 5817 CCCCXV.
1942 5768 2007 5817 ut
2018 5769 2075 5817 et
2086 5762 2446 5827 insequentis
2456 5761 2618 5815 initio
2629 5762 3005 5828 Jerosolymte
3019 5760 3214 5813 fuerit:
3227 5759 3285 5812 id
3298 5760 3450 5825 quod
3462 5760 3779 5826 Augustini

486 5867 553 5907 ac
589 5852 921 5918 Hieronymi
948 5852 1019 5907 de
1042 5852 1137 5909 illo
1157 5849 1412 5917 ἆμοιὸαΐαι
1462 5854 1755 5921 Epistolis,
1792 5854 2027 5921 ipsiusm

2231 5853 2423 5918 elogia,
2462 5857 2583 5907 tota
2611 5852 2858 5917 denique
2888 5851 3193 5916 Palagiana
3229 5849 3467 5904 historia
3504 5852 3772 5917 testatur,
