3902 6424
92 387 159 443 69
1404 379 1633 433 VETUS

1855 376 2076 431 FATIO.
3328 383 3396 441 70

89 500 427 556 Gennadius
449 499 679 553 iterum.
699 496 799 547 Hic
821 502 892 546 est
917 495 1153 558 Orosius,
1167 495 1263 560 qui
1286 495 1351 545 ab
1366 495 1671 559 Augustino
1688 509 1790 559 pro
1815 492 2278 543 discendaanimaa
2293 493 2506 545 ratione
2529 496 2605 547 ad
2619 497 3020 564 Hieronymum
3044 499 3257 563 missus,
3286 506 3394 556 etc.

88 595 169 645 Ex
196 604 313 657 quo
327 590 471 644 item
502 591 749 648 constat,
767 586 920 651 quod
944 584 1039 639 illo
1055 585 1411 638 adamussim
1430 589 1767 650 tempestate
1781 583 2073 636 literarum
2088 583 2595 651 famainclaruerit,
2614 587 2688 640 ad
2714 601 2890 654 quam
2914 591 3399 645 Commentarium

86 682 343 735 diximus
372 678 751 732 referendum.
787 676 934 727 Nihil
957 679 1107 728 certe
1121 678 1210 727 est
1226 686 1547 739 congruum
1567 673 1753 738 mogis
1766 686 1833 725 ac
1849 673 2198 739 verosimile,
2221 686 2393 739 quam
2412 679 2475 728 ut
2498 676 2662 729 illum
2674 677 2914 731 Orosius
2936 681 3008 731 ab
3024 679 3210 735 Africa
3224 683 3400 747 atque

86 770 436 836 Augustino,
459 768 533 821 ad
558 780 728 832 quem
748 769 1117 826 remeaverat,
1131 763 1313 816 redux
1338 763 1545 815 deinde
1574 764 1635 814 in
1658 768 1784 828 patr
1799 762 1917 814 iam
1940 764 2073 814 ante
2090 776 2304 827 paucos
2319 777 2506 818 annos
2529 766 2850 822 elaborarit.
2877 773 2959 821 Ac
2984 783 3120 823 sane
3139 770 3297 824 hunc
3328 770 3400 825 de

84 860 319 913 nomine
351 855 839 911 Commentarium
865 855 936 905 ab
971 866 1040 906 eo
1065 852 1301 916 editum,
1329 850 1500 904 modo
1539 850 1824 904 laudatus
1859 854 2200 917 Anonymus
2242 853 2583 907 Mellicensis
2622 856 2791 909 refert
2821 871 2834 908 :
2878 858 3073 909 Scribit
3104 860 3247 911 inter
3284 861 3399 912 alia

88 947 555 1000 Commenta-rium
568 945 629 994 in
645 943 924 994 duodecim
939 943 1356 1008 Prophetarum:
1374 942 1434 993 in
1451 954 1582 993 eum
1595 939 1857 993 videlicet
1871 941 2127 1005 Librum,
2142 941 2238 1006 qui
2252 945 2316 994 ut
2332 943 2473 996 alias
2491 944 2563 996 ad
2581 945 2996 1011 Hieronymum
3017 949 3399 1016 ostendimus,

84 1039 379 1091 Duodecim
408 1035 686 1101 Prophetas
708 1032 1133 1085 inscribebatur
1160 1046 1176 1096 ;
1200 1045 1392 1097 neque
1415 1030 1567 1082 enim
1597 1029 1780 1093 refert,
1813 1030 1967 1097 quod
1991 1042 2111 1083 non
2131 1030 2195 1084 in
2219 1043 2424 1086 omnes
2460 1033 2788 1099 duodecim,
2811 1037 2914 1088 sed
2944 1037 3005 1089 in
3031 1040 3152 1090 tres
3186 1039 3402 1104 priores

85 1130 391 1184 dumtaxat
410 1127 503 1180 hic
527 1128 775 1191 superet,
802 1123 944 1188 quin
973 1135 1039 1176 eo
1064 1127 1261 1176 tamen
1278 1122 1442 1175 titulo
1461 1120 1790 1173 rectissime
1815 1119 2169 1186 designetur.
2202 1122 2466 1176 Eundem
2502 1123 2564 1176 in
2601 1124 2921 1179 Salomonis
2969 1140 3201 1193 quoque
3224 1128 3401 1184 libros

86 1220 405 1286 scripsisse,
420 1222 623 1270 auctor
642 1219 733 1267 est
747 1213 1090 1266 Trithemius
1116 1225 1237 1278 cap.
1266 1213 1389 1264 XII.
1414 1225 1447 1263 e
1463 1211 1683 1276 quibus
1700 1210 1957 1262 unumin
1976 1210 2201 1262 Cantica
2221 1211 2572 1265 Canticorum
2592 1219 2874 1269 recenset.
2896 1215 3205 1282 Reliquum
3218 1232 3402 1272 unum

85 1309 353 1376 estquod
376 1312 436 1361 et
451 1306 672 1360 creditu
701 1304 935 1370 quidem
958 1302 1147 1369 paullo
1174 1302 1295 1355 dim
1306 1301 1470 1354 cilius
1497 1300 1746 1371 videtur,
1769 1301 2027 1366 potuisse
2042 1315 2173 1355 eum
2185 1302 2403 1358 scilicet
2423 1317 2635 1372 magno
2655 1306 3026 1373 Hieronymo,
3044 1307 3117 1361 ad
3142 1309 3309 1374 cujus
3339 1322 3402 1364 se

81 1403 237 1468 pedes
262 1400 475 1465 sedisse,
504 1402 563 1451 et
582 1397 749 1462 cujus
772 1394 1061 1459 eloquium
1091 1396 1292 1446 contra
1321 1390 1655 1456 Pelagianos
1691 1389 1758 1440 ab
1791 1392 2041 1443 universo
2079 1394 2349 1445 Occidente
2391 1396 2531 1447 sicut
2572 1411 2662 1448 ros
2691 1396 2754 1449 in
2798 1398 2962 1449 vellus
2992 1400 3302 1465 exspectari,
3342 1399 3403 1452 in

81 1491 479 1558 Apologiasua
489 1487 729 1550 dixerat,
742 1485 855 1538 adv
866 1484 1043 1538 ersari
1057 1483 1391 1548 identidem,
1404 1488 1579 1547 atque
1590 1482 1813 1535 inurere
1826 1484 2148 1537 censoriam
2158 1490 2376 1540 notam.
2396 1488 2612 1540 Verum
2621 1487 2909 1552 ejusmodi
2918 1488 3214 1542 innuimus
3225 1489 3404 1542 fuisse

79 1580 332 1634 hominis
353 1577 671 1644 ingenium,
693 1575 871 1628 nimio
898 1574 1134 1627 fortasse
1150 1578 1518 1639 expromtum
1547 1576 1735 1637 atque
1758 1572 1986 1639 ardens,
2015 1578 2079 1627 ut
2107 1576 2261 1641 quod
2293 1577 2548 1638 sentiret.
2574 1577 2815 1631 liberius
2839 1577 3103 1644 proloqui
3131 1591 3195 1631 se
3231 1590 3404 1643 posse

81 1669 337 1723 crederet
361 1667 522 1720 salva
537 1664 785 1718 nominis
800 1662 1226 1729 Hieronymi-ani
1246 1662 1590 1727 celebritate,
1615 1667 1786 1727 atque
1810 1664 2093 1729 Opinione,
2121 1677 2298 1730 quam
2324 1678 2467 1720 sane
2490 1667 2561 1720 de
2590 1667 2684 1720 illo
2725 1668 3002 1733 optimam
3030 1667 3297 1720 habebat.
3323 1669 3405 1721 Re

81 1759 237 1813 enim
252 1771 391 1811 vera
404 1756 539 1810 alibi
557 1754 770 1818 laudat,
798 1759 855 1806 et
875 1753 983 1805 hoc
1012 1752 1157 1818 ipso,
1184 1765 1298 1817 quo
1314 1765 1449 1804 eum
1471 1753 1651 1817 Opere
1674 1752 1961 1806 interdum
2000 1755 2299 1820 suggillat,
2316 1755 2549 1810 laudem
2576 1755 2658 1810 illi
2679 1757 2780 1810 dat
2807 1757 3067 1810 omnium
3089 1756 3405 1810 maximam

81 1850 238 1916 quod
254 1853 499 1902 suasmet
520 1844 876 1912 Expositioni
890 1858 918 1896 s
943 1844 1248 1897 materiem
1268 1841 1404 1895 facit
1416 1843 1603 1908 ipsam
1618 1856 1748 1895 esse
1763 1844 1897 1897 Hier
1909 1846 2283 1909 onymianam
2299 1860 2372 1900 ex
2389 1849 2634 1901 Hebraao
2652 1847 3100 1911 translationem,
3117 1845 3406 1913 plerisque

91 1940 371 2005 invisam,
394 1940 451 1992 et
480 1949 653 2002 quam
672 1940 803 1987 ante
828 1947 891 1987 se
914 1946 1102 1997 nemo,
1125 1936 1225 1986 aut
1247 1933 1415 1999 pauci
1437 1932 1752 1986 admodum
1772 1935 2132 2000 probassent,
2165 1938 2373 1991 Vetere
2410 1938 2524 2000 illa,
2552 1950 2684 2003 quin
2712 1938 3058 2005 jamdudum
3091 1937 3165 1990 ad
3193 1948 3404 1990 manus

80 2030 345 2084 omnium
368 2032 504 2091 erat,
524 2025 921 2091 valerejussa,
938 2028 995 2076 et
1018 2023 1215 2073 vitiatae
1245 2023 1558 2074 elocutionis
1594 2029 1769 2089 atque
1799 2023 2074 2091 intercepti
2109 2042 2294 2078 sensus
2331 2028 2429 2092 (In
2470 2028 2666 2093 Praef.)
2712 2032 2929 2082 notata.
2968 2026 3132 2091 Quod
3173 2025 3407 2091 quidem

78 2133 379 2187 magnum,
402 2124 577 2183 atque
599 2117 818 2169 illustre
837 2116 1052 2168 ficinus
1072 2115 1214 2168 adeo
1230 2118 1319 2167 est
1338 2128 1472 2168 cum
1498 2116 1963 2181 Hieronymianze
1985 2118 2262 2172 doctrinae
2291 2119 2723 2173 existimatione
2746 2131 2980 2171 summa
2994 2119 3403 2183 conjunctum,

78 2217 146 2265 ut
165 2214 293 2265 haec
316 2209 524 2263 deinde
546 2209 647 2263 vix
672 2208 854 2274 possit
885 2210 987 2259 aut
1006 2219 1080 2259 ne
1105 2206 1203 2259 vix
1231 2206 1463 2271 quidem
1486 2206 1625 2259 locis
1652 2211 1711 2259 et
1741 2207 1951 2272 verbis,
1984 2209 2199 2272 quibus
2230 2210 2359 2274 ejus
2402 2210 2715 2263 sententias
2750 2210 3020 2275 quaedam
3056 2209 3402 2271 refutantur,

81 2301 367 2361 imminui.
392 2300 591 2353 Fuisse
612 2304 807 2351 autem
830 2296 1114 2363 ejusmodi
1137 2296 1400 2348 Orosium
1416 2301 1641 2357 natura,
1658 2300 1727 2348 ut
1751 2297 2046 2361 quidquid
2077 2299 2334 2364 sentiret,
2359 2299 2527 2352 valde
2547 2299 2804 2364 sentiret,
2834 2302 2893 2351 et
2913 2310 3014 2364 pro
3040 2311 3101 2350 re
3124 2295 3407 2350 nata~ani-

80 2403 217 2443 mos
235 2390 346 2442 sibi
362 2393 634 2453 sumeret,
657 2391 995 2452 argumento
1026 2386 1134 2439 erit
1156 2385 1372 2451 saepius
1394 2385 1628 2438 laudata
1651 2386 1777 2451 ejus
1809 2386 2117 2452 Apologia,
2143 2389 2204 2440 in
2220 2400 2336 2453 qua
2355 2390 2645 2441 Joannem
2667 2386 3216 2454 Jerosolymitanum
3238 2385 3406 2451 Epis-

82 2491 312 2545 copum,
345 2482 522 2530 tantm
532 2475 826 2542 dignitatis
840 2474 1149 2537 hominem,
1170 2473 1383 2526 favoris
1396 2474 1456 2525 in
1472 2473 1653 2541 Pelagi
1661 2487 1802 2526 anas
1817 2477 2005 2540 partes
2021 2475 2356 2528 insimulare
2372 2476 2514 2528 nihil
2534 2481 2780 2541 veretur,
2799 2482 2858 2529 et
2874 2478 3102 2528 tantum
3135 2487 3254 2527 non
3269 2486 3409 2527 con-

83 2569 248 2621 viciis
263 2566 517 2620 incessit.
533 2566 867 2625 Contranon
874 2563 1045 2617 aliam
1060 2565 1609 2629 Hieronymo,quam
1624 2563 1931 2616 literarium
1950 2564 2136 2617 dicam
2152 2564 2435 2630 impingit,
2449 2568 2622 2631 atque
2636 2564 2785 2617 hanc
2799 2564 3033 2630 quidem
3044 2563 3139 2617 illo
3155 2562 3411 2629 scriptio-

84 2657 175 2710 nis
188 2670 417 2724 genere,
436 2668 549 2721 quo
565 2653 704 2708 nulli
718 2668 836 2712 non
845 2654 1012 2707 licere
1028 2654 1279 2717 videtur,
1292 2665 1504 2705 exuere
1516 2653 1881 2718 obsequium,
1900 2659 1958 2706 ct
1968 2653 2118 2706 inter
2135 2653 2427 2707 variorum
2439 2653 2645 2719 placita
2662 2653 2816 2719 quod
2830 2654 3213 2718 incongruum
3224 2655 3408 2718 putat,

83 2755 185 2803 aut
206 2749 435 2812 falsum,
464 2745 738 2811 refellere;
760 2758 947 2812 neque
969 2744 1063 2797 ille
1087 2743 1405 2798 contemtui
1423 2744 1623 2797 haberi
1643 2744 1970 2797 censendus
2003 2746 2111 2809 est,
2135 2757 2170 2797 a
2193 2757 2308 2810 quo
2335 2743 2486 2797 alius
2509 2756 2777 2797 seorsum
2816 2743 3013 2798 sentit.
3051 2744 3178 2796 Uno
3212 2742 3411 2807 verbo,

86 2853 206 2893 non
227 2839 357 2892 haec
377 2838 518 2891 mihi
541 2838 776 2891 demum
801 2836 942 2889 tanti
959 2839 1048 2888 est
1070 2848 1297 2901 caussa,
1315 2848 1418 2888 cur
1438 2834 1597 2889 hunc
1620 2835 1821 2889 Orosio
1846 2834 2342 2887 Commentarium
2370 2834 2727 2901 abjudicem,
2753 2833 2922 2900 cujus
2946 2845 3080 2888 eum
3102 2833 3412 2886 Auctorem

90 2932 328 2998 reliqum
347 2934 504 2985 notas
527 2943 734 2985 omnes
760 2930 829 2983 de
839 2929 1095 2996 signant.

151 3044 343 3108 Atque
364 3041 510 3106 heec,
529 3039 923 3095 Illustrissime
944 3052 1013 3092 ac
1036 3035 1538 3091 Revorendissime
1575 3036 1900 3089 Patriarcha
1945 3037 2257 3088 DELPHINB
2307 3047 2376 3088 ea
2402 3039 2564 3099 sunt,
2608 3046 2744 3099 quae
2764 3034 2839 3088 ad
2862 3033 3136 3087 Rufinum
3164 3032 3237 3086 de
3272 3031 3412 3085 Tuis

94 3133 465 3201 potissimum
487 3131 912 3197 exemplaribus
936 3128 1259 3194 archetypis
1282 3129 1424 3182 Mss.
1450 3125 1875 3192 expoliendum,
1900 3126 2107 3180 studiis
2129 3124 2274 3178 meis
2298 3124 2541 3177 contuli:
2572 3136 2706 3189 quin
2729 3128 2789 3177 et
2817 3123 2940 3175 Tibi
2962 3126 3199 3189 accepta
3222 3121 3413 3175 referri

96 3237 328 3290 aequum
354 3228 466 3287 est,
483 3225 545 3275 et
559 3220 703 3274 mihi
716 3220 1196 3286 perhonorificum
1208 3217 1597 3284 proposuisse,
1607 3218 1684 3271 Te
1696 3218 1908 3283 judice,
1922 3214 2317 3283 cujusjudicio
2327 3214 2666 3280 reprehendi
2682 3226 2776 3268 res
2787 3225 2967 3281 meas,
2982 3225 3157 3279 quam
3171 3211 3414 3267 aliorum

97 3314 315 3370 laudari
337 3314 569 3369 malim.

1352 3680 1636 3815 littus
1758 3708 2211 3844 prafatio.

975 4087 1563 4160 ORNATISSIMO
1610 4082 2300 4160 LECTISSIMOQUE
2340 4081 2559 4151 VIRO

774 4304 879 4407 D.
987 4295 1423 4407 JOANNI
1537 4293 1613 4401 A
1717 4289 2191 4401 SANCTO
2295 4284 2783 4397 ANDREA

1106 4501 1576 4564 PARISIENSIS
1640 4496 2021 4560 ECCLESI/E
2082 4493 2460 4556 CANONICO

524 4694 1024 4772 RENATUS
1134 4686 1816 4769 LAUBENTIUS
1929 4683 2072 4759 DE
2191 4682 2341 4758 LA
2448 4679 2822 4757 BABRE
2940 4676 3033 4753 S.

1397 4876 2163 4927 W

184 5075 470 5137 Ouantum
496 5070 569 5122 iis
584 5067 832 5121 debeatur
858 5066 921 5118 D.
949 5080 985 5116 a
1009 5064 1206 5117 Sancto
1242 5062 1494 5128 Andrea,
1519 5060 1615 5127 qui
1653 5056 1868 5109 vetustis
1900 5055 2217 5117 novitatem,
2252 5048 2406 5105 novis
2440 5049 2855 5119 auctoritatem,
2907 5049 3147 5105 obsoletis
3185 5051 3434 5118 nitorem,

123 5165 366 5218 obscuris
391 5164 580 5224 lucem,
596 5164 641 5211 et
665 5159 752 5225 (ut
772 5162 937 5208 totam
954 5154 1281 5207 Plinianam
1301 5150 1593 5219 periodum
1615 5162 1874 5214 usurpem
1890 5149 1906 5211 )
1921 5144 2180 5210 fastiditis
2200 5144 2331 5194 dare
2346 5144 2607 5209 gratiam,
2635 5142 2818 5195 dubiis
2837 5143 3016 5208 dem,
3035 5142 3284 5194 omnibus
3317 5157 3439 5194 vero

122 5259 466 5317 naturam,et
485 5257 697 5303 naturae
717 5263 824 5313 sum
845 5247 1035 5297 omnia
1052 5244 1312 5309 indefesso
1334 5242 1515 5293 studio
1542 5240 1824 5303 nituntur,
1842 5235 2013 5287 verbis
2037 5236 2291 5299 consequi
2308 5233 2708 5297 difficillimum
2726 5248 2937 5300 semper
2957 5248 3073 5283 non
3104 5232 3262 5283 modo
3288 5233 3439 5299 Judio

127 5345 338 5408 cabam,
361 5345 475 5393 imo
493 5338 810 5405 cogitatione
838 5334 1109 5400 complecti
1138 5333 1235 5383 vix
1252 5329 1566 5383 arbitrabar
1582 5342 1687 5378 esse
1710 5326 1846 5393 ejus,
1874 5324 1971 5390 qui
1996 5328 2205 5373 veretur
2219 5321 2697 5387 reprehensionem
2721 5321 3001 5371 doctorum
3021 5325 3180 5387 atque
3193 5321 3438 5387 pruden-

126 5436 284 5487 tium.
306 5434 525 5485 Marcus
552 5429 772 5489 Tullius,
805 5442 910 5493 quo
923 5431 1189 5491 tanquam
1216 5426 1436 5489 parente
1451 5420 1721 5485 gloriatur
1746 5417 1944 5467 Latina
1979 5413 2297 5478 eloquentia,
2338 5411 2528 5476 quinto
2572 5410 3009 5461 Tusculanarum
3043 5412 3439 5477 quaestionum,

128 5525 270 5575 inter
295 5522 578 5590 przecipua
594 5517 861 5584 felicitatis
884 5513 1173 5582 deputavit,
1198 5527 1412 5580 prteque
1436 5509 1631 5561 caeteris
1654 5507 1812 5558 illum
1838 5506 1981 5555 diem
2005 5503 2398 5554 observandum
2435 5505 2601 5551 censet
2631 5501 2939 5565 augustius,
2977 5501 3040 5551 in
3076 5516 3184 5567 quo
3230 5501 3442 5553 dudum

132 5589 449 5679 ignoratum
475 5628 511 5662 a
528 5607 908 5676 Syracusanis,
926 5622 1051 5658 cum
1069 5620 1173 5655 esse
1198 5602 1425 5655 omnino
1440 5603 1718 5667 nega-rent,
1742 5601 1949 5662 septum
1964 5594 2284 5659 undique,et
2312 5590 2562 5642 vestitum
2583 5589 2830 5655 vepribus
2848 5594 2894 5640 et
2916 5589 3147 5640 dumetis
3161 5591 3439 5645 Archime-

133 5678 216 5754 dis
236 5702 593 5770 sepulchrum
616 5698 836 5749 detexit:
854 5694 1056 5747 tenebat
1078 5694 1227 5745 enim
1249 5693 1509 5759 quosdam
1533 5688 1850 5753 senariolos,
1880 5699 2012 5751 quos
2049 5685 2107 5735 in
2129 5698 2247 5749 ejus
2276 5684 2627 5733 monumento
2667 5678 2954 5744 inscriptos
2988 5686 3259 5745 acceperat
3284 5697 3300 5731 :
3345 5685 3443 5749 qui

135 5768 477 5846 declarabant
503 5792 565 5842 in
587 5803 798 5841 summo
818 5786 1100 5853 sepulchro
1115 5786 1372 5851 spheram
1391 5798 1495 5833 esse
1519 5781 1754 5847 positam
1783 5791 1908 5828 cum
1939 5774 2208 5842 cylindro.
2240 5774 2319 5824 Ita
2355 5768 2695 5822 nobilissima
2720 5769 2931 5821 Graecia
2950 5769 3139 5820 civitas
3162 5771 3443 5836 quondam

137 5901 253 5936 vero
268 5886 434 5937 etiam
449 5881 776 5942 doctissima,
799 5880 886 5931 sui
910 5878 1040 5930 civis
1068 5877 1236 5929 unius
1265 5872 1569 5928 acutissimi
1592 5872 2009 5922 monumentum
2032 5866 2345 5933 ignorasset,
2372 5861 2483 5914 nisi
2505 5860 2572 5913 ab
2610 5859 2828 5914 homine
2858 5860 3120 5928 Arpinate
3158 5861 3442 5916 didicisset.
