3902 6410
502 317 565 373 71
1822 317 2051 368 VETUS
2086 314 2479 368 PREFATIO.
3731 315 3799 371 72

503 431 804 497 Ignorasset
839 432 1001 481 etiam
1032 432 1224 498 optimi
1264 433 1427 493 Vatis,
1454 437 1498 481 et
1529 445 1680 495 cujus
1709 430 1847 479 alias
1873 431 2059 480 Grazcaz
2084 431 2281 495 linguae
2304 432 2646 479 emendanda:
2679 436 2971 485 auctoritas
2995 436 3174 498 fuerat
3220 432 3540 497 concredita,
3580 446 3801 482 carmen

505 519 701 570 divina:
727 520 963 569 Odisseas
978 526 1022 569 et
1047 520 1246 571 Iliados
1272 535 1284 570 :
1312 520 1419 568 nisi
1439 520 1716 583 Lycurgus
1736 519 2127 567 Lacedaemonis
2174 535 2237 568 ex
2262 519 2422 568 Ionia
2462 519 2519 566 in
2554 519 2811 570 Graeciam
2838 523 3189 587 importasset,
3222 528 3265 572 et
3312 521 3423 569 nisi
3456 506 3802 585 postmodum

507 608 830 672 discerptum
852 608 1164 657 Pisistratus
1189 608 1483 671 collegisset,
1508 612 1665 670 atque
1691 606 1765 654 ita
1792 605 2141 667 distinxisset,
2163 608 2615 671 quemadmodum
2648 608 2745 657 hoc
2770 615 2999 675 tempore
3029 613 3240 676 legitur,
3274 609 3517 659 adhibito
3548 616 3803 658 metatore

506 696 842 748 Aristarcho.
870 695 969 745 llis
992 696 1219 760 inquam
1246 694 1379 759 quid
1396 694 1644 743 debeatur
1667 692 1966 755 afﬁrmavit
1983 694 2164 743 adhuc
2185 708 2360 755 nemo,
2380 709 2471 743 nec
2494 695 2737 757 fortassis
2754 714 2982 761 usquam
2997 708 3175 763 postea
3200 696 3497 759 affirmabit
3516 710 3528 747 :
3549 697 3803 760 quandiu

505 785 729 852 fuerint,
756 786 852 851 qui
874 786 997 835 inde
1018 785 1190 848 aliqui
1210 785 1517 851 proficient:
1542 783 1616 833 vel
1642 782 1703 832 ob
1730 784 1826 832 hoc
1851 798 2041 831 rursus
2067 783 2211 847 quod
2241 783 2404 831 tantis
2431 797 2531 846 pro
2570 782 2788 847 vigiliis,
2821 786 3107 851 laboribus,
3139 786 3427 835 sudoribus
3461 784 3656 849 quibus
3696 785 3804 833 illis

508 876 877 941 castigationes
899 875 1415 939 constiterintdigna
1443 874 1573 923 satis
1597 873 1987 923 commendatio
2018 871 2203 923 haberi
2230 872 2341 920 ulla
2380 888 2489 920 non
2522 874 2705 936 possit,
2740 880 2953 925 tantum
2989 876 3127 925 abest
3164 880 3219 924 ut
3256 876 3461 923 meritis
3493 890 3601 939 par
3635 874 3804 939 possit

506 967 715 1031 re/erri,
738 964 944 1015 Habent
968 965 1237 1030 siquidem
1262 965 1599 1029 reliquorum
1623 963 1805 1012 studia
1834 977 1960 1012 suas
1987 961 2336 1023 ameenitates,
2372 961 2551 1009 varios
2573 977 2810 1027 secessus,
2835 965 3030 1029 quibus
3056 965 3292 1014 lectionis
3318 964 3534 1013 (mdium
3552 978 3695 1012 nova
3712 963 3804 1013 de-

508 1055 776 1106 lectatione
794 1054 1084 1108 sublevant.
1103 1056 1171 1105 At
1201 1055 1282 1105 illi
1308 1054 1403 1119 qui
1423 1052 1730 1103 Herculano
1756 1052 1930 1102 labore
1956 1057 2240 1101 versantur
2270 1050 2327 1098 in
2359 1056 2595 1099 veterum
2620 1055 2988 1103 monumentis
3011 1054 3432 1119 pervestigandis
3459 1057 3503 1101 et
3528 1052 3810 1101 restituen-

506 1145 607 1208 dis,
626 1146 760 1210 quid
783 1160 956 1209 quaeso
990 1143 1179 1194 habere
1199 1148 1441 1209 possunt,
1462 1142 1606 1207 quod
1628 1141 1871 1191 studium
1897 1140 2124 1189 recreet?
2150 1139 2285 1203 quid
2307 1139 2451 1203 quod
2477 1140 2763 1203 fastidium
2799 1143 3054 1206 excutiat,
3080 1142 3190 1191 nisi
3214 1143 3445 1190 alterum
3475 1140 3767 1203 fastidium
3785 1141 3811 1191 ?

504 1236 583 1285 ita
605 1241 665 1284 ut
683 1235 730 1284 si
755 1249 865 1300 qua
888 1234 1128 1299 voluptas
1151 1249 1233 1284 eos
1261 1232 1561 1297 aliquando
1579 1231 1874 1297 perfundat
1900 1246 1967 1279 ea:
1990 1230 2220 1279 inventis
2244 1228 2478 1293 alicujus
2505 1232 2740 1280 auctoris
2764 1232 2993 1297 scriptis,
3017 1231 3240 1282 subinde
3266 1232 3327 1281 in
3343 1232 3533 1281 iisdem
3558 1246 3811 1295 recogno-

506 1326 727 1387 scendis,
749 1325 1165 1388 sarciendisque,
1194 1329 1416 1389 propter
1441 1322 1680 1384 lacunas,
1708 1325 1986 1385 corruptos
2012 1320 2162 1383 locos,
2190 1319 2507 1368 dimidiatas
2524 1321 2779 1385 paginas,
2806 1338 2982 1371 exesos
3011 1323 3359 1385 characteres,
3380 1322 3504 1387 plus
3532 1322 3810 1370 enascitur

507 1416 770 1477 mwroris,
791 1429 957 1478 quam
983 1413 1162 1475 fuerat
1178 1416 1301 1461 ante
1323 1418 1622 1476 perceptum
1645 1427 1710 1459 ex.
1727 1410 2030 1458 inventione
2052 1408 2442 1457 delectationis:
2462 1411 2771 1459 utnoverim
2790 1427 2879 1475 ego
2896 1412 3234 1476 aliquos,qui
3252 1412 3527 1461 thesauros
3539 1410 3809 1475 ejusmodi

507 1519 542 1555 a
566 1520 615 1554 se
639 1509 870 1569 repertos
898 1502 1208 1551 maluerunt
1224 1501 1286 1549 de
1310 1500 1678 1549 emendatione
1696 1501 2029 1563 desperantes
2052 1497 2278 1545 omnino
2302 1498 2655 1561 supprimere,
2680 1515 2843 1563 quam
2890 1501 3284 1565 qualescunque
3326 1500 3473 1549 edere
3512 1498 3567 1547 in
3603 1498 3773 1548 lucem
3797 1515 3809 1551 :

507 1594 918 1644 mendaciorum
945 1592 1215 1641 nimirum
1234 1606 1399 1654 quam
1427 1588 1760 1653 syllabarum
1787 1588 2020 1636 ditiores.
2048 1587 2230 1650 Itaque
2251 1587 2297 1635 si
2338 1602 2405 1635 ea:
2446 1587 2541 1635 hoc
2585 1588 2692 1637 loco
2727 1589 3009 1654 paulisper
3051 1590 3165 1639 licet
3195 1591 3431 1654 evagari,
3478 1590 3807 1655 mestitisset

506 1682 779 1732 interdum
804 1696 990 1731 eorum
1002 1679 1249 1744 quaedam
1267 1694 1382 1742 quae
1398 1679 1858 1741 circumferuntur
1873 1690 2157 1739 nunquam
2182 1690 2392 1735 excusa,
2410 1690 2573 1739 quam
2594 1675 2668 1724 ita
2684 1679 2879 1726 excudi
2904 1684 2957 1727 ut
2978 1680 3085 1727 sint
3102 1694 3349 1728 errorum
3374 1678 3806 1742 mendarumque

504 1770 698 1830 verius,
727 1784 895 1834 quam
925 1769 1178 1818 doctrinae
1191 1767 1510 1817 seminaria.
1533 1765 1579 1815 Ε
1583 1772 1598 1813 ι
1618 1770 1750 1815 certe
1768 1764 1889 1828 quis
1908 1764 2097 1812 modus
2112 1778 2240 1811 essse
2252 1767 2431 1827 potest,
2454 1764 2583 1812 dum
2602 1769 2791 1814 omnia
2805 1782 2971 1831 prepe
2986 1784 3051 1816 ex
3066 1768 3371 1833 conjectura
3386 1766 3802 1832 persequimur:

509 1875 626 1926 qua
641 1859 913 1919 certitudo,
947 1873 1068 1907 cum
1093 1857 1226 1921 quid
1251 1857 1309 1905 in
1327 1861 1555 1904 mentem
1580 1854 1735 1903 alteri
1760 1853 1938 1901 venire
1957 1854 2153 1917 potuit,
2175 1851 2458 1900 divinatur
2480 1853 2504 1901 .9
2533 1853 2661 1911 Quis
2696 1854 2909 1903 demum
2946 1857 3205 1905 evadendi
3240 1856 3381 1905 locus
3415 1870 3514 1920 per
3550 1860 3721 1919 syrtes
3758 1862 3805 1905 et

507 1946 749 2013 scopulos
769 1946 1005 2012 Aperite,
1036 1961 1157 1995 eum
1176 1946 1452 1995 videamus
1477 1944 1538 1992 in
1563 1943 1732 2002 vadis,
1755 1942 1962 1990 stativis
1988 1945 2033 1989 et
2066 1939 2350 1989 navalibus
2370 1940 2645 2005 principes
2669 1941 2812 1991 viros
2837 1944 3048 2005 hwrere,
3090 1944 3407 2008 impingere,
3445 1942 3715 2004 altercari,
3746 1943 3805 1991 in

507 2038 741 2104 simpulo
761 2052 987 2102 magnos
1006 2037 1139 2086 ciere
1162 2037 1370 2100 fluctus,
1390 2035 1690 2085 commitere
1714 2033 1774 2082 de
1790 2033 1953 2097 nugis
1970 2046 2200 2095 magnas
2224 2031 2496 2079 interdum
2511 2032 2826 2095 tragoedias:
2844 2038 2887 2081 et
2906 2034 3048 2097 quod
3066 2034 3283 2082 irritam
3310 2031 3557 2081 omnium
3582 2047 3807 2097 operam

505 2127 656 2193 facit,
683 2129 935 2193 proﬁcere
963 2128 1115 2177 novis
1144 2124 1585 2190 castigationibus
1624 2122 1862 2187 quotidie
1903 2122 2191 2170 editiones:
2237 2120 2513 2168 videamus
2549 2120 2773 2185 insuper
2810 2121 2868 2170 id
2903 2138 3068 2185 genus
3104 2138 3375 2171 occurrere
3412 2122 3643 2186 reliqua,
3686 2137 3808 2186 quae

508 2218 605 2267 etsi
623 2217 783 2281 fidem
806 2217 1023 2278 elevant,
1048 2216 1225 2266 nihilo
1257 2222 1435 2264 tamen
1459 2214 1644 2262 minus
1659 2212 1738 2261 rei
1761 2226 1871 2260 non
1890 2209 2786 2273 minuuntdifﬁcultatem,quomin
2800 2228 2857 2260 us
2880 2214 3047 2260 multa
3060 2212 3343 2261 sintdoctis
3355 2212 3695 2278 perferenda,
3712 2213 3811 2276 qui

503 2312 783 2357 auctorum
797 2308 1139 2372 castigationi
1155 2313 1200 2357 et
1223 2307 1448 2357 editioni
1474 2304 1783 2367 invigilant,
1812 2303 2015 2367 quoties
2033 2302 2093 2351 de
2114 2301 2369 2350 maximis
2392 2307 2439 2351 et
2464 2302 2659 2350 levibus
2675 2302 3053 2365 dubitandum,
3070 2301 3807 2367 cogitandum,evolvendum

504 2398 552 2447 si
571 2397 669 2462 qui
691 2397 792 2447 alii
820 2398 961 2447 hanc
977 2398 1202 2448 eandem
1226 2397 1513 2446 materiam
1540 2394 1883 2444 tractaverint
1909 2406 1921 2443 :
1955 2392 2155 2456 quoties
2175 2391 2381 2455 passim
2406 2407 2472 2439 ea:
2495 2391 2854 2454 conjectandis
2870 2393 3169 2457 aliquando
3188 2393 3469 2443 levissimis
3486 2391 3657 2440 multa
3674 2407 3807 2440 mu-

508 2489 696 2553 tanda,
722 2490 993 2539 nonnulla
1020 2490 1346 2554 reponenda.
1381 2487 1530 2547 Quod
1561 2492 1829 2551 quantum
1855 2482 2042 2533 habeat
2066 2498 2251 2546 operae,
2278 2489 2483 2532 norunt
2509 2483 2611 2532 hac
2631 2490 2777 2533 :etate
2812 2501 2921 2534 non
2955 2485 3139 2550 pauci,
3172 2486 3261 2534 sed
3292 2491 3347 2534 tu
3380 2485 3656 2549 imprimis
3693 2485 3811 2547 (vir

506 2579 881 2644 ornatissime)
906 2580 1000 2643 qui
1028 2580 1229 2628 harum
1264 2593 1449 2626 rerum
1486 2576 1977 2638 erercitatissimus,
2009 2589 2121 2623 non
2160 2574 2359 2621 desinis
2396 2574 2637 2623 maximo
2664 2576 2967 2625 studiorum
3013 2581 3291 2641 proventu,
3336 2576 3517 2640 reique
3553 2574 3808 2624 literarias:

505 2669 795 2719 accessione
817 2668 1056 2733 proferre
1082 2667 1143 2716 de
1168 2671 1263 2715 tua
1285 2666 1445 2715 divite
1468 2664 1775 2714 bibliotheca
1801 2663 1962 2712 bonos
1986 2663 2223 2726 quotidie
2254 2668 2512 2725 auctores,
2538 2680 2746 2728 proque
2786 2670 2874 2714 tuo
2906 2666 2963 2714 in
3004 2666 3405 2731 Rempublicam
3431 2670 3584 2729 grato
3613 2664 3807 2713 animo

498 2758 810 2824 perquirere
848 2758 1062 2822 magnis
1089 2756 1389 2822 sumptibus
1430 2756 1687 2819 undique,
1713 2755 1759 2803 si
1785 2754 1881 2817 qui
1919 2753 2118 2802 codices
2146 2753 2244 2801 Ms.
2290 2752 2593 2802 habeantur
2626 2755 3045 2818 castigatissimi,
3092 2755 3285 2819 quibus
3320 2754 3567 2819 impressi
3596 2758 3811 2819 possent

507 2848 761 2912 conferri,
786 2848 834 2898 si
864 2848 959 2913 qui
984 2862 1178 2897 rursus
1200 2851 1461 2895 restarent
1480 2860 1599 2895 eum
1622 2845 1808 2909 aliquo
1836 2844 2021 2905 fructu
2048 2843 2425 2907 imprimendi.
2456 2844 2523 2892 Et
2552 2845 2624 2892 ita
2651 2846 2885 2907 quidem,
2928 2851 2985 2894 ut
3017 2846 3077 2894 de
3118 2852 3160 2895 te
3196 2851 3441 2895 testatum
3468 2844 3807 2910 jampridem

504 2945 777 2995 doctorum
797 2946 1131 2995 sermonibus
1153 2944 1478 3005 audiverim,
1505 2943 1719 2992 nullum
1737 2957 1923 2991 eorum
1942 2942 2037 3005 qui
2058 2947 2183 2989 tunc
2202 2942 2389 2989 vivunt
2406 2941 2566 3006 (absit
2588 2942 2739 2991 verbo
2760 2944 2973 2992 invidia
2991 2944 3237 3006 )ea'istere
3257 2945 3351 3007 qui
3365 2944 3575 3006 felicius
3589 2949 3634 2991 et
3648 2943 3809 2993 salu-

500 3032 649 3084 brius
674 3033 991 3084 Chiromam
1008 3049 1238 3083 manum
1261 3032 1558 3082 admoverit
1572 3030 1897 3079 reilibrariae
1918 3031 2098 3087 :etqui
2116 3030 2390 3079 liberalius
2404 3032 2615 3095 optimae
2642 3037 2777 3080 ποίεε
2799 3033 3123 3097 scriptorum
3138 3034 3152 3093 (
3170 3048 3401 3097 quorum
3420 3033 3575 3081 modo
3588 3031 3809 3081 lectione

500 3124 727 3175 studiosi
748 3124 1049 3188 fruuntur)
1073 3123 1448 3187 impressiones
1475 3121 1694 3186 juverit,
1721 3120 1957 3185 auxerit,
1978 3119 2322 3184 promoverit,
2350 3124 2508 3183 atque
2547 3126 2605 3170 tu
2628 3121 2737 3185 ipse
2767 3136 2925 3186 quem
2945 3138 2980 3171 a
3010 3122 3306 3186 D..0ptimo
3330 3123 3576 3171 Maximo
3606 3121 3669 3170 in
3704 3121 3813 3170 haec

501 3213 814 3264 calamitosa
831 3217 1069 3277 tempera
1092 3212 1153 3261 ob
1172 3212 1233 3262 id
1260 3216 1587 3260 reservatum
1609 3211 1781 3260 dicere
1805 3209 1957 3268 soleo,
1983 3224 2048 3257 ne
2072 3209 2231 3257 literae
2254 3208 2618 3259 obsolescerent
2645 3223 2657 3261 :
2686 3226 2810 3259 neve
2835 3211 3021 3260 deesset
3043 3248 3054 3271 ,
3089 3212 3185 3275 qui
3212 3210 3618 3261 honestissimas
3650 3210 3811 3259 honeo

499 3302 595 3352 stis
618 3300 846 3350 derebus
880 3300 1368 3365 Typographorum
1390 3298 1799 3349 concertationes
1822 3297 2128 3349 illustraret.
2168 3298 2445 3346 Testantur
2477 3298 2615 3347 illud
2635 3298 2969 3364 jampridem
3012 3304 3080 3348 tot
3105 3305 3360 3364 tantaque
3397 3304 3525 3364 quot
3557 3298 3810 3347 exierunt

500 3390 799 3453 volumina,
829 3406 950 3439 cum
978 3389 1170 3453 aliqua
1193 3390 1273 3439 tui
1295 3390 1611 3454 praefatione
1635 3388 1897 3437 nominis:
1927 3386 2197 3436 testabitur
2221 3388 2382 3436 etiam
2416 3388 2554 3437 illud
2577 3389 3072 3453 imprcesentiarum
3099 3390 3287 3453 Ruﬁni
3319 3403 3612 3452 nunquam
3648 3393 3813 3438 antea

503 3479 646 3545 typis
659 3481 1000 3529 commissum
1022 3494 1175 3543 opus,
1198 3478 1352 3542 cujus
1375 3492 1498 3526 cum
1513 3478 1787 3543 exemplar
1811 3478 2041 3526 Domino
2066 3477 2126 3525 de
2144 3477 2195 3525 la
2223 3478 2391 3539 Bigne
2415 3477 2721 3541 Przeceptori
2751 3493 2863 3528 meo
2899 3477 3171 3541 Theologo,
3204 3477 3368 3541 hujus
3394 3478 3561 3526 aetatis
3598 3481 3711 3525 tam
3752 3476 3815 3525 ob

503 3583 722 3619 morum
743 3568 1046 3631 candorem,
1071 3582 1238 3631 quam
1254 3566 1315 3616 ob
1330 3566 1663 3631 singul'irem
1693 3567 1806 3631 ejus
1822 3566 2180 3615 eruditionem
2214 3566 2573 3629 meritissimo,
2594 3566 2881 3630 petendum
2910 3566 3217 3628 iudicasses,
3236 3582 3303 3615 ese
3328 3565 3573 3629 reliquiis
3589 3579 3821 3614 venera-

500 3655 620 3706 bilis
641 3656 956 3706 Monasterii
979 3656 1313 3713 Montis-Dei,
1337 3655 1544 3718 factum
1566 3660 1636 3704 est
1670 3660 1723 3704 ut
1749 3656 1889 3703 inter
1910 3655 2105 3704 ruinas
2129 3655 2243 3718 ejus
2268 3655 2456 3704 devotae
2483 3654 2674 3703 domus
2695 3655 2885 3704 divina
2914 3656 3258 3721 providentia
3288 3656 3334 3704 si
3365 3670 3477 3704 non
3506 3656 3713 3718 integer
3746 3654 3816 3703 ab

499 3745 665 3796 annis
681 3750 907 3795 vetustus
918 3745 1098 3806 eodem,
1124 3745 1308 3794 saltem
1325 3745 1722 3809 quodammodo
1736 3750 1870 3794 totus
1881 3744 1946 3793 ab
1966 3745 2182 3809 injuria
2194 3745 2531 3793 inveniretur
2545 3744 2789 3808 effugisse
2807 3746 3179 3795 Gnosticorum
3204 3750 3516 3795 nostrorum
3533 3743 3815 3808 injurias:

495 3834 749 3885 adversus
772 3849 908 3899 quas
934 3840 1092 3899 atque
1116 3835 1377 3899 ejusmodi
1406 3840 1777 3898 grassatorum
1805 3836 2164 3898 excursiones,
2195 3834 2567 3884 vindiciarum
2598 3833 2646 3883 si
2680 3836 2800 3898 quis
2837 3836 2905 3885 sit
2941 3836 3148 3899 modus,
3180 3835 3226 3884 is
3260 3840 3349 3899 est,
3393 3834 3745 3884 accersendus
3782 3851 3815 3884 a

500 3923 958 3989 Chalcographia,
985 3939 1100 3988 qua;
1122 3923 1235 3973 sola
1257 3924 1659 3974 inclinantibus
1682 3925 1884 3974 saeculis
1909 3925 2155 3974 maximo
2171 3922 2268 3974 Dei
2289 3923 2533 3988 beneﬁcio
2549 3925 2622 3973 ad
2632 3924 2815 3973 studia
2821 3924 2941 3989 jam
2956 3931 3275 3974 nauseantes
3294 3925 3579 3974 hominum
3597 3925 3819 3974 animos

503 4013 1024 4079 recreavitjncunda
1037 4013 1312 4076 facilitate,
1330 4014 1543 4078 scriptis
1570 4015 1790 4064 contulit
1814 4017 2050 4079 gratiam
2072 4031 2174 4065 sua
2200 4014 2625 4079 pulchritudine,
2644 4021 2689 4065 et
2722 4014 2886 4064 simul
2918 4014 3388 4065 immortalitatem.
3419 4013 3570 4072 Quod
3595 4012 3817 4062 utinam

504 4103 603 4155 Dei
630 4103 907 4153 inventum
930 4104 1213 4168 superiora
1238 4109 1475 4168 tempora
1497 4106 1761 4154 novissent
1786 4120 1798 4156 :
1832 4121 1944 4154 non
1968 4108 2151 4169 utique
2180 4110 2388 4154 tantam
2407 4105 2669 4155 librorum
2698 4112 2743 4155 et
2769 4106 3015 4155 codicum
3047 4112 3171 4169 quot
3196 4104 3571 4153 desiderantur
3589 4104 3815 4167 perditi,

497 4192 775 4257 jacturam
807 4192 997 4241 bellicis
1036 4193 1356 4242 Gotthorum
1380 4194 1784 4243 incursionibue
1807 4194 2130 4258 fecissemus.
2157 4195 2283 4244 Non
2309 4195 2403 4244 illa
2434 4194 2743 4244 bibliotheca
2769 4195 3055 4258 Pisistrati,
3080 4195 3264 4256 Attali,
3296 4200 3341 4243 et
3379 4194 3672 4243 Eumenis:
3701 4208 3815 4241 non

504 4281 602 4332 illa
619 4281 962 4346 Philadelphi
991 4282 1262 4343 Ptolomei,
1289 4299 1404 4348 quae
1425 4282 1466 4334 Α,
1484 4290 1670 4347 ugusto
1701 4290 1975 4347 regnante,
2006 4283 2254 4333 incendio
2286 4289 2567 4347 assumpta
2584 4289 2674 4335 est.
2705 4285 2831 4335 Non
2856 4284 2951 4333 illa
2974 4284 3259 4344 Gordiani,
3285 4300 3401 4349 quae
3414 4283 3595 4348 plures
3622 4282 3817 4332 habuit

503 4370 786 4432 librorum,
810 4386 977 4435 quam
1000 4371 1249 4435 quisdam
1274 4372 1418 4421 alius
1440 4373 1586 4433 auri,
1611 4373 1686 4422 vel
1709 4374 1921 4436 argenti
1952 4374 2243 4432 thesauros,
2278 4374 2417 4421 divei
2450 4374 2589 4424 LVII
2626 4374 2860 4423 millibus
2892 4374 3407 4437 antiquissimorum
3446 4372 3815 4424 voluminum.

503 4460 629 4512 Non
652 4460 747 4510 illa
772 4460 1051 4526 Pamphili
1070 4462 1344 4527 martyris,
1359 4462 1501 4512 unde
1520 4462 1776 4512 Eusebius
1790 4462 1935 4512 ausit
1956 4477 2115 4511 suam
2133 4462 2445 4512 historiam:
2466 4477 2576 4512 non
2594 4463 2690 4512 illa
2721 4472 2935 4513 centum
2959 4469 3004 4512 et
3028 4464 3222 4527 viginti
3254 4462 3490 4512 millium
3524 4461 3813 4524 librorum,

507 4564 623 4615 quae
647 4550 895 4614 Byzantii
918 4550 1013 4599 sub
1036 4551 1249 4599 Zenone
1272 4552 1591 4616 imperatore
1618 4552 1937 4617 gravissimo
1961 4551 2209 4600 incendio
2230 4550 2391 4615 periit
2421 4566 2436 4600 :
2471 4567 2584 4601 non
2612 4552 2705 4601 illa
2727 4567 2917 4603 rursus
2950 4554 3169 4603 Mathiae
3205 4553 3345 4616 regis
3391 4552 3660 4616 Ungariae,
3696 4567 3816 4617 qua

509 4639 735 4690 Patrum
756 4646 1068 4689 nostrorum
1093 4641 1355 4691 memoria
1375 4642 1578 4691 crudeli
1609 4642 1910 4691 Turcarum
1927 4641 2275 4703 impressione
2292 4641 2551 4706 dissipata
2567 4646 2654 4693 est.
2673 4642 2780 4692 Nec
2795 4643 2888 4691 illa
2907 4643 3131 4707 denique
3153 4643 3414 4692 Vaticana
3436 4643 3814 4693 Romanorum

506 4728 829 4791 Pontiﬁcum
854 4729 1147 4794 Hebraicis,
1172 4732 1379 4796 Graecis,
1398 4732 1608 4780 Latinis
1631 4730 2050 4793 antiquissimis,
2078 4746 2286 4779 necnon
2310 4732 2528 4797 Optimis
2564 4732 2859 4796 quibusque
2895 4733 3201 4782 auctoribus
3213 4734 3422 4797 pariter
3434 4747 3496 4782 ac
3511 4730 3819 4782 recentiori-

507 4813 601 4865 bus
626 4821 739 4865 tum
767 4820 1172 4884 manuscriptis,
1199 4825 1316 4869 tum
1335 4820 1620 4885 publicatis
1645 4819 2067 4868 instructissima
2090 4818 2185 4869 sub
2214 4820 2470 4870 Clemente
2494 4822 2581 4871 VII
2592 4837 2627 4870 a
2644 4822 2906 4870 militibus
2924 4822 3206 4871 Germanis
3222 4827 3267 4870 et
3287 4821 3548 4885 Hispanis
3572 4821 3814 4883 incensa,

508 4910 577 4957 tot
595 4905 753 4955 libros
772 4921 946 4956 secum
970 4908 1281 4958 abstulisset.
1312 4909 1579 4958 Extarent
1603 4923 1841 4971 namque
1865 4908 1995 4957 alibi
2019 4910 2221 4973 passim
2244 4911 2425 4959 excusi
2458 4911 2656 4960 codices
2684 4912 2931 4961 maxima
2955 4927 3079 4960 cum
3113 4911 3288 4976 copia,
3322 4925 3433 4959 non
3450 4915 3629 4958 autem
3653 4910 3815 4959 sicuti

504 4995 711 5055 accidit,
740 4996 903 5058 pauci
928 4997 1074 5061 iique
1098 4996 1163 5046 ab
1196 4998 1461 5062 imperitis
1492 4996 1721 5045 notariis
1757 4996 2005 5060 descripti
2040 4998 2461 5050 mendosissime.
2498 4997 2777 5048 Habuisset
2812 5001 3009 5064 quaevis
3046 5000 3199 5049 natio
3227 4998 3481 5063 proprios
3515 4998 3815 5064 scriptores,

505 5081 767 5134 habuisset
790 5085 1124 5149 inquilinos:
1154 5103 1243 5136 nec
1269 5091 1380 5136 erat
1402 5086 1546 5149 quod
1569 5093 2021 5149 conquererentur
2044 5088 2147 5135 viri
2171 5088 2515 5151 antiquitatis
2539 5088 2907 5139 amantissimi
2927 5104 2942 5137 :
2972 5095 3067 5137 aut
3092 5103 3189 5137 cur
3202 5093 3613 5152 peroptaremus
3630 5102 3815 5139 omnes

506 5171 692 5239 plagas
708 5173 846 5223 orbis
869 5176 1180 5234 scrutaturi,
1207 5177 1254 5224 si
1280 5175 1415 5239 quid
1438 5174 1605 5223 blattae
1631 5180 1855 5237 tegerent
1880 5175 2026 5238 quod
2049 5175 2154 5225 luci
2177 5192 2238 5226 ac
2269 5178 2475 5227 mundo
2491 5178 2626 5241 foret
2654 5177 3038 5228 exhibendum.
3061 5177 3187 5226 Non
3213 5182 3324 5225 erat
3356 5176 3500 5240 quod
3530 5176 3813 5229 Reverend.

511 5263 569 5312 in
598 5263 807 5314 Christo
837 5270 990 5329 pater
1018 5265 1081 5317 D.
1115 5265 1382 5324 d’Albone,
1417 5264 1794 5328 Lugdunensis
1821 5265 2058 5315 Ecclesiae
2103 5267 2359 5332 Princeps
2391 5268 2641 5317 lustraret
2678 5269 2851 5317 rimas
2883 5268 3170 5332 pervetusti
3215 5266 3532 5317 Monasterii
3569 5268 3814 5318 Barbatse

509 5352 710 5413 insulae,
739 5358 796 5402 ut
823 5353 1244 5403 Commentarios
1267 5353 1455 5414 Rufini
1469 5354 1824 5418 Aquilejensis
1846 5355 1903 5403 in
1922 5358 2259 5421 septuaginta
2280 5360 2519 5422 quinque
2547 5358 2768 5408 Davidis
2793 5358 3033 5407 Psalmos
3058 5358 3365 5420 requireret.
3392 5357 3517 5407 Non
3534 5363 3647 5406 erat
3669 5359 3815 5423 quod

512 5458 605 5492 nos
632 5444 879 5493 similiter
903 5444 1218 5494 Montis-Dei
1240 5443 1492 5506 reliquias
1515 5446 1587 5493 ad
1615 5451 1927 5509 perpetuam
1942 5449 2407 5513 memoriamtypis
2433 5454 2547 5497 tum
2569 5448 2784 5497 demum
2800 5448 3263 5498 eommitteremus:
3289 5449 3551 5512 quoniam
3570 5448 3814 5499 habituri

514 5547 729 5583 eramus
750 5534 935 5583 omnia
959 5532 1207 5583 omnium
1232 5538 1516 5584 auctorum
1540 5536 1758 5600 scripta,
1784 5541 1826 5585 et
1844 5538 2139 5601 prazscrtim
2154 5538 2325 5587 nostri
2347 5539 2535 5601 Ruﬁni
2560 5553 2904 5601 quaecumque
2921 5539 3129 5603 scripsit
3146 5554 3158 5566 ·
3188 5539 3441 5603 videlicet,
3462 5540 3522 5588 in
3551 5540 3671 5589 Osce
3689 5541 3817 5589 Pro-

511 5625 730 5691 phetam
754 5626 840 5678 lib.
866 5637 905 5691 Ι,
930 5626 991 5676 in
1014 5625 1178 5676 Amos
1205 5624 1467 5681 alterum:
1504 5628 1565 5678 in
1586 5628 1700 5680 Joel
1728 5644 1924 5696 unum,
1949 5630 2011 5681 de
2046 5646 2148 5682 sua
2175 5632 2279 5695 ﬁde
2315 5631 2388 5682 ad
2428 5630 2786 5683 Laurentium
2811 5630 3138 5697 Episcopum
3168 5631 3257 5685 lib.
3282 5644 3304 5685 Ι
3336 5633 3397 5682 de
3424 5632 3817 5685 Sacr-amentis.
