3902 6424
125 458 194 512 73
1450 457 1666 511 VETUS

1899 455 2128 511 FATIO.
3373 463 3440 515 74

120 598 554 649 Exhortationis
578 601 651 651 ad
677 603 910 653 Probam
939 603 1027 656 lib.
1048 616 1085 655 1.
1106 600 1473 666 Epistolarum
1489 601 1562 649 ad
1577 601 1806 650 diversos
1831 601 1917 653 lib.
1943 614 1984 654 II
2008 604 2181 654 Juxta
2208 603 2469 670 triplicem
2501 604 2698 653 divina:
2737 603 3015 668 scripturae
3052 617 3266 652 sensum
3299 604 3387 655 lib.
3424 616 3446 656 ι

123 704 282 752 quem
315 698 544 753 rogante
562 693 815 754 Paulino,
831 693 1092 759 Episcopo
1107 692 1561 756 Nolano,scripsit
1576 691 1647 740 ad
1658 706 1778 740 eum
1793 691 1961 742 latino
1977 705 2217 744 sermone
2237 695 2298 744 de
2318 693 2672 743 benedictione
2691 691 2844 741 Judae
2873 692 3228 744 Patr-iarchze.
3247 693 3448 746 Deinde

123 779 302 828 eodem
330 781 576 830 Paulino
599 781 955 846 afﬂagitante,
981 782 1181 832 librum
1201 783 1432 831 alterum
1452 781 1524 830 ad
1554 781 1818 830 eundem:
1855 783 1905 829 in
1928 797 2033 846 quo
2056 789 2267 832 caeteras
2299 783 2542 832 undecim
2571 781 3034 830 Pat'riarcharum
3067 782 3449 834 benedictiones

121 868 322 932 triplici
348 869 737 933 etplanatione
758 878 1118 936 prosequutus
1135 877 1222 922 est.
1249 872 1488 935 Denique
1510 872 1692 920 eodem
1716 877 1932 921 auctore
1962 873 2291 934 haberemus,
2320 879 2511 936 przcter
2531 887 2593 919 ea
2614 886 2730 934 quae
2755 877 2957 920 restant
2987 873 3294 921 maximam
3314 887 3450 936 par-

126 961 227 1006 tem
244 957 553 1008 Graecorum
578 960 893 1011 bibliotheca
918 963 1112 1011 Basilii
1141 961 1488 1013 Caesariensis
1514 961 1868 1024 Cappodacise
1894 961 2166 1025 Episcopi,
2188 966 2232 1009 et
2260 960 2502 1024 Grchri-i
2529 961 2877 1020 Naxia-nmmi,
2906 959 3189 1010 Clementis
3212 963 3449 1010 Romani

122 1046 468 1111 Recognition
479 1063 571 1097 um
582 1048 739 1098 libros
757 1065 768 1094 :
783 1049 974 1099 Eusebi
983 1051 998 1098 i
1015 1050 1355 1101 Czesariensis
1368 1049 1652 1100 Palestina:
1663 1048 2087 1099 Ecclesiasticam
2102 1049 2410 1110 historiam,
2433 1050 2522 1096 cui
2535 1049 2748 1097 addidit
2761 1049 3026 1097 decimum
3041 1055 3085 1098 et
3101 1050 3348 1100 undecim
3359 1064 3447 1097 um

120 1135 346 1186 librum:
368 1137 524 1202 Xysti
541 1153 767 1202 quoque,
786 1140 832 1188 si
849 1154 962 1188 non
982 1139 1258 1202 Pontiﬁcis
1281 1139 1533 1198 Romani,
1555 1138 1739 1188 saltem
1770 1138 2442 1203 Pythagoricicujusdam,
2468 1139 2807 1188 utcontendit
2826 1139 3126 1204 Hieranym
3137 1156 3215 1201 us,
3232 1144 3448 1188 senten-

124 1223 257 1270 tias:
279 1223 505 1288 Evagrii
515 1225 822 1288 sententias,
839 1225 1135 1292 Pamphyli
1153 1227 1411 1291 martyris
1423 1226 1706 1275 adversum
1720 1225 2146 1275 Mathematicus.
2160 1225 2379 1290 [Iosephi
2391 1227 2554 1275 etiam
2578 1226 2808 1275 latinam
2824 1227 2946 1289 fecit
2965 1227 3274 1290 historiam,
3289 1228 3444 1290 cujus

125 1312 408 1377 exemplar
435 1319 743 1363 asservatur
761 1315 1074 1377 Mediolani,
1093 1316 1151 1364 in
1173 1316 1277 1365 aede
1303 1316 1355 1365 S.
1382 1314 1670 1374 Ambrosii,
1699 1314 2118 1377 Longobardieis
2141 1315 2399 1377 scriptum
2431 1314 2646 1363 litteris:
2673 1314 2920 1378 Origenis
2941 1316 3065 1364 item
3092 1331 3201 1364 non
3232 1318 3442 1379 omnia,

123 1400 258 1464 quia
277 1405 325 1450 et
353 1401 716 1466 Hieronymus
733 1404 1005 1454 transtulit
1024 1405 1290 1468 quadam,
1308 1405 1426 1454 dua
1447 1419 1543 1453 suo
1564 1403 1785 1467 prologo
1805 1403 2204 1452 discernuntur.
2236 1403 2500 1466 Exposuit
2527 1403 2668 1452 idem
2695 1404 3276 1467 RufinusSymbol-um,
3302 1406 3446 1468 quod

121 1489 266 1537 inter
288 1505 453 1555 opera
477 1491 798 1556 Hieronymi
824 1498 948 1544 tom.
981 1493 1070 1544 IV.
1103 1494 1421 1544 Basileensis
1444 1493 1694 1542 editionis
1723 1492 2056 1551 continetur,
2087 1493 2149 1540 de
2175 1507 2279 1554 quo
2315 1492 2579 1541 Erasmus
2609 1491 2933 1553 Przefatione
2973 1494 3031 1540 in
3074 1494 3439 1558 Cyprianum.

126 1577 230 1627 Sed
251 1585 296 1627 et
317 1579 647 1629 obtrectatori
676 1583 1055 1647 opusculorum
1081 1598 1308 1632 suorum
1325 1583 1595 1646 respondit
1613 1581 1816 1631 duobus
1845 1580 2472 1644 voluminibus,arguens
2496 1588 2539 1630 et
2562 1583 2916 1644 convincens,
2948 1583 3104 1630 sicuti
3129 1583 3287 1644 refert
3307 1585 3440 1633 Gen-

121 1668 345 1728 nudius,
369 1685 419 1718 se
435 1669 530 1719 Dei
555 1670 759 1719 intuitu
787 1677 831 1720 et
857 1670 1097 1722 Ecclesiae
1130 1673 1373 1734 utilitate,
1412 1671 1716 1720 auxiliante
1750 1671 2010 1733 Domino,
2056 1670 2338 1733 ingenium
2369 1671 2691 1733 agitavisse:
2729 1671 2885 1719 illum
2923 1688 3040 1720 vero
3080 1673 3436 1723 aemulationis

122 1757 340 1806 stimulo
366 1758 650 1808 incitatum
679 1760 751 1809 ad
776 1759 1087 1825 obtoquium
1111 1761 1292 1810 stilum
1311 1761 1534 1810 vertisse.
1562 1759 1816 1823 Ejusdem
1833 1759 2019 1821 Rufini
2037 1758 2356 1822 opusculum
2381 1759 2442 1808 de
2459 1760 3146 1825 depravationelibrorum,
3159 1762 3436 1826 przecipue

127 1846 390 1911 Origenis,
413 1847 606 1912 legitur
627 1849 700 1898 ad
723 1849 915 1900 calcem
940 1851 1132 1914 primas
1157 1851 1329 1914 partis
1345 1864 1569 1914 operum
1597 1848 1867 1913 Origenis:
1897 1849 2093 1897 iterum
2115 1853 2163 1896 to
2175 1863 2256 1896 mo
2271 1849 2333 1897 Il.
2360 1864 2584 1912 operum
2611 1848 2677 1900 D.
2715 1850 3060 1913 Hieronymi.
3107 1851 3268 1900 Vertit
3300 1867 3436 1915 quo-

121 1950 337 1999 quepro
377 1937 556 1986 eodem
585 1937 806 2001 Origene
828 1939 1228 2004 Apologeticum
1272 1938 1554 2003 Pamphili
1588 1938 1863 2001 martyris,
1893 1938 2342 2000 quozlprwﬁxum
2363 1937 2608 2001 operibus
2647 1938 2893 2002 Origenis
2913 1940 3207 1992 invenitur.
3233 1942 3428 1991 Edidit

121 2025 349 2090 insuper
374 2041 533 2076 suam
565 2028 902 2092 Apologiam,
931 2029 1021 2078 ubi
1055 2030 1359 2078 contrarias
1386 2029 1670 2078 sententias
1701 2028 1758 2076 in
1785 2026 1934 2076 libris
1968 2027 2212 2091 Origenis
2238 2026 2298 2075 ob
2323 2042 2508 2076 eorum
2535 2029 2973 2091 depravationem
3000 2035 3156 2079 natas
3181 2033 3428 2085 ostendit.

124 2113 384 2178 Praefatio
435 2116 548 2180 ejus
608 2117 666 2166 in
712 2117 872 2168 libros
924 2119 1168 2182 Origenis
1218 2120 1279 2168 de
1337 2117 1636 2181 Principiis
1691 2115 1988 2165 habebatur
2039 2115 2194 2179 vulgo
2244 2117 2305 2165 in
2357 2117 2446 2166 III.
2501 2123 2643 2166 tomo
2691 2133 2920 2182 operum
2981 2119 3043 2167 D.
3103 2120 3430 2186 Hieronymi

123 2204 332 2269 adjecta
367 2218 463 2269 per
495 2206 617 2257 Des.
675 2207 988 2268 Erasmum,
1045 2214 1106 2256 ut
1149 2207 1372 2270 facilius
1415 2206 1840 2269 intelligerentur
1890 2205 2161 2269 Apologia:
2210 2205 2272 2255 D.
2335 2205 2680 2270 Hieronymi.
2735 2207 2986 2257 Plurima
3025 2209 3252 2274 denique
3298 2213 3430 2260 scri-

122 2295 244 2356 psit,
285 2294 374 2343 sed
419 2294 586 2344 multo
621 2295 791 2359 plura
838 2297 1129 2347 transtulit.
1165 2297 1288 2346 Fuit
1327 2300 1509 2346 autem
1551 2296 1597 2344 is
1641 2296 1872 2357 Rufinus
1922 2295 2210 2355 Tharm-us,
2262 2309 2354 2344 seu
2408 2295 2692 2345 Thoranus
2716 2297 3047 2360 professione
3089 2300 3422 2366 Meuachus,

121 2382 384 2447 dignitate
415 2384 769 2449 Aquilejensis
799 2385 1089 2451 presbyter,
1135 2386 1421 2437 Theodosio
1459 2384 1778 2449 Imperatori
1805 2383 1958 2433 valde
2000 2383 2220 2447 eh—arus,
2260 2399 2357 2443 pro
2397 2399 2502 2447 quo
2541 2385 2692 2448 apud
2743 2385 2804 2435 Β.
2850 2385 3200 2437 Ambrosium
3249 2391 3424 2439 inter-

121 2472 286 2533 cessit,
303 2477 362 2521 ut
385 2473 739 2536 ingrediundi
765 2475 1179 2526 Mediolanensis
1204 2475 1384 2539 templi
1407 2477 1550 2538 ﬁeret
1572 2474 1655 2523 illi
1680 2479 1922 2538 potestas,
1962 2489 1996 2522 a
2027 2488 2132 2536 quo
2165 2479 2325 2522 antea
2347 2473 2592 2522 exclusus
2621 2474 2799 2536 fuerat
2837 2476 2898 2523 ob
2926 2481 3202 2539 patratum
3233 2482 3422 2530 czedem

117 2566 314 2625 septem
339 2560 574 2611 millium
601 2564 889 2613 hominum
921 2565 1319 2626 Thessalonicae,
1351 2564 1428 2613 uti
1451 2562 1607 2625 refert
1628 2562 1966 2626 Nicephor-us
1990 2561 2080 2611 lib.
2108 2573 2213 2613 XII.
2243 2562 2442 2614 Hister.
2464 2561 2840 2612 Ecclesiasticae
2865 2579 2982 2627 cap.
3010 2565 3075 2620 40
3100 2571 3144 2614 et
3174 2567 3256 2620 41.
3298 2571 3422 2618 Fuit

120 2656 371 2715 praeterea
385 2653 558 2701 socius
574 2653 873 2718 aliquando
897 2654 1203 2704 studiorum
1227 2663 1276 2704 et
1298 2654 1456 2717 plane
1486 2652 1898 2702 amantissimus
1931 2651 1989 2699 D.
2023 2651 2348 2714 Hieronymi
2381 2668 2394 2699 :
2429 2652 2591 2701 donec
2624 2653 2685 2701 de
2718 2653 2929 2717 scriptis
2958 2654 3201 2718 Origenis
3237 2666 3420 2709 exin-ta

122 2740 266 2789 inter
288 2756 371 2790 eos
395 2744 743 2807 contentio-ne,
769 2744 911 2793 visus
933 2748 1002 2792 est
1028 2744 1362 2807 Hieronymo
1387 2741 1597 2791 min-ius
1619 2741 1944 2800 admirator,
1971 2744 2015 2788 et
2030 2755 2197 2804 prope
2223 2746 2450 2789 assertor
2471 2740 2715 2803 Origcnis
2743 2756 2754 2791 :
2781 2747 2824 2791 ct
2839 2745 3069 2806 proinde
3083 2747 3422 2799 existimatus

125 2830 358 2894 ejusdem
378 2832 674 2896 Opinionis,
700 2833 844 2896 quod
863 2832 1031 2897 paulo
1055 2834 1238 2882 acrius
1262 2848 1419 2882 suam
1445 2833 1506 2881 de
1527 2831 1677 2880 libris
1710 2833 1817 2896 περὶ
1844 2826 2028 2896 ἀρχῶν,
2052 2831 2146 2892 qui
2172 2829 2490 2878 videbantur
2509 2837 2698 2879 contra
2719 2832 2877 2892 fidem
2900 2836 3154 2894 conversi,
3169 2837 3420 2889 adversus

125 2920 187 2969 D.
210 2921 604 2987 Hieronymum
630 2922 942 2986 defenderet.
964 2923 1093 2973 Atsi
1109 2938 1263 2972 nemo
1294 2924 1354 2972 in
1395 2923 1720 2973 hodiernum
1756 2935 1922 2984 usque
1959 2920 2101 2969 diem
2138 2921 2383 2968 inventus
2402 2927 2490 2980 est,
2541 2922 2635 2984 qui
2677 2921 2837 2971 libros
2860 2924 3125 2985 ejusmodi
3173 2927 3422 2991 Origeni-

123 3013 411 3073 propterea
434 3010 687 3060 tollendos
711 3011 931 3075 dixerit,
953 3027 1108 3062 nemo
1133 3013 1314 3075 etiam,
1341 3017 1398 3060 ut
1425 3011 1635 3074 Opinor,
1653 3009 1948 3073 reperietur
1972 3008 2069 3071 qui
2093 3008 2154 3056 ob
2181 3009 2236 3056 id
2259 3008 2614 3072 rejiciendum
2629 3010 2830 3072 judicet
2848 3011 3123 3074 Ruﬁnum,
3144 3017 3289 3078 quod
3304 3033 3415 3068 cen-

120 3099 287 3147 suerit
310 3099 515 3148 eosdem
539 3101 876 3152 retinendos:
903 3101 1012 3150 nisi
1042 3116 1092 3150 se
1115 3101 1492 3164 B.Augustino
1523 3099 1839 3148 temerarius
1859 3097 2129 3162 praeferat,
2159 3097 2253 3160 qui
2277 3098 2805 3159 tantifecitnostrum
2822 3100 3100 3163 Ruﬁn-um,
3128 3109 3265 3153 uteec
3280 3122 3336 3155 co
3357 3109 3415 3156 in

121 3203 244 3237 suos
265 3187 352 3238 ille
376 3189 719 3239 Psalmorum
741 3191 1164 3241 Commentarios
1181 3189 1594 3255 quamplurima
1610 3188 1884 3238 derivaril.
1914 3187 2034 3236 Fuit
2059 3187 2204 3236 enim
2230 3187 2531 3250 Augusti-no
2555 3189 2839 3252 antiquior
2861 3205 3009 3239 anno
3033 3193 3417 3259 redemptionis

125 3277 382 3326 humana
411 3278 600 3330 CCCC.
629 3279 730 3330 Sed
745 3285 903 3330 tantae
930 3281 1081 3345 apud
1104 3281 1166 3329 D.
1199 3279 1569 3343 Augustinum
1593 3277 1945 3340 auctoritatis,
1970 3280 2027 3324 ut
2052 3276 2142 3326 ad.
2176 3275 2240 3326 D.
2270 3275 2664 3340 Hieronymum
2705 3277 2767 3326 de
2805 3277 2898 3327 illo
2932 3281 3125 3330 scribat
3158 3299 3266 3332 non
3302 3287 3418 3336 sine

123 3367 333 3430 pietatis
359 3383 420 3416 ac
443 3369 763 3417 eruditionis
778 3369 962 3433 elogio,
983 3383 1210 3433 eumque
1234 3384 1355 3418 cum
1370 3383 1486 3427 suo,
1506 3375 1620 3416 tum
1635 3365 1965 3425 adversario,
2002 3364 2131 3414 olim
2151 3381 2270 3414 vero
2285 3364 2799 3417 sodaliamicissimo
2819 3367 2973 3418 mella
3003 3369 3414 3436 Seripturarum

121 3455 354 3505 studiose
377 3454 680 3517 lambuisse,
705 3462 994 3522 utrumque
1017 3457 1235 3521 quidem
1247 3462 1470 3507 conatus
1487 3457 1543 3505 in
1558 3460 1808 3504 mutuam
1830 3453 2245 3504 benevolentiam
2264 3469 2522 3517 revocare,
2546 3454 2634 3503 sed
2658 3455 2732 3503 ita
2750 3470 2970 3505 causam
2995 3459 3416 3515 inimicitiarum

118 3546 490 3609 dissimulans,
522 3553 580 3596 ut
609 3550 789 3597 neut-ri
812 3549 1028 3614 culpam
1052 3565 1243 3599 earum
1267 3550 1518 3613 afﬁngat.
1547 3548 1670 3597 Hac
1709 3562 1873 3611 porro
1893 3545 2146 3596 luculenti
2174 3546 2304 3594 adeo
2330 3546 2606 3609 scriptoris
2632 3560 2796 3608 opera
2823 3547 3034 3598 latuisse
3065 3553 3276 3618 land-iu,
3304 3573 3416 3606 non.

116 3637 325 3685 mirum
350 3637 490 3686 debet
515 3637 581 3687 iis
611 3640 846 3704 csse,qui
873 3646 1077 3688 norunt
1106 3655 1173 3689 ea:
1206 3639 1500 3689 Trithcmio
1525 3638 1707 3702 plures
1730 3635 1889 3686 lib-ros
1912 3635 1977 3684 ab
2002 3635 2116 3700 ipso
2142 3635 2464 3698 conscriptos
2485 3637 2498 3695 (
2519 3651 2754 3699 quorum
2797 3641 2974 3688 tamen
3002 3643 3251 3693 maxima
3286 3662 3418 3710 pars

117 3741 150 3774 n
163 3741 266 3775 unc
279 3726 526 3791 primum
539 3728 720 3791 prodit
743 3728 798 3776 in
822 3727 986 3778 lucem
1004 3731 1018 3791 )
1036 3729 1260 3791 sepultos
1276 3728 1456 3778 adhuc
1466 3725 1772 3791 pulcer-ibus
1787 3724 2066 3774 oblivio-nis
2079 3724 2390 3773 deside-rari.
2411 3723 2512 3773 Sed
2528 3739 2593 3773 ne
2608 3725 2900 3789 quisquam
2921 3728 3017 3778 hoc
3039 3737 3283 3783 nostrum
3308 3743 3415 3786 stu-

115 3815 273 3864 dium
299 3815 560 3866 existimet
592 3816 705 3865 ideo
739 3817 937 3878 minus,
969 3817 1112 3882 quod
1141 3818 1387 3882 quaedam
1411 3817 1581 3880 ipsius
1606 3813 1861 3879 opuscula
1887 3813 2195 3862 auctoritati
2221 3813 2531 3877 Apostolicse
2554 3820 2839 3878 suspectaa
2859 3819 3138 3870 nonnullis
3162 3823 3420 3887 rejician-

119 3912 232 3956 tur:
250 3904 390 3955 illud
417 3920 592 3954 unum
618 3906 952 3956 solummodo
968 3907 1225 3970 dixerim,
1251 3906 1396 3956 nihil
1415 3906 1504 3955 illo
1525 3906 1738 3955 Canone
1753 3903 1978 3954 omnino
2000 3903 2073 3951 ad
2080 3917 2255 3951 verszts
2272 3902 2437 3964 Ruﬁn
2446 3918 2539 3951 um
2556 3905 2737 3964 statui,
2756 3907 2900 3969 quod
2911 3908 2959 3971 ej
2965 3924 3024 3958 us
3039 3915 3414 3967 auctoritatem

117 3993 355 4053 minuat,
385 3991 685 4057 horumque
711 3993 973 4043 librorum
1005 3993 1280 4043 lectionem
1307 3993 1585 4058 impediat.
1603 3991 1749 4041 Nam
1778 3994 1824 4039 et
1850 3991 2086 4040 Gctasius
2111 3990 2421 4054 religiosum
2461 4005 2582 4040 eum
2615 3992 2795 4040 virum
2816 3995 3048 4058 appellat
3072 3999 3299 4060 (Distin.
3328 4003 3414 4064 15,

116 4101 235 4136 can.
266 4085 466 4136 Sancta
490 4086 682 4149 Rom.),
707 4091 752 4135 et
774 4085 1069 4136 nonnullas
1097 4087 1164 4134 ab
1190 4102 1246 4136 eo
1267 4087 1567 4150 scripturas
1591 4083 1885 4148 explicatas
1906 4084 2070 4145 fuisse
2093 4082 2257 4131 (ra-dit
2276 4082 2450 4145 (quod
2470 4082 2675 4130 dictum
2701 4083 2916 4134 Primas
2936 4086 3311 4150 Lugdunensis
3341 4095 3414 4144 ad

119 4175 542 4226 Commentarios
564 4174 906 4225 Psalmorum
929 4175 1105 4224 retulit
1131 4176 1142 4237 )
1169 4181 1214 4224 ct
1239 4176 1334 4224 hoc
1357 4190 1408 4224 se
1436 4175 1655 4223 nomine
1678 4177 1917 4237 suspecta
1943 4171 2189 4236 quaedam
2217 4170 2423 4230 habere,
2457 4171 2601 4234 quod
2617 4187 2649 4220 a
2683 4171 2743 4222 D.
2782 4173 3113 4239 Hieronymo
3149 4181 3414 4232 scribatur

117 4263 177 4312 de
207 4263 369 4313 libero
387 4263 624 4311 hominis
647 4262 872 4312 arbitrio
892 4265 1076 4315 minus
1091 4279 1204 4313 vere
1228 4264 1551 4328 disputasse:
1571 4263 1658 4311 sed
1678 4267 1731 4310 ut
1756 4261 2003 4310 omittam
2026 4275 2144 4309 eam
2159 4275 2323 4324 quam
2337 4261 2396 4308 in
2414 4259 2654 4323 dicendo,
2677 4266 2834 4325 atque
2848 4264 3115 4316 veritatem
3129 4273 3410 4323 asserendo

113 4368 222 4416 prae
243 4367 296 4401 se
319 4351 438 4401 tulit
465 4351 754 4402 libertatem
780 4354 862 4402 vir
884 4353 1256 4403 sanctissimus
1281 4353 1526 4416 idemque
1562 4351 1899 4402 doctissimus
1933 4351 2317 4414 Hieronymus,
2343 4349 2417 4398 ad
2453 4350 2610 4413 cujus
2647 4350 2911 4401 calculum
2934 4370 3030 4405 nos
3064 4359 3283 4409 remittit
3319 4363 3414 4411 Ge-

113 4442 298 4501 lasius,
325 4441 470 4491 nihil
493 4442 652 4505 plane
678 4442 734 4491 in
756 4443 840 4491 his
864 4443 1279 4494 Commentariis
1304 4448 1416 4491 tam
1439 4447 1684 4506 opertum
1707 4445 1796 4501 est,
1828 4454 1996 4504 quam
2016 4440 2161 4497 quod
2183 4454 2282 4503 pro
2305 4438 2464 4488 libero
2484 4439 2723 4488 hominis
2745 4441 2992 4504 arbitrio,
3001 4461 3104 4508 pro
3126 4446 3275 4498 bon-is
3288 4467 3412 4515 ope-

113 4532 280 4592 ribus,
305 4547 407 4595 pro
429 4533 678 4594 mysterio
706 4532 1065 4582 Sanctissimae
1109 4532 1407 4592 Trinitatis,
1441 4535 1485 4580 et
1522 4534 1869 4579 sacrosanctae
1923 4528 2161 4578 Ecclesia:
2206 4527 2586 4593 Encharistiae,
2628 4544 2730 4592 pro
2770 4535 3108 4597 purgatorio,
3148 4553 3248 4600 pro
3285 4557 3406 4591 vera

113 4622 354 4670 homin-is
368 4621 603 4685 justitia,
630 4627 788 4685 atque
811 4623 938 4671 aliis
970 4623 1284 4685 hujusmodi
1307 4620 1587 4686 permultis
1602 4635 1710 4669 non
1737 4619 1913 4680 semel,
1940 4633 2107 4681 neque
2127 4634 2233 4667 uno
2259 4619 2313 4666 in
2338 4617 2447 4667 loco
2473 4619 2630 4669 docet.
2656 4619 2836 4682 Neque
2862 4636 2977 4670 vero
2991 4624 3250 4688 cuiquam
3271 4646 3407 4681 nova

111 4710 250 4760 debet
269 4725 376 4759 esse
403 4710 624 4773 (tametsi
645 4711 824 4787 gragis
849 4727 911 4761 ac
935 4711 1149 4761 molesla
1171 4711 1322 4760 bonis
1343 4709 1592 4760 omnibus
1613 4723 1817 4773 semper
1829 4707 1960 4770 ﬁat)
1989 4708 2273 4770 repentina
2304 4707 2396 4756 illa
2427 4706 2715 4758 voluntatis
2747 4710 2883 4758 inter
2913 4711 2976 4760 D.
3011 4715 3404 4782 Hieronymum

113 4803 155 4846 et
175 4799 340 4860 Ruﬁn
352 4813 444 4846 um
465 4797 751 4847 alienatio:
788 4803 903 4848 tum
929 4800 1074 4864 quod
1095 4800 1180 4850 ille
1205 4799 1305 4849 zelo
1323 4799 1518 4848 ardens
1542 4814 1604 4847 ac
1620 4796 1919 4847 eruditione
1933 4795 2102 4856 fretus
2128 4794 2274 4842 nihil
2301 4796 2360 4843 in
2383 4795 2574 4845 alienis
2606 4797 2756 4848 libris
2785 4816 2894 4849 non.
2913 4802 3230 4867 depuratum
3259 4815 3303 4857 et
3339 4811 3408 4860 ad

112 4887 378 4936 amussim
393 4885 721 4936 elaboratum
741 4885 881 4948 ferre
898 4894 1106 4953 poterat
1131 4903 1142 4939 :
1174 4888 1259 4937 hic
1287 4903 1404 4937 vero
1426 4884 1787 4936 sanctimonia
1811 4899 1872 4933 ac
1900 4882 2607 4947 multorumpraecipitor-um
2621 4888 2855 4939 Ecclesiae
2872 4891 3146 4943 luminum
3172 4900 3410 4962 exemplo

114 4975 497 5036 communitus,
523 4976 582 5023 in
611 4976 955 5041 Origenianis
975 4975 1140 5038 libris,
1158 4978 1262 5026 sive
1276 4976 1523 5041 legendis,
1541 4975 1646 5024 sive
1667 4972 1971 5022 inalicnam
1985 4971 2231 5034 linguam
2250 4973 2637 5034 transferemlis
2653 4978 2908 5028 audacter
2934 4983 3255 5038 versabatur.
3281 4987 3410 5037 Tum

117 5083 234 5116 vero
262 5065 509 5116 maxime
532 5067 677 5129 quod
698 5081 762 5116 ex
789 5068 1031 5131 quadam
1059 5068 1353 5132 opininum
1378 5067 1644 5123 varietate,
1664 5064 1825 5112 veluti
1849 5079 1914 5111 cc
1940 5063 2000 5112 D.
2032 5062 2337 5125 Augustino
2361 5065 2737 5126 comperimus,
2763 5069 2822 5118 in
2848 5071 2988 5120 hanc
3023 5078 3411 5127 contentionem

118 5155 428 5216 inciderint,
456 5155 512 5202 in
540 5169 706 5217 quam
728 5155 864 5218 forte
893 5156 1213 5221 imprudens
1243 5157 1490 5218 Ruﬁnus.
1523 5153 1805 5217 Siquidem
1831 5151 2168 5212 Auguszinus
2192 5150 2429 5214 cpistola,
2449 5166 2564 5214 quae
2595 5161 2664 5202 est
2686 5155 2801 5205 XV.
2833 5158 2970 5207 inter
2999 5161 3119 5212 illas
3139 5165 3202 5216 Ι).
3226 5166 3413 5216 Hiero-

118 5245 290 5309 nymi,
319 5241 505 5292 multis
524 5243 688 5292 verbis
710 5245 995 5309 deplorans
1020 5247 1161 5295 inter
1180 5247 1444 5307 Rufinum
1468 5250 1510 5293 et
1530 5244 1923 5306 Hieronymum
1950 5245 2058 5289 tam
2082 5254 2266 5302 graves
2282 5240 2499 5300 amicos,
2529 5241 2718 5303 doctos,
2738 5245 2968 5307 celebres,
2986 5263 3129 5300 senes
3149 5259 3193 5301 ετ
3222 5269 3413 5305 ῃιοηα-

118 5336 238 5386 chos
266 5341 380 5385 tam.
400 5336 805 5388 amarulentam
829 5339 1156 5389 discordiam
1181 5338 1448 5398 incidisse,
1480 5352 1589 5385 non
1622 5336 1736 5384 sine
1774 5333 1929 5398 gravi
1960 5333 2120 5381 totius
2161 5331 2401 5380 Ecclesia:
2423 5335 2696 5400 seandalo,
2721 5338 2828 5400 ait,
2856 5343 3001 5402 quod
3021 5343 3135 5393 alia
3168 5361 3273 5396 non
3305 5353 3414 5400 nisi

117 5442 210 5488 pro
235 5427 453 5476 homini
479 5427 756 5490 contigisse
773 5434 999 5493 poterat,
1020 5434 1076 5479 ut
1099 5445 1166 5479 ea:
1190 5430 1356 5478 literis
1380 5426 1704 5492 Hieronymi
1714 5423 2002 5489 perspexit,
2029 5429 2296 5486 quantum
2313 5422 2413 5470 sibi
2431 5425 2812 5487 moderaretur,
2829 5439 3202 5498 quantumque
3219 5443 3408 5490 teneret

122 5515 330 5566 aculeos
355 5515 772 5580 indignationis,
802 5519 991 5569 timore
1007 5518 1298 5583 obriguisse
1322 5533 1391 5581 se,
1413 5517 1691 5580 doloreque
1706 5512 2048 5572 contabuisse,
2077 5511 2209 5574 quia
2235 5516 2499 5561 vereretur
2519 5531 2584 5563 ne
2611 5515 2748 5564 idem
2768 5533 2866 5581 pro
2883 5533 2932 5568 sc
2954 5521 3114 5582 Ruﬁn
3125 5540 3184 5573 us
3199 5527 3412 5588 faceret.

131 5604 318 5652 Verum
339 5604 726 5669 patrocinatur
745 5608 1005 5673 utrisque,
1028 5608 1173 5672 quod
1192 5623 1301 5657 non
1321 5607 1377 5655 in
1404 5604 1676 5655 dissimuli
1698 5618 1882 5668 genere
1906 5601 2044 5650 inter
2068 5615 2118 5649 se
2143 5601 2506 5652 contenderint
2536 5604 2741 5654 Paulus
2767 5612 2810 5655 ct
2835 5609 3133 5677 Barnabas,
3160 5615 3222 5665 D.
3251 5620 3412 5668 etiam

120 5691 307 5743 Petrus
321 5697 368 5743 et
392 5693 602 5744 Paulus
624 5695 859 5758 Apostoli
880 5698 1144 5760 (quorum
1169 5696 1488 5747 sententiam
1510 5710 1601 5744 nec
1625 5695 1739 5744 sine
1763 5691 1985 5741 dissidio
2011 5695 2327 5752 exceperunt
2358 5692 2493 5740 inter
2509 5707 2560 5742 se
2586 5695 2922 5759 Augustinus
2947 5706 2990 5748 et
3022 5702 3416 5772 Hieronymus)

411 5812 705 5868 PATROL.
747 5814 913 5870 XXI.
3177 5822 3208 5880 3
