3902 6408
501 417 570 472 75
1771 417 2014 470 RUFINI
2070 417 2508 470 PRESBYTER!
3722 417 3788 474 76

503 535 601 600 qui
620 534 829 600 pariter
849 538 1008 585 antea
1036 533 1097 584 ob
1120 533 1361 585 voculam
1395 538 1476 596 τῆς
1505 534 1837 591 κολοκύντιδος
1881 549 1948 584 ea:
1974 533 2284 599 prophetia.
2323 535 2473 585 Jonas
2499 548 2701 600 parum
2731 538 3101 585 convenerant.
3137 533 3278 585 Nota
3303 540 3372 584 est
3405 533 3502 585 illa
3531 549 3600 584 ex
3628 536 3791 584 veteri

505 625 736 676 historia
757 624 898 675 inter
916 623 1295 690 Epiphanium
1317 624 1454 674 acD.
1483 623 1921 688 Chrysostomum
1943 623 2334 676 controversia:
2362 624 2459 674 illa
2470 626 2630 674 etiam
2659 639 2716 674 eo
2733 625 3022 674 modestior
3050 639 3156 688 quo
3179 624 3462 689 antiquior
3485 625 3715 675 Victoris
3747 630 3792 674 et

505 717 709 778 Irensei,
730 716 974 781 Origenis
994 719 1039 766 et
1077 715 1381 780 Theophili:
1399 731 1516 780 quae
1539 722 1719 766 tamen
1748 717 1936 766 omnia
1960 731 2072 766 non
2085 715 2202 766 ideo
2225 717 2454 766 summis
2470 718 2601 766 viris
2623 733 2738 767 eam
2752 722 2937 766 notam
2962 717 3290 779 inusseranl,
3305 722 3361 768 ut
3382 718 3430 767 si
3452 718 3589 783 quid
3602 718 3793 768 minus

493 812 625 858 recte
645 807 704 856 in
738 804 1033 865 nonnullis,
1059 820 1176 870 quae
1189 820 1298 855 non
1309 807 1386 854 ita
1397 805 1461 854 ab
1484 805 1780 855 universali
1802 805 2033 855 Ecclesia
2058 805 2118 854 in
2137 805 2378 855 conciliis
2400 805 2754 856 sacrosanctis
2781 812 3008 856 tractata
3037 807 3278 871 fuerant,
3313 812 3358 856 et
3394 807 3600 858 decreta
3621 847 3635 870 ,
3671 823 3794 858 sen-

503 895 704 959 sissent,
728 895 790 944 in
811 893 1005 944 caeteris
1027 909 1237 959 quoque
1249 909 1451 945 errasse
1470 895 1778 946 videantur.
1797 895 1909 945 Sua
1932 895 2000 944 sit
2019 910 2143 960 ergo
2168 895 2232 946 D.
2257 894 2460 945 Gelasio
2473 896 2782 960 auctoritas,
2796 901 2843 947 et
2857 911 2960 946 sua
2973 897 3038 948 D.
3063 897 3398 962 Hieronymo
3421 904 3618 948 constet
3635 899 3796 948 inno-

503 986 693 1045 centia,
719 999 836 1048 quas
861 989 1040 1034 tamen
1065 988 1196 1033 recte
1221 984 1363 1034 dicta
1385 985 1574 1048 Ruﬁni
1589 999 1703 1034 non
1733 984 1941 1048 elevent,
1960 985 2071 1034 imo
2095 999 2211 1050 qua
2233 983 2307 1033 ad
2329 985 2600 1035 veritatem
2623 992 2682 1035 ut
2713 987 2800 1036 hic
2832 987 3019 1036 omnia
3043 993 3232 1037 exacta
3253 988 3298 1036 si
3320 987 3527 1051 fuerint
3551 989 3794 1054 integra,

503 1087 615 1124 non
639 1073 824 1122 minus
850 1072 923 1122 ad
945 1071 1068 1121 bene
1091 1073 1412 1122 credendum
1436 1088 1533 1122 nos
1559 1073 1854 1130 instruant.
1877 1073 2004 1122 etad
2019 1072 2142 1122 bene
2157 1075 2427 1138 agendum
2441 1074 2980 1138 inflamment,quam
3005 1090 3120 1140 qua:
3135 1075 3282 1124 abiis
3291 1078 3523 1140 perfecta
3537 1081 3683 1139 sunt,
3698 1079 3796 1142 qui

500 1162 786 1230 speciosius
807 1161 900 1212 illo
921 1161 1160 1225 fortasse,
1185 1167 1231 1211 et
1253 1161 1421 1212 ambit
1436 1162 1580 1212 osius
1601 1161 1701 1227 legi
1725 1161 1928 1226 terique
1940 1161 2159 1214 soleant.
2197 1163 2271 1212 Tu
2294 1177 2415 1213 vero
2439 1163 2674 1225 interim,
2698 1162 2946 1228 Domine,
2968 1179 3001 1212 a
3028 1163 3226 1214 Sancto
3241 1165 3460 1215 Andrea
3477 1166 3795 1216 memineris

505 1254 604 1304 has
633 1251 728 1304 tibi
747 1259 1008 1318 sacratas,
1023 1252 1280 1305 bellorum
1296 1253 1540 1303 civilium
1559 1251 1849 1303 manubias
1863 1252 2018 1314 tueri,
2037 1257 2082 1302 et
2111 1267 2168 1303 eo
2190 1267 2358 1317 usque
2381 1253 2658 1316 custodire,
2686 1259 2745 1302 ut
2768 1255 2903 1303 sicut
2926 1268 2977 1303 es
3003 1253 3328 1312 Catholicus,
3354 1255 3487 1305 vivis
3521 1259 3570 1304 et
3602 1255 3795 1306 vicisti

501 1357 704 1407 semper
731 1341 1176 1394 eatholicissimus
1199 1357 1215 1391 :
1239 1343 1320 1391 ita
1343 1341 1633 1405 catholicae,
1665 1341 1760 1392 hoc
1773 1341 1854 1404 Lest
1874 1341 2132 1391 Romana:
2152 1341 2392 1392 Ecclesiae
2408 1341 2666 1406 quiequid
2690 1342 2751 1391 in
2777 1343 2845 1390 iis
2876 1341 3041 1404 fuerit
3066 1341 3432 1407 probandum,
3464 1343 3542 1394 vel
3573 1342 3794 1409 impro-

501 1430 740 1483 bandum
762 1429 1108 1496 relinquatur
1129 1430 1373 1481 arbitrio.
1409 1429 1548 1480 Vale.
1572 1430 1663 1481 Eae
1689 1435 1778 1480 tuo
1797 1430 2044 1480 Musaeolo
2063 1429 2216 1494 apud
2241 1429 2594 1480 Gervasianos
2619 1429 2798 1481 Idibus
2813 1430 3003 1481 Juniis
3031 1431 3346 1484 MDLXXX.

787 1787 2143 1960 TYBANNII
2391 1685 3451 2000 RUFINI,

1491 2116 1775 2202 ORTU
1859 2113 2783 2202 CONCORDIENSIS.

1056 2303 1844 2423 CIVITATE
1979 2301 3149 2430 AQUILEIENSIS
3169 2373 3217 2444 ,

976 2547 1834 2626 PRESBYTERAT
1857 2547 1921 2622 U
2074 2543 3266 2622 BIEROSOLYMITANI
3288 2592 3312 2632 ,

1848 2671 2396 2943 nitu.

1576 3211 2048 3310 LIBER
2120 3208 2736 3309 PRIMUS.

1541 3070 1632 3078 --.σο

1635 3053 2745 3092 ———-=o¢=——————-——

1155 3499 1401 3586 CAPUT.
1418 3533 1457 3584 1.

2127 3528 2254 3610 ΑῙΟ
2271 3533 2402 3610 post
2421 3543 2584 3610 aqua.
2599 3527 2842 3610 enimAt-st
2864 3527 3164 3610 aedificatio,
3193 3527 3325 3610 duos
3349 3537 3535 3610 senss
3568 3529 3713 3610 inter
3750 3544 3802 3578 se

2199 3605 2417 3664 propter
2428 3599 2717 3662 hereticost
2741 3599 3043 3664 Origenem
3067 3600 3082 3662 )
3107 3599 3410 3661 digladiari
3437 3599 3452 3648 t
3466 3599 3801 3649 Erravimus

513 3673 555 3724 Ι.
582 3665 770 3732 Ruﬁni
804 3669 968 3723 ortus,
1004 3667 1049 3712 et
1069 3659 1312 3735 nominis
1331 3658 1620 3735 scriptura.
1664 3657 1732 3708 II.
1779 3656 1988 3735 Qatria.
2027 3657 2102 3735 llI

2202 3656 2436 3734 iuvenes,
2472 3656 2818 3720 emendentur
2837 3656 3048 3722 EBNES.
3065 3656 3218 3722 infra
3247 3683 3524 3733 vero:ego
3541 3670 3636 3720 tibi
3661 3671 3802 3722 dabo

575 3727 881 3791 Concordia:
894 3733 1196 3796 natus,ejus
1206 3744 1515 3795 praenomen
1529 3734 1574 3778 et
1601 3740 1784 3792 genus.
1804 3728 1896 3777 1V.
1925 3727 2102 3790 Aqui-

576 3812 685 3876 lejte
729 3806 1057 3858 monachum
1104 3802 1306 3876 induit.
1435 3800 1575 3876 ‘Una
1610 3813 1734 3876 cuin
1767 3797 2100 3876 Hieronymo

575 3869 726 3934 bonis
763 3877 968 3929 artibus
990 3875 1184 3924 ibidem
1231 3871 1552 3932 instituitur,
1592 3869 1811 3920 adultus
1851 3869 2098 3933 tingitur.

485 3987 502 4000 ι
573 3953 818 4005 Minister
839 3955 884 3998 et
909 3948 1240 4010 Susceptores
1257 3943 1403 3992 illius
1427 3941 1694 4006 baptismi.
1733 3941 1824 3992 VI.
1841 3941 2104 4005 Hierony-

570 4039 692 4075 mus
715 4022 782 4073 ab
803 4037 860 4071 eo
881 4019 1137 4076 divulsus,
1152 4016 1213 4065 in
1227 4015 1449 4080 Syriam
1472 4013 1715 4076 navigat.
1730 4012 1849 4063 VII.
1871 4012 2102 4074 Rufinus

570 4095 755 4162 paullo
773 4097 887 4158 post
910 4105 1033 4162 eum
1047 4087 1286 4139 Melania
1302 4084 1734 4150 Hierosolymam
1749 4083 2101 4147 profecturus,

563 4161 736 4218 Roma
751 4161 982 4214 discedit.

581 4253 845 4308 Gelasius
871 4249 1185 4314 Cyzicenus
1210 4245 1474 4312 perlectis
1491 4246 1745 4314 Nicaeum
1761 4241 1971 4314 Synodi
1999 4243 2101 4314 Qa-

511 4329 763 4381 nonibus
785 4311 938 4389 apud
961 4311 1234 4373 Rufinum
1245 4317 1304 4370 in
1329 4317 1575 4369 Historia
1597 4311 2102 4389 Ecclesiasticalib.

510 4402 584 4452 X.
600 4412 722 4464 cap.
741 4383 840 4448 VI:
858 4393 1104 4464 eundem
1131 4401 1340 4456 magno
1351 4389 1430 4464 illi
1454 4383 2104 4464 conventuiinteri’uisse

511 4485 613 4538 pro
637 4455 792 4523 certo
813 4464 1018 4538 habuit
1038 4463 1099 4538 in
1123 4474 1230 4514 sua
1239 4455 1581 4538 praefatione
1603 4457 1856 4538 adficta
1876 4455 2105 4538 tioneiIii

512 4525 729 4596 Niciam
750 4537 904 4605 apud
925 4535 1227 4605 Labbeurn
1431 4532 1631 4605 I._pag.
1672 4526 1792 4605 114.
1827 4525 2002 4605 A_tqui
2037 4537 2104 4578 eo

511 4598 1011 4679 tempora-nempe
1027 4608 1095 4659 Α.
1115 4607 1187 4679 _D.
1205 4601 1326 4679 325i.
1347 4601 1605 4679 nondum
1617 4602 1815 4679 natum
1842 4598 2106 4679 tiu/inuiti

510 4669 810 4739 adnotavit
825 4669 1039 4733 Natalis
1063 4675 1386 4732 Alexander
1412 4673 1471 4724 in
1489 4670 1720 4724 saeculo.
1742 4670 1834 4720 ιν.
1867 4669 2101 4720 Dissert.

513 4759 661 4810 XIII.
691 4752 944 4807 conclus.
975 4752 1041 4802 II.
1073 4750 1267 4810 Longe
1297 4744 1460 4797 aliter
1492 4742 1748 4794 sentiens
1777 4739 2106 4810 Blondellus

513 4809 583 4881 de
607 4827 859 4879 Primatu
888 4833 1016 4887 pag.
1049 4817 1172 4874 881.
1197 4809 1393 4880 Ruﬁni
1428 4817 1617 4887 ortum
1653 4809 1892 4887 illigaxit
1928 4811 1994 4861 A.
2033 4811 2098 4861 D.

513 4898 636 4956 345.
655 4897 754 4962 qui
774 4881 927 4949 fuita
949 4881 1196 4944 Concilio
1218 4884 1772 4962 meane-vicesimus.
1785 4881 1962 4962 .Hanc
1995 4888 2100 4962 ego

510 4952 784 5024 filondelli
801 4963 1144 5020 sententiam
1167 4957 1327 5012 nullo
1349 4953 1652 5018 antiquiori
1667 4952 1993 5024 testimonio
2017 4953 2103 5004 Ilr-

509 5023 726 5094 metam
752 5036 908 5092 haud
939 5045 1178 5106 propere
1207 5026 1534 5106 amplector.
1573 5025 1718 5075 Nam
1749 5023 1821 5106 de
1863 5035 2016 5106 anno
2047 5027 2104 5075 et

511 5111 777 5176 Consule,
802 5121 917 5175 quo
936 5095 1111 5178 natus
1141 5102 1392 5178 Ruﬁnus,
1420 5107 1713 5178 nusquam
1735 5095 1948 5178 aliquid
1977 5107 2106 5178 p30-

510 5185 696 5239 ditum
732 5167 842 5246 est;
867 5180 1008 5232 adeo
1030 5177 1285 5248 virorum
1303 5169 1610 5248 illustrium
1645 5167 1879 5248 perinde
1906 5179 1973 5218 ac
1993 5167 2106 5248 ilu-

509 5257 734 5310 minum
782 5243 945 5306 ortus
984 5243 1214 5301 obscuri
1259 5245 1412 5302 sunt,
1447 5251 1784 5310 progressus
1818 5243 1874 5289 et
1916 5243 2104 5310 exitus

511 5308 822 5392 conspicui.
855 5326 984 5376 Non
1007 5319 1106 5392 diu
1129 5320 1322 5392 tamen
1345 5325 1380 5364 θ,
1401 5309 1646 5392 Concilio
1676 5310 1906 5392 Nicmno
1933 5309 1993 5360 in
2017 5308 2104 5392 lii-

510 5381 637 5455 cem
658 5381 904 5460 editum,
937 5386 1162 5460 probari
1193 5381 1332 5450 puto
1355 5395 1448 5460 ex
1489 5381 1819 5460 Hieronymi
1851 5381 1995 5432 libro
2032 5382 2098 5460 II.

510 5454 803 5539 Apologiee
825 5454 901 5519 Α.
918 5454 985 5516 15.
1004 5454 1631 5539 400._conscriptaa,.
1645 5454 1910 5539 litt/5'?th
1935 5456 2104 5539 νοοξιι

508 5524 686 5596 iam
693 5524 755 5594 Et
768 5550 990 5598 canum,
1005 5529 1369 5592 eundemque
1387 5525 1681 5598 sugillans,
1697 5524 1850 5598 quod
1857 5529 2102 5598 parentes

511 5595 650 5668 tunc
661 5626 723 5666 se
737 5595 1006 5664 invisisse
1019 5602 1264 5655 dixisset
1282 5616 1293 5649 :
1313 5613 1462 5663 quos,
1485 5597 1688 5676 inquit,
1705 5597 1931 5676 viventes
1945 5595 2102 5676 juve-

507 5667 602 5737 ei.
639 5679 939 5744 dereliquit,
974 5679 1211 5725 mortuos
1254 5681 1447 5724 suum
1470 5669 1752 5718 desiderat.
1789 5667 1905 5744 Sub
1942 5667 2102 5717 initio

507 5755 637 5808 libri
646 5755 741 5806 III.
759 5737 1021 5814 Ruﬁnum
1034 5746 1171 5800 dicit
1185 5751 1667 5814 VBTUSTISSIMUhi
1681 5737 2098 5814 monachorum.

507 5805 751 5881 Eli—bieit
774 5839 790 5874 :
811 5805 874 5874 de
893 5835 1011 5874 sene
1032 5829 1226 5873 SENEx
1242 5821 1395 5870 tanta
1415 5811 1694 5877 conﬁngis.
1713 5810 1936 5862 Rursus
1950 5805 2104 5873 pall-

2121 4858 2174 4932 B

2200 3743 2432 3801 veniam,
2459 3741 2603 3805 quod
2626 3742 2948 3806 Apologiam
2985 3741 3246 3790 librorum
3284 3741 3419 3805 Ejus
3456 3741 3800 3807 (Origenis)

2201 3823 2360 3866 CANO
2383 3813 2660 3877 scripseris
2682 3814 2868 3878 capite.
2894 3815 3058 3864 Anne
3078 3813 3203 3864 hmo
3227 3812 3298 3864 de
3329 3813 3525 3875 Ruﬁno
3552 3825 3804 3879 sexage-

2199 3884 2362 3936 nario
2385 3883 2497 3934 dici
2515 3883 2840 3946 potuissent
2861 3887 2888 3934 ?
2911 3885 3177 3935 Fortasse
3202 3888 3341 3934 tunc
3377 3883 3548 3935 fuerit
3579 3897 3802 3948 magno

2199 3959 2362 4019 natu,
2379 3955 2436 4006 et
2450 3954 2654 4006 saltem
2672 3955 3163 4018 septuagenarius,
3177 3955 3362 4018 qualis
3373 3958 3495 4006 erat
3505 3955 3799 4020 Hierony-

2199 4039 2352 4078 mus.
2393 4026 2520 4078 Non
2554 4030 2643 4077 est
2679 4025 2979 4090 silendum,
3021 4025 3175 4089 quod
3217 4026 3278 4076 in
3304 4026 3553 4077 nominis
3603 4027 3800 4090 Ruﬁni

2203 4097 2483 4162 scriptura
2505 4097 2732 4148 notavit
2761 4099 2968 4162 Caspar
2997 4097 3260 4146 Barthius
3295 4096 3368 4148 ad
3415 4096 3801 4151 Claudianum

2201 4181 2330 4232 pag.
2361 4165 2516 4221 1073.
2557 4167 2674 4218 edit
2702 4168 2770 4218 II.
2799 4167 2974 4231 inque
3003 4167 3358 4220 Adversariis
3377 4167 3482 4220 lib.
3502 4169 3641 4220 LIII.
3669 4182 3800 4235 cap.

2203 4241 2270 4290 II.
2285 4237 2528 4302 simplici
2539 4237 2700 4290 litera
2710 4239 2770 4288 F.
2783 4239 2844 4290 in
2856 4239 3225 4290 universibus
3242 4239 3532 4291 codicibus
3544 4241 3799 4304 reperiri.

2204 4310 2483 4374 Loquitur
2526 4309 2789 4359 Barthius
2820 4310 2890 4362 de
2935 4311 3132 4373 Ruﬁno
3186 4311 3456 4374 praefecto
3505 4313 3800 4376 praetorio,

2204 4393 2379 4444 quem
2395 4381 2739 4432 Claudianus
2753 4382 3009 4446 exagitat
3023 4398 3040 4443 ;
3059 4381 3161 4434 sed
3176 4382 3302 4434 haec
3326 4383 3606 4446 scriptura
3618 4385 3803 4435 omni-

2204 4454 2316 4505 bus
2337 4453 2552 4515 Rufinis
2572 4454 2854 4517 congruit.
2881 4456 3062 4516 Quare
3087 4467 3185 4506 eos
3209 4453 3399 4518 inepte
3424 4456 3600 4506 facere
3613 4461 3802 4518 putat,

2205 4523 2304 4588 qui
2324 4523 2381 4575 id
2395 4525 2736 4576 elementum
2750 4525 3062 4589 geminant,
3077 4538 3256 4590 quum
3268 4525 3392 4590 ipsa
3404 4526 3448 4589 ej
3457 4538 3528 4576 us
3543 4526 3804 4578 nominis

2205 4595 2598 4660 pronunciatio
2618 4595 2772 4648 aliud
2788 4596 2932 4648 nihil
2958 4597 3101 4649 ferat
3119 4609 3132 4645 :
3159 4609 3345 4660 neque
3365 4595 3525 4648 facile
3537 4596 3803 4661 alioquin

2204 4663 2427 4719 literam
2446 4668 2506 4718 F.
2541 4667 2725 4718 Latini
2747 4667 2808 4718 in
2832 4667 3040 4719 talibus
3065 4667 3378 4731 geminant,
3401 4680 3509 4720 nec
3544 4668 3800 4731 profecto

2204 4738 2266 4790 in
2287 4737 2710 4800 antiquissimis
2731 4739 2922 4800 Ruﬁni
2953 4737 3136 4790 nostri
3162 4737 3804 4802 codicibusgeminasse

2203 4813 2544 4862 noscuntur.
2583 4809 2709 4860 Huc
2742 4809 2877 4861 facit
2915 4809 3170 4874 adprime
3213 4809 3366 4873 qu‘od
3409 4810 3582 4861 etiam
3615 4811 3804 4863 Grseci

2204 4892 2380 4932 unam
2391 4881 2614 4932 tantum
2627 4879 2830 4932 duram
2842 4879 3064 4932 lileram
3076 4879 3208 4931 huic
3219 4879 3433 4932 nomini
3444 4879 3516 4931 ad
3522 4880 3799 4944 scribant,

2204 4963 2449 5015 quorum
2463 4951 2702 5003 ductum
2721 4963 2838 5004 non
2855 4951 2979 5004 sine
3001 4951 3220 5002 ratione
3243 4951 3302 5002 in
3328 4951 3608 5003 similibus
3632 4951 3798 5004 latini

2203 5021 2760 5088 sequuntur.ApudE
2767 5022 3072 5075 zechielem
3087 5021 3490 5086 Spanhemium
3501 5021 3559 5074 in
3569 5022 3800 5076 Dissert

2203 5094 2300 5144 IX.
2318 5093 2390 5146 de
2419 5093 2754 5146 Praestantia
2772 5097 2949 5145 etusu
2968 5093 3390 5144 numismatum
3415 5094 3569 5145 tomo
3593 5094 3636 5156 Ι,
3661 5106 3794 5158 pag.

2203 5162 2324 5218 712.
2359 5166 2416 5216 et
2449 5162 2569 5218 713.
2607 5164 2872 5216 editionis
2905 5175 3134 5227 magnae
3167 5163 3227 5214 in
3265 5163 3521 5215 nummis
3577 5165 3799 5216 Graecis

2205 5236 2480 5300 scriptum
2504 5235 2748 5288 occurrit
2780 5239 3118 5289 ΡΟΥΦΙΝΟΥ.
3157 5235 3320 5287 Hanc
3343 5235 3586 5288 eandem
3623 5248 3798 5300 porro

2203 5307 2539 5372 scripturam
2555 5321 2626 5360 ex
2647 5307 2835 5368 Ruﬁni
2868 5306 3064 5358 codice
3092 5307 3490 5358 vetustissimo
3528 5307 3599 5358 de
3623 5307 3797 5357 Bene-

2202 5377 2524 5427 dictionibus
2540 5377 2996 5428 Patriarcharum
3011 5377 3314 5429 confirmat
3338 5379 3538 5430 Petrus
3561 5378 3801 5430 Lambe-

2202 5449 2325 5501 cius
2341 5449 2402 5500 in
2414 5448 2762 5500 Bibliotheca
2779 5451 3038 5500 Caesarea
3059 5453 3216 5500 tomo
3240 5451 3307 5500 II.
3327 5461 3438 5512 pag
3470 5447 3594 5503 800.
3618 5447 3798 5512 idque

2201 5521 2444 5587 exMSS.
2475 5519 2635 5572 libris
2652 5519 2985 5586 comprobat
3007 5521 3178 5572 etiam
3208 5519 3500 5584 Philippus
3522 5519 3797 5573 Labbeus

2200 5591 2259 5643 in
2274 5590 2428 5644 notis
2448 5589 2522 5643 ad
2544 5589 2872 5642 Bellarmini
2895 5590 3229 5655 Catalogum
3253 5595 3410 5642 tomo
3430 5591 3499 5642 II.
3523 5601 3653 5654 pag.
3666 5588 3792 5648 307.

2200 5663 2340 5715 Hac
2363 5665 2632 5714 evertunt
2661 5661 3002 5714 sententiam
3037 5661 3269 5714 Arualdi
3297 5661 3528 5714 Pontaci
3553 5661 3614 5713 in
3637 5663 3797 5714 notis

2199 5733 2272 5785 ad
2295 5731 2524 5784 Eusebii
2552 5731 2868 5784 Chronicon
2887 5744 3016 5798 pag.
3041 5731 3162 5786 749.
3190 5732 3292 5784 ubi
3321 5732 3611 5796 Ruf/iitum
3656 5745 3796 5785 cum

2199 5803 2427 5870 gemino
2455 5804 2514 5856 F.
2539 5803 2907 5858 scribendum
2926 5803 3235 5859 contendit.
3254 5802 3596 5858 Consulatur
3608 5802 3794 5858 Index
