3902 6406
150 422 210 478 77
1416 419 1610 476 VITA.
1645 419 1738 475 LII

1837 422 1858 472 ξ.
1895 421 2047 474 CAP.
2084 422 2124 472 Ῑ.
3355 415 3424 472 78

149 535 503 612 mundanus
535 533 742 612 xxru.
777 539 835 612 et
867 533 1620 612 Christophpruspellarius
1659 537 1720 589 in
1748 537 1803 612 Α
1829 534 1943 612 t_ol_a
1957 532 2168 612 I._ali_as
2183 523 2408 612 Xylin
2429 544 2545 612 qua
2561 531 2642 612 ait
2655 533 2765 586 sibi
2799 531 3146 612 amonacho
3171 529 3428 612 Alexan-

146 606 572 672 Orthographia,
609 605 711 658 ubi
737 605 910 659 unica
951 604 1114 658 litera
1155 607 1196 658 F
1227 619 1300 660 ex
1327 606 1615 673 lapididus
1662 614 1720 662 et
1748 603 1803 612 ”
1827 605 2063 659 drinoin
2079 603 3424 671 Syriazlatebrisdelilescentinunciatumfuisse,

144 677 382 732 nummis
406 677 739 730 adstruitur.

1822 679 2086 742 Rufinum
2115 679 2377 729 nostrum
2404 677 2626 742 zEgypti
2650 683 2845 726 secreta
2860 681 3214 742 penetrasse,
3241 687 3427 741 quum

198 751 258 801 II.
274 749 550 810 Quoniam
570 748 640 800 de
656 748 836 812 patria
858 747 1048 811 Ruﬁni
1064 759 1183 800 non
1199 761 1318 802 una
1331 741 1727 802 circumfei'tur
1823 753 2020 802 tamen
2049 748 2200 800 idem
2227 741 2558 800 monachus
2568 741 2989 800 Alexandrinus
3022 747 3135 811 ejus
3160 759 3426 800 PATRIAM

147 819 432 884 sententia,
444 831 548 884 ego
559 819 729 884 certis
745 819 1091 884 Scriptorum
1105 825 1365 884 veterum
1381 821 1726 874 testimoniis
1825 821 2099 884 ignoraret
2120 826 2165 869 et
2188 831 2401 872 NOMEN
2427 835 2439 871 :
2463 833 2596 884 qum
2619 832 2758 872 sane
2780 832 2898 872 non
2912 821 3226 884 ignorasset,
3251 819 3299 871 si
3321 820 3429 870 Ru-

147 881 543 956 eamindicab'o,
556 881 712 956 unde
726 881 894 956 secus
906 883 1319 956 aftlrmantium
1332 884 1486 936 dicta
1496 886 1726 949 penitus
1823 881 1969 955 ﬁnus
1992 891 2132 944 item
2155 891 2363 944 fuisset
2384 881 2810 942 Alea-andrinus.
2829 881 3070 955 Nomen,
3087 881 3243 954 quod
3267 890 3430 956 igno-

145 953 534 1007 convellentur.
561 955 774 1005 Natum
803 953 861 1005 in
889 954 1052 1018 opido
1081 955 1581 1020 agriAquilejensis
1609 968 1730 1022 pro-

146 1027 221 1078 dit
243 1025 560 1078 Heraclides
584 1025 645 1077 in
677 1025 961 1086 Paradiso,
989 1037 1121 1088 qua:
1145 1031 1234 1078 est
1257 1032 1424 1080 vetus
1453 1027 1732 1092 interpre-

148 1097 270 1150 tatio
287 1096 550 1148 Historia;
573 1096 867 1150 Lausiacte
897 1095 1158 1158 Palladii,
1182 1103 1248 1150 ut
1279 1097 1460 1150 critici
1496 1103 1726 1150 norunt.

145 1169 374 1222 Ibienim
391 1180 514 1232 cap.
529 1168 791 1220 XXXIII.
811 1167 937 1221 hac
953 1169 1024 1220 de
1045 1169 1282 1222 Melania
1297 1170 1596 1233 leguntur:
1617 1174 1732 1220 erat

147 1254 254 1290 cum
270 1255 331 1289 ea
349 1241 583 1302 Ruﬁnus
611 1240 843 1304 quidam
856 1240 1099 1300 nomine,
1129 1241 1261 1290 civis
1275 1242 1442 1291 Italus
1463 1257 1530 1292 ea:
1555 1242 1734 1306 Aqui-

145 1311 310 1376 lejensi
323 1311 500 1377 opido.
528 1313 653 1364 Hoc
678 1311 907 1362 ludibrii
933 1324 1069 1376 ergo
1092 1312 1480 1378 Hieronymus
1503 1313 1565 1365 in
1581 1315 1734 1378 Apo-

143 1381 280 1448 logia
297 1385 362 1434 ΙΙ.
387 1387 558 1436 vocat
581 1383 902 1447 opidutum:
936 1383 1092 1448 quod
1129 1385 1389 1437 Norisius
1419 1385 1734 1438 Cardinalis

144 1455 197 1507 in
217 1454 458 1507 Historia
474 1454 777 1518 Pelegiana
790 1453 887 1505 lib.
911 1455 950 1506 Ι.
983 1467 1104 1520 cap.
1123 1456 1192 1506 II.
1219 1455 1630 1522 interpretatus
1645 1459 1735 1510 est

144 1541 348 1590 pagum,
375 1525 498 1579 sive
523 1539 624 1577 rus
646 1530 703 1578 et
728 1541 966 1590 parvum
991 1531 1228 1575 castrum
1251 1543 1266 1576 :
1288 1529 1502 1590 quibus
1540 1533 1736 1580 tamen

142 1597 454 1650 nominibus
483 1609 578 1649 res
602 1595 863 1649 diversas
888 1595 1196 1660 signiﬁcari
1221 1599 1343 1662 jam
1379 1599 1602 1663 pridem
1628 1598 1734 1652 viri

145 1667 282 1721 docti
303 1669 698 1721 observarunt.
719 1669 865 1720 Sane
883 1667 1108 1732 cpidum
1136 1681 1238 1733 pro
1260 1670 1470 1720 civitate
1499 1683 1617 1724 non
1640 1684 1738 1725 so-

142 1738 250 1791 lum
264 1740 479 1803 antiqui
498 1739 818 1804 Scriptores
835 1739 1055 1802 Livius,
1081 1739 1299 1792 Plinius
1331 1745 1388 1793 et
1423 1743 1596 1806 Mela;
1633 1743 1734 1795 sed

144 1810 300 1863 etiam
316 1810 527 1863 sazculo
559 1811 777 1874 quinto,
807 1810 882 1862 ad
911 1813 1078 1876 cujus
1102 1811 1329 1864 initium
1353 1813 1582 1876 Ruﬁnus
1603 1827 1733 1878 per-

145 1883 306 1942 venit,
323 1881 609 1940 Sidonius,
627 1885 686 1935 et
700 1881 1030 1947 Eugippius,
1045 1882 1546 1937 indiscriminatim
1571 1898 1736 1938 usuro

146 1958 366 2018 parunt;
391 1965 529 2006 nam
553 1953 763 2006 civitas
779 1958 1182 2020 Arvernorum,
1211 1955 1438 2020 opidum
1465 1955 1618 2010 dicta
1644 1962 1736 2010 est

146 2037 178 2077 a.
194 2023 407 2076 Sidonio
426 2024 523 2076 lib.
541 2025 638 2076 III.
664 2037 750 2090 ep.
772 2025 865 2076 IV.
888 2028 946 2077 et
965 2023 1141 2089 hujus
1165 2027 1408 2090 aequalis
1427 2027 1735 2093 Eugippius

147 2097 201 2149 in
221 2097 333 2150 vita
351 2096 609 2150 Severini
631 2096 966 2149 Noricorum
991 2097 1266 2162 Apostoli,
1283 2099 1526 2152 urbibus
1548 2099 1736 2164 lisque

147 2167 484 2234 insignibus,
499 2171 644 2234 puta
657 2169 929 2218 Laureaco
945 2173 1004 2222 et
1025 2169 1265 2220 Patavize
1283 2171 1342 2222 id
1369 2172 1620 2224 nominis
1635 2172 1736 2226 tri-

149 2240 274 2292 buit.
313 2241 488 2293 Natus
519 2239 630 2292 fuit
645 2252 781 2305 ergo
796 2241 1030 2304 Ruﬁnus
1047 2241 1122 2293 in
1155 2243 1316 2306 opido
1344 2242 1494 2295 circa
1516 2243 1740 2308 Aquile-

143 2309 248 2374 jam
269 2309 447 2374 :quod
463 2310 563 2362 his
587 2311 781 2364 verbis
801 2311 1105 2364 conﬁrmat
1124 2312 1515 2378 Hieronymus
1537 2313 1633 2365 lib.
1665 2315 1732 2366 II.

147 2381 420 2448 Apologia:
446 2385 490 2434 Ι.
522 2383 746 2435 PATRIA
762 2383 1026 2444 derelicta,
1045 2383 1305 2450 Aquilejm
1330 2384 1554 2436 habitat.
1581 2387 1646 2438 In
1661 2389 1736 2437 A-

149 2453 356 2526 pologia
379 2457 446 2516 II,
469 2467 614 2526 eum
638 2453 943 2526 sugillans,
958 2454 1124 2526 quasi
1147 2457 1388 2526 Romam
1400 2457 1474 2526 ab
1497 2459 1738 2509 Anasta-

151 2517 226 2583 s_io
244 2517 388 2581 Papa
407 2517 770 2583 vocatus_,_ire
787 2517 1074 2570 noluisset
1091 2535 1102 2566 :
1117 2519 1215 2583 qui
1230 2519 1432 2583 inquit,
1457 2527 1737 2583 rogantem

150 2579 445 2642 Romam,ut
460 2595 586 2630 eam
623 2579 921 2630 illustrarcs
946 2579 1233 2646 praesentia
1260 2579 1372 2643 tua,
1399 2579 1736 2634 OPInULItui

149 2665 314 2701 amore
323 2651 681 2701 contemseris.
701 2653 1044 2715 Quanquam
1060 2663 1194 2704 vero
1218 2665 1253 2704 a
1267 2652 1515 2706 Palladio
1529 2653 1591 2706 in
1610 2653 1737 2706 His-

152 2721 577 2790 toriagLausiaca
594 2733 714 2787 cap.
736 2733 947 2776 cxvnr.
971 2723 1178 2776 dicitur
1199 2729 1427 2790 Ρουφῖνος
1443 2726 1470 2777 ὁ
1493 2722 1594 2778 ἀπὸ
1611 2731 1738 2780 Ἰτα-

149 2793 240 2851 lia:
269 2788 315 2854 ἐξ
341 2795 604 2857 Ἀκυληίας
632 2799 715 2856 τῆς
747 2794 961 2859 πόλεως,
995 2795 1235 2859 Rufinus
1265 2788 1331 2846 ab
1365 2797 1542 2861 Italia,
1569 2813 1635 2848 em
1665 2799 1739 2847 ci-

152 2866 292 2915 vitale
315 2865 594 2932 Aquilejte,
608 2870 665 2918 et
687 2877 720 2918 a
741 2865 1036 2919 Gennadio
1053 2867 1114 2919 in
1139 2867 1405 2933 Catalogo
1421 2881 1540 2934 cap.
1560 2870 1738 2920 XVII.

153 2937 485 3003 Aquilejensis
507 2937 797 3003 presbyter,
822 2938 932 2990 hoc
955 2951 1074 2990 non
1088 2939 1148 2990 in
1176 2939 1303 3004 ipsa
1323 2941 1464 2993 urbe
1487 2941 1739 3005 Aquileja

152 3010 359 3074 natum,
384 3009 484 3062 sed
506 3010 572 3061 in
593 3009 944 3063 monasterio
969 3009 1294 3076 educatum,
1317 3016 1375 3064 et
1401 3012 1464 3064 in
1488 3013 1740 3065 Ecclesia

157 3079 396 3142 tinctum,
418 3093 532 3136 nec
555 3083 747 3132 tamen
762 3080 838 3132 ibi
869 3081 1216 3144 ordinatum,
1241 3082 1488 3146 denique
1511 3085 1584 3135 ob
1601 3083 1740 3136 vici-

156 3151 315 3204 nioris
357 3153 520 3205 urbis
557 3151 944 3205 celebritatem
972 3153 1054 3205 ita
1085 3153 1326 3218 dictum,
1358 3155 1737 3220 signiﬁcabat,

157 3223 490 3288 patriamque
531 3223 761 3276 demum
797 3223 876 3275 illi
918 3225 1100 3277 fuisse
1137 3225 1199 3278 in
1227 3241 1360 3290 agro
1386 3227 1736 3292 Aquilejensi.

1757 1915 1810 1990 Β

1827 965 1942 1022 bat,
1955 975 2182 1027 quoque
2197 964 2356 1025 Ruﬁn
2368 978 2427 1010 us
2443 963 2515 1014 ab
2527 963 2652 1014 aliis
2669 962 2892 1014 Rufinis
2914 963 3110 1026 postea
3123 963 3429 1014 nominan-

1827 1035 1916 1086 dis
1932 1035 2414 1098 distinguebatur,
2440 1039 2563 1086 erat
2583 1034 2910 1097 Tyrannius,
2925 1039 2990 1086 ut
3014 1033 3214 1086 statim
3231 1038 3428 1086 osten-

1828 1107 1979 1158 dam.
2001 1105 2264 1158 Gelasius
2290 1105 2606 1170 Cyzicenus
2628 1105 2689 1158 in
2721 1105 3057 1170 praefatione
3075 1104 3148 1158 ad
3169 1108 3314 1158 Acta
3329 1105 3430 1156 Ni-

1829 1190 2010 1231 caanas
2041 1177 2270 1242 Synodi,
2301 1177 2458 1230 hunc
2478 1177 2725 1230 eundem
2747 1178 3014 1240 Ruﬁnum
3032 1180 3297 1228 nostrum
3313 1178 3422 1228 Ro-

1829 1264 2060 1298 manum
2077 1249 2239 1308 dixit,
2265 1261 2378 1314 quo
2401 1249 2655 1313 nomine,
2672 1249 2865 1312 utjam
2881 1247 3060 1311 tetigi,
3075 1248 3332 1297 Latinum
3344 1248 3428 1300 in-

1832 1321 2080 1386 telligere
2104 1320 2302 1373 voluit.
2333 1321 2474 1383 Quia
2497 1326 2692 1373 tamen
2713 1321 2787 1372 ab
2803 1319 3006 1372 multis
3026 1323 3177 1372 retro
3194 1319 3427 1372 saeculis

1831 1391 2188 1446 consuetudo
2204 1393 2471 1455 obtinuit,
2498 1397 2564 1444 ut
2583 1393 2816 1454 Ruﬁnus
2831 1391 3190 1456 Aquilejensis
3212 1391 3432 1444 dicere-

1832 1469 1944 1528 tur,
1978 1477 2086 1516 nos
2123 1476 2351 1528 quoque
2388 1463 2590 1516 eodem
2619 1461 2896 1516 vocabulo
2925 1467 3174 1524 utemur,
3198 1463 3432 1526 Ruﬁnus

1829 1548 1968 1588 vero
1984 1535 2168 1599 potuit
2191 1536 2363 1588 etiam
2383 1535 2566 1588 fuisse
2589 1535 2722 1584 civis
2748 1533 3109 1598 Aquilejensis
3137 1533 3430 1598 quomodo

1831 1608 1920 1659 Jo.
1943 1607 2180 1659 Jonsius
2201 1605 2261 1658 in
2284 1607 2429 1659 libro
2449 1605 2520 1658 de
2543 1605 2928 1671 Scriptoribus
2946 1605 3216 1657 Historia:
3243 1603 3430 1670 philo-

1834 1677 2088 1742 sophicas
2107 1691 2228 1742 cap.
2253 1679 2321 1729 ΙΙ.
2343 1681 2400 1728 et
2427 1678 2554 1728 XX.
2582 1676 2782 1728 multis
2805 1677 3010 1742 probat
3029 1675 3325 1740 exemplis,
3345 1674 3431 1728 vi-

1831 1762 1928 1801 ros
1952 1749 2152 1802 doctos
2172 1749 2407 1802 honoris
2423 1761 2633 1801 caussa
2653 1747 2714 1800 in
2731 1748 2946 1800 multas
2963 1747 3228 1800 civitates
3247 1758 3433 1811 saepe-

1831 1833 2070 1872 numero
2089 1820 2357 1872 adscilos.
2373 1821 2719 1872 Consulatur
2732 1816 2958 1872 Gabriel
2973 1817 3263 1871 Naudeeus
3279 1829 3433 1870 nanc

1833 1896 1952 1935 rem
1977 1883 2278 1948 diligenter
2296 1879 2650 1948 pertractans
2669 1883 2728 1934 in
2757 1881 3002 1944 Judicio,
3023 1881 3095 1933 de
3115 1879 3430 1946 Augustini

1833 1954 2004 2020 Niphi
2017 1954 2326 2019 opusculis.
2358 1955 2486 2007 Huc
2507 1966 2644 2007 sane
2663 1953 2799 2005 facit
2819 1953 3014 2006 Cicero
3041 1952 3103 2005 in
3134 1951 3232 2004 lib.
3257 1953 3325 2003 II.
3361 1950 3434 2003 de

1835 2025 2124 2090 Legibus:
2159 2025 2290 2091 Ego,
2314 2025 2522 2090 inquit,
2560 2023 2855 2075 mehercule
2882 2028 2928 2074 et
2964 2023 3046 2073 illi
3085 2021 3354 2086 (Catoni)
3387 2025 3433 2071 et

1834 2095 2082 2147 omnibus
2095 2097 2464 2162 municipibus
2487 2109 2640 2150 DUAS
2653 2110 2757 2146 esse
2771 2110 2950 2145 censeo
2969 2106 3236 2158 PATRIAS;
3257 2107 3434 2143 unam

1834 2173 2064 2230 naturae,
2088 2169 2316 2218 alteram
2351 2168 2600 2230 civitatis,
2631 2172 2691 2217 ut
2733 2167 2821 2216 ille
2852 2167 2866 2231 (
2891 2167 3058 2230 Cato)
3091 2179 3264 2230 quum
3309 2168 3434 2214 esset

1841 2240 2053 2290 Tusculi
2082 2245 2244 2290 natus
2283 2240 2337 2290 in
2370 2239 2564 2306 populi
2603 2239 2838 2290 Romani
2867 2237 3132 2289 civitatem
3165 2240 3433 2300 susceptus

1835 2318 1946 2374 cst;
1981 2312 2162 2376 itaque
2199 2327 2371 2375 quum
2403 2316 2527 2361 ortu
2565 2307 2898 2361 Tusculanus
2923 2314 3069 2371 esset,
3101 2308 3310 2358 civitate
3332 2309 3432 2358 Ro-

1835 2397 2036 2434 manus
2083 2383 2271 2432 habuit
2311 2383 2540 2433 alteram
2577 2382 2676 2433 loci
2695 2381 2959 2446 patriam,
2999 2379 3230 2431 alteram
3254 2379 3426 2442 juris.

1833 2455 1956 2507 Pari
1973 2467 2042 2506 ex
2054 2465 2263 2506 caussa
2282 2455 2545 2517 Ruﬁnum
2563 2453 2868 2504 Concordiae
2900 2453 3125 2516 natum,
3169 2449 3435 2516 Aquilejse

1837 2531 2032 2578 tamen
2055 2525 2394 2578 Christianis
2411 2525 2690 2589 moribus,
2707 2523 3098 2588 doctrinisque
3115 2523 3430 2588 imbutum,

1835 2603 1894 2652 et
1927 2598 2174 2662 denique
2217 2597 2479 2658 tinctum,
2519 2608 2690 2649 nemo
2741 2595 2916 2648 ferme
2961 2593 3426 2654 Concordiensem,

1837 2681 2036 2721 omnes
2057 2669 2449 2733 Aquilcjensem
2470 2667 2760 2720 dixerunt.
2797 2667 2890 2718 Sic
2919 2678 3040 2718 non
3067 2665 3222 2732 apud
3247 2677 3434 2718 unum

1838 2741 2214 2802 Gennadium,
2239 2739 2341 2792 sed
2355 2741 2416 2791 in
2446 2739 2730 2804 plerisque
2747 2737 3018 2790 omnibus
3041 2736 3232 2800 Ruﬁni
3267 2734 3434 2788 lucu-

1839 2813 2164 2865 brationum
2191 2811 2486 2864 codicibus
2503 2811 2799 2876 reperitur.
2818 2811 2894 2862 At
2908 2813 3147 2862 exortus
3161 2813 3252 2862 est
3267 2807 3436 2860 Lusi-

1838 2889 2105 2936 tanorum
2123 2883 2478 2948 Hagiologus
2490 2882 2771 2948 Georgius
2787 2880 3090 2942 Cardosus,
3101 2879 3201 2944 qui
3222 2883 3360 2932 tom.
3380 2876 3431 2934 3.

1838 2963 1931 3016 die
1951 2977 2050 3015 xx.
2078 2963 2239 3015 Junii
2261 2975 2330 3014 ex
2365 2963 2614 3014 cmnosis
2644 2961 2864 3014 lacunis
2897 2959 3160 3012 Chronici
3183 2957 3436 3010 Pseudo-

1837 3035 2027 3088 dextri
2045 3035 2209 3096 Ruﬁn
2216 3049 2308 3083 um
2322 3034 2506 3099 patria
2520 3033 2862 3086 Lusitanum
2877 3031 3064 3084 facere
3078 3042 3194 3082 non
3211 3041 3435 3092 verere-

1841 3111 1952 3168 tur,
1965 3105 2413 3170 prOptereaquod
2429 3105 2489 3157 in
2503 3104 2598 3156 illa
2611 3101 3046 3156 mendaciorum
3057 3100 3286 3154 ofﬁcina
3303 3101 3432 3152 sub.

1837 3179 1902 3230 A.
1919 3177 1983 3228 D.
1999 3175 2102 3232 448
2113 3177 2162 3241 §.
2179 3177 2231 3230 4.
2243 3175 2835 3240 haecverbalegantur
2849 3189 2860 3224 :
2876 3173 3068 3224 Paullo
3083 3171 3439 3224 Concordien-

1837 3249 1884 3298 si
1899 3249 2157 3298 Lusitano
2172 3247 2353 3298 scribit
2369 3249 2752 3312 Hieronymus.
2768 3249 2960 3310 Quum
2971 3245 3124 3297 enim
3143 3243 3366 3294 Paullus
3376 3247 3436 3296 et

159 3295 526 3385 ﬁgggrgfegtq
537 3296 760 3385 ξρῇίξξιξί
769 3296 1006 3385 ξεξξξιξξξεξ
1022 3297 1408 3385 ageretis;an
1421 3291 1740 3385 Aquileiam
1768 3291 1818 3367 C
1838 3291 2667 3385 iussisseiussisse
2677 3291 3298 3384 ausaausa...
3308 3291 3438 3368 at;

155 3364 397 3432 dixisset,
415 3379 598 3432 quam
619 3369 743 3433 ejus
767 3367 1008 3432 aequalis
1027 3369 1448 3434 Philostorgius
1476 3385 1737 3435 magnam

157 3447 368 3500 vocavit
394 3447 670 3501 Historiae
706 3447 852 3500 Eccl.
885 3447 981 3500 lib.
1011 3448 1135 3500 XII.
1155 3461 1277 3514 cap.
1310 3450 1406 3501 XI.
1438 3451 1738 3512 Quodnam

156 3515 313 3570 fuerit
333 3518 530 3572 islhuc
551 3519 836 3584 opidulum
849 3519 971 3584 jam
1002 3519 1234 3572 tandem
1261 3521 1585 3585 aperiamus
1605 3533 1739 3574 cum

156 3589 378 3644 Doctore
395 3591 654 3645 maximo
673 3591 735 3643 in
751 3591 992 3656 epistola
1019 3593 1111 3645 IV.
1139 3592 1280 3645 alias
1299 3595 1392 3646 VI.
1423 3594 1617 3659 (Nunc
1651 3594 1739 3660 V,)

154 3661 217 3712 ad
241 3661 588 3716 Florentium
609 3664 960 3716 monachum
983 3664 1394 3728 Aquilejensem,
1413 3665 1741 3731 Hierosoly-

153 3732 255 3785 mis
279 3739 414 3788 tunc
443 3737 786 3798 morantem,
818 3735 893 3788 ad
923 3749 1095 3800 quem
1117 3736 1190 3789 de
1215 3737 1414 3799 Ruﬁno
1441 3737 1738 3802 loquutus,

153 3803 269 3858 haec
290 3806 360 3860 de
383 3806 704 3872 grandaevo
735 3807 929 3870 Paullo
961 3807 1368 3861 Concordiensi
1403 3809 1736 3874 subjungit:

155 3877 350 3942 scripsit
367 3879 513 3928 mihi
537 3882 582 3927 et
607 3879 836 3942 quidam
873 3891 952 3931 DE
990 3891 1204 3932 PATRIA
1224 3881 1526 3944 supradicti
1547 3879 1741 3942 fratris

154 3947 342 4011 Ruﬁni,
369 3950 599 4000 Paullus
622 3965 803 4014 senex,
825 3950 1146 4001 Tertulliani
1161 3967 1324 4001 suum
1345 3952 1576 4002 codicem
1591 3952 1742 4017 apud

153 4033 265 4069 eum
284 4035 401 4083 esse,
415 4036 579 4086 quem
595 4021 924 4071 vehementer
939 4023 1181 4088 reposcit.
1207 4022 1385 4075 Paulli
1406 4036 1542 4088 ergo
1553 4029 1611 4076 et
1625 4025 1742 4075 Ru-

152 4088 243 4142 ﬁni
253 4093 436 4156 patria
451 4105 573 4145 una
589 4097 728 4146 erat.
758 4093 935 4158 Atqui
947 4095 1192 4158 patriam
1204 4094 1380 4147 Paulli
1400 4095 1642 4146 Concord
1650 4110 1742 4144 am

153 4160 272 4214 facit
285 4165 677 4230 Hieronymus
704 4165 764 4216 in
796 4165 1068 4231 Catalogo
1096 4167 1281 4231 capite
1304 4167 1442 4218 LIII.
1478 4167 1602 4217 Vidi
1647 4182 1740 4230 ego

153 4234 404 4295 quendam
419 4236 680 4286 Paullum
691 4237 1225 4302 CONCORDIE,quod
1235 4239 1638 4292 OPIDUMItaliae
1652 4246 1741 4301 est,

154 4314 358 4370 sensu,
384 4309 484 4373 qui
508 4323 561 4358 se
581 4308 718 4358 beati
735 4309 1008 4374 Cypriani
1023 4310 1148 4374 jam
1171 4309 1398 4374 grandis
1419 4311 1585 4360 aetatis
1597 4317 1744 4361 nota-

151 4374 306 4441 rium,
331 4395 506 4444 quum
529 4381 849 4446 admodum,
873 4387 998 4432 esset
1015 4382 1332 4443 adolescens,
1355 4383 1532 4432 Romae
1554 4383 1744 4433 vidisse

154 4446 346 4519 diceret,
371 4451 675 4515 referreque
695 4452 796 4501 sibi
829 4453 1044 4502 solitum
1069 4468 1360 4518 nunquam
1399 4454 1744 4519 Cyprianum

149 4517 328 4584 absque
357 4521 680 4572 Tertulliani
702 4524 915 4574 lectione
931 4540 1108 4574 unam
1132 4525 1273 4574 diem
1295 4517 1626 4590 praeteriisse.
1647 4525 1734 4578 Ad

151 4591 386 4668 eundem
400 4594 559 4646 hunc
576 4595 853 4668 Paullum,
871 4596 970 4660 qui
984 4597 1254 4646 centenari
1261 4612 1320 4646 us
1331 4597 1740 4648 adolescentiam

153 4662 204 4733 in
215 4662 392 4715 aliena
415 4672 564 4716 aelate
588 4667 958 4728 mentiebatur,
986 4669 1352 4733 Heronymus
1373 4681 1505 4720 cum
1527 4669 1741 4733 Episto-

1839 3393 1924 3444 titi
1951 3393 2220 3456 fuissent,
2242 3393 2471 3456 opipare
2507 3391 2778 3444 credulus
2821 3389 3091 3442 Cardosus
3119 3393 3437 3452 utrumque

1837 3463 2009 3517 etiam
2021 3465 2082 3516 in
2097 3477 2262 3516 suam
2273 3463 2627 3516 Lusitaniam
2640 3463 2782 3515 traxi
2791 3463 3010 3524 t,inqua
3025 3460 3438 3511 Concordienses

1837 3537 2032 3588 nescio
2045 3549 2192 3600 quos
2204 3535 2492 3588 locaverat
2507 3535 2724 3588 Plinius
2735 3535 2834 3586 lib.
2852 3535 2948 3584 IV.
2967 3545 3088 3598 cap.
3103 3533 3284 3584 XXII.
3305 3532 3436 3584 Fes-

1837 3607 2018 3661 tivum
2042 3619 2292 3660 errorem
2313 3607 2552 3660 mirifice
2568 3607 2712 3659 fovit
2723 3607 3072 3658 Franciscus
3096 3603 3362 3656 Blvarius
3376 3602 3438 3655 in

1837 3679 2058 3745 ingenti
2077 3679 2499 3732 Commentario
2521 3679 2594 3732 ad
2629 3681 2906 3731 Dextrum
2934 3675 3096 3728 illum
3129 3675 3440 3729 contictum

1838 3763 1966 3816 pag.
1990 3749 2113 3806 439.
2139 3751 2240 3802 ubi
2257 3763 2392 3816 erga
2405 3763 2516 3804 nos
2531 3749 2800 3811 liberalis,
2818 3748 3080 3799 Paullum
3108 3759 3183 3800 ex
3208 3746 3439 3798 Coum

1840 3823 1934 3872 dia
1960 3823 2276 3872 Lusitanica
2297 3823 2370 3874 ad
2399 3827 2660 3874 nostram
2679 3821 2926 3870 Italicam
2954 3819 3255 3872 transiisse
3282 3830 3440 3870 com-

1839 3899 2077 3946 mentus
2111 3899 2218 3946 est.
2256 3895 2375 3946 Has
2397 3906 2585 3959 nugas
2619 3891 2938 3946 consectari
2967 3903 3084 3943 non
3110 3894 3310 3952 vacat;
3332 3901 3441 3942 nec

1841 3969 1931 4016 est
1948 3977 2136 4029 operae
2161 3965 2426 4029 pretium,
2451 3976 2635 4028 quum
2659 3963 2893 4016 easdem
2917 3963 2975 4014 et
3011 3961 3067 4012 id
3103 3973 3292 4026 genus
3327 3959 3441 4029 alia

1841 4036 2068 4102 egregie
2087 4035 2399 4100 exploserit
2429 4035 2755 4099 Hispanicw
2771 4033 3028 4086 historiae
3051 4034 3126 4084 ab
3155 4031 3440 4096 imposta-

1842 4121 1972 4160 rum
2000 4107 2146 4160 dolis
2171 4107 2404 4160 foedatae
2419 4105 2738 4172 praeclarus
2760 4105 2972 4158 vindex
2989 4103 3250 4153 Nicotaus
3272 4103 3441 4152 Anto-

1842 4182 1970 4230 nius
1993 4181 2052 4232 in
2073 4178 2421 4232 Bibliotheca
2445 4179 2700 4244 Hispana
2737 4176 2915 4230 veteri
2949 4175 3048 4228 lib.
3085 4176 3179 4226 III.
3217 4186 3342 4240 cap.
3369 4175 3437 4224 V.

1843 4253 1896 4318 §.
1923 4249 2045 4307 1‘25.
2064 4254 2134 4305 Et
2148 4256 2344 4304 tamen
2365 4251 2626 4316 Dupinus
2640 4250 2700 4302 in
2719 4253 2876 4301 torno
2890 4248 3056 4302 tertio
3071 4245 3441 4318 Bibliotheca

1843 4325 2091 4379 eundem
2105 4325 2183 4374 Pa
2192 4323 2362 4373 ullum
2376 4339 2412 4373 a
2427 4323 2728 4374 Concordia
2741 4325 2942 4374 nostra
2952 4320 3265 4385 Hispanum
3276 4317 3439 4381 dixit,

1844 4396 2000 4460 quod
2035 4395 2190 4448 unde
2227 4395 2502 4456 hauserit,
2543 4409 2604 4447 se
2644 4395 2906 4460 ignorare
2934 4392 3016 4444 ait
3043 4389 3441 4460 Tlllemontius

1845 4459 2000 4520 torno
2022 4468 2144 4518 XII.
2167 4479 2296 4532 pag.
2325 4466 2410 4521 50.
2428 4466 2636 4518 Hausit
2652 4479 2725 4518 ex
2743 4463 3187 4516 Pseudodextro.
3209 4461 3315 4513 Sed
3330 4459 3441 4512 alio

1843 4539 1982 4590 abiit
1997 4539 2236 4588 Joannes
2270 4539 2440 4588 Feltus
2463 4538 2524 4590 in
2547 4537 2708 4590 notis
2723 4537 2794 4588 ad
2818 4533 3442 4599 Ruﬁniexpositionem

1840 4609 2094 4675 Symboli
2107 4623 2238 4662 cum
2254 4611 2522 4675 operibus
2539 4609 2730 4663 Sancti
2741 4607 3004 4674 Cypriani
3016 4605 3282 4659 editionis
3293 4605 3444 4658 Oxo-

1846 4681 2065 4734 niensis
2087 4698 2097 4729 :
2123 4694 2259 4734 nam
2283 4695 2356 4733 ex
2387 4683 2520 4732 Tora
2544 4681 2668 4734 sive
2697 4681 2894 4740 Thora,
2930 4679 3269 4732 Sabinorum
3301 4677 3443 4730 urbe

151 4729 200 4817 is
318 4737 478 4817 si...
493 4739 655 4817 xxi.
675 4738 834 4817 pr...
864 4717 1744 4817 ea,ss.sanesane,
1769 4717 1825 4790 ι)
2078 4717 2268 4816 sua
2284 4717 3443 4816 seuerissima,asseasse:

153 4803 393 4883 vicissim
411 4809 523 4861 'sibi
535 4809 1188 4883 mittipostulanslibros
1199 4812 1502 4875 quosdam,
1519 4803 1742 4876 hosque

152 4880 1084 4956 interFortunatianiAAquilejensis
1120 4883 1370 4948 episcopi
1399 4883 1741 4934 Com-menta-

153 4950 252 4997 rios
276 4950 332 4998 in
356 4952 675 5016 Evangelia.
693 4954 944 5018 Raphael
968 4955 1273 5008 Fabrettus
1298 4955 1742 5021 Inscriptionum

154 5021 350 5100 (iiiP-AX.
367 5035 528 5100 num.
551 5022 673 5100 63b.
689 5023 840 5100 hanc
859 5039 936 5100 ex
946 5026 1276 5100 pavimento
1285 5026 1476 5079 Sancti
1493 5027 1670 5080 Paulli
1683 5027 1743 5100 in

153 5092 240 5142 via
259 5092 533 5163 Ostiensi,
553 5108 589 5148 a
612 5097 868 5149 Cornelio
886 5098 1202 5163 Margarino
1237 5101 1581 5163 mutuatum,
1613 5099 1743 5151 vul-

153 5162 312 5287 51.8.33,
331 5177 463 5230 qum
479 5167 538 5220 in
573 5167 820 5220 eundem
860 5162 1121 5218 Paullum
1153 5174 1422 5222 nostrum
1456 5162 1742 5236 pertinere

301 5249 383 5287 ur.

301 5249 383 5288 ur.

438 5327 783 5371 HBRAGLIE.
813 5330 1166 5373 RELIGIOSE.
1197 5329 1436 5374 SORORI.

327 5397 576 5440 PAVLYS.
607 5403 664 5441 Δ.
701 5400 1070 5445 CONCORDIA.
1097 5404 1224 5445 XVI.
1259 5405 1396 5446 ΚΑΙ...
1423 5404 1554 5445 FEB.

211 5463 295 5537 III.
319 5468 468 5534 Ergo
485 5469 715 5522 nullum
735 5470 977 5524 dubium
994 5477 1102 5536 est,
1130 5473 1271 5537 quin
1299 5474 1534 5536 Ruﬁnus
1571 5471 1743 5526 domo

155 5531 664 5616 lueritponcordia:
690 5543 844 5616 quod
866 5545 940 5616 ab
968 5543 1062 5616 his
1091 5531 1216 5597 non
1257 5531 1742 5608 animadversum,

159 5609 434 5688 ainaliud
460 5613 663 5688 patulo
689 5613 878 5666 solum
899 5615 979 5667 illi
1012 5617 1409 5682 adsignarunt.
1451 5617 1744 5680 Siquidem

157 5674 441 5757 Ricberius
460 5685 1014 5749 Francogermanus,
1043 5674 1173 5740 sive
1191 5689 1242 5740 is
1269 5689 1480 5740 Gabriel
1497 5674 1741 5739 Cerbero-

160 5751 292 5814 nius,
305 5751 374 5825 in
387 5757 540 5808 notis
558 5757 629 5808 ad
654 5758 895 5809 Marium
920 5760 1294 5813 Mercatorem
1311 5773 1435 5825 pag.
1455 5759 1576 5814 112.
1590 5761 1746 5824 Ruﬁ-

164 5833 284 5897 num
303 5823 734 5881 hunenoslrum
751 5842 886 5882 cum
911 5831 1088 5884 altero
1122 5823 1488 5897 cognomine,
1525 5833 1744 5882 natione

167 5889 308 5968 Sura,
327 5899 702 5964 contundens,
729 5902 912 5964 patria
933 5903 1067 5956 facit
1087 5889 1529 5954 Aleiandrinum
1553 5918 1564 5954 :
1591 5903 1742 5968 quod

167 5964 340 6021 tamen
350 5981 550 6025 cavere
562 5978 804 6039 poterat,
814 5973 1068 6039 inspecta
1080 5977 1249 6030 unica
1259 5976 1594 6040 Hieronymi
1603 5964 1743 6042 epis-

1844 4824 2251 4889 scriptionibus
2275 4824 2569 4888 deceptus,
2594 4825 2652 4876 in
2668 4823 2880 4888 quibus
2904 4823 3201 4888 legebatur
3211 4820 3442 4884 Ruﬁnus

1846 4897 2106 4947 Toranus.
2126 4896 2248 4947 Hoc
2263 4898 2639 4959 postremum,
2657 4909 2730 4948 ex
2744 4897 2870 4960 ipso
2885 4895 3078 4958 Ruﬁni
3093 4891 3443 4960 praenomine

1841 4967 2148 5030 detortum,
2170 4967 2358 5020 Fellus
2397 4967 2660 5032 patriam,
2698 4979 2817 5019 non
2839 4965 3136 5020 hominem
3173 4964 3444 5017 denotare

1842 5039 2084 5092 censuit.
2111 5039 2267 5100 Inde,
2293 5043 2358 5090 ut
2386 5037 2603 5091 assolet
2625 5037 2800 5090 ferme
2825 5037 2886 5090 in
2915 5037 3215 5102 corruptis,
3250 5037 3308 5088 et
3335 5035 3444 5088 alia

1843 5125 2054 5165 vocum
2065 5116 2322 5164 monstra
2337 5109 2686 5176 prodierunt.
2713 5109 3062 5173 Hujusmodi
3078 5113 3216 5160 sunt
3236 5108 3443 5158 Thora-

1843 5199 1964 5244 nus,
1991 5183 2273 5245 Toranius,
2296 5185 2353 5236 et
2377 5183 2652 5234 Thermus.
2672 5181 2757 5234 Ad
2779 5181 2904 5234 haec
2925 5180 3215 5242 Turanius,
3241 5179 3443 5228 Turra-

1843 5257 1988 5320 nius,
2013 5261 2072 5310 et
2101 5255 2430 5318 Tauranius,
2453 5253 2678 5320 singula
2697 5253 2851 5306 enim
2866 5252 2994 5306 hac
3011 5249 3291 5304 vocabula
3305 5261 3442 5302 suos

1842 5331 2106 5381 auctores
2129 5328 2360 5392 habent,
2389 5329 2680 5391 Barreum,
2701 5325 3013 5387 Labbeum,
3041 5325 3307 5384 Caveum,
3335 5321 3443 5372 Du-

1841 5401 2058 5466 pinum,
2085 5400 2474 5452 Rosweidum.
2501 5398 2745 5450 Patriam
2771 5403 2964 5450 tamen
2986 5393 3296 5466 Aquilejam
3330 5392 3441 5444 ibi-

1843 5463 1977 5525 dem
2009 5471 2136 5534 loci,
2171 5471 2270 5523 ubi
2305 5471 2478 5521 Fellus
2512 5471 2788 5520 Toranum
2818 5468 2980 5534 legit,
3024 5465 3220 5518 statim
3252 5463 3442 5528 legere

1843 5548 2083 5610 poterat.
2110 5543 2200 5595 Sic
2237 5543 2392 5594 enim
2425 5547 2647 5606 prostat
2679 5542 2740 5593 in
2775 5537 3282 5610 Recognitionibus
3317 5535 3444 5610 Cie:

1842 5607 2116 5668 inentinis
2139 5616 2333 5678 Ruﬁno
2365 5614 2574 5662 'I'orano
2607 5614 2733 5677 (pro
2762 5611 3069 5677 Tyrannio)
3109 5607 3442 5674 Aquilejensi

1844 5689 2144 5752 interprete.
2181 5689 2327 5751 Ergo
2365 5685 2645 5750 Aquileja,
2685 5697 2803 5737 non
2828 5685 2964 5734 Tora
3003 5681 3193 5735 Itutlni
3238 5681 3438 5747 patria.

1844 5751 2142 5824 Proprium
2172 5763 2232 5812 et
2269 5769 2469 5811 verum
2506 5767 2720 5808 nomen
2751 5755 3001 5809 inferiori
3041 5759 3213 5808 astate
3249 5752 3310 5806 id
3339 5751 3447 5805 fuit

1844 5831 1997 5896 quod
2013 5831 2114 5882 ulli
2121 5847 2286 5889 mum,
2305 5831 2384 5882 ait
2398 5827 2734 5880 Sirmondus
2749 5827 2822 5879 ad
2839 5826 3152 5880 Sidonium.
3174 5826 3444 5889 Rufinum

1844 5915 2046 5954 omnes
2087 5903 2310 5968 proprio
2353 5900 2604 5958 nomine,
2642 5897 3094 5963 appellaverunt.
3143 5898 3292 5960 Ergo
3323 5904 3445 5968 non

1843 5965 2430 6038 Rufinus‘varannius,
2447 5972 2548 6026 sed
2570 5971 2882 6035 Tymnnius
2903 5965 3446 6034 Rufimts,appeilari
