3902 6404
409 353 414 359 ’
471 398 538 454 79
1778 389 2025 444 RUFINI
2058 384 2490 444 PRESBYTER]
3693 395 3765 452 30

469 513 686 576 debuit,
703 510 991 584 quomodo
1001 523 1200 584 reapse
1213 509 1529 584 appellatur
1555 507 1623 584 in_
1631 506 1824 584 libello
1852 507 1924 558 de
1939 505 2054 584 X11.
2080 511 2135 584 Α
2161 506 2487 584 diversisque
2498 507 2714 556 naturis
2730 521 2902 584 unum
2916 515 3218 584 monstrum
3230 523 3529 584 novamque
3540 509 3765 559 bestiam

467 583 846 648 Scriptoribus
875 582 1272 634 ecclesiasticis
1297 580 1511 631 Isidoro
1531 577 1886 630 etlldel‘onso
1916 580 2056 630 sub-
2080 577 2135 584 ““
2161 577 2356 627 diceres
2389 592 2490 626 esse
2511 584 2844 642 compactam
2853 580 3020 642 juxta
3045 579 3182 628 illud
3202 581 3501 644 poeticum:

465 657 653 720 jectus
678 667 797 720 cap.
825 655 1095 734 V..H_u.jus
1127 653 1385 734 lectionis
1416 652 1714 734 veritatem
1757 650 2058 734 confirmat

2219 666 2409 716 Prima
2437 666 2556 728 Leo,
2584 672 2851 730 postrema
2886 668 3066 728 draco,
3100 669 3279 718 media
3319 671 3439 734 ipsa
3478 669 3762 720 chimaera.

469 727 852 790 Hieronymus
883 724 1043 776 initio
1073 723 1272 804 prioris
1296 721 1620 804 Apologia:
1625 721 1985 804 Pammachio
2001 723 2059 773 et

2167 737 2396 788 Ruti'nus
2423 749 2458 787 a
2485 721 2729 788 Palladio
2763 721 3123 801 ειδγενέστατὶλς,
3162 721 3526 789 nobilissimus
3553 739 3766 792 dicitur

469 798 745 875 marcente
762 797 958 875 amicis
973 794 1281 875 ξηεφτὶιηφη
1298 795 1395 845 Ubi
1423 794 1482 875 ίῐξ
1495 794 1684 875 "lini
1702 794 2058 875 ρηξξθξιοηξὶξηξ
2155 819 2278 869 cap.
2297 807 2538 857 CXVIII.
2559 809 2722 858 Anne
2735 794 2841 857 hoc
2857 807 2930 858 ad
2947 794 3153 866 mores,
3169 809 3260 861 vel
3276 811 3468 873 potius
3480 809 3554 861 ad
3571 823 3766 875 genus

469 868 734 946 Italudit:
761 873 804 946 et
831 867 1091 946 ιξεδζξξᾎεῆ
1117 865 1421 946 Ῑζξιέζςεὶτῖιζνξ
1466 864 1638 913 meris
1677 864 1862 924 milia)
1900 863 2058 927 obiici
2155 863 2554 946 referendum?
2577 877 2958 942 Ruﬁnusipse
2977 863 3383 944 Apologiarlun
3400 881 3497 932 lib.
3530 863 3604 932 ΙΙΪ
3617 894 3754 946 pag.

471 940 609 1016 "lilii
631 939 691 1016 in
713 938 894 1016 schola
914 937 1346 1016 fri’RANl‘i‘ICA,
1373 935 1793 1016 “figite-fanum
1819 950 2055 1016 ’ζιεξῼνιινη
2158 945 2276 1001 436.
2302 960 2530 999 morum
2547 935 3004 1010 sanctimoniam,
3027 935 3108 1002 .de
3151 935 3266 1015 qua
3291 935 3681 1016 Hieronymus
3697 935 3766 1004 in

465 1026 531 1060 ex
559 1010 798 1058 inimicis
822 1009 886 1056 ab
904 1009 1038 1073 ipso,
1063 1023 1158 1056 cur
1182 1007 1512 1057 Periarchon
1553 1005 1710 1054 libros
1739 1006 1800 1054 in
1825 1006 2056 1055 latinum
2157 1018 2433 1068 Chronico
2448 1018 2610 1070 illum
2630 1031 2762 1069 cum
2789 1005 3054 1070 ιῖιονεηέίο
3084 1025 3140 1072 ει
3168 1005 3380 1071 ῂοηοεο
3405 1005 3764 1076 ιαυδδνθιιδι,

467 1080 1210 1154 υενιεξαὶνηερὶᾳιθτὶιιωῌθιιδι
1237 1078 1542 1154 insulsum,
1566 1078 1675 1128 nisi
1688 1079 1926 1154 Ruﬁnus
1948 1077 2058 1130 alio
2157 1089 2272 1137 vita:
2305 1099 2710 1139 NOBILITATBM
2745 1090 3008 1154 appellat.
3037 1093 3206 1143 Porro
3240 1093 3531 1142 Corcordia
3564 1093 3766 1143 Ruﬁni

465 1151 1010 1228 n9m1n6_dicebal-ur
1048 1150 1672 1228 Ἱξείνζαηηίιξέςςῖοθρηηθξ
1688 1149 2056 1228 Manlii-93905
2157 1160 2338 1224 patria
2358 1172 2476 1212 non
2491 1160 2596 1212 fuit
2611 1149 2945 1214 Mirand—ulm
2963 1163 3217 1215 vicinum
3247 1164 3481 1228 opidum
3499 1165 3559 1216 in
3583 1164 3768 1215 Emi-

464 1223 534 1274 ad
549 1219 2056 1294 eumIOCUIQtOmOI,“Pati-349-eXlanSCOdiCiDQS.
2156 1219 2248 1294 lia,
2283 1235 2350 1283 ut
2389 1245 2461 1284 ex
2504 1232 2758 1284 nominis
2793 1235 3162 1287 similitudine
3200 1219 3427 1287 censuit
3469 1235 3764 1287 Mat-ianus

470 1294 717 1357 Tyranni
727 1305 827 1358 pro
853 1293 1161 1357 Tyrannica
1176 1291 1425 1343 restituit
1442 1305 1454 1340 :
1473 1291 1681 1342 rectius
1699 1291 1937 1344 fortasse
1963 1292 2059 1356 T3;-

464 1365 673 1424 rannii,
688 1364 820 1415 licet
829 1363 1064 1426 vulgata
1077 1363 1242 1414 lectio
1254 1363 1421 1413 nobis
1434 1361 1702 1412 arrideat:
1733 1361 1794 1412 in
1805 1375 1918 1426 qua
1929 1375 2058 1414 acu-

468 1435 622 1486 leum
646 1434 865 1486 latitare
891 1433 1080 1486 olt‘ecit
1106 1433 1280 1484 etiam
1308 1433 1704 1484 Tillemontius
1740 1437 1894 1484 tomo
1935 1435 2055 1484 XII.

468 1518 594 1570 pag.
614 1503 699 1559 3‘2.
721 1504 1030 1568 Tyrannius
1041 1517 1376 1569 praenomen
1402 1517 1474 1554 ex
1488 1508 1648 1567 parte
1660 1503 1947 1555 adsumsit
1968 1517 2060 1556 se-

467 1577 720 1628 cundum
737 1589 974 1640 morem,
987 1589 1022 1627 a
1037 1575 1336 1628 Sirmondo
1353 1576 1741 1626 observatum.
1769 1577 1894 1626 Non
1905 1577 2060 1627 enim

464 1660 694 1710 nomen,
711 1647 812 1698 sed
828 1659 1158 1711 prmnomen
1173 1647 1370 1709 fuisse,
1388 1659 1495 1697 nos
1507 1645 1673 1696 docet
1695 1645 1984 1698 Sidonius:
1999 1647 2060 1698 in

466 1720 632 1783 cujus
668 1722 858 1770 tamen
887 1719 1136 1784 vulgatis
1163 1719 1456 1770 codicibus
1495 1718 1808 1767 Turannius
1829 1720 2060 1782 Ruﬁnus

469 1790 854 1856 proTyrannio
878 1803 1169 1855 perperam
1191 1790 1398 1855 legitur
1418 1789 1512 1840 lib.
1531 1791 1598 1840 II.
1626 1790 1904 1854 epist.lX.
1923 1793 2061 1843 Gen-

2158 1304 2446 1356 Victorius
2458 1303 2517 1355 in
2533 1305 2666 1355 Vita
2679 1305 3015 1369 Hieronymi
3034 1320 3048 1369 ;
3069 1307 3170 1358 sed
3186 1318 3360 1370 quam
3400 1306 3632 1359 Venetis
3650 1307 3768 1358 Pli-

2158 1375 2306 1437 nius,
2323 1375 2668 1427 Ptolemseus
2680 1375 2876 1426 Carnis
2906 1376 3198 1437 adscribit,
3214 1377 3766 1442 Coloniamquelege

2161 1445 2498 1498 triumvirali
2531 1445 2855 1506 deductam,
2886 1453 2942 1499 et
2970 1447 3030 1498 in
3068 1449 3243 1500 Tribu
3272 1447 3505 1500 Claudia
3540 1448 3764 1500 descri-

2159 1520 2317 1580 ptam
2338 1529 2522 1581 nuper
2536 1517 2788 1569 ostendit
2801 1518 2866 1567 V.
2887 1520 2943 1568 C.
2966 1518 3260 1583 Philippus
3275 1534 3308 1570 a
3324 1520 3502 1571 Turre
3521 1519 3767 1572 Adrien-

2162 1588 2313 1638 sium
2328 1589 2572 1640 antistes
2588 1588 2649 1639 in
2674 1589 3085 1642 Dissertatione
3102 1591 3172 1641 de
3188 1590 3419 1642 Colonia
3449 1592 3762 1642 Porro-Ju-

2158 1658 2322 1710 liensi
2348 1671 2474 1723 pag.
2494 1659 2614 1713 346.
2637 1658 2941 1708 Concordiae
2959 1661 3230 1712 fabricam
3259 1662 3610 1725 sagittariam
3636 1674 3766 1714 me-

2162 1736 2347 1781 morat
2359 1731 2571 1782 Notitia
2587 1731 2830 1794 Imperii.
2845 1731 2997 1782 unde
3014 1733 3092 1783 ibi
3104 1733 3380 1782 decuriam
3395 1749 3550 1783 arma
3559 1738 3763 1782 menta-

2159 1801 2324 1864 riam,
2339 1814 2438 1852 seu
2463 1813 2668 1864 corpus
2689 1801 3033 1854 fabricandis
3050 1803 3278 1867 sagittis
3295 1803 3668 1864 destinatum,
3684 1816 3763 1856 ex

467 1863 540 1914 ιίε
558 1875 772 1951 neres
805 1861 2056 1951 sternuisseinter}:fenerare:
2080 1877 2133 1951 Β
2163 1861 2702 1951 luerat-stamus
2727 1861 3298 1951 ταίξξεβίεείωῑιεεβι
3315 1873 3630 1951 τρθοάρείο
3649 1861 3764 1951 isa-

465 1933 620 1998 quod
630 1933 986 1997 fractum,uti
1000 1936 1107 1995 est,
1135 1933 1398 1997 vulgavit
1428 1931 1728 1984 Adriensis
1743 1933 2058 1998 Episc0pus

463 2005 524 2056 in
543 2003 951 2057 Dissertatione
967 2004 1038 2056 de
1063 2004 1294 2056 Colsnia
1321 2001 1737 2056 Foro-Juliensi
1769 2017 1892 2068 pag.
1932 2005 2056 2060 313.

964 2092 1021 2142 L.
1043 2092 1400 2156 tyraNNlUS.
1423 2093 1483 2142 L.
1511 2091 1572 2142 F.

1150 2190 1442 2242 RUNCHO

998 2281 1125 2332 ῙΙΙΙΙ
1158 2281 1302 2332 VIR.
1343 2283 1407 2332 D.

467 2372 664 2424 Cetera
687 2368 980 2428 vocabula,
1005 2369 1216 2432 quibus
1249 2369 1322 2420 ab
1346 2369 1692 2434 Hieronymo
1716 2369 1946 2432 Ruﬁnus
1973 2381 2062 2422 se-

466 2442 576 2494 mel
588 2445 762 2506 atque
777 2441 980 2492 iterum
998 2442 1246 2504 notatur,
1261 2442 1350 2504 cuj
1362 2441 1588 2492 usmodi
1601 2445 1739 2492 sunt
1753 2441 2058 2503 Grunnius,

471 2512 802 2576 Calpurnius
814 2511 1103 2573 Lanarius,
1121 2517 1178 2562 et
1195 2511 1466 2576 Scorpius,
1485 2511 1714 2563 aliunde
1731 2512 2024 2564 ﬂuxerunt
2043 2527 2056 2563 :

472 2588 529 2634 et
547 2582 794 2646 primum
820 2581 1056 2632 fortasse
1080 2593 1153 2632 ex
1176 2581 1314 2632 vitio
1339 2582 1849 2645 pronunciationis,
1873 2596 2063 2647 corpo-

469 2654 662 2718 risque
699 2652 953 2704 crassitie
985 2667 998 2703 :
1039 2665 1172 2703 nam
1212 2653 1474 2714 Rufinum
1509 2653 1820 2717 designans
1856 2655 1914 2704 in
1949 2655 2061 2708 line

469 2723 727 2790 epistolas
737 2723 810 2775 ad
821 2723 1180 2787 Minervium,
1197 2738 1294 2773 cur
1311 2739 1410 2786 me,
1427 2725 1629 2788 inquit,
1647 2724 1883 2774 lacerant
1895 2726 2060 2774 amici

470 2797 592 2858 mei,
617 2800 662 2844 et
683 2795 965 2844 adversum
981 2795 1219 2844 silentem
1241 2805 1481 2847 CRASSIE
1505 2805 1657 2848 SUES
1681 2799 2063 2848 GRUNNIUNT‘I

477 2881 714 2931 quarum
733 2881 888 2916 omne
901 2867 1144 2916 studium
1157 2871 1244 2927 est,
1266 2867 1430 2914 immo
1440 2867 1670 2916 scientiae
1692 2867 2061 2930 supercilium,

474 2939 655 2988 aliena
677 2952 909 3002 carpere,
934 2943 979 2986 et
1000 2939 1074 2988 sic
1106 2941 1337 2987 veterum
1375 2938 1650 3002 defendere
1670 2939 1980 3002 perﬁdiam,
2005 2944 2064 2988 ut

474 3009 702 3074 perdant
731 3008 890 3070 fidem
913 3023 1089 3060 suam.
1129 3008 1287 3060 Idem
1327 3021 1502 3060 senex
1537 3010 1726 3072 Ruﬁni
1767 3009 1970 3062 vitium
2005 3011 2064 3062 in

476 3091 634 3142 voce,
655 3078 954 3130 irridethis
974 3079 1167 3131 verbis
1197 3079 1489 3143 Apologia:
1512 3081 1554 3130 Ι.
1576 3079 1673 3130 lib.
1703 3081 1742 3130 Ι.
1776 3084 1834 3128 tu
1871 3081 1967 3144 qui
2001 3081 2063 3130 in

470 3150 679 3200 Latinis
690 3156 1432 3212 MUSSITAS,elTESTUDINBO
1444 3150 1620 3214 gradu
1632 3151 1859 3199 moveris
1871 3153 2066 3216 potius,

476 3235 643 3286 quam
668 3221 885 3272 incedis.
906 3222 981 3272 Ut
1001 3220 1238 3274 divitem
1249 3223 1306 3273 et
1319 3222 1546 3286 opipare
1570 3221 1860 3274 viventem
1877 3221 2066 3287 paullo

475 3297 608 3356 post
648 3291 944 3354 sugillans,
981 3291 1206 3354 Crassos,
1240 3292 1346 3356 ait,
1377 3293 1500 3356 quis
1534 3293 1698 3357 spiret
1743 3299 1788 3343 et
1833 3293 2070 3343 Darios?

477 3363 661 3412 Literac
672 3362 920 3426 marsupi
929 3377 1017 3410 um
1030 3377 1138 3411 non
1151 3369 1470 3426 sequuntur.
1486 3363 1712 3414 Sudoris
1725 3367 1932 3416 comites
1942 3371 2067 3415 sunt

477 3439 523 3482 et
562 3433 776 3489 laboris,
812 3433 961 3484 sociae
985 3433 1347 3497 jejuniorum,
1386 3449 1495 3483 non
1528 3437 1861 3500 satur-italis,
1897 3437 2068 3486 conti-

477 3505 689 3567 nentiae,
723 3518 832 3553 non
876 3505 1126 3554 luxuriae.
1165 3505 1536 3556 Demosthenes
1574 3507 1700 3572 plus
1735 3508 1851 3569 olei,
1901 3523 2068 3573 quam

476 3575 590 3625 vini
623 3575 928 3640 expendisse
959 3576 1187 3633 dicitur,
1227 3582 1273 3626 et
1317 3591 1497 3626 omnes
1540 3580 1750 3642 opiﬁces
1789 3581 2068 3630 nocturnis

479 3662 681 3712 semper
694 3647 890 3710 vigiliis
914 3647 1243 3713 praevertisse.
1266 3652 1333 3700 In
1363 3650 1640 3715 Apologia
1659 3653 1760 3702 II.:
1794 3653 1915 3716 quis
1945 3653 2068 3701 talis

473 3733 535 3768 ac
569 3723 750 3768 tantus
765 3726 854 3782 est,
882 3723 937 3768 ut
961 3719 1156 3769 audeat
1180 3735 1303 3770 cum
1330 3721 1504 3770 Crceso
1540 3737 1790 3786 pugnare
1823 3723 2068 3773 divitiis?

483 3788 546 3838 Ut
564 3789 802 3840 subitum
829 3791 1182 3840 Demaratum
1205 3797 1250 3840 et
1281 3793 1534 3841 Crassum
1563 3807 1671 3842 non
1696 3794 2028 3858 pertimescat
2045 3795 2070 3844 9

481 3860 648 3910 Habes
672 3863 820 3911 enim
830 3877 927 3926 per
947 3862 1091 3926 quod
1113 3861 1326 3912 Danaes
1355 3869 1424 3912 cst
1442 3863 1580 3913 victa
1599 3866 1866 3929 pudicitia
1890 3881 1902 3916 :
1927 3867 2070 3930 quod

477 3931 618 3982 Giezi
640 3933 889 3996 magistri
909 3932 1143 3998 praetulit
1165 3933 1458 3984 Sanctitati
1473 3952 1490 3994 ;
1505 3940 1722 4000 propter
1738 3938 1882 4001 quod
1897 3939 2070 3988 Judas

477 4004 701 4054 tradidit
726 4005 1024 4054 Domi-num
1044 4019 1224 4056 suum.
1250 4004 1561 4070 Epistolam
1585 4019 1813 4072 quoque
1830 4009 1899 4060 de
1919 4009 2069 4058 cubi-

476 4075 594 4125 culo
603 4075 794 4138 fratris
811 4074 1042 4138 Eusebii,
1061 4085 1298 4128 NUMMIS
1310 4088 1528 4130 AURBIS
1541 4079 1612 4130 ab
1629 4091 1696 4130 eo
1712 4080 2070 4144 productam.

479 4149 534 4197 et
548 4157 730 4208 AURO,
754 4147 884 4196 idest
919 4145 1032 4195 suis
1055 4161 1385 4212 suorumque
1420 4149 1648 4210 viribus,
1683 4157 2073 4216 oppugnatam

480 4217 612 4268 fidei
641 4217 956 4278 veritatem,
993 4219 1360 4281 conqueritur
1387 4220 1447 4272 in
1483 4220 1580 4272 lib.
1630 4223 1720 4274 III.
1759 4223 2069 4288 Apologite.

481 4289 628 4340 Sane
642 4289 839 4350 Rufino
861 4289 1014 4340 haud
1032 4293 1252 4341 curtam
1270 4291 1677 4354 supellectilem
1699 4293 1853 4346 domi
1873 4294 2068 4358 fuisse,

485 4358 670 4424 colligi
691 4363 969 4430 praeterea
989 4359 1301 4412 videtunex
1317 4361 1536 4427 cellulis,
1554 4376 1699 4428 quas
1716 4379 1833 4417 non
1850 4365 2072 4430 proprio

485 4434 730 4494 tantum,
756 4431 856 4482 sed
871 4429 1116 4482 aliorum
1136 4431 1308 4484 etiam
1320 4433 1564 4499 hospitio
1579 4435 1650 4488 de
1682 4448 1787 4489 suo
1811 4429 2075 4488 constru-

483 4506 606 4552 ctas
630 4501 830 4553 habuit
851 4501 911 4553 in
927 4507 1124 4554 monte
1148 4501 1373 4568 Oliveti,
1390 4510 1455 4556 ut
1469 4505 1590 4570 ipse
1612 4511 1858 4558 testatur
1874 4505 1971 4558 lib.
2005 4509 2071 4558 II.

2091 3249 2142 3328 C

2163 1955 2292 2007 gno,
2314 1948 2372 1994 et
2387 1941 2786 1994 Valentiniano
2809 1945 2875 1994 ll.
2895 1945 2975 1994 Im
2982 1945 3342 2009 peratoribus
3358 1945 3418 1996 in
3435 1945 3634 1996 eadem
3650 1947 3764 1998 Co-

2158 2012 2311 2066 lonia
2324 2013 2483 2077 leges
2499 2013 2648 2066 datae
2666 2018 2730 2065 A.
2751 2017 2816 2066 D.
2837 2014 2959 2069 391.
2987 2021 3245 2080 prostant
3269 2017 3470 2068 Codice
3492 2016 3763 2068 Theodo-

2161 2084 2320 2136 siano
2336 2084 2430 2136 lib.
2451 2086 2542 2136 XI.
2577 2085 2664 2136 tit.
2696 2087 2958 2138 XXXIX.
2987 2089 3050 2138 L.
3091 2089 3186 2138 XI.
3218 2088 3280 2136 de
3305 2088 3410 2150 ﬁde
3441 2088 3674 2150 testium,
3701 2093 3764 2140 et

2158 2154 2255 2207 lib.
2281 2156 2429 2207 XVI.
2448 2155 2665 2207 tit.VII.
2687 2157 2746 2207 L.
2774 2157 2868 2208 IV.
2895 2159 2950 2209 et
2974 2159 3039 2208 V.
3072 2159 3134 2207 de
3162 2159 3436 2223 apostatis.
3469 2158 3579 2210 Sed
3606 2159 3761 2223 proh

2160 2225 2344 2277 dolori
2366 2225 2722 2276 Concordiam
2743 2227 2915 2280 istam
2933 2240 3046 2280 una
3065 2241 3198 2280 cum
3214 2229 3474 2280 finitimis
3489 2229 3756 2290 urbibus,

2163 2297 2439 2360 Aquileja,
2463 2299 2670 2350 Foro-.1
2680 2297 2810 2358 ulio,
2837 2301 2894 2350 et
2907 2299 3098 2350 Altino
3112 2302 3174 2351 Α.
3197 2301 3260 2351 D.
3280 2298 3402 2354 452.
3425 2299 3546 2352 solo
3563 2312 3763 2364 aequa-

2159 2368 2430 2420 vittotius
2453 2369 2704 2433 regionis
2734 2369 3027 2434 ﬂagellum
3055 2377 3113 2423 et
3128 2373 3306 2423 terror
3326 2371 3497 2424 Attila
3514 2373 3758 2424 Hunno-

2158 2451 2286 2491 rum
2300 2441 2436 2499 Rex,
2466 2445 2613 2490 teste
2631 2441 2825 2492 Paullo
2856 2441 3109 2494 Diacono
3141 2443 3200 2494 in
3229 2443 3483 2494 Historia
3497 2443 3760 2495 Miscella

2158 2508 2391 2561 lib.'XV.
2410 2522 2532 2573 cap.
2551 2512 2625 2560 III
2653 2510 2920 2562 editionis
2937 2513 3160 2564 Gruteri
3185 2513 3332 2565 inter
3347 2513 3616 2565 Historias
3643 2517 3767 2564 Au-

2157 2587 2348 2646 gustas
2367 2581 2668 2646 scriptores
2680 2583 2910 2634 Latinos
2929 2589 3084 2635 tomo
3099 2586 3164 2635 II.
3179 2597 3304 2648 pag.
3325 2588 3377 2634 81
3390 2623 3402 2637 .
3414 2585 3474 2636 in
3491 2585 3606 2638 fine
3621 2585 3764 2648 Ope-

2160 2654 2255 2704 ris.
2273 2654 2433 2704 Hanc
2449 2653 2759 2705 editionem
2774 2655 2982 2718 indico,
3015 2656 3152 2720 quia
3170 2656 3222 2706 id
3243 2656 3301 2706 in
3325 2657 3528 2709 ceteris
3542 2669 3661 2708 non
3678 2669 3767 2708 re-

2159 2723 2386 2788 petitur.
2401 2726 2602 2776 Postea
2616 2727 2802 2776 tamen
2819 2738 2851 2777 e
2869 2727 3051 2778 ruinis
3063 2733 3235 2792 caput
3245 2728 3602 2789 extulerunt;
3625 2741 3765 2780 nam

2160 2795 2532 2846 Cassiodorus
2547 2795 2642 2846 lib.
2660 2798 2780 2848 XII.
2808 2797 3109 2850 Variarum
3130 2799 3295 2864 epist.
3314 2799 3518 2851 XXVI.
3538 2798 3765 2862 Aquile-

2151 2867 2373 2930 jensem,
2412 2867 2548 2916 Foro
2583 2867 2899 2930 Juliensem,
2932 2873 2980 2918 et
3022 2869 3465 2918 Concordiensem
3497 2869 3765 2920 civitates

2161 2937 2350 2989 adhuc
2391 2939 2612 2989 stantes
2658 2942 2940 2990 recenset.
2981 2939 3144 2992 Hanc
3177 2941 3420 3001 tertiam.
3465 2939 3761 3004 episcopio

2162 3008 2459 3071 illustrem,
2484 3008 2794 3074 privilegiis
2829 3015 3122 3063 auxerunt
3144 3011 3378 3062 Carolus
3405 3016 3463 3062 et
3487 3011 3622 3062 Otto
3648 3012 3769 3063 Ma-

2162 3080 2280 3144 gni,
2304 3078 2513 3142 aliique
2530 3081 2923 3144 Imperatores.
2943 3082 3053 3133 Sed
3072 3081 3278 3134 celebri
3301 3081 3531 3134 Colonia
3561 3082 3634 3133 ob
3667 3082 3766 3133 in-

2169 3151 2525 3202 clementiam
2549 3151 2696 3202 aeris
2712 3151 2769 3202 in
2789 3151 3156 3204 solitudinem
3179 3152 3423 3215 redacta,
3439 3164 3594 3205 nunc
3610 3152 3770 3217 epis-

2167 3234 2346 3286 copus
2373 3221 2529 3286 degit
2569 3222 2629 3274 in
2665 3223 2928 3288 proximo
2957 3223 3126 3287 cpido
3156 3225 3576 3289 Portugruario,
3607 3224 3770 3289 quod

2166 3293 2517 3342 Romatinum
2540 3297 2767 3345 veteres
2791 3292 3169 3358 appellarunt,
3190 3307 3262 3346 ex
3288 3295 3484 3347 Plinio.

2225 3363 2315 3414 IV.
2329 3365 2514 3426 Quum
2534 3363 2834 3414 Concordia
2847 3365 2919 3416 ab
2938 3365 3220 3428 Aquileja,
3241 3365 3416 3418 totius
3435 3371 3574 3419 tunc
3586 3367 3773 3418 Vene-

2168 3433 2263 3486 tim
2278 3434 2528 3498 principe
2557 3435 2805 3496 civitate,
2839 3435 3044 3487 XXXI.
3079 3436 3153 3488 M.
3192 3439 3250 3488 P.
3280 3437 3655 3501 Totidemque
3685 3439 3766 3490 ab

2165 3504 2348 3555 Altino
2377 3503 2634 3567 distaret,
2661 3505 2982 3571 Aquilejam
2998 3507 3228 3570 Rufinus
3258 3521 3318 3560 se
3348 3507 3610 3572 contulit,
3635 3521 3770 3560 mo-

2166 3588 2270 3628 nas
2277 3576 2400 3628 ticm
2415 3576 2650 3630 vivendi
2663 3578 2878 3641 regulis
2889 3591 3101 3631 nomen
3113 3579 3373 3632 daturus.
3387 3580 3523 3631 Istic
3535 3584 3772 3644 patrum

2167 3647 2443 3710 doctrina,
2459 3650 2516 3699 et
2525 3647 2734 3712 pietate
2751 3660 2885 3712 erga
2896 3650 3100 3711 Deum,
3117 3649 3177 3702 in
3193 3652 3540 3703 monasterio
3553 3650 3773 3703 instru-

2168 3719 2556 3782 ctus,nSancto
2568 3718 2853 3770 Valeriano
2867 3723 3004 3770 urbis
3018 3721 3280 3787 episcopo
3293 3721 3527 3774 salutari
3538 3721 3772 3775 lavacro

2169 3789 2419 3841 abluitur
2437 3791 2502 3842 A.
2524 3791 2587 3840 D.
2607 3788 2729 3845 371.
2750 3791 2903 3854 quod
2921 3792 3165 3856 ipsemet
3179 3793 3440 3858 proditin
3476 3805 3582 3844 sua
3607 3798 3770 3859 Apo-

2167 3862 2318 3927 logia
2341 3863 2382 3913 Ι.
2409 3863 2474 3914 A.
2499 3863 2566 3914 D.
2600 3863 2721 3918 400.
2755 3865 3099 3928 conscripta,
3131 3865 3190 3916 in
3221 3877 3356 3928 qua,
3384 3865 3563 3918 veluti
3597 3865 3670 3918 de
3702 3878 3766 3918 re

2169 3933 2487 3997 notissima,
2517 3933 2779 3998 loquens,
2816 3950 2928 3999 ego,
2969 3935 3170 4000 inquit,
3189 3937 3326 3986 sicut
3351 3942 3396 3986 et
3423 3938 3533 4002 ipse
3554 3936 3773 3998 (Hiero-

2170 4004 2396 4068 nymus)
2411 4010 2681 4058 etouuas
2695 4017 2956 4071 sonum,
2977 4013 3100 4056 ante
3112 4023 3289 4057 annos
3305 4019 3460 4060 sane
3476 4019 3772 4061 TRIOINTA

2172 4085 2229 4134 in
2246 4087 2569 4135 monasterio
2579 4086 2699 4151 jam
2720 4087 2944 4151 positus,
2977 4101 3076 4152 per
3113 4089 3352 4152 gratiam
3382 4087 3634 4154 baptismi
3684 4105 3776 4138 re-

2169 4160 2477 4220 generatus,
2524 4158 2870 4222 signaculum
2915 4159 3066 4209 Fidei
3115 4165 3471 4224 consequutus
3511 4175 3632 4209 sum
3673 4175 3776 4224 per

2170 4233 2378 4278 sanctos
2425 4229 2564 4278 viros
2611 4230 3009 4294 Chromatium,
3045 4231 3306 4281 Jovinum
3354 4237 3399 4282 et
3444 4231 3770 4294 tiusebium,

2171 4300 2571 4364 opinatissimos
2599 4305 2644 4350 et
2671 4302 3072 4366 probatissimos
3102 4305 3164 4352 in
3202 4303 3414 4353 ecclesia
3451 4304 3725 4368 episcopos
3755 4321 3770 4352 :

2173 4385 2404 4436 quorum
2420 4371 2571 4436 alter,
2597 4378 2722 4422 tunc
2747 4373 3017 4439 presbyter
3049 4373 3206 4424 beatae
3230 4375 3501 4424 memoriae
3533 4375 3775 4425 Valeria-

2174 4443 2253 4503 ni,
2271 4441 2405 4492 alter
2419 4443 2872 4509 Archidiaconus,
2895 4446 3039 4495 alius
3062 4446 3345 4510 diaconus,
3365 4446 3634 4511 simulque
3668 4461 3777 4510 pa-

2176 4519 2252 4564 ter
2269 4515 2412 4564 mihi
2427 4521 2472 4565 et
2496 4515 2676 4565 doctor
2692 4515 2919 4580 symboli
2941 4533 3003 4566 ac
3029 4518 3156 4576 fidei
3175 4517 3298 4580 fuit.
3331 4519 3454 4569 Hoc
3478 4519 3774 4570 Monaste-

483 4571 1201 4654 Apologiarumfgllgdigs
1217 4576 1516 4654 (ξασαυϐ-ἥρ
1531 4577 1782 4654 Historia
1805 4578 2081 4654 Lausiaca
2179 4585 2347 4648 rium,
2365 4585 2422 4638 in
2449 4597 2564 4650 quo
2587 4587 2709 4651 jam
2723 4571 2969 4652 "pos-itum
2991 4571 3103 4640 diei
3136 4571 3388 4654 Rufinus,
3423 4601 3604 4652 quum
3638 4589 3776 4654 bap-

484 4655 607 4708 cap.
631 4653 839 4714 cxvm.
881 4643 1090 4714 scribit,
1129 4645 1410 4708 Ruﬁnum,
1443 4647 1856 4714 Hierosolymee
1891 4649 2079 4701 omnis

483 4713 709 4778 generis
732 4713 1006 4777 hospites,
1030 4714 1166 4768 illuc
1188 4716 1416 4780 pietatis
1439 4731 1647 4771 caussa
1675 4713 2074 4782 adventantes,

485 4797 674 4836 xxvn.
688 4797 972 4837 annorum
983 4787 1172 4848 spacio
1185 4788 1424 4852 propriis
1435 4790 1701 4854 expensis
1713 4791 1940 4843 fovisse.
1957 4791 2079 4843 Hie-

481 4869 760 4921 ronymus
773 4857 938 4922 epist.
955 4859 1120 4910 XCV.
1134 4858 1378 4912 aliasIV.
1403 4860 1578 4922 (Nunc
1599 4862 1831 4925 CXXV.)
1847 4863 1917 4915 ad
1936 4865 2075 4916 Rus-

485 4927 662 4980 ticum
671 4927 762 4980 his
773 4927 1056 5007 coloribus
1067 4941 1200 5007 eum
1207 4931 1227 4994 j
1235 4943 1328 5007 am
1341 4933 1631 5007 mortuum
1642 4932 1924 5007 depingit:
1939 4935 2076 5007 Τεθ-

484 5010 748 5052 TUDINBO
765 5001 998 5054 GRUNNI
1005 5010 1078 5054 US
1093 5001 1358 5066 incedebat
1382 5003 1456 5052 ad
1470 5002 1797 5068 loquendum
1809 5001 2072 5068 GRADU,

483 5075 528 5120 et
545 5086 641 5136 per
664 5072 946 5123 intervalla
961 5073 1208 5137 quaedam
1223 5073 1316 5123 vix
1341 5089 1522 5138 pauca
1547 5075 1703 5126 verba
1720 5077 1986 5143 carpebat,
2016 5085 2075 5130 ut

482 5159 602 5194 eum
627 5145 1157 5209 pularessingultire,
1175 5159 1288 5195 non
1299 5145 1568 5211 proloqui.
1587 5147 1652 5196 Et
1669 5152 1866 5214 tamen,
1883 5165 2072 5215 quum,

485 5231 668 5266 mensa
685 5217 881 5280 posita,
919 5217 1184 5268 librorum
1221 5219 1543 5282 exposuisset
1591 5223 1808 5282 struem,
1844 5223 2072 5274 adducto

479 5289 779 5354 supercilio,
809 5289 1200 5355 contractisque
1236 5288 1485 5353 nar-ibus,
1529 5305 1590 5340 ac
1643 5292 1822 5355 fronte
1851 5301 2068 5358 rugata,

483 5359 684 5408 duobus
700 5360 940 5425 digitulis
959 5362 1326 5426 concrepabat,
1348 5361 1444 5412 hoc
1471 5362 1625 5426 signo
1641 5365 1716 5414 ad
1734 5366 2073 5418 audiendum

482 5430 766 5494 discipulos
795 5447 1110 5498 provocans.
1153 5433 1286 5482 Tum
1318 5447 1492 5496 nugas
1529 5449 1706 5486 meras
1747 5437 1994 5504 fundere,
2027 5445 2072 5490 et

479 5502 764 5553 adversum
795 5504 1036 5570 singulos
1070 5504 1384 5553 declamare.
1435 5505 1702 5557 Creticum
1741 5509 1936 5560 diceres
1969 5502 2072 5560 esse

481 5574 820 5640 Longinum,
851 5589 1222 5639 censoremque
1254 5577 1508 5627 Romanae
1540 5579 1845 5642 facundia;
1883 5588 2072 5633 notare

478 5661 635 5709 quem
654 5647 814 5712 vellet,
834 5653 880 5696 et
902 5647 964 5698 de
980 5645 1184 5698 Senatu
1208 5647 1490 5698 doctorum
1511 5651 1802 5702 excludere.
1830 5653 1930 5704 llic
1947 5655 2070 5705 bene

477 5723 794 5790 nummatus
809 5718 934 5790 plus
956 5717 1194 5790 placebat
1219 5719 1278 5768 in
1300 5720 1592 5784 prandiis:
1615 5737 1706 5772 nec
1739 5725 1965 5790 mirum,
2004 5727 2068 5789 si,

479 5789 573 5852 qui
595 5789 787 5840 multos
801 5789 1036 5840 inescare
1051 5789 1169 5841 solit
1177 5807 1234 5842 us
1249 5797 1382 5854 erat,
1397 5791 1537 5855 facto
1554 5811 1721 5845 cuneo
1733 5797 1878 5846 circa
1889 5789 2072 5847 Instra-

483 5861 735 5932 pentium
766 5861 1118 5926 garrulorum
1144 5865 1450 5931 procedebat
1488 5867 1548 5915 in
1588 5868 1900 5932 publicum:
1927 5870 2071 5919 intus

485 5930 650 5996 Nero,
686 5931 824 5993 foris
865 5934 1011 5988 Cato.
1040 5930 1193 5988 Totus
1232 5937 1536 6002 ambiguus,
1574 5930 1632 5990 ut
1664 5954 1731 5992 ea:
1764 5941 2070 6006 contrariis,

2100 4679 2158 4754 D
2176 4655 2593 4754 ξῖδὲἷηεξῗὲίιῗὲ
2614 4657 2677 4754 Ἦ
2698 4659 3030 4754 ἐίκῖῗξὲεἱῗέἓέ
3058 4659 3777 4754 Ξῗὲἷῖῗξὲ.ῗὲῗῗὲνίὶἔίθὲῗῖ

2174 4740 2368 4780 rorum
2402 4728 2583 4783 Italiae
2622 4736 2681 4783 et
2708 4731 3030 4782 Occidentis
3058 4731 3538 4793 vetustissimum,
3571 4733 3774 4796 magni

2175 4799 2476 4852 Athanasii
2507 4800 2966 4854 institutionibus
2981 4803 3289 4866 primordia
3303 4803 3568 4863 debebat,
3591 4815 3776 4866 quem

2175 4870 2597 4924 Alexandriaab
2622 4872 2848 4924 Arianis
2877 4873 3148 4938 ejectum,
3164 4874 3262 4926 diu
3281 4873 3540 4940 Aquilejae
3564 4874 3779 4927 substi-

2176 4941 2316 4994 tisse
2331 4943 2730 4996 animadvertit
2745 4944 3002 4996 Norisius
3017 4945 3076 4996 in
3093 4945 3344 4999 Historia
3356 4945 3656 5011 Pelagiana
3668 4944 3776 4998 lib.

2175 5014 2242 5064 II.
2257 5027 2378 5078 cap.
2407 5017 2497 5066 III.
2519 5016 3014 5080 monasticamque
3032 5017 3394 5082 disciplinam
3405 5018 3479 5069 ab
3503 5016 3775 5070 Athana-

2176 5084 2261 5137 sio
2286 5085 2613 5138 universam
2632 5089 2852 5140 Italiam
2869 5089 3196 5152 suscepisse
3213 5094 3460 5141 testatur
3485 5089 3775 5153 Hierony-

2174 5157 2378 5208 musin
2393 5158 2559 5221 epist.
2580 5159 2770 5210 XCVI.
2803 5159 2944 5211 alias
2971 5160 3119 5210 XVI.
3154 5158 3347 5222 (Nunc
3384 5159 3638 5211 CXXVII.
3660 5159 3771 5222 )ad

2175 5227 2533 5292 Principiam.
2569 5231 2860 5294 Siquidem
2889 5229 3319 5293 monachorum,
3354 5243 3502 5294 quos
3526 5229 3682 5295 fuga
3713 5235 3776 5283 et

2172 5297 2430 5352 laborum
2447 5300 2632 5353 socios
2643 5301 3169 5365 habuit.juventute
3183 5302 3486 5368 utriusque
3503 5313 3681 5354 sexus
3695 5302 3773 5354 ad

2171 5369 2548 5424 imitationem
2559 5385 2822 5434 accensa,
2837 5373 3000 5425 brevi
3023 5375 3220 5426 Romus
3236 5376 3291 5426 et
3305 5386 3404 5439 per
3417 5372 3639 5426 Italiam
3651 5385 3775 5426 non

2172 5453 2354 5506 pauca
2369 5444 2712 5496 Monasteria
2743 5444 2814 5495 ab
2841 5443 3126 5508 episcopis
3155 5447 3484 5498 constructa
3506 5449 3665 5507 sunt,
3705 5450 3774 5496 ut

2167 5515 2480 5580 Mediolani,
2496 5515 2787 5567 adnitente
2824 5515 3146 5579 Ambrosio,
3170 5516 3241 5568 de
3263 5529 3377 5579 quo
3399 5516 3773 5582 Augustinus

2173 5585 2610 5638 Confessionum
2634 5587 2730 5638 lib.
2757 5587 2904 5638 VIII.
2940 5598 3044 5651 cap
3061 5589 3152 5639 VI.
3183 5588 3536 5654 etAquilejas,
3575 5586 3772 5639 studio

2180 5656 2476 5720 Valeriani,
2489 5657 2587 5710 ubi
2604 5661 2811 5721 praeter
2831 5658 3178 5722 Tyranniu-m
3205 5659 3486 5720 Rufinum,
3514 5657 3776 5708 Heliodo—

2171 5728 2896 5793 rumetiam,Nepotianum,
2923 5729 3278 5792 Florentium,
3308 5731 3585 5779 Bonosum
3611 5729 3775 5778 Nice-

2173 5803 2316 5859 tam,
2352 5803 2411 5851 et
2440 5800 2875 5864 Chrysogonum.
2913 5799 3368 5864 spectatissimos
3419 5799 3768 5861 monachos;

2171 5869 2430 5924 ﬂoruisse
2453 5871 2731 5925 discimus
2747 5885 2819 5925 ex
2848 5871 3125 5924 Chronico
3146 5877 3204 5924 et
3220 5873 3478 5936 epistolis
3497 5871 3776 5937 Hierony-

2172 5939 2398 5996 mianis.
2438 5943 2585 5998 Hinc
2619 5943 2890 5998 refellitur
2918 5943 3505 6010 Magdeburgcnsium
3547 5943 3775 5997 inscitia
