3902 6420
80 430 143 488 81
1392 436 1583 489 VITA.
1621 436 1691 489 LI

1793 437 1833 490 Ι.
1869 438 2023 491 CAP.
2058 440 2101 490 Ι.
3318 449 3385 505 82

81 549 178 629 qui
201 547 403 629 Ruﬁni
427 547 769 629 institutum
791 553 850 603 et
877 549 1120 629 fortasse
1144 550 1318 629 etiam
1339 550 1477 629 vita
1498 563 1692 629 mona-
1710 555 1766 629 Α
1792 552 1850 603 in
1866 548 2106 629 ecclesia
2119 552 2422 629 episcopali
2436 556 2575 629 tunc
2591 550 3039 629 regenerationis
3054 548 3387 629 Sacramen-

82 622 247 673 sticm
261 620 674 684 antiquitatem
697 621 1045 687 ignorantes,
1071 623 1333 675 Centuria
1349 624 1444 674 IV.
1468 636 1591 688 cap.
1615 624 1687 674 X.

83 694 352 756 Ruﬁnum
377 704 413 744 a
442 692 755 746 Trithemio
782 694 1047 759 primum,
1076 694 1344 746 monachi
1362 695 1596 747 nomine
1613 694 1693 746 di-

82 771 244 816 ctum
267 764 621 817 effutierunt.
645 766 752 818 Sed
768 766 1035 830 nunquid
1067 766 1380 819 Trithemio
1412 766 1692 820 recentior

83 842 175 887 est
215 836 608 902 Hieronymus
629 875 645 901 ,
674 837 771 901 qui
798 838 857 889 in
892 838 1169 891 Chronico
1199 850 1352 891 anno
1387 840 1428 890 Ι.
1465 837 1685 903 Olymp.

82 909 431 961 CCLXXXI.
460 910 775 961 Abrahami
807 908 965 965 “2363.
1007 910 1218 963 Christi
1247 923 1383 963 vero
1439 910 1562 965 378.
1602 924 1690 963 se-

82 979 344 1031 cundum
367 980 647 1045 epocham
675 981 1075 1045 Eusebianam,
1104 995 1277 1046 quam
1302 981 1688 1046 Hieronymus

84 1050 370 1115 sequitur,
386 1063 544 1104 anno
566 1052 801 1118 epochaa
816 1056 1031 1106 nostra:
1059 1053 1430 1118 Dionysianaa
1456 1053 1580 1109 376.
1606 1055 1688 1106 sic

84 1122 341 1186 loquitur
371 1138 386 1173 :
430 1123 751 1184 Florentius,
789 1126 1050 1185 Bonosus,
1090 1130 1136 1175 et
1171 1126 1403 1189 Ruﬁnus
1447 1126 1688 1190 insignes

84 1204 366 1245 uomcm
386 1194 686 1246 habentur?
703 1197 769 1248 In
783 1197 1060 1261 Apologia
1074 1198 1114 1247 Ι.
1131 1196 1229 1248 lib.
1248 1198 1291 1247 Ι.
1306 1196 1416 1248 sibi
1431 1209 1600 1260 seque
1621 1210 1690 1248 ac

84 1264 295 1317 Ruﬁno
332 1267 591 1317 monachi
619 1279 831 1320 nomen
861 1268 1087 1320 tribuit:
1123 1269 1386 1332 quicquid
1408 1279 1686 1321 MONACHI

85 1335 406 1387 vocabulum
432 1338 659 1402 ﬂagitat,
685 1343 933 1388 nostrum
956 1343 1175 1403 uterque
1201 1338 1496 1404 complevit.
1531 1340 1600 1391 Et
1626 1339 1688 1392 in

84 1407 364 1472 Apoloigia
379 1411 448 1469 II,
464 1410 668 1460 credidi
687 1410 1017 1473 Christiano,
1037 1411 1239 1460 credidi
1262 1421 1574 1463 MONACHO.

151 1479 216 1529 V.
245 1479 405 1532 Idem
422 1481 827 1547 Hieronymus,
856 1482 1321 1546 Aquilejensibus
1339 1482 1556 1535 clericis
1567 1482 1689 1534 stri-

84 1556 181 1603 cta
213 1552 646 1605 necessitudine
685 1553 1221 1619 conjunctissimus,
1250 1554 1311 1605 in
1346 1554 1456 1607 hoc
1485 1553 1686 1607 eodem

84 1624 441 1676 monasterio
471 1625 547 1676 ab
569 1625 952 1677 adolescentia
978 1626 1207 1677 videtur
1228 1625 1535 1677 educatus:
1554 1638 1688 1677 nam

84 1695 144 1745 in
179 1695 349 1758 epist.
382 1696 648 1749 XXXIX.
681 1696 821 1749 alias
850 1698 1021 1749 LXII.
1063 1697 1256 1759 {Nunc
1281 1697 1563 1761 LXXXII.)
1604 1697 1688 1749 sic

84 1765 156 1816 ad
170 1766 557 1832 Theophilum
574 1768 800 1821 scribit:
826 1769 930 1828 Qui
950 1767 1017 1817 ab
1037 1768 1390 1818 adolescentia
1412 1770 1472 1817 in
1491 1779 1688 1821 MONA-

86 1848 289 1890 STBRII
331 1839 547 1890 clausus
577 1840 793 1902 cellulis,
817 1840 1002 1904 magis
1032 1854 1134 1889 esse
1154 1840 1424 1899 fvoluerim
1453 1840 1684 1905 aliquid,

84 1925 256 1974 quam
274 1912 459 1963 videri.
478 1911 563 1965 Illi
575 1925 714 1965 sane
719 1911 1063 1978 jamdudum
1079 1924 1209 1963 cum
1226 1912 1423 1976 Ruﬁno
1438 1913 1689 1965 amicitia

86 2053 313 2104 valdede
337 2055 572 2120 Synodis
585 2055 782 2105 librum
806 2054 990 2106 Sancti
1005 2054 1209 2103 Hilarii
1234 2068 1297 2106 se
1313 2055 1688 2119 descripsisse

87 2129 338 2178 testatur
353 2127 520 2192 epist.
546 2127 636 2178 IV.
664 2125 805 2178 alias
839 2126 1145 2191 VI.(Nunc
1168 2126 1259 2189 V.)
1285 2125 1374 2177 Ad
1406 2127 1686 2189 Ruﬁnum,

81 2201 396 2262 postquam
432 2198 494 2250 in
516 2200 828 2264 .Egyptum
860 2197 1177 2262 adpulerat,
1215 2198 1412 2250 scribit
1446 2199 1610 2263 epist.
1645 2201 1687 2250 Ι.

83 2269 226 2321 alias
257 2270 400 2321 XLI.
424 2270 607 2333 (Nunc
626 2271 739 2334 III.)
776 2270 817 2320 0
844 2270 891 2319 si
915 2283 1064 2319 nunc
1095 2268 1517 2320 mihiDominus
1536 2270 1692 2320 Jesus

88 2341 354 2403 Christus,
387 2342 465 2391 vel
500 2342 746 2407 Philippi
776 2343 849 2392 ad
880 2339 1238 2404 Eunuchum,
1265 2342 1343 2392 vel
1374 2341 1585 2392 Abacuc
1618 2343 1692 2392 ad

83 2412 367 2463 Danielem
388 2413 799 2464 translationem
829 2419 1039 2479 repente
1063 2414 1383 2477 concederet,
1409 2428 1575 2478 quam
1600 2428 1692 2478 ego

85 2500 235 2534 nunc
272 2491 368 2535 tua
399 2485 562 2536 arctis
589 2486 905 2550 stringerem
935 2485 1068 2535 colla
1111 2487 1494 2550 conplexibus!
1517 2486 1694 2544 Quam

86 2554 224 2605 illud
237 2570 315 2619 os,
341 2556 489 2621 quod
510 2567 727 2611 necum
753 2557 830 2607 vel
844 2569 1108 2609 sansvn‘
1125 2568 1477 2621 ALIQUANDO
1494 2557 1571 2606 vel
1597 2569 1693 2608 sa-

90 2630 260 2679 PUIT!
294 2628 426 2680 Iiaac
450 2628 775 2691 manifesto,
806 2629 1078 2692 innuunt,
1108 2634 1397 2695 utrunque
1425 2628 1491 2678 ab
1514 2628 1697 2677 adole-

88 2699 321 2761 scentia,
360 2699 570 2751 studiis
599 2700 772 2752 simul
816 2712 1049 2765 operam
1096 2699 1346 2753 dedisse.
1387 2700 1536 2765 Ipsis
1564 2698 1700 2753 addi

90 2775 285 2835 potest
296 2770 411 2820 Bon
418 2786 557 2833 osus,
572 2771 635 2820 de
647 2784 753 2836 quo
764 2772 1151 2837 Hieronymus
1167 2772 1237 2823 ad
1255 2773 1515 2834 Ruﬁnum
1530 2770 1695 2835 epist.

87 2845 129 2893 l.
168 2840 314 2894 alias
338 2843 482 2894 XLI.
519 2843 715 2905 (Nunc
750 2843 871 2907 III.)
904 2845 1033 2895 Ecce
1078 2858 1218 2912 puer
1252 2844 1485 2894 honestis
1522 2840 1701 2892 saeculi

85 2925 396 2967 NOBISCUM
406 2914 611 2963 artibus
623 2914 913 2967 institutus.
929 2918 1049 2968 Hoc
1062 2918 1255 2983 ipsum
1266 2915 1505 2977 Rufinus
1517 2914 1698 2978 magis

87 2986 394 3038 conﬁrmat
406 2984 685 3051 Apologia
704 2985 765 3037 Il.
785 2992 1098 3052 antequam
1121 2991 1511 3038 converteretur
1538 2985 1552 3039 t
1563 2985 1698 3036 Hie-

88 3058 367 3119 ronimus)
392 3067 605 3111 MBCUM
626 3059 836 3123 pariter
865 3064 911 3108 et
936 3060 1116 3110 literas
1150 3060 1356 3110 Graecas
1377 3065 1423 3107 et
1443 3058 1696 3122 linguam

88 3131 308 3194 penith
330 3129 633 3194 ignorabat.
656 3131 1105 3184 Conversionem
1123 3143 1290 3184 suam
1309 3130 1695 3193 Hieronymus

91 3202 164 3250 ad
226 3200 409 3250 Rheni
462 3200 855 3251 semibarbaras
909 3203 1063 3267 ripas
1119 3201 1396 3253 accidisse
1445 3205 1693 3253 testatur

93 3273 257 3337 epist.
277 3271 318 3323 l.
352 3271 494 3323 alias
512 3273 655 3325 XLI.
680 3274 1073 3325 Monasterium
1093 3286 1228 3339 ergo
1247 3272 1600 3337 Aquilejense,
1617 3285 1691 3323 ex

1790 630 1917 676 tum
1957 625 2030 676 ab
2065 637 2181 676 uno
2221 626 2348 689 ejus
2380 628 2610 689 pastore
2638 623 2929 676 ordinario
2968 621 3382 674 conferebatur.

1787 697 1982 759 Neque
2014 697 2244 759 Ruﬁnus
2276 696 2374 756 ait,
2401 696 2539 748 sein
2576 695 2920 758 monasterio,
2947 693 3046 746 sed
3076 694 3138 745 in
3162 691 3386 757 Aquile-

1781 768 1925 831 jensi
1964 767 2172 817 ecclesia
2217 767 2503 831 baptisma
2545 772 2985 831 consequutum.
3045 767 3385 828 Quanquam

1788 839 1940 890 enim
1973 839 2170 890 scribit
2186 838 2242 889 in
2258 840 2378 903 prio
2388 840 2426 889 3i
2448 838 2737 904 Apologia,
2759 852 2822 891 se
2840 839 2899 887 in
2917 837 3245 888 monasterio
3261 835 3385 899 jam

1784 911 2039 975 positum,
2083 910 2314 974 quando
2351 911 2635 973 baptisma
2683 910 2976 975 suscepit;
3013 920 3385 972 nequaquam

1791 987 1984 1034 tamen
2015 984 2074 1033 in
2106 982 2428 1031 monasterio
2461 996 2522 1034 se
2550 982 2692 1034 illud
2744 982 3073 1047 suscepisse
3115 978 3383 1031 affirmat.

1786 1055 1969 1105 Immo
1985 1054 2043 1106 in
2064 1053 2443 1118 explicatione
2466 1054 2712 1118 symboli
2735 1054 2964 1107 disertis
2995 1053 3186 1105 verbis
3208 1055 3385 1103 testa-

1789 1130 1906 1177 tur:
1924 1141 2021 1175 nos
2032 1132 2208 1174 tamen
2222 1126 2378 1175 illum
2393 1126 2641 1176 ordinem
2652 1127 2945 1190 sequimur,
2962 1139 3119 1190 quem
3135 1124 3196 1172 in
3215 1122 3385 1186 Aqui-

1788 1198 1967 1261 lejensi
2005 1207 2290 1250 ECCLESIA
2327 1198 2531 1248 lavacri
2564 1198 2745 1262 gratia
2771 1198 3113 1263 suscepimus.
3170 1194 3386 1246 Eodem

1786 1275 1953 1334 pacto
1980 1270 2367 1334 Hieronymus
2402 1269 2596 1334 procul
2629 1282 2664 1321 a
2698 1271 2880 1335 patria
2912 1269 3163 1320 Stridone
3195 1279 3256 1318 se
3285 1265 3388 1317 ba-

1786 1340 2060 1405 ptismum
2091 1342 2269 1390 Romae
2297 1341 2641 1405 suscepisse,
2669 1342 2857 1406 prodit
2872 1341 3038 1405 epist.
3064 1340 3215 1391 XIV.
3244 1337 3384 1389 alias

1788 1413 1951 1463 LVII.
1989 1417 2046 1463 et
2074 1414 2224 1463 XVI.
2250 1412 2410 1464 alias.
2442 1414 2640 1464 LVIII.
2663 1413 2845 1474 (Nunc
2873 1413 2989 1463 XV.
3023 1417 3069 1461 et
3088 1409 3254 1475 seqq.)
3277 1407 3386 1460 Ed-

1786 1482 2043 1534 mundus
2061 1485 2314 1536 Martene
2329 1483 2425 1534 lib.
2443 1484 2489 1535 Ι.
2508 1482 2578 1535 de
2596 1484 2868 1548 Antiquis
2885 1481 3152 1535 Ecclesiae
3179 1481 3385 1533 ritibus

1788 1568 1907 1619 cap.
1940 1556 2088 1605 XVI.
2121 1555 2172 1619 §.
2202 1553 2284 1610 l2
2313 1561 2371 1606 et
2391 1554 2677 1606 Gerardus
2702 1554 2999 1607 Mastricht
3023 1554 3082 1605 in
3118 1552 3386 1604 Schedia-

1787 1628 1967 1677 smate
1988 1626 2057 1678 de
2081 1627 2516 1690 Susceptoribus
2532 1639 2657 1689 pag.
2680 1625 2768 1680 69.
2802 1626 3038 1677 unicum
3054 1624 3190 1677 olim
3206 1624 3386 1675 fuisse

1786 1702 2079 1762 putarunt.
2113 1697 2222 1749 Sed
2254 1698 2487 1761 Ruﬁnus
2528 1701 2646 1749 tres
2686 1702 3048 1762 susceptores
3079 1696 3152 1747 ob
3190 1696 3387 1747 oculos

1786 1770 1963 1835 ponit,
1983 1768 2224 1821 totidem
2240 1768 2442 1821 ofﬁciis
2466 1768 2805 1832 destinatos,
2824 1769 3094 1829 catechesi,
3125 1767 3388 1832 baptismo

1789 1845 1847 1893 et
1904 1841 2310 1904 conﬁrmationi
2365 1840 2561 1892 statim
2624 1843 2756 1904 post
2809 1840 3099 1905 baptisma
3151 1841 3226 1891 ab
3270 1838 3391 1902 epi-

86 1925 256 1998 quam
274 1911 563 1998 videri._llli
575 1911 1063 1998 sanejamndudum
1079 1924 1209 1963 cum
1226 1912 1423 1976 Ruﬁno
1438 1913 1689 1998 amicitia
1709 1923 1762 1998 B
1789 1924 1962 1998 scopo
1992 1912 2235 1995 conferri
2271 1911 2459 1998 solitis
2481 1926 2495 1998 ξ
2525 1911 2679 1998 unde
2713 1911 2988 1998 refellitur
3014 1911 3169 1963 idem
3190 1912 3394 1994 Gerar—

84 1984 505 2044 intercesserat,
519 1985 614 2037 cui
646 1985 800 2049 apud
812 1984 1074 2037 Treviros
1088 1995 1268 2035 manu
1286 1995 1392 2036 sua
1405 1984 1688 2048 prolixum
1709 1984 1735 2013 ‘-

1789 1984 1930 2047 dus,
1969 1984 2068 2048 qui
2102 1997 2231 2049 pag.
2270 1983 2358 2038 24.
2410 1984 2665 2034 catcchesi
2722 1988 2779 2036 et
2832 1984 3095 2049 baptismo
3153 1984 3390 2035 unicum

1788 2061 2177 2121 susceptorem
2196 2056 2391 2108 tribuit
2407 2068 2595 2118 usque
2610 2055 2682 2107 ad
2695 2055 2975 2109 saeculum
2993 2058 3243 2107 sextum.
3272 2056 3390 2105 Ru-

1788 2129 1934 2191 ﬁnus
1956 2141 2056 2192 per
2070 2126 2414 2191 signaculum
2435 2128 2582 2190 ﬁdei,
2605 2126 2955 2191 baptismum
2967 2126 3252 2191 designat,
3271 2138 3388 2190 quo

1789 2201 2019 2251 nomine
2044 2199 2225 2251 utitur
2253 2200 2425 2252 etiam
2460 2199 2520 2251 in
2546 2200 2797 2251 Historia
2819 2199 2913 2252 lib.
2943 2200 3012 2252 X.
3042 2212 3164 2264 cap.
3188 2200 3282 2250 III.
3309 2214 3390 2247 se-

1792 2286 1952 2336 quere
1978 2285 2058 2319 me
2087 2271 2160 2320 ad
2189 2271 2541 2331 dominicum,
2581 2275 2629 2319 et
2660 2270 2824 2335 hujus
2843 2270 2970 2333 ﬁdei
2996 2280 3389 2323 SIGNACULUM

1791 2342 1983 2406 accipe.
2019 2342 2100 2393 De
2130 2341 2239 2392 hac
2267 2341 2462 2405 phrasl
2490 2341 2673 2393 multa
2701 2342 2963 2406 congerit
2989 2343 3077 2393 Jo.
3112 2342 3388 2393 Ernestus

1792 2413 2034 2464 Grabius
2057 2413 2118 2464 in
2140 2412 2296 2464 notis
2316 2412 2388 2464 ad
2410 2412 2776 2477 Spicilegium
2795 2415 3134 2465 Sanctorum
3153 2414 3387 2465 Patrum

1794 2491 1934 2538 tom.
1966 2486 2007 2536 Ι.
2040 2497 2161 2549 pag.
2190 2482 2311 2539 332.

1856 2558 1951 2608 VI.
1974 2557 2360 2622 Hieronymus
2374 2556 2495 2619 jam
2525 2552 2723 2609 Romae
2749 2556 2955 2609 Christi
2982 2556 3215 2609 lavacro
3248 2559 3384 2607 ante

1797 2630 2059 2692 Ruﬁnum
2074 2630 2463 2692 regeneratus,
2485 2627 2703 2691 Aquilej
2713 2641 2807 2679 am
2819 2628 3141 2692 repetierat,
3159 2639 3393 2679 consor-

1797 2700 1877 2752 tio
1908 2698 2200 2761 Valeriani,
2232 2704 2289 2750 et
2312 2697 2551 2750 aliorum
2575 2697 2874 2761 fruiturus,
2911 2699 2983 2752 ad
3010 2710 3158 2763 quos
3191 2703 3393 2763 postea

1799 2772 2018 2824 intimae
2039 2769 2490 2822 necessitudinis
2510 2773 2692 2821 testes
2708 2770 2904 2823 literas
2920 2770 3096 2822 dedit.
3116 2772 3394 2821 In'mona-

1798 2843 1955 2892 sterio
1976 2840 2308 2905 aliquandiu
2339 2853 2472 2892 cum
2506 2840 2713 2892 Ruﬁno
2749 2842 2939 2894 adhuc
2975 2841 3391 2894 catechumeno

1797 2914 2011 2966 ibidem
2022 2917 2301 2976 moratus,
2317 2912 2628 2976 improviso
2650 2924 2843 2964 rerum
2857 2918 3072 2966 eventu
3102 2912 3257 2964 illinc
3281 2912 3391 2963 dis-

1798 2986 1998 3038 cedere
2014 2985 2254 3048 cogitur,
2286 2983 2776 3047 quemadmodum
2810 2996 2882 3036 ex
2915 2994 3105 3036 eremo
3138 2984 3213 3036 ad
3238 2984 3392 3047 Ruﬁ-

1795 3071 1933 3106 num
1959 3056 2236 3119 scribens,
2254 3056 2498 3106 testatur
2510 3053 2603 3106 his
2638 3055 2827 3107 verbis
2840 3055 3004 3119 epist.
3023 3057 3065 3105 I.
3087 3054 3228 3107 alias
3244 3055 3389 3106 XLI.

1794 3128 1974 3189 (Nunc
2014 3127 2129 3190 III.)
2167 3140 2180 3176 :
2220 3125 2303 3174 Me
2328 3141 2363 3174 a
2387 3136 2507 3178 TUO
2538 3137 2769 3177 LATBRE
2802 3126 3007 3177 subitus
3038 3137 3236 3179 roseo
3259 3135 3399 3178 CON-

1791 3210 2024 3258 VULSIT,
2072 3202 2357 3262 postquam
2388 3196 2602 3261 glutino
2640 3197 2881 3247 caritatis
2904 3199 3187 3248 haerentem
3226 3208 3396 3248 IMPIA

1791 3281 2113 3322 msrnaxrr
2129 3279 2390 3321 AVULSIO
2406 3287 2416 3318 :
2437 3274 2577 3321 tunc
2592 3270 2743 3321 enim
2756 3269 3005 3323 violenta
3020 3269 3287 3334 quadam,
3302 3282 3398 3321 no-

101 3344 291 3419 Ruﬁnj
307 3344 524 3419 verbis,
533 3346 597 3419 A.
619 3346 684 3395 D.
712 3343 833 3419 370.
849 3346 970 3419 jam
983 3345 1196 3419 stabat:
1213 3343 1697 3419 quotemporeali-
1720 3341 1770 3419 ρ
1793 3342 1996 3419 bisque
2010 3341 2225 3419 ignota,
2238 3341 2637 3419 persecutione
2645 3341 2709 3419 in
2720 3354 2849 3419 eum
2862 3342 3128 3419 excitata,
3142 3340 3395 3419 Aquilej‘a

100 3417 155 3467 bi
177 3417 232 3467 in
250 3415 412 3467 Italia
426 3415 650 3467 nullum
664 3416 892 3469 stetisse
903 3416 1167 3482 legimus,
1186 3417 1298 3469 nisi
1314 3417 1549 3469 fortasse
1574 3415 1690 3465 Ver-

96 3488 261 3550 cellis,
289 3487 391 3538 ubi
409 3488 651 3539 Sanctus
676 3488 958 3540 Eusebius
975 3501 1047 3541 ex
1070 3488 1298 3541 Oriente
1324 3499 1591 3540 reversus
1620 3489 1689 3537 A.

98 3560 162 3609 D.
198 3556 321 3613 362.
354 3560 732 3611 monasticam
751 3560 933 3612 vitam
954 3560 1220 3613 instituit.
1247 3562 1431 3612 Lucas
1458 3560 1690 3611 Holste-

92 3630 305 3682 niusin
326 3630 657 3694 praefatione
676 3631 749 3684 ad
779 3631 1047 3684 Codicem
1078 3630 1431 3695 Regularum
1462 3644 1585 3694 cap.
1622 3631 1690 3681 II.

96 3701 271 3754 Italos
285 3702 359 3754 ad
374 3702 755 3755 monasticam
771 3703 1008 3757 vivendi
1022 3715 1283 3755 normam
1300 3703 1597 3756 traductos
1613 3702 1695 3755 ait

95 3787 128 3826 a
145 3774 267 3840 vita
287 3774 481 3840 Sancti
500 3776 753 3840 Antonii,
771 3787 945 3840 quam
970 3776 1044 3827 ab
1060 3776 1393 3840 Athanasio,
1411 3775 1693 3840 Rhomam

103 3837 355 3903 primum
371 3836 1043 3903 adventante,’vulgatam
1066 3838 1306 3903 putavit.
1322 3838 1429 3891 Sed
1447 3837 1695 3890 Athana-

104 3911 225 3961 sius
238 3920 369 3960 eam
382 3910 576 3963 Gmce
601 3910 824 3975 scripsit
850 3912 916 3962 A.
930 3911 995 3961 D.
1011 3909 1132 3965 365.
1156 3910 1485 3963 auctoribus
1501 3921 1697 3961 mona-

100 3980 223 4031 chis
238 3980 417 4038 Italis,
435 3994 469 4033 a
484 3981 693 4045 quibus
710 3981 997 4046 ejusmodi
1015 3982 1479 4043 institutum,in0
1490 3981 1693 4033 cciden

97 4050 508 4115 tejamdudum
536 4052 645 4105 coli
668 4056 938 4118 cleptum,
971 4059 1208 4106 sanctus
1238 4055 1401 4105 Pater
1422 4053 1700 4107 insinuat-

97 4124 257 4177 initio
281 4124 491 4189 operis,
507 4123 848 4190 gratulatus,
864 4125 1017 4191 apud
1036 4138 1138 4178 eos
1170 4137 1434 4178 PLURIMA
1459 4140 1561 4175 esse
1586 4136 1699 4177 MO-

96 4200 1313 4263 Nssrsnu,ctMONAcaenumquoquejnomen
1324 4197 1698 4251 cetebre.Hanc

98 4269 403 4322 Athanasii
420 4269 598 4321 vitam
620 4281 720 4334 per
732 4269 1053 4322 tabellarios
1068 4269 1129 4321 in
1143 4269 1511 4323 Occidentem
1527 4271 1700 4335 perla-

101 4344 233 4405 tam,
261 4340 545 4405 Evagrius
570 4341 884 4406 presbyter,
920 4341 1019 4404 qui
1039 4353 1171 4392 cum
1192 4342 1440 4394 Eusebio
1471 4341 1699 4394 Vercel-

99 4412 313 4465 lensiin
328 4413 551 4464 Italiam
571 4417 824 4475 venerat,
842 4413 1079 4465 latinam
1096 4412 1230 4465 fecit
1245 4415 1312 4465 A.
1333 4415 1396 4464 D.
1416 4413 1538 4468 370.
1557 4427 1699 4465 nun-

101 4485 449 4549 cupavitque
468 4484 822 4548 Innocentio,
838 4496 969 4536 cum
982 4496 1097 4548 quo
1119 4490 1177 4537 et
1194 4486 1546 4552 Hieronymo
1560 4491 1699 4538 tunc

106 4558 163 4608 in
177 4557 476 4609 Orientem
496 4555 680 4618 rediit,
699 4558 925 4607 mortuo
935 4555 1054 4619 jam
1073 4556 1336 4608 Eusebio.
1356 4557 1497 4610 Haec
1512 4557 1697 4609 adno-

99 4630 240 4681 tavit
264 4627 593 4693 peramicus
625 4632 829 4679 noster
854 4627 1178 4679 Bernardus
1199 4639 1235 4680 a
1264 4627 1693 4681 Montefalconis

97 4700 154 4752 in
168 4702 323 4762 Vita,
335 4698 640 4751 Athanasii
654 4698 933 4763 Operibus
945 4699 1253 4763 praeposita
1266 4710 1395 4764 pag.
1413 4700 1499 4754 84.
1517 4700 1693 4763 inque

1792 3412 2065 3465 recedens
2088 3451 2103 3476 ,
2142 3412 2203 3463 in
2246 3410 2537 3464 Orientem
2579 3412 2849 3476 migravit
2885 3413 3289 3476 profectusque
3334 3413 3394 3465 in

1790 3485 1934 3536 Thrc
1946 3484 2115 3545 ciam,
2136 3483 2442 3548 Ponthum,
2474 3483 2828 3548 Bithyniam,
2847 3484 3145 3548 Galatiam,
3176 3484 3395 3549 Cappa-

1791 3555 2032 3615 dociam,
2051 3558 2110 3606 et
2124 3553 2390 3617 Ciliciam,
2406 3554 2634 3607 tandem
2650 3555 2709 3606 in
2723 3555 2946 3619 Syriam
2967 3555 3279 3616 descendit,
3295 3555 3396 3608 ubi

1790 3627 1936 3680 vixit
1955 3626 2015 3678 in
2030 3625 2339 3677 solitudine
2363 3627 2685 3677 monachus.
2711 3628 2850 3678 Haec
2873 3627 2999 3691 ejus
3010 3626 3215 3692 naviga
3226 3627 3396 3679 tionis

1790 3698 2059 3764 periodus
2090 3710 2207 3750 una
2220 3710 2354 3750 cum
2394 3700 2632 3763 Evagrio
2662 3699 3040 3762 Antiocheno,
3065 3699 3396 3763 Innocentio,

1793 3775 1850 3823 et
1872 3770 2039 3834 Hyla,
2072 3769 2319 3819 Melaniae
2349 3769 2580 3821 famulo.
2609 3770 2772 3823 Tunc
2800 3769 3110 3836 Evagrium
3139 3785 3205 3821 ea:
3236 3771 3396 3821 Italia

1791 3841 1865 3894 ad
1887 3841 2151 3893 seliteras
2167 3841 2432 3893 attulisse
2451 3846 2695 3895 testatur
2723 3842 2968 3895 Basilius
2994 3841 3301 3908 Cappadox
3332 3842 3395 3894 in

1793 3913 1941 3978 epist
1983 3924 2111 3963 VIII.
2137 3913 2210 3965 ad
2242 3912 2549 3965 Eusebium
2580 3914 3037 3967 Samosatenum.
3070 3914 3180 3966 Sed
3203 3914 3397 3979 ipsum

1793 3986 2209 4050 Hieronymum
2232 3997 2400 4036 suam
2441 3986 2953 4050 peregrinationem
2987 3988 3209 4050 Ruﬁno,
3243 3990 3396 4050 post-

1795 4058 2051 4122 quamab
2075 4056 2201 4120 ejus
2217 4055 2378 4105 latere
2407 4055 2769 4120 discesserat,
2813 4058 3211 4118 nunciantem,
3246 4068 3396 4120 prm-

1796 4132 1912 4180 stat
1942 4127 2313 4191 audireepist.
2332 4128 2373 4178 Ῑ.
2401 4126 2543 4179 alias
2568 4128 2710 4179 XLI.
2743 4128 2933 4191 (Nunc
2948 4128 3074 4190 III.)
3104 4144 3119 4177 :
3161 4128 3397 4177 Tandem

1796 4201 1857 4249 in
1887 4200 2084 4249 incerto
2117 4199 2569 4264 peregrinationis
2590 4200 2798 4250 erranti
2820 4215 2991 4265 quum
3026 4215 3109 4249 me
3144 4200 3395 4264 Thracia,

1795 4272 2019 4335 Pontus,
2046 4276 2204 4335 atque
2238 4271 2524 4336 Bithynia,
2554 4275 2824 4336 totumque
2850 4271 3073 4323 Galatiae
3108 4278 3155 4322 et
3184 4272 3401 4337 Cappa-

1796 4343 1957 4393 dociae
1974 4344 2090 4405 iter,
2107 4348 2152 4392 et
2175 4343 2380 4406 fervido
2414 4342 2641 4393 Cilicum
2674 4348 2816 4394 terra
2835 4344 3073 4408 fregisset
3112 4348 3256 4405 metu,
3290 4343 3399 4408 Sg-

1797 4416 1885 4464 ria
1904 4416 2042 4464 mihi
2062 4414 2198 4464 velut
2208 4414 2504 4477 ﬁdissimus
2516 4416 2792 4480 naufrago
2805 4420 2990 4479 portus
3013 4414 3280 4475 occurrit;
3310 4415 3401 4464 ubi

1797 4500 1888 4551 ego
1912 4486 2175 4550 quicquid
2199 4484 2508 4535 morborum
2534 4500 2638 4536 esse
2666 4491 2873 4551 poterat
2888 4490 3141 4550 exliertus
3162 4500 3232 4535 ea:
3260 4485 3399 4534 duo-

1796 4556 1892 4607 bus
1908 4557 2124 4607 oculum
2139 4572 2316 4607 unum
2336 4556 2571 4622 perdidi.
2596 4557 2971 4607 Innocentium
2985 4557 3150 4617 enim,
3182 4560 3396 4622 partem

1793 4631 1995 4682 animae
2011 4644 2152 4689 mese,
2182 4629 2422 4693 repentin
2434 4643 2495 4676 us
2503 4627 2737 4690 febrium
2751 4627 3216 4680 ardorabstraxit.
3235 4628 3397 4679 Nunc

1794 4717 1907 4753 uno
1930 4707 1976 4751 et
1991 4704 2094 4752 toto
2122 4700 2361 4764 Evagrio
2391 4710 2628 4752 NOSTRO
2654 4699 2847 4762 fruor:
2864 4700 2953 4751 cui
2976 4715 3068 4764 ego
3084 4714 3290 4764 semper
3308 4700 3398 4750 in-

98 4772 428 4836 praefatione
439 4772 512 4823 ad
528 4770 714 4843 Vitam
728 4771 917 4843 Sancti
934 4770 1163 4843 Antonii
1179 4784 1306 4836 pag.
1323 4771 1443 4826 791.
1463 4771 1554 4824 Ad
1568 4771 1693 4824 haec
1713 4770 1768 4843 D
1792 4774 2001 4838 ﬁrmus,
2032 4772 2107 4822 ad
2130 4771 2363 4821 laborem
2379 4770 2652 4833 cumulus,
2678 4772 2885 4821 accessi.
2924 4772 3086 4825 ERAT
3117 4770 3395 4822 nobiscum

98 4857 167 4895 ex
187 4842 389 4895 verbis
410 4842 676 4907 superius
692 4841 888 4897 allatis
911 4841 1099 4906 palam
1114 4847 1222 4907 est,
1253 4843 1525 4907 Rufinum
1539 4843 1694 4893 adul-

100 4922 207 4964 tum
229 4927 397 4967 sacro
421 4913 577 4966 fonte
592 4913 850 4978 Aquilejae
875 4914 1137 4976 tinctum,
1155 4919 1212 4966 et
1236 4915 1468 4979 quidem
1488 4927 1523 4968 a
1546 4915 1697 4966 Valc-

100 4988 258 5037 riano
273 4985 661 5050 metropolita,
689 4985 1156 5038 ministrantibus
1189 4986 1508 5038 Chromatio
1534 5000 1698 5053 pres-

100 5060 316 5124 bytero,
351 5056 549 5108 Jovino
578 5057 1007 5112 Archidiacono.
1053 5062 1113 5109 et
1157 5057 1384 5109 Eusebio
1411 5059 1695 5112 Diacono:

101 5143 246 5194 quos
270 5135 390 5182 tres
410 5134 685 5193 tanquam
697 5126 1052 5194 superstites,
1067 5134 1126 5182 et
1137 5130 1449 5196 episcopali
1464 5130 1699 5184 charac-

101 5207 216 5254 tere
232 5201 589 5254 venerabiles
606 5204 671 5255 Α.
695 5203 755 5253 D.
774 5199 897 5256 400.
909 5199 965 5251 in
980 5213 1106 5254 sum
1118 5202 1251 5254 ﬁdei
1270 5207 1450 5256 testes
1462 5203 1699 5267 Rufinus

99 5274 413 5332 advocans.
438 5274 678 5337 antiquo
694 5278 753 5325 et
765 5272 988 5338 proprio
1009 5273 1292 5327 vocabulo
1304 5280 1500 5340 patres,
1528 5280 1700 5339 atque

98 5344 246 5407 alibi,
269 5348 336 5397 ut
351 5348 555 5410 postea
574 5344 779 5406 dicam,
794 5346 1044 5410 parentes
1061 5344 1229 5396 dixit:
1274 5357 1420 5409 quos
1449 5346 1698 5409 majores

99 5417 277 5468 nostri
307 5416 481 5469 etiam
500 5430 794 5481 sponsores,
810 5421 1146 5479 susceptores,
1165 5416 1513 5480 ﬁdejussores,
1530 5420 1587 5468 et
1601 5416 1701 5469 de-

100 5500 261 5539 mum
274 5487 527 5553 patrinos
538 5487 807 5539 dixerunt
837 5487 997 5540 Idem
1006 5487 1240 5551 Ruﬁnus
1249 5487 1363 5540 huc
1373 5488 1627 5553 respexit
1640 5488 1699 5541 in

101 5559 364 5625 Apologia
389 5572 491 5624 pro
504 5558 617 5611 ﬁde
629 5557 815 5611 suaad
827 5560 1203 5613 Anastasium
1218 5559 1576 5613 Pontiﬁcem:
1594 5560 1700 5611 haec

102 5630 249 5682 nobis
284 5630 743 5681 deresurrectione
775 5631 980 5682 tradita
1001 5637 1145 5693 sunt,
1170 5646 1204 5682 α
1229 5630 1423 5697 quibus
1453 5635 1700 5682 sanctum

101 5701 364 5767 baptisma
401 5704 463 5752 in
498 5701 830 5768 Aquilejensi
864 5701 1098 5753 Ecclesia
1128 5704 1438 5767 consequuti
1470 5717 1696 5755 sumus:

102 5780 359 5840 quzpulo
376 5775 497 5839 ipsa
513 5788 633 5835 esse,
656 5788 772 5839 qua
804 5774 967 5824 etiam
992 5774 1291 5839 Apostolica
1317 5774 1472 5824 Sedes
1495 5774 1700 5824 tradere

104 5850 148 5893 et
162 5845 343 5897 docere
373 5845 666 5906 consuevit,
696 5846 835 5899 Haec
857 5849 1110 5911 arguunt
1139 5844 1369 5911 lapsum
1405 5846 1611 5911 Dupini
1639 5846 1698 5898 in

106 5920 256 5970 torno
291 5919 380 5969 III.
399 5916 782 5979 Bibliotheca),
801 5919 1063 5981 Ruﬁnum
1091 5917 1151 5970 in
1172 5918 1494 5968 monasterio
1517 5918 1701 5981 bapti-

108 5995 298 6044 zatum
316 5990 443 6045 rati.
464 5991 595 6047 Non
610 5989 761 6043 enim
772 5990 832 6043 in
843 5989 960 6043 ullo
975 5990 1347 6055 monasterio,
1363 5989 1464 6044 sed
1478 5994 1700 6045 tantum

1793 4851 1839 4896 et
1857 4844 2027 4908 Hylas
2040 4843 2246 4894 Sancte
2261 4843 2506 4893 Melaniae
2520 4842 2783 4907 famulus,
2800 4844 2899 4908 qui
2920 4843 3158 4908 puritate
3174 4858 3393 4893 morum

1796 4917 2070 4967 maculam
2089 4916 2358 4966 servitutis
2384 4915 2645 4975 abluerat,
2668 4922 2714 4965 et
2736 4916 2823 4966 hic
2847 4916 3075 4966 necdum
3108 4916 3395 4966 obductam

1794 4988 2006 5037 rescidit
2026 4986 2344 5038 cicatricem.
2360 4988 2554 5038 Verum
2573 4986 2706 5052 quia
2725 4987 2786 5037 de
2802 4998 3259 5042 DORMIBNTIBUS
3277 5003 3396 5037 con-

1798 5059 2006 5109 tristari
2021 5058 2260 5123 Apostoli
2280 5072 2396 5108 voce
2423 5058 2792 5124 prohibemur,
2812 5064 2902 5110 etc.
2937 5060 3170 5123 Ruﬁnus
3200 5058 3394 5125 paullo

1797 5135 1947 5196 post,
1969 5128 2173 5181 eodem
2193 5132 2389 5181 tamen
2409 5141 2561 5182 anno
2578 5128 2699 5185 37l.
2729 5142 2842 5195 quo
2865 5130 3195 5196 baptismum
3220 5130 3394 5193 Aqui-

1797 5201 1928 5265 lejm
1983 5204 2333 5263 susceperat,
2378 5199 2755 5253 Orientalium
2781 5202 3199 5254 monachorum
3239 5200 3393 5253 fama

1798 5286 1829 5325 e
1841 5272 1997 5336 tipse
2025 5274 2340 5335 permotus,
2362 5282 2496 5322 cum
2513 5272 2770 5336 Melania,
2787 5272 3173 5326 Romanarum
3191 5271 3392 5324 mulie-

1797 5356 1926 5396 rum
1958 5342 2332 5401 nobilissima,
2362 5342 2819 5406 Hierosolymam
2852 5345 3143 5411 cogitavit.
3189 5343 3398 5396 Hiero-

1798 5428 2010 5479 nymus
2019 5415 2100 5467 rei
2117 5414 2348 5481 nunciq,
2362 5425 2396 5465 a
2408 5413 2604 5464 Paullo
2617 5414 3000 5466 Concordiensi
3015 5418 3267 5481 accepto,
3289 5416 3393 5480 qui

1799 5468 2131 5541 Tertulliani
2151 5468 2410 5537 Codic‘bm
2429 5485 2502 5537 ab
2531 5485 2731 5548 Ruﬁno
2756 5486 2867 5538 sibi
2894 5468 3386 5551 restituriilagita-

1801 5561 1916 5622 bat,
1942 5558 2138 5611 statim
2154 5556 2609 5622 Hierosolymam
2624 5555 2697 5608 ad
2713 5557 3046 5608 Florentium
3065 5560 3291 5625 Aquuej
3299 5572 3392 5612 en.

1800 5644 1941 5694 sem,
1974 5630 2167 5683 literas
2207 5630 2405 5694 Ruﬁno
2435 5626 2776 5692 reddendas,
2800 5642 2958 5681 nunc
2982 5630 3394 5696 tamendeper-

1800 5703 1967 5763 ditas,
1995 5703 2167 5754 misit.
2200 5702 2418 5753 Harum
2445 5700 2529 5751 sic
2548 5698 2816 5751 meminit
2852 5700 3014 5764 epist.
3049 5702 3118 5765 II,
3141 5700 3286 5753 alias
3318 5703 3385 5752 V.

1798 5775 1987 5837 (Nunc
2006 5775 2118 5837 IV.)
2137 5774 2275 5833 Quia
2286 5783 2519 5825 FRATER
2533 5770 2794 5835 Rufinus,
2810 5772 2907 5836 qui
2927 5786 3051 5822 cum
3075 5771 3276 5823 Sancta
3289 5773 3395 5823 Me-

1800 5845 1951 5895 lania
1976 5845 2042 5895 ab
2053 5846 2285 5910 Egi/pta
2297 5842 2729 5906 Ilierosolymam
2741 5842 2938 5893 venisse
2956 5854 3294 5905 NARRATUR,
3313 5844 3394 5893 in-

1800 5918 2025 5967 dividua
2036 5919 2178 5967 mihi
2189 5916 2563 5983 germanitatis
2576 5915 2798 5966 caritate
2808 5930 3083 5968 connexus
3092 5922 3179 5979 est,
3196 5930 3387 5980 quaeso,

1800 5995 1858 6039 ut
1895 5990 2173 6053 epistolam
2204 6004 2407 6053 meam,
2432 5988 2559 6040 huic
2584 5987 2810 6054 epistola
2850 5992 2950 6040 tua;
2977 5989 3310 6055 copulatam,
3341 5992 3390 6038 et
