3902 6412
97 425 156 479 85
1364 425 1540 479 VITA
1569 424 1701 479 LIB.
1737 427 1778 479 I.
1817 426 1968 480 CAP.
1995 428 2063 481 II.
3295 448 3366 503 86

95 540 355 620 amiserat,
383 543 529 620 teste
553 537 801 620 {sileam
824 551 946 620 cap.
966 539 1185 620 CXVII.
1212 541 1667 620 cuisuirragatur
1687 545 1743 620 Α
1771 543 1931 620 ribus
1953 543 2113 620 libris
2143 545 2203 598 in
2224 545 2476 612 vulgatae
2500 550 2559 602 et
2606 551 2969 619 primigenia
3011 556 3272 613 lectionis
3301 562 3368 615 il-

95 611 340 696 Ifaulizius
361 610 525 675 epist.
560 611 772 696 XXIX.
796 610 944 696 alias
966 612 1038 663 X.
1065 611 1117 696 ἓ.
1190 614 1291 665 ubi
1320 614 1391 667 de
1426 615 1670 696 Melania
1687 610 1743 620 "
1771 615 2099 696 demtinter
2115 631 2177 670 se
2201 610 2685 696 conspirantibus,
2715 610 2957 680 eandem
2994 610 3053 682 et
3080 610 3368 696 ipse—reii-

93 684 188 735 ait:
221 683 718 749 TBNRRIS_ADHUC
765 693 948 735 ANNIS
980 683 1205 748 nuptias
1244 699 1421 749 passa,
1449 691 1495 736 et
1527 686 1670 736 brevi

92 759 259 804 mater.
279 752 379 804 Sed
401 768 463 803 ea
488 747 734 815 felicitate
756 747 1075 804 mortalium
1108 769 1221 805 non
1240 747 1463 821 longum
1500 756 1671 821 potita

94 832 169 885 est,
198 840 259 874 ne
279 825 374 875 diu
397 829 610 874 terrena
633 824 889 889 diligeret.
932 826 1256 879 Audiantur
1279 829 1457 880 verba
1482 828 1672 880 Hiero-

96 897 268 961 nymi:
288 896 543 960 nunquid
569 899 614 944 et
627 909 721 961 ego
740 911 850 946 non
872 912 1079 962 possem
1102 908 1570 952 PROFBCTIONBM
1595 906 1671 949 tu-

97 968 469 1017 amdiscutere?
495 967 664 1031 Cujus
684 969 853 1016 atatis
875 968 1046 1030 fueris
1069 972 1091 1019 ?
1116 971 1259 1019 unde
1274 971 1298 1019 .9
1323 976 1669 1036 quotempore

96 1039 353 1103 nauigaris
376 1038 394 1087 l
416 1038 506 1087 ubi
519 1040 720 1089 vixeris
741 1040 767 1088 9
790 1039 990 1098 Quibus
1011 1040 1356 1105 interfueris?
1388 1043 1489 1093 Sed
1513 1041 1665 1103 absit,

98 1117 148 1160 ut
162 1111 294 1175 quod
308 1111 367 1159 in
386 1115 431 1160 te
444 1110 791 1175 reprehendo,
808 1111 1013 1172 faciam
1024 1128 1041 1172 ;
1054 1117 1098 1161 et
1116 1113 1176 1161 in
1199 1113 1546 1163 ecclesiastica
1558 1114 1669 1163 dis-

99 1182 354 1245 putatione
363 1182 605 1231 anilium
614 1181 933 1245 jurgiorum
946 1183 1302 1234 deliramenta
1317 1200 1415 1234 con
1412 1185 1668 1250 jungam.

98 1253 193 1302 Hoc
211 1252 373 1302 solum
404 1252 707 1317 prudentia
737 1258 838 1302 tua
861 1253 1061 1304 dixisse
1097 1255 1354 1319 sufﬁciat,
1390 1260 1448 1306 ut
1484 1270 1669 1306 caveas

98 1325 149 1372 in
170 1324 387 1373 alterum
423 1323 610 1384 dicere,
650 1324 912 1389 quicquid
945 1325 1009 1374 in
1061 1331 1106 1376 te
1146 1327 1329 1377 statim
1372 1327 1668 1392 retorqueri

95 1400 251 1458 potest.

150 1466 195 1519 ὅ.
215 1466 436 1528 Rufinus
456 1464 890 1518 inoccidentem
922 1479 1210 1529 reversus,
1243 1469 1457 1522 iterum
1494 1469 1668 1523 Mela-

95 1538 193 1589 nia
207 1536 439 1600 spiritali
457 1537 549 1585 via
575 1551 759 1591 comes.
785 1538 1243 1604 Hierosolymam
1278 1542 1581 1607 navigans,
1608 1542 1667 1594 in

96 1608 265 1658 Sicilia
313 1608 471 1669 obiit,
508 1613 578 1661 ut
605 1621 712 1661 suo
746 1609 870 1662 loce
901 1613 1251 1663 monstrabo.
1300 1613 1439 1665 Hac
1474 1613 1669 1665 omnia

97 1682 335 1742 Rufinum
361 1679 613 1730 Melania
628 1680 925 1734 comitatui
954 1683 1026 1733 ab
1043 1682 1225 1747 initio,
1246 1683 1371 1737 sive
1393 1685 1467 1737 ab
1504 1686 1571 1736 A.
1598 1686 1668 1737 D.

94 1751 199 1807 371.
223 1751 527 1815 addictum,
539 1752 615 1803 ob
633 1752 830 1804 oculos
847 1758 1088 1817 ponunt.
1107 1755 1190 1807 De
1209 1755 1451 1805 Melania
1465 1756 1666 1808 Hiero-

91 1836 278 1888 nymus
300 1824 359 1875 in
380 1823 659 1875 Chronico
681 1834 833 1877 anno
854 1825 921 1875 II.
950 1825 1303 1891 Olympiadis
1326 1824 1449 1881 288.
1475 1828 1658 1880 Abra-

93 1872 666 1949 ῐιέιῐῖἐὲὗοῗὰιιῖἰέίί
686 1872 1041 1948 Esaiam“
1056 1872 1357 1961 Ξῖ)ᾜὲὧῖ
1364 1872 1659 1952 Esse—liis-
1678 1872 1731 1947 Β

92 1979 226 2029 nam,
242 1965 357 2020 375.
387 1965 615 2019 decimo
630 1966 849 2031 imperii
874 1966 1263 2021 Valentiniani
1295 1974 1353 2022 et
1374 1969 1662 2035 Valentis;

93 2038 176 2101 qui
189 2037 573 2103 Chronologici
607 2038 967 2092 characteres
1004 2045 1335 2105 congruunt
1354 2053 1507 2095 anno
1530 2043 1661 2096 Dio-

92 2110 306 2172 nyslano
320 2108 440 2164 373.
476 2109 606 2161 hac
638 2110 836 2162 scribit
868 2111 1147 2161 :Melania
1180 2112 1519 2163 nobilissima
1538 2129 1662 2164 mu-

94 2180 263 2230 lierum
289 2181 667 2231 Romanarum
695 2186 741 2231 et
762 2182 1083 2244 Marcellini,
1110 2185 1389 2248 quondam
1413 2187 1661 2237 Consulis

92 2253 190 2313 filia
210 2254 377 2313 unico,
403 2254 639 2303 Pratore
669 2258 795 2303 tunc
830 2253 1061 2319 urbano,
1086 2256 1200 2317 ﬁlio
1238 2256 1498 2318 derelicto,
1529 2258 1660 2308 Hie-

93 2324 388 2388 rosolymam
426 2325 748 2388 navigavit:
780 2324 873 2375 ubi
923 2332 1137 2376 tantum
1160 2328 1445 2390 virtutum,
1470 2330 1661 2394 praci-

92 2410 285 2460 puseque
321 2396 654 2449 humilitatis
685 2396 793 2459 fuit
833 2397 1119 2459 miraculo,
1152 2405 1214 2448 ut
1242 2400 1434 2450 Thecla
1462 2415 1658 2451 nomen

92 2469 332 2531 acceperit.
359 2468 475 2520 Viri
495 2467 649 2520 docti
666 2468 1010 2533 jampridem
1031 2473 1326 2535 notarunt,
1341 2472 1659 2537 Melanium,

93 2552 191 2590 non
203 2541 395 2604 filiam,
418 2539 524 2592 sed
548 2545 755 2604 neptem
773 2540 951 2593 fuisse
973 2542 1299 2606 Marcellini,
1324 2543 1424 2607 qui
1457 2544 1659 2596 consul

95 2613 342 2675 processit
363 2616 430 2665 A.
456 2614 527 2664 D.
550 2610 672 2666 241.
690 2614 757 2664 In
777 2613 961 2677 prima
975 2614 1226 2667 editione
1261 2615 1663 2669 Mombritiana

95 2695 194 2735 non
211 2683 426 2748 legitur,
450 2688 523 2736 ut
549 2684 612 2736 in
624 2683 1025 2750 Scaligeriana,
1042 2685 1300 2749 Marcelli,
1323 2687 1424 2740 sed
1438 2688 1660 2738 Marcel-

97 2754 197 2815 lini,
211 2757 490 2820 quomodo
516 2756 727 2809 saculo
749 2758 846 2808 IX.
874 2757 1011 2821 legit
1026 2758 1323 2811 Freculfus
1347 2760 1413 2825 in,
1437 2760 1663 2813 Chroni-

97 2826 163 2877 cis
174 2832 314 2880 temo
336 2829 401 2879 II.
420 2828 518 2880 lib.
542 2827 644 2879 IV.
672 2839 794 2893 cap.
820 2828 973 2879 XXI.
1001 2828 1091 2882 Sic
1116 2829 1291 2881 etiam
1314 2830 1374 2882 in
1398 2830 1661 2883 editioni-

101 2897 191 2947 bus
218 2898 481 2962 Sichardi,
525 2899 775 2962 Pontaci,
823 2904 882 2951 et
916 2898 1124 2962 Mirai;
1152 2900 1420 2965 idemque
1445 2902 1661 2956 habent

102 2969 355 3022 Palladius
378 2971 619 3023 Gracus
646 2982 768 3033 cap.
796 2971 1015 3022 CXVII.
1046 2976 1104 3024 et
1126 2972 1454 3025 Heraclides
1481 2973 1660 3027 inter-

104 3051 211 3102 pres
230 3040 462 3104 latinus;
491 3040 684 3105 aptius
699 3053 877 3105 quam
897 3042 1216 3096 Gentianus
1230 3044 1533 3109 Hervetus,
1563 3047 1661 3110 qui

101 3110 311 3161 Marcelli
326 3124 425 3177 pro
455 3111 767 3163 Marcellini
787 3113 1071 3177 expressit
1092 3113 1151 3166 in
1181 3126 1288 3167 sua
1322 3114 1501 3168 latina
1535 3130 1661 3170 ver-

100 3180 236 3235 sione
248 3181 495 3236 Palladii.
523 3184 769 3236 Sanctus
790 3184 1064 3238 Paulinus
1092 3185 1259 3249 epist.
1295 3187 1486 3239 XXIX
1520 3187 1659 3242 alias

101 3252 220 3326 X.»r§.
237 3254 284 3308 6.
307 3260 363 3307 et
385 3252 436 3310 8.
463 3267 596 3308 eam
621 3254 926 3306 consulibus
958 3256 1075 3306 avis
1110 3248 1377 3322 nobilem,
1414 3260 1472 3311 et
1511 3260 1662 3310 Mar-
1681 3248 1732 3326 ρ

98 3324 256 3375 cellino
279 3327 502 3378 Consule
528 3342 628 3377 avo
642 3332 981 3393 prognatam
1006 3328 1303 3393 pradicet:
1330 3330 1424 3382 cui
1441 3331 1662 3384 accedit

97 3394 303 3459 Rufinus
323 3398 621 3464 Apologia
642 3398 738 3450 lib.
766 3401 832 3450 Il.
860 3412 989 3465 pag.
1022 3398 1143 3455 436.
1177 3400 1279 3453 ubi
1316 3402 1491 3455 verba
1526 3403 1660 3455 Hie-

99 3470 293 3531 ronymi
303 3470 420 3534 jam
435 3469 692 3522 adducta
706 3470 954 3522 recitans
970 3483 1043 3523 ex
1062 3483 1169 3523 suo
1185 3470 1381 3525 codice
1396 3473 1659 3527 Chronici

97 3537 387 3603 Eusebiani,
425 3554 549 3594 non
576 3541 818 3591 Marcelli
852 3554 961 3595 nec
997 3542 1303 3593 Marcellini
1324 3542 1527 3607 filiam,
1558 3546 1659 3599 sed

97 3609 367 3663 Marcellini
397 3613 648 3664 Consulis
668 3620 879 3678 neptem
904 3614 1166 3679 appellat.
1192 3615 1433 3666 Paulino
1466 3622 1660 3670 tamen

94 3686 139 3731 ct
156 3682 344 3745 Rufino
354 3698 473 3749 pra
493 3684 622 3737 aliis
637 3684 1054 3738 adharendum
1068 3698 1394 3751 censemus,
1414 3701 1659 3752 quorum

96 3754 222 3815 prior
233 3757 680 3821 consanguineus,
694 3762 937 3821 uterque
961 3756 1222 3811 Melania
1244 3760 1656 3822 amicissimus;

98 3836 245 3895 quare
266 3827 350 3878 vel
370 3828 555 3890 filiam
578 3840 679 3892 pro
693 3834 844 3893 nepte
854 3834 1206 3892 usurparunt
1222 3830 1420 3879 Hieron
1433 3847 1588 3895 y-mus
1602 3837 1661 3885 et

99 3894 280 3946 Palladi
289 3914 362 3961 us,
380 3898 536 3962 quod
549 3900 832 3951 Pontacus
844 3903 902 3952 et
912 3900 1121 3965 Pagius
1132 3894 1489 3954 contendunt
1510 3905 1523 3965 (
1542 3916 1659 3956 non

98 3968 227 4018 enim
247 3968 304 4020 in
324 3970 627 4033 utriusque
658 3971 848 4033 verba,
875 3973 942 4023 ut
974 3983 1130 4022 nunc
1159 3972 1653 4038 circumferuntur,

99 4038 340 4092 mendum
363 4041 665 4107 irrepsisse
676 4040 837 4094 facile
847 4042 1120 4107 dixerim)
1141 4043 1228 4094 vel
1239 4043 1366 4105 filia
1391 4044 1498 4097 fuit
1514 4046 1659 4097 Mar-

97 4107 270 4175 cellini,
303 4111 569 4165 Consulis
598 4114 663 4163 A.
696 4113 759 4163 D.
795 4110 915 4167 341.
950 4118 1007 4165 et
1042 4114 1213 4177 neptis
1249 4113 1483 4167 alterius
1515 4117 1661 4169 Mar-

98 4180 415 4243 cellini,item
433 4182 700 4235 Consulis
711 4185 779 4235 A.
797 4185 864 4235 D.
877 4182 999 4237 275.
1013 4188 1080 4236 ut
1091 4185 1217 4249 conj
1226 4185 1336 4237 ecit
1354 4187 1655 4247 Pontacus,

99 4250 175 4300 cui
206 4253 496 4319 suil‘ragari
535 4253 961 4317 quodammodo
996 4259 1194 4319 posset
1234 4257 1510 4321 vulgatus
1548 4261 1662 4312 I-Ie-

98 4322 322 4386 raclides,
346 4337 474 4378 eam
500 4336 722 4377 vocans
741 4325 925 4389 filiam
958 4326 1270 4378 Marcellini
1288 4327 1411 4391 jam
1440 4330 1661 4381 Excan-

98 4392 224 4456 sulis,
251 4396 397 4459 quod
419 4395 735 4449 Palladium
756 4397 945 4449 Crace
960 4395 1292 4461 loquentem
1304 4398 1547 4453 fideliter
1560 4415 1661 4454 ex-

99 4464 285 4538 primit:
305 4475 384 4518 τοῦ
400 4468 498 4518 ἀπὸ
522 4467 740 4538 ὑπάτων.
767 4468 889 4519 Hoc
902 4467 1054 4519 idem
1071 4468 1452 4533 Hieronymus
1471 4473 1660 4538 expri-

97 4536 184 4606 mit
204 4550 406 4591 vocans
434 4537 741 4587 Marcellini
778 4549 1075 4602 QUONDAM
1103 4540 1337 4590 consulis
1364 4536 1566 4606 filiam,
1592 4550 1659 4598 ut,

1770 688 2040 769 mendam
2066 691 2311 769 censuit,
2336 693 2491 769 quod
2527 688 2680 759 fugit
2710 688 3155 766 Tillemontium,
3196 706 3368 769 priori

1769 760 2019 813 editione
2063 764 2462 817 tantummodo
2500 779 2691 818 usum.
2746 770 2929 830 Quare
2968 760 3215 824 Melaniae
3250 776 3368 829 ﬁlio

1768 833 2067 911 Publicolae2
2083 834 2271 886 adhuc
2285 848 2479 911 puero,
2500 845 2797 902 praturam
2809 841 3081 892 urbanam
3101 846 3174 897 ob
3190 860 3369 911 gene-

1768 906 1846 956 ris
1871 905 2250 970 splendorem,
2283 906 2530 960 delatam
2560 911 2920 976 Rosweydus
2945 918 3141 967 tuetur
3163 905 3362 971 siem-

1767 976 1884 1055 plis_
1894 990 2091 1055 eorum
2109 981 2449 1055 temporum,
2479 980 2689 1055 quibus
2711 987 2769 1035 et
2797 984 3051 1047 prafecti
3078 992 3364 1055 pratorio,

1767 1054 1824 1101 et
1847 1048 2122 1101 Consules
2146 1049 2337 1113 etiam,
2363 1051 2524 1115 pueri
2556 1052 2804 1106 fuerunt.
2828 1056 2948 1107 Hac
2970 1057 3041 1109 de
3066 1048 3126 1110 re
3156 1048 3366 1115 censu-1

1765 1121 1918 1173 latur
1937 1121 2273 1173 Theodorus
2299 1123 2667 1176 Sitzmannus
2686 1126 2745 1176 in
2757 1127 3365 1186 Animadversionibus

1766 1193 1839 1245 ad
1856 1192 2051 1245 Rutilii
2074 1193 2496 1259 Hodaporicon
2511 1209 2631 1249 ver.
2658 1196 2780 1254 173.
2800 1199 3051 1252 Thomas
3063 1202 3365 1257 Reneisius

1767 1265 2068 1317 Variarum
2081 1267 2417 1319 Lectionum
2442 1268 2538 1319 lib.
2561 1270 2629 1320 II.
2649 1281 2773 1334 cap.
2796 1271 2921 1322 XV.
2940 1274 2997 1324 et
3014 1274 3275 1327 Norisius
3290 1276 3364 1328 ad

1767 1337 2116 1402 Cenotaphia
2160 1339 2364 1411 Pisana
2399 1339 2639 1411 Dissert.
2680 1343 2749 1393 II.
2796 1354 2918 1408 cap.
2956 1347 3021 1395 II.
3072 1358 3202 1411 pag.
3242 1348 3360 1403 103.

1766 1413 2022 1482 Nequeo.
2040 1421 2175 1462 vero
2198 1410 2338 1482 abiit
2368 1409 2769 1465 Tillemontius
2793 1415 2949 1467 tome
2973 1416 3044 1467 X.
3075 1409 3214 1482 pag.
3240 1416 3363 1472 823.

1766 1486 1947 1545 ratus,
1963 1480 2120 1533 hunc
2135 1480 2382 1533 eundem
2414 1482 2747 1533 Publicolam
2784 1489 2987 1549 postea
3016 1480 3224 1541 Sancto
3247 1492 3366 1541 Au-

1765 1555 1995 1617 gustino
2015 1554 2313 1617 scripsisse
2338 1554 2641 1619 epistolam
2660 1557 2854 1608 XLVI.
2882 1558 3021 1610 alias
3046 1560 3219 1613 CLIII.
3252 1562 3365 1611 Pu-

1766 1625 2028 1688 blicolam,
2060 1624 2224 1689 quasi
2246 1625 2575 1690 Poplicolam
2612 1631 2672 1679 et
2708 1628 3081 1692 Populicolam
3117 1643 3221 1683 seu
3262 1632 3365 1681 Po-

1762 1697 1882 1762 puli
1907 1695 2179 1757 cultorem,
2206 1696 2674 1760 antiquissimum
2708 1711 3030 1763 cognomen
3072 1701 3135 1753 in
3162 1702 3362 1754 eadem

1763 1774 1935 1834 gente
1950 1768 2174 1821 Valeria
2189 1780 2263 1822 ex
2275 1768 2629 1834 Menagianis
2654 1775 2811 1823 tomo
2836 1772 2929 1824 III.
2955 1784 3084 1838 pag.
3101 1772 3360 1831 190-398.

2404 1870 2634 1924 CAPUT
2658 1872 2725 1922 ΙΙ.

1760 1971 1801 2021 Ι.
1832 1964 1909 2015 De
1931 1962 2119 2025 Ruﬁni
2148 1966 2194 2011 et
2228 1960 2475 2010 Melaniae
2509 1960 2909 2011 Alexandriam
2949 1962 3183 2013 adventu
3211 1980 3364 2015 nun-

1823 2039 1936 2088 cius
1959 2035 2028 2085 od
2054 2033 2453 2097 Hieronymum
2474 2032 2537 2080 in
2562 2032 2737 2097 Syria
2764 2033 2960 2084 deserto
3002 2034 3258 2098 perlatus.
3292 2038 3360 2088 II.

1821 2111 1944 2161 Post
1959 2107 2160 2157 obitum
2171 2103 2466 2155 Athanasii
2488 2104 2720 2167 Rufinus
2736 2105 2798 2155 in
2812 2104 3058 2155 Nitriam
3067 2106 3236 2170 fugit,
3249 2122 3363 2171 per-

1821 2182 2084 2232 secutione
2108 2177 2170 2226 in
2188 2175 2486 2227 Catholicos
2502 2176 2751 2229 excitata.
2779 2178 2873 2228 IlI.
2892 2176 2999 2227 Pro
3017 2178 3122 2241 fide
3129 2183 3358 2243 patitur.

1821 2254 1915 2305 IV.
1942 2249 2183 2302 Melania
2215 2248 2417 2299 Christi
2432 2248 2751 2311 confessores
2772 2248 3031 2312 sequitur.
3059 2251 3127 2302 V.
3162 2249 3363 2308 Quibus

1820 2323 1887 2373 ab
1907 2321 2098 2373 exsilio
2113 2319 2384 2380 revocatis,
2409 2319 2739 2369 Diocsesarea
2761 2318 3193 2383 Hierosolymam
3208 2321 3355 2383 petit.

1822 2397 1915 2447 VI.
1938 2394 2169 2456 Rufinus
2201 2390 2523 2440 sexennium
2544 2391 3037 2454 agitAlexandria,
3069 2390 3163 2440 ubi
3184 2391 3361 2457 Didy-

1820 2480 1974 2516 mum
1997 2468 2043 2513 et
2067 2461 2422 2526 Theophilum
2456 2460 2630 2513 audit.
2656 2462 2775 2513 VII.
2809 2461 3245 2526 Hierosolymam
3276 2478 3361 2526 pe-

1824 2538 1901 2599 tit,
1935 2536 2063 2587 hinc
2078 2533 2317 2583 Melania
2338 2532 2739 2582 Alexandriam
2754 2533 3013 2584 excurrit.
3038 2534 3186 2586 VIII.
3204 2534 3359 2596 Rufi-

1820 2622 1926 2658 nus
1945 2607 2073 2657 sein
2100 2602 2348 2669 operibus
2378 2602 2625 2653 caritatis
2658 2609 2877 2656 exercet.
2902 2604 3001 2655 IX.
3033 2605 3080 2654 Α
3121 2604 3358 2657 Bacurio

1821 2681 1956 2743 Rege
1979 2677 2272 2736 Iberorum,
2310 2680 2355 2725 et
2378 2673 2445 2725 ab
2468 2675 2695 2737 Ai'disio,
2718 2676 3021 2741 Ai'tiopum,
3046 2675 3120 2725 ad
3156 2676 3358 2727 Christi

1820 2752 1981 2814 fidem
2005 2747 2397 2801 conversionem
2426 2746 2599 2798 audit.
2627 2747 2697 2799 X.
2722 2747 2988 2799 Narratio
3025 2748 3221 2810 Ruﬁni
3257 2764 3358 2800 ex—

1820 2823 2057 2887 plicatur
2071 2825 2230 2884 atque
2245 2818 2571 2881 defenditur.

1822 2906 1863 2955 I.
1889 2900 2131 2954 Melania
2147 2899 2432 2963 ingruente
2451 2898 2575 2961 jam
2604 2898 2776 2948 hieme
2813 2900 2879 2952 Α.
2931 2900 2995 2951 D.
3023 2898 3146 2955 371.
3174 2911 3354 2963 quum

1758 2987 1831 3027 ex
1847 2972 2097 3026 Ostiensi
2126 2972 2292 3035 portu
2313 2971 2572 3022 Romano
2595 2968 2886 3031 solvisset,
2913 2969 3154 3022 ineunte
3186 2974 3255 3022 A.
3283 2972 3354 3022 D.

1759 3045 1881 3101 372.
1899 3042 2304 3096 Alexandriam
2314 3039 2606 3105 adplicuit,
2622 3039 2812 3092 adhuc
2824 3040 3134 3106 superstite
3146 3042 3355 3093 Sancto

1759 3114 2073 3170 Athanasio
2084 3111 2244 3165 urbis
2266 3112 2551 3176 episcopo.
2565 3113 2854 3176 Interpres
2867 3111 3083 3167 latinus
3103 3110 3356 3174 Palladii,

1760 3188 1859 3254 qui
1879 3187 2017 3239 latet
2036 3185 2146 3237 sub
2167 3183 2400 3254 nomine
2428 3182 2742 3245 Heraclidis,
2761 3182 2820 3236 id
2844 3183 3154 3248 contigisse
3167 3182 3253 3254 ait,
3270 3181 3357 3254 in-

1760 3252 1836 3310 ter
1853 3256 2136 3324 principia
2161 3253 2391 3305 Valentis
2415 3254 2640 3318 Imperii
2654 3267 2776 3319 cap.
2796 3255 3058 3306 XXXIII.
3083 3266 3209 3324 pag.
3230 3252 3354 3308 973.

1759 3323 2022 3383 editionis
2044 3324 2367 3389 Rosweydi.
2393 3324 2540 3376 Hinc
2567 3324 2677 3377 viri
2701 3325 2854 3377 docti
2878 3324 3123 3378 strictim
3144 3323 3219 3376 ad
3241 3324 3357 3372 ini-

1759 3403 1895 3450 tium
1921 3397 2178 3451 Valentis
2204 3395 2429 3460 Imperii
2460 3394 2718 3449 Melania
2740 3397 2849 3449 iter
2881 3399 3208 3449 traxerunt.
3250 3392 3359 3447 Sed

1758 3473 2075 3526 Gentianus
2104 3471 2393 3521 Hervetus
2417 3468 2628 3521 Craca
2666 3468 2936 3521 dictionis
2969 3480 3210 3521 sensum
3230 3478 3363 3531 pro-

1756 3546 1887 3610 pius
1908 3543 2240 3603 adsecutus,
2287 3538 2499 3589 Valente
2534 3540 2777 3610 Augusto
2820 3545 3024 3591 tenente
3056 3538 3358 3610 imperium

1758 3604 2053 3669 transtulit
2068 3615 2266 3665 Graca
2287 3612 2485 3674 verba,
2517 3604 2791 3669 Οὺάλεντος
2813 3618 2897 3664 τοῦ
2922 3612 3176 3669 Βασιλέως
3197 3604 3357 3677 ἀρχὴν

1759 3690 1959 3756 ἔχοντος
1992 3698 2113 3750 cap.
2153 3683 2397 3756 CXVIII.
2446 3684 2513 3734 In
2544 3682 2899 3756 Bibliotheca
2936 3685 3175 3756 Patrum
3202 3683 3266 3733 G.
3295 3683 3355 3733 L.

1758 3752 2024 3812 editionis
2066 3755 2408 3808 Morelliana
2450 3754 2787 3807 Parisiensis
2822 3758 2892 3807 A.
2933 3757 2998 3807 D.
3027 3752 3185 3809 1634.
3218 3756 3355 3805 tom.

1756 3833 1905 3883 XIII.
1938 3843 2067 3894 pag.
2093 3826 2357 3891 lO3i,Ibi
2382 3826 2642 3889 Melania,
2685 3832 2751 3878 ut
2795 3828 2876 3879 ait
2916 3825 3203 3880 Palladius
3233 3837 3355 3889 cap.

1759 3903 1977 3955 CXVII.
2022 3912 2195 3964 quum
2240 3912 2323 3946 res
2356 3912 2484 3947 suas
2520 3898 2858 3959 vendidisset,
2904 3898 3147 3961 ingressa
3188 3901 3259 3944 est
3298 3896 3361 3944 in

1757 3975 1994 4024 Montem
2024 3970 2219 4020 Nitria
2245 3968 2467 4019 Sanctos
2490 3969 2675 4018 Patres
2700 3968 3019 4019 conveniens
3055 3966 3278 4027 Pambo,
3314 3971 3359 4015 et

1765 4043 1967 4097 Christi
1984 4055 2195 4091 servum
2211 4040 2503 4103 Arsisium,
2523 4044 2569 4089 el
2601 4040 2951 4103 Serapionem
2979 4051 3275 4101 magnum,
3313 4041 3360 4086 et

1761 4113 2147 4181 Paphnutium
2193 4111 2509 4171 Scatiroten,
2568 4115 2613 4159 et
2663 4110 2937 4159 [siderum
2991 4108 3356 4181 Con/esserem

1762 4178 2091 4251 Hermipolis
2136 4188 2181 4233 et
2229 4182 2591 4233 Dioscorum:
2638 4187 2682 4231 et
2725 4188 2937 4231 versata
2966 4185 3037 4231 est
3072 4178 3225 4251 apud
3258 4192 3359 4251 eos

1761 4250 1972 4311 circiter
1995 4267 2204 4308 ANNUM
2221 4264 2529 4315 DIMIDIUM,
2549 4252 2727 4304 obiens
2736 4254 3103 4314 solitudinem,
3120 4256 3164 4301 et
3180 4250 3361 4301 videns

1760 4344 1942 4382 omnes
1961 4329 2198 4380 Sanctos.
2218 4328 2377 4378 Tunc
2391 4324 2700 4377 monachos
2717 4324 2948 4389 Egypti
2968 4322 3168 4377 invisit
3184 4320 3359 4373 etiam

1759 4404 2009 4467 Ruﬁnus,
2036 4400 2205 4463 cujus
2218 4398 2309 4474 rei
2334 4397 2601 4474 nuntium
2630 4397 2836 4474 semel,
2876 4398 3207 4474 iterum,"et
3256 4395 3360 4446 ter-

1760 4465 1905 4528 tium
1929 4472 2002 4525 ad
2027 4484 2089 4523 se
2119 4470 2398 4535 perlatum
2426 4468 2487 4520 in
2511 4468 2855 4527 Chalcidem,
2878 4466 3070 4531 prodit
3092 4465 3357 4527 Hierony-

1758 4560 1881 4595 mus
1904 4543 2074 4607 epist.
2108 4534 2149 4593 I.
2171 4540 2312 4592 alias
2341 4541 2485 4591 XLI.
2508 4539 2689 4600 (Nunc
2712 4539 2829 4601 III).
2862 4537 2936 4589 ad
2969 4535 3221 4589 eundem
3254 4534 3361 4607 Ru-

97 4605 207 4703 hinc
222 4615 419 4674 pateat,
431 4609 609 4659 Melan
617 4611 749 4703 i‘am‘
739 4621 775 4662 a
790 4609 1111 4703 Marcellino
1135 4611 1387 4703 genitam
1406 4622 1522 4696 post
1537 4605 1656 4666 con-
1669 4629 1728 4703 D
1756 4620 1831 4681 fin
1842 4605 2011 4703 ξιτηῖιι
2024 4616 2269 4703 Εεγριρ
2285 4614 2605 4703 morantem
2622 4610 2849 4703 scripta.
2871 4609 3056 4703 Primo
3059 4607 3234 4703 enim:
3242 4606 3361 4703 ge-

96 4679 315 4742 sulatum,
333 4693 449 4733 non
463 4693 601 4733 vero
617 4682 683 4732 A.
702 4682 765 4733 D.
788 4679 908 4736 341.
924 4694 1039 4746 quo
1054 4682 1255 4735 consul
1271 4687 1572 4751 processit,
1589 4692 1655 4741 ut
1669 4679 1726 4703 υ
1754 4679 1996 4747 ιεοάοενιιε
2017 4682 2338 4736 monachus
2361 4681 2438 4745 id,
2456 4682 2564 4733 sibi
2593 4682 2666 4733 ab
2689 4681 2800 4734 alio
2822 4685 3135 4739 narratum,
3165 4679 3359 4731 Hiero-

99 4751 200 4802 sine
219 4753 325 4804 ulla
338 4752 679 4806 necessitate
692 4754 903 4807 sentire
919 4754 1082 4807 visus
1106 4760 1197 4807 est
1233 4754 1649 4812 Tillemontius.

100 4822 152 4873 ln
172 4824 343 4877 verbis
374 4824 708 4889 Hieronymi
736 4825 995 4890 superius
1017 4826 1292 4891 recitatis,
1318 4830 1497 4890 unico,
1523 4845 1661 4895 prse-

102 4898 189 4943 tore
210 4900 325 4946 tunc
346 4896 572 4957 urbano,
590 4895 712 4958 filio
723 4897 982 4958 derelicto,
1004 4902 1265 4963 superest
1277 4898 1388 4951 alia
1410 4900 1659 4954 difﬁcul-

102 4966 198 5027 tas;
216 4979 342 5019 nam
352 4967 657 5032 Gregorius
676 4968 1027 5021 Turonensis
1049 4969 1110 5021 in
1130 4969 1276 5021 Hist.
1310 4971 1659 5026 Francorum

100 5032 179 5085 lib.
201 5049 314 5103 cap.
339 5039 598 5090 XXXVI.
632 5038 931 5101 Urbanum,
962 5040 1223 5094 Melania
1243 5040 1425 5094 filium
1442 5043 1660 5097 dictum

101 5111 320 5163 censuit:
340 5112 430 5164 cui
449 5116 645 5164 tamen
658 5110 944 5162 Publicola
963 5125 1285 5177 cognomen
1307 5113 1431 5167 fuit.
1450 5117 1571 5168 Hoc
1586 5118 1660 5170 ad

100 5184 297 5239 gentem
316 5183 599 5235 Valeriam
623 5184 923 5248 pertinuit,
940 5198 1013 5236 ex
1035 5186 1126 5238 Jo.
1154 5186 1485 5251 Glandorpii
1510 5189 1662 5242 Ono-

101 5253 307 5306 mastico
327 5254 387 5306 in
411 5258 726 5307 Stemmata
751 5255 1108 5310 Valeriorum
1144 5270 1273 5322 pag.
1319 5258 1464 5323 969.,
1504 5262 1660 5313 unde

102 5326 308 5396 constat,
337 5327 580 5377 Melaniae
614 5327 921 5393 conjugem
957 5328 1028 5381 ad
1060 5328 1445 5382 clarissimum
1474 5346 1661 5396 genus

109 5390 413 5467 Kaleriorum
437 5411 567 5451 esse
590 5390 965 5453 referendum.
987 5400 1233 5453 Ruﬁnus
1246 5390 1542 5467 Apologia
1562 5404 1659 5457 lib.

103 5461 157 5542 ll.
299 5468 417 5525 436.
449 5470 784 5542 Hieronymi
798 5485 1041 5526 censum
1055 5461 1660 5542 fideliter—exprimens,

102 5535 167 5612 ita
187 5536 376 5612 habet:
404 5541 635 5607 parvulo
655 5535 779 5605 filio
809 5545 990 5594 Roma
1013 5544 1271 5596 derelicto.
1298 5535 1661 5612 RoSweydus

104 5608 393 5685 ineditione
422 5615 463 5667 l.
497 5614 765 5669 Historia
802 5617 1124 5671 Eremitica
1151 5630 1285 5683 pag.
1334 5617 1456 5674 443.
1500 5608 1663 5673 Nori-

109 5680 281 5756 siugin
295 5684 639 5739 Adventoria
659 5698 789 5752 pag.
816 5687 904 5743 14.
922 5688 1132 5754 Pagius
1152 5680 1315 5743 ᾉῘΙ).
1342 5688 1534 5756 3729.
1572 5691 1660 5747 16.

106 5749 535 5825 el_'_I’illemontius
564 5749 703 5811 tom.
735 5749 807 5812 Χ.
838 5772 972 5825 pag.
1001 5749 1121 5816 394.
1163 5763 1363 5815 contra
1399 5749 1664 5817 omnium

110 5819 387 5881 editionum
402 5835 461 5882 et
486 5829 747 5884 codicum
769 5819 962 5897 ﬁdem,
980 5832 1151 5887 unica
1169 5833 1397 5889 literula
1419 5837 1660 5901 mutata,

110 5901 202 5973 ξιοη
228 5904 438 5973 praetore
451 5939 466 5966 ,
502 5902 605 5957 sed
652 5903 874 5969 praetori
907 5903 1218 5971 legendum
1256 5908 1548 5973 putarunt.
1588 5910 1666 5962 At

111 5971 220 6024 vero
247 5969 398 6030 idem
409 5974 843 6042 Rosweydusin
855 5969 1101 6035 editione
1122 5980 1192 6034 Il.
1209 5969 1338 6047 pag.
1363 5979 1488 6044 444,
1505 5986 1662 6037 vete-

1750 4775 1790 4816 n
1797 4771 1933 4827 ymo
1948 4757 2010 4810 in
2026 4756 2203 4822 Syria
2228 4766 2420 4808 eremo
2432 4753 2690 4827 versanti
2700 4753 3017 4827 nunciavit.
3032 4750 3142 4804 Sed
3155 4763 3356 4827 quum,

1757 4822 1826 4887 ut
1843 4831 1923 4884 ait
1944 4830 2095 4881 idem
2110 4828 2516 4893 Hieronymus,
2551 4826 2634 4877 rei
2658 4827 2868 4877 novitas
2899 4826 3061 4889 ﬁdem
3096 4822 3359 4874 sermonis

1758 4906 2012 4969 auferret,
2034 4915 2144 4951 non
2168 4900 2315 4949 enim
2336 4900 2613 4951 credebam
2636 4905 2839 4949 certum
2868 4898 3015 4963 quod
3035 4900 3237 4947 certum
3257 4909 3360 4946 esse

1757 4975 2032 5042 cupiebam
2055 4989 2072 5033 ,'
2114 4983 2363 5026 RURSUM
2394 4987 2710 5037 suspensam
2742 4976 2859 5021 voto
2882 4972 3359 5042 nutante_menle_m

1758 5038 1987 5113 quidam
2022 5042 2434 5094 Alexandrinus
2470 5042 2788 5102 monachus,
2833 5041 2929 5105 qui
2972 5040 3047 5090 ad
3067 5038 3360 5113 Δίξῖέηιριίοε

1758 5110 2076 5181 confessores
2098 5121 2144 5165 et
2164 5116 2436 5164 voluntate
2450 5113 2574 5177 jam
2595 5119 2863 5177 martyres
2895 5127 2997 5176 pro
3020 5110 3182 5176 plebis
3218 5120 3361 5181 Jan-

1760 5180 1975 5244 DUDUM
1992 5189 2171 5252 fuerat
2191 5186 2540 5235 transmissus
2559 5184 2822 5249 obsequio,
2840 5182 3160 5245 manifestus
3174 5180 3248 5252 ad
3258 5193 3361 5229 cre-

1760 5251 2039 5313 dulitatem
2056 5258 2248 5307 nuncii
2268 5264 2457 5307 auctor
2469 5256 2780 5321 impulerat.
2800 5255 2907 5306 His
2926 5254 3007 5306 ita
3018 5251 3279 5313 narratis,
3298 5261 3360 5302 se

1759 5333 1950 5391 adhuc
1961 5331 2198 5385 dubium
2215 5328 2284 5381 de
2298 5329 2486 5391 Ruﬁni
2500 5327 2562 5379 in
2581 5330 2897 5391 Egyptum
2912 5324 3169 5377 adventu
3182 5323 3362 5373 testa-

1762 5411 1875 5469 tur,
1905 5388 2572 5474 proptereaquod‘multi
2606 5388 2803 5474 essent
2836 5396 3049 5459 Ruﬁni,
3095 5393 3361 5474 illiusque

1761 5464 2004 5543 patriam
2017 5464 2382 5525 Concordiam
2405 5477 2462 5525 et
2494 5469 2765 5545 Tyrannii
2807 5479 3039 5545 nomen,
3076 5464 3289 5545 quibus
3326 5475 3362 5516 a

1763 5536 1966 5602 ceteris
1988 5545 2457 5610 distingueretur,
2494 5540 2811 5595 Monachus
2844 5536 3261 5610 Alexandrinus
3298 5546 3359 5586 se

1762 5621 2023 5685 ignorare
2041 5605 2391 5670 ostendisset
2419 5605 2626 5677 :fateor
2645 5618 2690 5663 et
2714 5612 2775 5662 in
2801 5612 2898 5661 hoc
2939 5622 3118 5685 meam
3156 5605 3358 5685 labasse

1762 5681 2109 5743 scntentiam:
2143 5703 2277 5739 nam
2306 5700 2479 5752 quum
2493 5690 2538 5735 et
2562 5696 2827 5737 PATRIAM
2859 5681 3361 5752 tuamignoranetet

1763 5775 1993 5823 NOMBN,
2017 5762 2080 5812 in
2095 5776 2152 5812 eo
2173 5750 2350 5811 tamen
2363 5758 2486 5823 plus
2498 5755 2777 5807 videbatur
2789 5754 3001 5820 afferre,
3015 5750 3161 5818 quod
3177 5750 3361 5802 eadem

1764 5834 2040 5896 asserebat,
2060 5848 2176 5898 quae
2188 5834 2309 5899 jam
2331 5831 2477 5882 alius
2511 5829 2867 5879 indicaverat.
2893 5825 3004 5899 Sed
3035 5828 3360 5899 quum_ter-

1766 5908 1871 5958 lius
1884 5895 2117 5961 tandem
2136 5895 2374 5959 nuncius
2412 5901 2726 5956 multorum
2761 5910 2860 5954 ore
2896 5897 3181 5952 ﬁrmatus.
3209 5895 3361 5957 Ruﬁ-

1764 5994 1902 6032 num
1931 5977 2132 6034 Nitriae
2160 5976 2392 6034 cellulas
2419 5973 2574 6033 obire
2609 5976 2764 6027 certo
2803 5969 3052 6035 referret,
3085 5968 3364 6030 Hierony-
