3902 6408
505 418 572 474 87

1793 410 2037 463 RUFINI
2068 409 2506 464 PRESBYTERI

3728 410 3812 463 88

503 552 637 607 mus
656 537 962 593 immodica
982 535 1184 590 latitia
1193 531 1477 607 perfusus,
1501 526 1635 607 illuc
1651 526 1849 607 statim
1869 525 1940 607 ad
1957 538 2091 578 eum
2117 527 2174 603 Α
2195 540 2294 591 pro
2314 523 2648 607 facinoribus
2672 522 2893 607 meis-ad
2915 536 3031 607 eam
3051 521 3395 607 εοέίιααςτιςτη
3419 522 3810 607 αἰηφεεηξυί,

504 598 721 665 litteras
746 609 901 663 dedit
922 623 934 659 :
958 598 1211 660 TANDBil
1234 604 1457 669 plenum
1481 599 1716 649 veritatis
1736 598 1953 664 pondus
1965 613 2092 647 eru-

502 685 584 748 pit
606 700 620 732 :
649 682 909 745 Rufi-num
924 681 1067 731 eni-m
1084 678 1276 727 Nitriae
1291 689 1392 724 esse
1411 678 1457 723 et
1474 672 1547 721 ad
1570 671 1791 748 beatum
1804 669 2099 734 porrexisse

503 742 809 804 Macarium
826 763 1061 805 caesas
1076 756 1525 801 COMMBAN'I‘IUM
1536 742 1822 792 multitudo
1840 751 2097 794 unreas-

506 838 636 877 BA'I‘.
656 824 756 874 Hic
778 839 895 873 vero
920 828 1025 871 tota
1040 818 1371 870 credulitatis
1385 816 1544 880 frena
1562 814 1765 874 laxavi,
1784 820 1827 863 et
1844 817 1969 862 tunc
1986 825 2099 860 vere

504 901 758 960 mgrotum
784 909 863 943 me
890 891 1169 951 essedolui,
1200 894 1245 939 et
1263 889 1368 938 nisi
1393 894 1473 935 me
1489 885 1752 935 attenuati
1779 884 2017 947 corporis
2030 883 2100 930 vi-

502 985 584 1018 res
596 967 835 1032 quadam
857 962 1101 1028 compede
1116 960 1506 1026 praepedissent,
1537 971 1637 1032 nec
1646 967 1851 1007 MBDIB
1864 963 2099 1005 FERVOR

492 1028 790 1098 sasinus,
823 1051 918 1085 nec
960 1032 1349 1096 navigantibus
1388 1045 1591 1093 semper
1621 1028 1887 1098 incertum
1922 1040 2094 1085 mare,

501 1112 597 1175 pia
620 1107 960 1174 festinatione
975 1103 1248 1175 gradienti
1271 1101 1519 1175 valuisset
1542 1099 1802 1175 obsistere.
1829 1097 2099 1175 Huicim-

502 1164 769 1238 tendunt,
787 1164 1051 1241 Ruﬁnum
1066 1174 1165 1239 qui
1187 1174 1472 1237 ingruente
1479 1171 1599 1236 jam
1626 1170 1796 1218 hieme
1974 1164 2098 1241 271,

505 1266 637 1306 cum
661 1239 899 1301 Melania
940 1261 1013 1301 ex
1029 1248 1171 1298 urbe
1198 1245 1529 1306 dicesserat,
1560 1241 1749 1293 adhuc
1778 1240 1964 1289 mediae
1998 1239 2101 1302 fer-

507 1338 655 1374 vores
669 1321 865 1372 aestatis
881 1319 1017 1372 anni
1034 1315 1390 1380 insequentis
1418 1312 1539 1369 372.
1560 1314 1633 1365 ab
1664 1314 2011 1375 Hieronymo
2039 1309 2100 1361 in

508 1395 708 1448 ultima
737 1392 896 1458 Syria
922 1391 1181 1454 degente,
1210 1388 1491 1440 creditum
1526 1385 1719 1437 Nitriae
1762 1384 1823 1458 in
1857 1384 2101 1458 Egypt?

507 1465 718 1519 morari
768 1452 814 1514 et
866 1463 938 1513 ad
971 1452 1181 1510 bEatum
1217 1458 1517 1524 perremisse
1562 1456 1893 1507 Maearium.
1955 1452 2098 1514 Quid

505 1538 705 1605 plura?
734 1536 969 1605 Rufinus
990 1533 1113 1605 ipse
1129 1530 1410 1595 baptismo
1421 1540 1548 1605 suo,
1569 1529 1626 1579 et
1644 1539 1717 1579 ex
1735 1524 2025 1605 occidente
2039 1524 2099 1605 in

508 1596 871 1661 Palaestinam
882 1596 1089 1666 itineri,
1102 1614 1280 1654 unam
1294 1600 1652 1662 eandemque
1667 1596 1945 1661 epocbam
1958 1596 2098 1658 figit;

507 1693 645 1733 nam
670 1676 944 1743 Apologia
968 1677 1010 1727 Ι.
1034 1676 1100 1727 A.
1127 1676 1193 1725 D.
1228 1672 1351 1727 400.
1381 1675 1630 1743 exarata,
1660 1683 1722 1720 se
1756 1674 1880 1743 ante
1922 1681 2098 1743 annos

508 1764 665 1804 reas
680 1740 966 1801 malum
988 1744 1246 1810 Aquilejte
1281 1742 1662 1807 baptizatum;
1686 1743 1744 1792 et
1767 1740 1840 1789 ad
1864 1740 2099 1788 latinum

506 1834 803 1873 sermonm
820 1828 1185 1871 TRICBNNALI
1212 1825 1327 1865 ,ιλιι
1364 1826 1517 1864 pnus
1561 1812 1781 1861 incuria
1820 1810 2101 1875 torpuisse

2196 612 2313 661 qua:
2338 598 2560 661 Syriam
2576 597 2764 659 juncto
2797 594 3072 644 Barbaries
3093 596 3201 655 ﬁne
3235 593 3593 647 disterminat.
3617 594 3810 659 Epist.

2196 669 2345 719 XVI.
2376 668 2533 719 alias.
2573 668 2764 718 LVIII.
2813 665 3000 726 (Nunc
3025 666 3210 725 XXII.)
3245 665 3316 715 ad
3333 665 3584 717 eundem
3608 683 3620 713 :
3648 680 3813 714 nunc

2195 739 2424 788 barbaro
2450 738 2621 802 Syriae
2642 737 2807 786 limite
2838 744 3032 787 teneor.
3058 737 3126 786 Et
3149 736 3389 799 inepist.
3414 738 3617 788 XVIII.
3651 734 3809 787 alias

2194 812 2373 862 XXII.
2404 810 2476 862 ad
2498 808 2867 861 Eustochium
2897 807 2968 858 de
3000 808 3259 858 custodia
3288 808 3651 871 virginitatis,
3684 820 3813 860 ere-

2194 895 2356 933 mum
2381 895 2545 933 suam
2559 882 2651 932 his
2678 880 2868 931 verbis
2889 879 3097 942 pingit:
3127 878 3167 928 0
3190 881 3396 942 quoties
3429 895 3553 943 ergo
3592 880 3709 944 ipse
3740 880 3813 927 in

2191 968 2365 1003 eremo
2380 955 2709 1012 constitutus,
2735 958 2779 1000 et
2796 952 2853 998 in
2868 951 2959 999 illa
2980 956 3127 999 vasta
3140 951 3450 1013 solitudine,
3464 967 3582 1015 quae
3599 958 3809 1000 exusta

2194 1025 2320 1074 solis
2342 1024 2646 1084 ardoribus,
2669 1023 2957 1073 horridum
2982 1023 3263 1071 monachis
3286 1028 3496 1086 praestat
3517 1022 3812 1072 habitacu-

2197 1095 2328 1156 lum,
2356 1095 2615 1159 putabam
2646 1109 2727 1141 me
2762 1094 3023 1142 Romanis
3066 1094 3307 1141 interesse
3352 1094 3600 1143 deliciis!
3636 1093 3815 1145 Bidui

2194 1167 2303 1217 iter
2326 1166 2624 1218 Antiochia
2647 1166 2898 1216 distabat
2910 1163 3149 1225 Chalcis,
3168 1169 3231 1215 ut
3248 1164 3461 1229 colligit
3478 1164 3807 1216 Cardinalis

2197 1237 2455 1289 Norisius
2480 1237 2717 1288 Dissert.
2753 1237 2847 1286 III.
2884 1234 2955 1286 de
2993 1234 3237 1298 Epochis
3273 1235 3813 1298 Syromacedonum

2197 1321 2317 1373 cap.
2344 1320 2427 1360 Ix.
2456 1308 2490 1371 ἓ
2514 1310 2606 1359 III.
2635 1307 2782 1357 Hinc
2806 1305 3127 1369 Evagrium,
3146 1306 3245 1369 qui
3279 1312 3478 1370 postea
3513 1307 3621 1357 fuit
3649 1306 3813 1369 epis-

2198 1392 2376 1443 copus
2391 1378 2773 1439 Antiochenus,
2787 1376 2847 1427 in
2862 1388 3138 1436 eremum,
3156 1378 3221 1427 ut
3234 1377 3582 1441 Hieronymo
3597 1377 3814 1429 adha-

2197 1456 2359 1513 reret,
2384 1449 2672 1501 interdum
2697 1448 3008 1499 secessisse
3033 1450 3260 1499 constat
3297 1461 3371 1499 ex
3403 1450 3595 1500 verbis
3631 1461 3721 1513 ep.
3764 1450 3814 1498 Ι.

2194 1521 2335 1573 alias
2354 1523 2493 1573 XLI.
2522 1521 2706 1585 (Nunc
2731 1520 2861 1580 ΙΙΙ.)
2895 1518 2967 1568 ad
2986 1518 3288 1578 Rufinum:
3308 1534 3453 1568 nunc
3487 1536 3597 1568 uno
3621 1525 3669 1568 et
3703 1523 3815 1566 toto

2196 1594 2337 1642 mihi
2359 1594 2565 1641 lumine
2591 1590 2829 1653 Evagrio
2874 1599 3111 1640 NOSTRO
3142 1589 3320 1650 fruor,
3360 1591 3447 1639 cui
3471 1605 3563 1654 ego
3596 1604 3817 1653 semper

2196 1664 2459 1726 infirmus
2478 1662 2552 1712 ad
2580 1661 2813 1712 laborem
2836 1659 3085 1709 cumulus
3106 1662 3311 1711 accessi.
3344 1662 3483 1713 Hinc
3514 1664 3815 1725 postrema

2198 1736 2614 1798 demonstrant,
2651 1732 2952 1796 Evagrium
2996 1732 3342 1795 Hieronymo
3385 1745 3552 1797 mque
3594 1745 3665 1785 ac
3697 1733 3814 1781 Ru-

2197 1807 2318 1868 fino
2350 1804 2774 1859 necessitudine
2802 1804 3195 1867 conjunctum,
3240 1816 3315 1855 ex
3354 1816 3474 1868 quo
3517 1805 3710 1856 fuerat
3747 1803 3813 1855 in

508 1892 722 1973 scribit.
735 1892 801 1942 In
818 1888 1082 1953 Apologia
1097 1885 1169 1937 ad
1186 1884 1555 1936 Anastasium
1574 1881 2102 1973 summumqpontitl-
2122 1898 2176 1973 B
2202 1879 2379 1973 Italia,
2392 1884 2607 1973 vatque
2655 1876 2857 1973 (ἓξ.ᾞῖ
2864 1876 2946 1973 έιι
2958 1875 3125 1973 "314:2?
3149 1890 3162 1936 ;
3209 1875 3360 1973 unde
3414 1876 3815 1973 Hierq‘nymus

508 1978 634 2017 cem
649 1963 751 2016 ait:
774 1947 903 2026 post
925 1947 1255 2011 THINGINTA
1269 1968 1423 2009 ruas
1453 1970 1627 2004 annos
1648 1953 1959 2026 parentibus
1982 1953 2103 2026 red-
2122 1947 2176 1973 υ
2201 1951 2483 2026 epist._VI.
2508 1948 2649 2001 alias
2666 1948 2925 2026 xxxvi.
2952 1947 3022 2026 ad
3043 1948 3419 2026 Chromatium
3452 1948 3522 2026 de
3557 1947 3814 2026 Evagrio

509 2036 654 2086 ditus
664 2024 808 2083 sumi:
826 2042 999 2095 quem
1015 2029 1400 2093 Hieronymus
1417 2039 1536 2079 non
1549 2025 1793 2090 amplius
1807 2025 2027 2076 amicus
2042 2024 2102 2075 in

508 2106 773 2173 Apologia
794 2102 892 2154 lib.
909 2104 950 2153 Ι.
977 2101 1060 2153 sic
1075 2099 1260 2173 ridete
1283 2099 1371 2173 hic
1393 2098 1626 2173 supinus
1659 2103 1702 2173 et
1729 2096 1957 2173 lassatus
1985 2098 2100 2173 post

510 2167 795 2232 TiuGIl’iTA
807 2186 925 2226 ANN
932 2184 1005 2225 os
1022 2187 1120 2238 per
1132 2170 1510 2221 mollissimum
1522 2169 1805 2218 Flaminiae
1818 2169 1919 2217 iter
1927 2167 2100 2216 essedo

509 2250 690 2300 venire
722 2262 834 2297 non
854 2250 1039 2311 potest,
1063 2244 1240 2307 sicque
1272 2242 1553 2308 pretendit
1590 2240 1737 2304 longi
1768 2240 1980 2289 itineris
2004 2238 2102 2288 las-

510 2321 820 2380 situdinem,
855 2316 1015 2382 quasi
1037 2326 1322 2368 TRIGINTA
1345 2324 1527 2365 ANNIS
1551 2327 1757 2376 semper
1772 2311 2098 2362 cucurrerit:

510 2400 568 2447 et
589 2392 753 2445 inllb.
774 2392 843 2443 II.
866 2403 1059 2438 rursus
1085 2387 1370 2446 admones,
1393 2390 1453 2434 ut
1478 2385 1727 2444 sciamus,
1775 2389 1819 2432 te
1849 2398 1944 2447 per
1975 2395 2098 2433 TRI-

470 2468 483 2481 '
512 2477 695 2520 GINTA
725 2471 925 2515 ANNOS
960 2460 1150 2511 ercis
1195 2456 1559 2508 voluminibus
1582 2456 1862 2516 devoratis,
1901 2455 2098 2503 Latina

512 2536 731 2587 nescire.
758 2534 908 2585 Dum
943 2533 1174 2594 Ruﬁnus
1198 2528 1489 2579 tricennale
1514 2528 1770 2592 spacium
1795 2539 1918 2578 sua)
1945 2539 2100 2589 pere-

511 2604 848 2674 grinationis
867 2604 960 2655 his
985 2601 1279 2674 particulis
1288 2601 1417 2674 fere,
1433 2604 1489 2651 et
1500 2600 1625 2674 jam
1632 2614 1764 2663 pene
1779 2597 2097 2674 distinguit,

512 2671 605 2732 vel
623 2676 813 2743 potius
837 2674 1128 2733 extenuat,
1147 2671 1287 2723 illud
1302 2672 1454 2724 idem
1477 2671 1731 2735 spacium
1745 2671 1972 2733 triginta
1994 2684 2098 2719 an-

510 2752 598 2800 nis
639 2747 901 2801 nondum
937 2743 1253 2809 completis,
1292 2744 1416 2794 sive
1449 2756 1560 2794 uno
1596 2743 1788 2793 minus
1836 2744 2101 2792 constare

512 2820 816 2886 significat;
833 2829 969 2870 nam
982 2816 1220 2886 totidem
1232 2815 1368 2866 anni
1378 2813 1741 2886 intercedunt
1757 2814 1829 2863 ab
1842 2814 1887 2875 ej
1897 2825 1966 2886 us
1978 2824 2100 2876 pro-

512 2884 773 2945 fectionis
817 2891 883 2940 A.
908 2889 974 2939 D.
996 2886 1119 2941 371.
1150 2885 1224 2938 ad
1256 2888 1322 2937 A.
1360 2886 1426 2936 D.
1459 2884 1581 2939 400.
1606 2896 1723 2947 quo
1755 2896 1828 2935 ex
1873 2884 2101 2935 Oriente

511 2972 796 3023 reversus,
812 2957 1158 3009 tricennalem
1181 2956 1255 3006 ad
1266 2955 1499 3005 latinum
1514 2969 1810 3003 sermonem
1827 2955 2101 3003 incuriam

512 3045 676 3087 suam
691 3031 1036 3097 querebatur
1055 3043 1066 3079 :
1080 3028 1342 3092 quienim
1353 3027 1413 3078 in
1425 3026 1713 3078 Orientem
1726 3027 2102 3089 navigaturus

512 3119 543 3158 e
565 3105 746 3171 patria
764 3102 1109 3155 discesserat
1138 3101 1214 3171 A._
1248 3100 1319 3171 7D.
1361 3097 1483 3152 370.
1527 3110 1599 3149 ex
1632 3101 1802 3171 portu
1848 3100 2101 3171 Romano

513 3168 687 3229 solvit
709 3174 817 3226 sub
832 3173 1009 3225 finem
1030 3172 1094 3223 A.
1113 3172 1175 3222 D.
1190 3169 1313 3225 371.
1339 3181 1611 3233 annoque
1629 3169 1956 3233 insequenti
1973 3168 2097 3223 372.

511 3259 627 3300 una
649 3257 780 3297 cum
803 3243 1042 3293 Melania
1062 3241 1368 3305 inportum
1392 3239 1853 3291 Alexandrinum
1877 3240 2099 3301 ingrcs-

512 3330 614 3369 sus
645 3321 751 3369 est.
789 3315 1051 3377 Ruﬁnum
1082 3312 1208 3363 haec
1242 3311 1540 3375 scripsisse
1572 3313 1639 3361 A.
1672 3313 1738 3373 D,
1773 3311 1895 3375 400,
1931 3311 2100 3363 disci-

512 3400 643 3440 mus
667 3399 741 3439 ex
763 3388 887 3446 ejus
909 3382 1203 3449 Apologia:
1229 3382 1369 3434 libro
1392 3384 1430 3431 Ι.
1453 3382 1553 3433 ubi
1574 3383 1885 3433 doctrinam
1909 3383 2106 3434 Hiero-

510 3458 669 3524 nymi
692 3453 1344 3520 sugillans,italoqu.itur
1373 3466 1385 3502 :
1416 3468 1514 3501 cur
1532 3453 1784 3515 magister
1805 3455 1879 3513 (ut
1902 3453 2007 3502 tuis
2030 3458 2103 3502 te-

510 3544 633 3579 cum
653 3528 819 3578 verbis
842 3528 1023 3591 agam)
1044 3530 1160 3589 post
1183 3535 1691 3589 QUADRINGBNTOS
1712 3537 1867 3576 snas
1885 3535 2101 3585 annos,

512 3601 730 3666 quando
772 3598 982 3648 ecclesia
1024 3596 1234 3660 cognito
1269 3610 1346 3656 eo,
1388 3595 1530 3660 quod
1583 3595 1649 3645 ab
1685 3597 1948 3661 Apostolis
1992 3613 2103 3647 non

510 3672 611 3722 sibi
634 3677 756 3721 esset
785 3670 989 3719 tradita
1001 3670 1189 3719 veritas
1203 3669 1381 3717 veteris
1395 3669 1758 3727 Instrumenti,
1777 3668 1970 3732 legatos
1984 3670 2104 3718 mil-

512 3748 635 3793 teret
657 3743 729 3792 ad
754 3742 897 3801 istos,
924 3755 1057 3804 quos
1085 3739 1166 3788 illi
1192 3745 1317 3787 tunc
1338 3740 1797 3789 circumcisionem
1830 3740 2101 3802 vocabant,

514 3813 790 3864 obsecrans
812 3818 857 3861 et
879 3826 1134 3871 exorans,
1171 3816 1227 3859 ut
1264 3810 1363 3859 sibi
1413 3811 1474 3859 de
1519 3812 1752 3870 veritate,
1802 3826 1919 3874 quae
1955 3813 2106 3876 apud

510 3886 651 3949 ipsos
667 3888 753 3944 est,
772 3883 986 3947 aliquid
1001 3880 1259 3945 largirent
1266 3897 1331 3929 ur
1346 3881 1369 3930 .9
1396 3881 1499 3930 Per
1524 3887 1654 3931 tonos
1679 3883 1801 3931 istos
1816 3894 2106 3945 QUADRIN-

509 3966 744 4008 GENTOS
760 3964 957 4006 ANNOS
980 3967 1180 4003 errasse
1203 3967 1253 4001 se
1276 3958 1320 4001 et
1338 3953 1626 4015 ignorasse,
1651 3954 1796 4017 quod
1818 3970 2000 4004 verum
2012 3962 2102 4019 est,

509 4028 783 4090 fateretur.
802 4028 871 4077 Et
884 4030 1017 4090 post
1039 4024 1149 4076 alia
1162 4024 1479 4087 interjecta,
1506 4024 1632 4076 huic
1652 4025 1855 4076 iterum
1879 4027 2102 4079 scribit:

509 4099 666 4149 modo
685 4112 807 4161 ergo
826 4095 977 4145 nobis
984 4099 1101 4160 post
1120 4105 1628 4157 QUADRINGBNTOS
1644 4111 1820 4145 annos
1831 4096 1955 4160 legis
1973 4098 2102 4147 veri-

512 4175 591 4219 tas
610 4174 787 4232 empta
805 4167 983 4231 precio
1012 4166 1073 4215 de
1098 4167 1387 4230 Synagoga
1404 4165 1659 4230 procedit.
1692 4167 1831 4219 Haac
1853 4172 2106 4232 arguunt

511 4240 769 4302 Ruﬁniet
788 4237 1031 4287 Melaniae
1059 4237 1132 4287 ab
1150 4237 1289 4289 urbe
1311 4237 1652 4300 discessum,
1675 4238 2102 4303 adventumque

510 4312 910 4375 inEgyptum,
934 4308 1105 4359 citius
1129 4320 1302 4371 quam
1327 4310 1394 4360 A.
1422 4310 1483 4359 D.
1518 4307 1637 4362 371.
1658 4310 1907 4360 etserius
1928 4324 2102 4374 quam

512 4384 580 4433 A.
612 4382 675 4432 D.
702 4379 825 4434 372.
851 4379 1047 4431 minus
1070 4383 1220 4431 recte
1247 4379 1385 4431 viris
1399 4378 1584 4431 doctis
1602 4381 1883 4430 statutum
1906 4381 2098 4437 fuisse.

2122 3263 2173 3341 C

2199 2022 2412 2083 scribit,
2441 2024 2713 2084 tanquam
2738 2018 2810 2070 de
2825 2017 3060 2069 homine
3093 2017 3278 2069 eidem
3300 2019 3625 2080 notissimo,
3650 2022 3712 2069 et
3749 2017 3814 2068 in

2197 2094 2362 2157 epist.
2394 2095 2461 2144 II.
2497 2092 2637 2143 alias
2664 2092 2731 2140 V.
2759 2090 2939 2151 (Nunc
2972 2089 3086 2147 IV.)
3120 2091 3450 2139 Florenlium
3478 2088 3815 2153 Aquileien-

2199 2177 2323 2216 sem
2346 2165 2418 2217 ab
2442 2164 2679 2228 Evagrio
2700 2161 3005 2226 plurimum
3024 2160 3243 2213 salvere
3266 2162 3451 2226 jubet.
3473 2161 3581 2213 Sed
3592 2161 3719 2224 jam
3734 2157 3813 2208 ad

2198 2237 2468 2299 Rufinum
2492 2236 2552 2287 in
2575 2237 2816 2300 Egypto
2848 2232 3262 2285 discurrentem
3294 2234 3469 2286 verba
3497 2234 3817 2285 converta-

2199 2320 2348 2359 mus.

2261 2390 2328 2438 II.
2361 2388 2402 2437 E
2428 2388 2597 2450 portu
2617 2385 3005 2437 Alexandrino
3039 2384 3372 2446 Seleuciam,
3396 2382 3649 2447 indeque
3685 2383 3814 2432 An-

2198 2458 2466 2510 tiochiam
2512 2459 2568 2508 et
2598 2457 2953 2520 Chalcidem,
2992 2457 3317 2509 triremibus
3355 2455 3617 2507 facillime
3660 2452 3816 2505 solvi

2197 2534 2431 2595 poterat.
2459 2529 2606 2579 Hinc
2630 2528 3031 2592 Hieronymus,
3050 2528 3148 2579 ubi
3171 2528 3420 2591 primum
3450 2526 3656 2577 certior
3677 2522 3816 2595 red-
3864 2532 3873 2543 ‘

2198 2594 2354 2652 ditus
2374 2601 2549 2651 estde
2571 2600 2777 2661 Rufino
2803 2600 3000 2651 Nitrite
3017 2603 3294 2659 morante,
3310 2598 3381 2649 ad
3407 2597 3656 2650 eundem
3676 2594 3811 2647 hinc

2200 2673 2440 2737 scripsit,
2463 2676 2528 2722 ut
2546 2670 2881 2723 amicissimi
2901 2670 3101 2734 capitis
3118 2668 3533 2733 complectendi
3572 2666 3813 2719 deside-

2197 2744 2347 2795 rium
2363 2742 2699 2807 explicaret:
2719 2742 2829 2790 nisi
2841 2742 3101 2790 attenuati
3127 2741 3367 2805 corporis
3392 2742 3526 2789 vires
3548 2756 3579 2803 q
3594 2738 3805 2788 uadum

2199 2815 2442 2880 compede
2477 2814 2865 2879 praepedissent,
2900 2829 2992 2863 nec
3027 2812 3209 2861 mediae
3242 2813 3420 2875 fervor
3450 2812 3676 2873 aestatis,
3709 2825 3810 2858 nec

2198 2886 2579 2950 navigantibus
2599 2901 2803 2949 semper
2825 2886 3087 2935 incertum
3114 2900 3277 2943 mare,
3306 2885 3401 2947 pia
3424 2899 3547 2933 cum
3570 2882 3807 2946 festina-

2200 2960 2321 3008 ione
2345 2957 2615 3022 gradienti
2642 2957 2890 3006 valuisset
2913 2957 3169 3015 obsistere,
3197 2956 3335 3019 quin
3357 2954 3569 3006 scilicet
3592 2954 3806 3016 Rufino

2200 3030 2561 3083 occurrisset.
2588 3029 2760 3081 Recte
2774 3029 2981 3093 ingerit
3002 3028 3261 3090 fervorem
3291 3028 3510 3089 aestatis;
3551 3024 3806 3076 Ruﬁnus

2200 3102 2352 3155 enim
2372 3102 2431 3153 in
2457 3101 2692 3153 Nitriam
2716 3100 2857 3163 fugit
2882 3100 3075 3152 statim
3091 3112 3126 3151 a
3142 3105 3321 3151 morte
3335 3097 3649 3158 Athanasii,
3662 3109 3805 3159 qum

2203 3173 2520 3226 secundum
2542 3177 2801 3224 nostram
2814 3172 3160 3224 sententiam
3179 3182 3438 3222 seorsum
3452 3168 3803 3233 expositam,

2205 3246 2445 3309 contigit
2460 3246 2605 3296 A.D.
2633 3242 2753 3298 372.
2781 3244 2872 3295 die
2895 3243 3125 3295 ILMaii.
3146 3243 3305 3293 Tunc
3325 3241 3619 3306 Egyptios
3652 3242 3805 3292 Con-

2205 3317 2451 3369 fessores
2482 3316 2543 3367 in
2579 3314 2928 3377 Phoenicem,
2966 3315 3231 3375 Pontum,
3276 3312 3623 3373 Armeniam,
3675 3313 3809 3363 Pro-

2205 3389 2516 3453 pontidem,
2554 3391 2612 3438 et
2649 3386 3007 3439 Palaestinam
3054 3387 3270 3447 ejectos
3306 3384 3452 3435 infra
3487 3384 3807 3447 apparebit.

2205 3460 2474 3511 Omnium
2489 3457 2734 3522 proximi
2752 3462 2917 3509 erant
2939 3458 3285 3520 Hieronymo
3316 3456 3579 3519 Episcopi
3609 3455 3672 3507 in
3711 3457 3811 3506 Pa-

2205 3531 2431 3582 laestina
2445 3528 2780 3580 exsulantes
2797 3541 2810 3578 :
2828 3528 2983 3579 unde
3007 3528 3066 3578 in
3082 3528 3423 3590 Schismate,
3448 3526 3603 3589 quod
3618 3527 3807 3578 Eccle-

2205 3603 2350 3653 siam
2370 3600 2785 3652 Antiochenam
2810 3604 3117 3662 totumque
3150 3598 3441 3651 Orientem
3465 3598 3801 3658 dilaniabat,

2206 3677 2444 3724 sanctus
2468 3670 2664 3722 doctor
2678 3683 2740 3721 se
2753 3669 2814 3722 in
2825 3671 3139 3722 eorundem
3151 3669 3553 3721 communione
3575 3681 3789 3721 mansu

2204 3757 2331 3795 rum
2361 3742 2655 3808 professus
2677 3746 2765 3793 est
2794 3744 2858 3793 A.
2879 3743 2945 3793 D.
2964 3740 3087 3797 376.
3107 3742 3273 3805 epist.
3294 3742 3441 3792 XIV.
3459 3740 3599 3792 alias
3631 3743 3804 3793 LVII.

2205 3817 2385 3878 (Nunc
2415 3814 2549 3877 XV.)
2579 3814 2652 3866 ad
2683 3815 2999 3865 Damasum
3032 3814 3259 3877 scripta.
3288 3812 3386 3864 ubi
3420 3813 3500 3863 ait
3535 3827 3548 3863 :
3580 3818 3628 3861 et
3665 3814 3801 3877 quia

2202 3901 2300 3951 pro
2319 3884 2653 3949 facinoribus
2669 3886 2800 3934 meis
2820 3886 2893 3933 ad
2915 3899 3035 3933 eam
3055 3886 3402 3933 solitudinem
3424 3884 3800 3948 commigravi,

2203 3972 2319 4023 qua
2345 3957 2569 4022 Syriam
2601 3957 2790 4020 juncta
2827 3955 3103 4005 Barbarie:
3134 3956 3247 4018 fine
3298 3955 3666 4018 disterminat,
3710 3972 3803 4006 nec

2199 4043 2417 4093 possum
2437 4029 2697 4078 Sanctum
2707 4027 2929 4077 Domini
2943 4026 3112 4087 (idest
3130 4026 3561 4081 sanctissimum
3580 4027 3807 4080 Eucha-

2202 4101 2379 4153 ristiaa
2404 4104 2845 4161 sacramentum,
2869 4099 3282 4150 absentibusin
3306 4098 3535 4162 signum
3553 4100 3807 4152 Catholi-

2202 4185 2285 4224 cee
2309 4171 2727 4223 communionis
2764 4170 2915 4223 mitti
2948 4170 3214 4231 solitum)
3253 4175 3325 4219 tot
3365 4171 3807 4234 interjaeenlibus

2201 4245 2441 4308 spaeiisa
2464 4242 2826 4291 sanctimonia
2848 4246 2941 4290 tua
2957 4256 3159 4306 semper
3169 4248 3420 4306 expetere,
3439 4244 3556 4291 ideo
3568 4244 3658 4294 hic
3673 4256 3811 4297 COL-

2201 4326 2393 4368 LEGAS
2409 4324 2563 4366 TUOS
2575 4322 2886 4365 .Eovrrios
2908 4323 3330 4365 CONFESSORBS
3341 4328 3545 4377 sequor,
3572 4319 3618 4364 et
3641 4316 3741 4365 sub
3758 4332 3810 4366 οε

2199 4387 2437 4439 nerariis
2450 4384 2677 4435 navibus
2690 4400 2862 4449 parva
2875 4385 3128 4433 navicula
3136 4386 3216 4434 del
3229 4386 3399 4433 itesco.
3413 4388 3567 4448 Quos
3581 4387 3666 4438 vir
3677 4388 3813 4441 San-

516 4450 976 4533 Hieronymnsin
990 4449 1695 4533 interioriSyriasldeserto,
1713 4450 1786 4500 ab
1801 4450 2101 4533 hominum
2204 4466 2332 4533 ctus
2376 4457 2614 4520 antiqua
2644 4456 2914 4533 Ecclesia:
2945 4456 3149 4533 phrasi
3175 4456 3407 4533 Collegae
3442 4458 3675 4533 Damasi
3710 4471 3819 4524 ap-

518 4522 855 4605 commercio
870 4523 1123 4605 remotus
1145 4520 1378 4602 latebat,
1401 4521 1484 4601 ita
1499 4523 1564 4572 ut
1579 4533 1767 4583 neque
1792 4523 2102 4581 amicorum

2208 4530 2397 4605 pellat,
2425 4532 2560 4580 sunt
2581 4528 2828 4605 episcopi,
2848 4529 3024 4605 jussu
3047 4527 3301 4605 Valentis
3342 4529 3588 4605 Augusti
3617 4529 3700 4605 ἱοῌ
3712 4520 3814 4605 Pa-

513 4594 694 4673 litera}
721 4593 792 4645 ad
809 4605 941 4673 sua}
964 4591 1286 4673 vglitarent,
1304 4591 1413 4673 nisi
1426 4596 1732 4673 postquam
1748 4593 2108 4673 Antiochiam
2132 4659 2180 4673 ﬁ
2208 4591 2434 4655 Isestina
2444 4598 2917 4673 exsularecoacti,
2930 4598 3002 4650 de
3017 4598 3226 4673 quibus
3242 4591 3476 4673 litt/inus
3491 4600 3638 4673 Hist.
3660 4602 3813 4654 Eccl.

518 4665 765 4730 perlatae,
796 4668 852 4715 et
885 4665 958 4715 ab
982 4664 1218 4728 Evagrio
1244 4662 1518 4735 collectae,
1538 4661 1615 4735 ad
1644 4662 1803 4714 illum
1821 4665 1881 4715 in
1905 4668 2102 4722 solitu-

2207 4676 2304 4727 lib.
2328 4676 2393 4724 II.
2421 4684 2543 4735 cap.
2569 4673 2635 4722 II.
2668 4670 2856 4719 Valens
2876 4659 3106 4731 favendo
3139 4659 3399 4719 haereticis
3420 4670 3552 4720 abiit
3577 4672 3639 4720 in
3663 4674 3813 4722 viam

516 4738 708 4789 dinem
731 4734 1256 4787 transmitterentur
1281 4747 1293 4783 :
1310 4734 1479 4796 cujus
1504 4732 1677 4784 situm
1694 4745 1810 4785 non
1827 4738 2005 4789 semel
2017 4740 2106 4793 de-

515 4807 763 4870 lineavit,
791 4819 925 4859 nam
940 4806 1001 4858 in
1025 4806 1157 4857 Vita
1179 4804 1370 4857 Sancti
1385 4802 1582 4867 Paulli,
1601 4803 1785 4854 Jesum
1822 4812 1991 4872 testor,
2023 4812 2108 4864 in-

516 4880 656 4944 quit,
680 4884 724 4929 et
746 4884 953 4929 sanctos
981 4876 1210 4940 Angelos
1232 4876 1363 4947 ejus,
1388 4874 1446 4947 in
1482 4888 1543 4923 ea
1572 4876 1734 4947 eremi
1780 4886 1951 4941 parte,
1991 4898 2107 4947 quae

508 4952 673 5015 juxta
696 4949 916 5014 Syriam
942 4946 1258 4999 Sarracenis
1277 4945 1552 5009 jungitur,
1580 4946 1770 4996 vidisse
1793 4964 1875 4999 me
1912 4945 2109 5003 mona-

515 5023 657 5086 chos,
682 5026 727 5071 et
750 5022 941 5083 videre,
965 5032 995 5069 e
1017 5016 1209 5082 quibus
1234 5031 1379 5065 unus
1401 5017 1917 5080 pertrigintaannos
1958 5024 2108 5074 clau-

514 5108 603 5143 sus
620 5092 904 5143 hordeaceo
923 5104 1066 5155 pane
1090 5094 1135 5137 et
1174 5087 1436 5136 lutulenta
1478 5103 1626 5151 aqua
1670 5092 1826 5144 vixit.
1864 5096 1930 5146 In
1977 5097 2109 5149 Vim,

518 5164 722 5217 Malcbi
745 5175 866 5227 cap.
886 5164 952 5212 II.
970 5159 1185 5223 perveni
1213 5158 1447 5218 tandem,
1472 5160 1565 5221 ait,
1579 5161 1653 5210 ad
1666 5162 1713 5210 E
1716 5178 1924 5214 remum
1944 5167 2111 5218 Chal-

520 5236 691 5285 cidos:
709 5233 978 5299 quaeinter
993 5230 1207 5278 [ramos
1220 5236 1264 5278 et
1280 5230 1563 5279 Bera’aeam
1580 5235 1753 5296 magis
1764 5236 1837 5283 ad
1848 5239 1887 5285 A
1901 5244 1979 5286 us!
1985 5253 2108 5287 rum

517 5308 621 5357 sita
643 5311 732 5355 est.
761 5302 934 5367 Epist.
952 5301 1046 5351 IV.
1065 5300 1204 5351 alias
1222 5302 1313 5351 VI.
1332 5302 1517 5361 (Nunc
1542 5304 1705 5367 V.)ad
1730 5306 2109 5367 Florentium:

517 5379 576 5427 in
587 5393 649 5427 ea
664 5365 982 5445 mihi—parte
1002 5372 1163 5445 eremi
1186 5374 1562 5445 commoranti,
1578 5365 1693 5439 quae
1704 5378 1869 5440 juvcta
1887 5365 2111 5445 Syriam

518 5444 838 5517 Sarracenis
872 5443 1149 5517 jungitur,
1197 5444 1494 5495 dilectionis
1534 5451 1634 5496 tuae
1674 5451 1873 5514 scripta
1899 5443 2111 5517 perlata

517 5522 661 5570 sunt.
688 5515 865 5580 Epist.
882 5516 999 5565 VII.
1022 5515 1165 5567 alias
1186 5517 1375 5568 XLIII.
1404 5518 1476 5569 ad
1521 5515 1919 5583 Chromatium,
1963 5524 2111 5577 Jovi-

516 5600 660 5643 num
683 5588 739 5639 et
768 5586 1112 5639 Eusebium:
1145 5587 1321 5650 literae,
1350 5588 1545 5639 Sancto
1569 5591 1807 5655 Evagrio
1829 5596 2111 5643 transmit-

519 5664 676 5717 tente,
697 5659 760 5706 in
792 5672 854 5707 ea
878 5658 950 5707 ad
970 5672 1053 5708 me
1082 5661 1245 5710 eremi
1261 5665 1415 5725 parte
1443 5661 1625 5711 delata
1649 5668 1792 5724 sunt,
1820 5679 1938 5727 quae
1972 5666 2111 5714 inter

520 5732 687 5796 Syros
711 5745 774 5780 ac
798 5730 1123 5783 Sarracenos
1134 5739 1342 5784 vastum
1354 5732 1579 5783 limitem
1591 5735 1757 5785 ducit.
1775 5737 2113 5789 Prsefatione

518 5805 578 5857 in
611 5802 897 5857 Abdiam:
941 5807 1162 5870 quando
1203 5821 1295 5871 ego
1336 5811 1383 5857 et
1417 5806 1737 5858 Heliodorus
1776 5808 2109 5869 carissimus,

516 5876 724 5943 pariter
753 5876 996 5929 habitare
1015 5879 1361 5929 solitudinem
1381 5878 1554 5942 Syriae
1594 5878 1869 5929 Chaldicis
1905 5879 2114 5931 nitebaA

523 5964 668 6003 mur.
689 5950 787 6016 Ep.
820 5949 1122 6005 X1V.alias
1136 5950 1303 6004 LVII.
1336 5948 1512 6013 (Nunc
1532 5949 1672 6015 XV.)
1685 5949 1759 6003 ad
1778 5952 2113 6017 Damasum;

2202 4751 2425 4813 patrum
2449 4756 2671 4791 suorum
2688 4755 2821 4789 nam
2842 4746 2888 4789 el
2917 4751 3236 4794 BPISCOPOS
3255 4743 3358 4804 egit
3381 4743 3441 4791 in
3465 4743 3742 4807 exsilium,
3769 4751 3814 4793 et

2204 4815 2531 4884 presbyteros
2564 4827 2626 4862 ac
2650 4813 2903 4861 diaconos
2926 4818 2972 4861 et
2990 4814 3283 4862 monachos
3301 4814 3545 4877 (Taliane
3564 4815 3811 4865 Alexan-

2206 4878 2684 4951 drite‘prwsidente)
2700 4884 2948 4947 usquead
2971 4889 3232 4934 tormenta
3257 4886 3496 4949 deduxit,
3523 4891 3567 4934 et
3591 4887 3810 4951 ignibus

2206 4958 2452 5010 tradidit.
2484 4957 2622 5007 Haec
2646 4955 2936 5019 illigantur
2962 4956 3028 5006 A.
3070 4957 3135 5006 D.
3177 4956 3297 5010 372.
3340 4957 3574 5009 Tatiano
3616 4957 3810 5010 adhuc

2206 5028 2432 5095 Egypti
2453 5027 2723 5079 Praefecto
2748 5039 2763 5089 ;
2793 5027 3006 5079 etenim
3029 5031 3257 5078 mortuo
3282 5028 3594 5080 Athanasio
3622 5028 3686 5080 in
3709 5029 3814 5081 Or-

2206 5100 2492 5155 thodoxos
2539 5099 2843 5160 saevitum,
2877 5101 3085 5161 agente
3126 5099 3288 5148 Lucio
3338 5100 3601 5151 invasore
3645 5101 3809 5153 Sedis

2206 5170 2617 5225 Alexandrinas
2640 5184 2653 5220 :
2676 5174 2854 5221 testes
2883 5174 3023 5221 sunt
3044 5169 3425 5222 Theodoritus
3452 5177 3509 5223 et
3548 5174 3809 5223 Socrates

2205 5244 2301 5296 lib.
2331 5244 2425 5294 IV.
2452 5253 2574 5305 cap.
2609 5241 2761 5291 XXI.
2795 5245 2853 5290 et
2890 5242 3243 5291 Sozomenus
3265 5241 3362 5292 lib.
3389 5244 3482 5292 VI.
3508 5254 3630 5305 cap.
3652 5243 3808 5294 XIX.

2207 5315 2463 5377 Rufinus,
2491 5312 2590 5375 qui
2605 5310 2987 5375 persecutioni
3007 5311 3194 5362 eidem
3209 5311 3381 5363 interr
3379 5313 3481 5375 uit,
3500 5313 3648 5364 hanc
3665 5318 3812 5365 stra-

2206 5399 2336 5449 gem
2386 5382 2812 5435 Catholicorum
2862 5381 3122 5433 bifariam
3169 5382 3390 5434 dividit.
3449 5385 3490 5434 I.
3544 5384 3604 5434 in
3653 5384 3811 5436 cives

2208 5454 2628 5507 Alexandrinos
2652 5454 2722 5503 II.
2756 5452 2817 5502 in
2851 5452 3049 5505 Nitriae
3066 5456 3413 5505 monachos:
3437 5455 3606 5505 ετιιερε
3622 5458 3811 5506 omnia

2207 5532 2321 5592 post
2343 5524 2636 5576 Athanasii
2671 5522 2891 5587 obitum,
2920 5524 3128 5588 partim
3173 5526 3283 5576 sub
3333 5526 3574 5590 Tatiano,
3604 5529 3810 5591 partim

2211 5598 2320 5649 sub
2353 5595 2619 5655 Palladio,
2657 5594 2756 5657 qui
2791 5596 2991 5648 eodem
3026 5597 3100 5648 A.
3136 5598 3202 5647 D.
3228 5595 3350 5651 372.
3377 5598 3437 5649 in
3471 5599 3813 5663 praefectura

2209 5667 2435 5732 Egypti
2478 5665 2718 5717 Tatiano
2761 5667 3074 5731 successit,
3108 5680 3181 5719 ex
3202 5668 3544 5721 Theodorito
3578 5669 3674 5720 lib.
3715 5671 3806 5721 IV.

2211 5750 2334 5802 cap.
2366 5738 2546 5789 XXII.
2571 5737 2893 5792 Audiamus
2908 5740 3083 5793 verba
3104 5738 3301 5801 Rufini
3324 5744 3608 5804 utranque
3622 5752 3814 5805 perse—

2211 5809 2501 5862 cutionem
2524 5809 2840 5862 enarrantis
2866 5810 2960 5863 lib.
2989 5812 3058 5862 II.
3080 5821 3204 5875 cap.
3228 5812 3320 5862 III.
3363 5812 3540 5877 Igitur
3575 5825 3637 5861 ea
3674 5817 3806 5862 tem-

2208 5885 2402 5946 pestate
2426 5895 2598 5947 quum
2613 5882 3029 5947 quadragesimo
3051 5886 3197 5933 sexto
3213 5897 3363 5934 anno
3395 5882 3695 5934 Sacerdotii
3719 5886 3806 5934 sui

2212 5952 2550 6007 Athanasius
2575 5957 2693 6018 post
2720 5954 2913 6007 mullos
2938 5967 3150 6019 agones,
3197 5954 3497 6021 multasque
3535 5956 3800 6019 patientia
