3902 6408
67 303 139 360 89
1383 306 1560 359 VITA
1588 307 1720 360 LIB.
1753 306 1796 359 Ι.
1833 305 1987 358 CAP.
2011 305 2080 358 II.
3307 304 3377 361 90

63 437 301 502 coronas
334 423 624 502 quievisset
647 423 711 474 in
747 439 902 490 pace,
942 386 1245 502 sciscitatus
1271 423 1332 473 de
1367 438 1675 502 successore,
1700 428 1759 502 Α
1777 421 2408 502 responderepotuerit,
2436 421 2651 502 quidve
2672 421 3116 502 resppnderitln
3137 421 3380 502 epistola

73 493 300 544 Petrum
325 494 742 545 tribulationum
783 511 1016 546 suarum
1046 495 1371 562 participem
1394 500 1441 544 et
1471 496 1678 545 socium

70 564 284 630 delegit.
311 567 417 616 Sed
429 567 627 617 Lucius
655 569 690 620 Α
702 568 876 618 rianx
887 569 1064 634 partis
1079 569 1354 632 episcopus
1369 577 1678 620 CONTINUO

70 641 348 701 tanquam
382 639 458 688 ad
489 653 637 688 ovem
664 641 881 690 advolat
911 641 1105 705 lupus:
1149 645 1194 689 et
1230 642 1420 689 Petrus
1461 641 1682 704 quidem

69 723 271 758 navem
289 711 546 774 protinus
557 713 910 762 conscendens
931 712 1006 762 ad
1028 711 1212 761 urbem
1235 712 1460 761 Romam
1491 713 1682 776 profu-

69 779 172 844 git,
217 780 421 830 Lucius
464 796 586 832 vero
629 789 895 848 tanquam
935 783 1168 832 materia
1204 781 1306 832 sibi
1350 782 1682 833 crudelitatis

71 850 274 915 oblata,
299 851 490 902 saevior
511 868 640 918 erga
669 861 861 904 ceteros
897 854 1254 918 efﬁciebatur,
1287 859 1332 903 et
1361 854 1440 902 ita
1490 854 1597 904 ibat
1622 856 1683 904 in

70 926 423 986 sanguinem,
448 931 508 974 ut
535 940 602 975 ne
621 926 846 991 speciem
878 927 1099 991 quidem
1137 924 1385 989 aliquam
1407 925 1686 990 religionis

73 1007 290 1042 servare
311 994 582 1044 videretur
607 999 793 1060 :cujus
819 1007 1008 1049 PRIMO
1033 999 1295 1061 imgressu
1325 1001 1478 1044 tanta
1513 1002 1559 1046 et
1575 1003 1686 1046 tam

78 1065 274 1129 turpia
302 1065 366 1115 in
388 1066 628 1131 virgines
652 1073 699 1116 et
734 1069 1062 1118 continentes
1095 1067 1338 1116 Ecclesiae
1369 1073 1514 1130 gesta
1539 1073 1686 1132 sunt,

77 1151 198 1201 quae
245 1151 342 1186 nec
362 1137 425 1186 in
469 1139 924 1202 persecutionibus
967 1138 1256 1206 gentilium
1289 1145 1686 1192 memorantur.

80 1219 230 1261 lNDB
259 1218 412 1260 POST
433 1209 598 1274 fugas
619 1211 820 1260 civi-um
843 1217 889 1260 et
903 1211 1117 1274 exsilia,
1143 1220 1293 1262 POST
1337 1209 1495 1259 caedes
1517 1215 1565 1259 et
1591 1217 1692 1260 tor-

79 1285 284 1342 menta,
307 1280 682 1345 ﬂammasque,
715 1281 912 1348 quibus
934 1282 1254 1332 innumeros
1281 1281 1600 1346 confecerat,
1619 1282 1692 1332 ad

80 1351 634 1416 monasteria/moris
650 1355 738 1403 sui
755 1369 916 1404 arma
933 1355 1205 1404 convertit.
1241 1353 1419 1403 Vastat
1433 1368 1690 1414 eremum,

81 1428 130 1470 et
150 1421 288 1472 bella
312 1424 699 1487 quiescentibus
723 1426 940 1494 indicit,
967 1425 1094 1476 Tria
1115 1424 1297 1474 millia
1324 1424 1491 1473 simul
1517 1429 1612 1474 aut
1636 1439 1694 1475 eo

82 1494 344 1558 amplius,
371 1497 516 1544 viros
527 1511 625 1560 per
657 1504 822 1548 totam
855 1513 1097 1546 eremum
1137 1501 1332 1546 secreta
1361 1500 1408 1544 et
1447 1497 1697 1546 solitaria

87 1567 426 1616 habitatione
457 1568 740 1632 dispersos,
779 1582 1099 1634 oppugnare
1132 1570 1340 1633 pariter
1361 1568 1694 1632 aggreditur.

85 1637 251 1688 Mittit
269 1645 547 1688 armatam
563 1645 824 1705 equitum,
836 1647 881 1689 et
897 1641 1140 1705 peditum
1163 1653 1422 1698 manum;
1435 1639 1696 1704 tribunos,

82 1711 417 1776 praepositos,
441 1717 488 1760 et
517 1711 773 1761 bellorum
797 1721 954 1762 duces
987 1719 1254 1775 tanquam
1281 1711 1536 1760 adversus
1565 1711 1691 1759 bar-

87 1786 247 1832 baros
259 1788 609 1847 pugnaturus
629 1784 780 1849 elegit
797 1800 812 1834 :
825 1784 922 1848 qui
946 1799 1070 1834 cum
1084 1784 1346 1832 venissent
1359 1796 1557 1831 novam
1571 1782 1690 1831 belli

87 1855 315 1920 speciem
347 1855 544 1915 vident,
582 1856 749 1906 hostes
779 1870 906 1906 suos
939 1855 1140 1920 gladiis
1163 1855 1418 1919 objectare
1450 1858 1688 1915 cervices,

89 1933 136 1977 et
165 1927 315 1976 nihil
335 1927 493 1976 aliud
512 1927 700 1989 dicere,
718 1927 846 1990 nisi,
867 1930 1056 1988 amice,
1074 1928 1148 1976 ad
1163 1927 1299 1991 quid
1316 1926 1541 1974 venisti?

155 1999 256 2050 Ill.
295 1999 379 2050 De
407 1998 646 2050 immani
668 1999 766 2050 illa
787 1999 1184 2064 persecutione
1213 1997 1458 2049 Ruﬁnus
1498 1997 1697 2048 statim

91 2069 223 2122 haec
237 2069 402 2121 addit
425 2083 439 2119 :
465 2071 570 2120 Per
591 2071 650 2119 id
675 2077 880 2136 tempus
895 2077 1076 2135 patres
1100 2069 1503 2118 monachorum
1515 2069 1636 2117 vita:
1651 2074 1696 2116 et

92 2141 441 2206 antiquitatis
452 2143 658 2203 merito,
673 2145 966 2202 Macarius,
981 2141 1227 2191 Isidorus
1251 2141 1500 2204 aliusque
1509 2141 1698 2189 Maca-

93 2215 232 2274 rius,
255 2219 418 2278 atque
427 2213 732 2263 Heraclides
751 2220 797 2263 et
810 2215 1066 2278 Pambus,
1083 2213 1314 2263 Antonii
1337 2211 1592 2276 discipuli
1600 2227 1697 2276 per

92 2285 416 2350 Afgyptum,
441 2291 485 2335 et
505 2287 748 2335 maxime
768 2287 828 2334 in
847 2287 1042 2337 Nitriae
1069 2285 1258 2334 deserti
1273 2284 1518 2348 partibus
1542 2284 1700 2333 habe-

97 2359 318 2418 bantur,
344 2357 472 2420 viri,
501 2359 598 2421 qui
627 2357 957 2407 consortium
986 2359 1116 2420 vita,
1139 2363 1185 2406 et
1212 2363 1432 2406 actuum
1450 2370 1699 2405 noncum

96 2431 277 2480 celeris
312 2429 650 2494 mortalibus,
688 2429 778 2478 sed
800 2444 925 2479 cum
967 2429 1219 2492 supernis
1253 2427 1474 2492 Angelis
1510 2426 1700 2476 habere

96 2500 469 2552 credebantur.
521 2513 663 2564 qua;
686 2513 893 2553 ramus
938 2513 1069 2552 VIDI
1116 2511 1381 2564 LOQUOR,
1423 2504 1470 2548 et
1512 2513 1701 2550 eorum

95 2583 243 2640 gesta
264 2575 456 2636 refero,
477 2587 713 2637 quorum
737 2574 798 2622 in
815 2583 1206 2626 PASSIONIRUS
1223 2582 1438 2624 SOCIUS
1455 2585 1560 2620 esse
1579 2586 1703 2636 pro-

98 2646 296 2695 merui.
313 2648 380 2696 1n
390 2646 668 2710 Apologia
680 2646 854 2698 etiam
873 2646 954 2698 ad
964 2645 1340 2698 Anastasium
1353 2643 1702 2708 Pontiﬁcem,

101 2731 165 2770 se
199 2724 340 2770 tunc
362 2730 465 2782 pro
480 2717 594 2769 llde
618 2729 859 2782 passum
895 2717 1204 2782 gloriatur:
1246 2716 1488 2776 Quanvis
1533 2716 1705 2780 igitur

99 2791 474 2853 ﬁdesNOS'l‘lu
494 2790 872 2853 persecutionis
897 2790 1267 2838 hereticorum
1288 2795 1517 2852 tempore
1532 2801 1706 2852 quum

100 2864 160 2911 in
175 2862 379 2911 Sancta
395 2860 776 2910 Alexandrina
791 2862 1023 2910 Ecclesia
1037 2871 1424 2922 DBGBRBMUS,
1445 2859 1507 2909 in
1531 2873 1708 2909 carce-

102 2932 273 2995 ribus,
303 2938 350 2982 ct
371 2937 430 2982 in
452 2932 682 2994 exsiliis,
705 2947 822 2997 quae
850 2947 950 2997 pro
981 2933 1085 2997 ﬁde
1113 2933 1504 2997 inferebantur,
1563 2941 1709 2983 PRO-

105 3018 262 3058 BATA
284 3004 376 3070 sit,
395 3011 575 3054 tamen
591 3010 636 3054 et
658 3020 808 3054 nunc
817 3008 864 3054 si
875 3006 999 3070 quis
1015 3010 1106 3070 est,
1130 3006 1228 3070 qui
1243 3005 1320 3054 vel
1338 3009 1538 3053 tentare
1546 3005 1710 3066 [idem

105 3083 355 3128 nostram
371 3078 574 3142 cupiat,
589 3077 738 3140 sciat,
765 3082 873 3130 etc.
899 3078 1004 3130 His
1026 3077 1090 3130 in
1121 3081 1276 3130 aestu
1298 3077 1706 3142 disputationis

105 3152 190 3204 sic
211 3151 476 3216 reposuit
492 3150 878 3216 Hieronymus
900 3151 1066 3216 Apol.
1079 3149 1175 3202 lib.
1194 3151 1265 3215 Il,
1296 3154 1427 3215 post
1441 3148 1702 3201 initium:

1721 1815 1776 1888 B

1777 495 1850 546 ad
1873 495 2026 546 duos
2055 493 2269 558 priores
2293 493 2470 546 libros
2498 489 2770 559 'Apologiae
2794 495 2986 547 Sancti
3010 494 3339 560 Hieronymi
3363 509 3377 546 :

1779 566 1877 630 qui
1889 578 2016 617 eam
2031 564 2266 628 quidem
2277 565 2595 630 epistolam,
2605 565 2774 618 hodie
2785 565 3160 630 deperditam,
3171 577 3383 617 memo-

1779 642 1868 688 rat
1893 639 1954 688 in
1981 636 2124 687 libro
2146 637 2239 687 III.
2265 637 2554 700 Apologia.
2579 636 2671 688 Ad
2703 638 2830 689 haec
2861 636 3254 688 'l‘illemontius
3281 637 3386 687 ob-

1781 713 1991 768 servat,
2021 707 2266 760 Arianos
2300 709 2361 759 in
2390 708 2648 773 publicas
2666 709 2893 761 tabulas
2938 721 3058 760 non
3101 708 3388 760 retulisse-

1781 779 2058 845 quidquid
2077 779 2308 832 violenti
2327 784 2386 832 et
2401 780 2702 832 inhumani
2720 780 3390 845 incatholicosipsiexer-

1783 853 1992 904 cebant
2013 865 2029 915 ;
2051 863 2158 902 nec
2181 863 2407 914 semper
2419 853 2678 916 judicum
2703 852 3019 904 sententias
3035 855 3385 916 expectasse,

1785 929 1850 976 ut
1871 935 2021 986 quos
2032 924 2288 984 oderant,
2313 925 2376 974 in
2398 936 2652 975 carceres
2670 923 2979 986 truderent,
2999 923 3214 974 exsiliis
3237 923 3389 988 plec-

1789 1001 1990 1056 terent,
2022 999 2082 1047 et
2098 998 2216 1047 vita
2247 995 2540 1060 privarent
2567 995 2735 1047 :hinc
2761 997 2960 1058 Ruﬁno
2986 995 3222 1048 titulum
3251 995 3393 1044 Con-

1784 1066 2001 1131 fessoris
2024 1067 2134 1119 hac
2155 1067 2216 1118 in
2249 1082 2308 1118 re
2334 1068 2508 1119 tribui
2537 1081 2708 1132 posse
2745 1067 3051 1120 consentit.
3077 1066 3392 1119 Annalium

1790 1152 1994 1205 parens
2021 1143 2090 1190 A.
2116 1141 2183 1191 D.
2203 1137 2325 1193 372.
2353 1143 2386 1204 ς
2411 1141 2462 1193 8.
2487 1139 2770 1203 Ruﬁnum,
2809 1140 2958 1190 sicut
2977 1139 3219 1191 aliorum
3251 1151 3393 1190 con-

1791 1213 2102 1262 i‘essionem
2117 1212 2426 1276 recensuit,
2437 1213 2517 1262 ita
2531 1218 2590 1263 et
2606 1223 2772 1263 suam
2794 1215 2958 1275 putat
2971 1223 3268 1262 recensere
3295 1211 3395 1261 de-

1791 1283 1992 1334 buisse
2015 1283 2283 1347 exemplo
2307 1283 2485 1334 Paulli
2507 1284 2787 1348 Apostoli.
2828 1283 2939 1336 Sed
2972 1282 3240 1346 nunquid
3266 1293 3396 1332 eam

1793 1368 1912 1406 non
1933 1357 2222 1406 recensuit
2236 1355 2336 1418 qui
2357 1355 2456 1419 ait,
2471 1371 2522 1403 se
2545 1371 2733 1404 eorum
2743 1361 2888 1419 gesta
2904 1355 3120 1419 referre,
3153 1367 3395 1419 quorum

1792 1425 2136 1493 passionibus
2153 1463 2166 1488 ,
2181 1437 2396 1479 SOClUS
2411 1442 2514 1476 esse
2525 1428 2866 1491 promeruit?
2893 1428 2985 1478 Ad
3001 1427 3129 1480 haec
3146 1425 3398 1490 inApolo

1795 1501 1892 1564 gia
1917 1513 2022 1563 pro
2044 1499 2149 1562 fide
2163 1514 2263 1547 sua
2286 1498 2360 1550 ad
2386 1499 2761 1550 Anastasium
2777 1499 3113 1550 Pontillcem
3135 1495 3400 1560 nunquid

1795 1583 1914 1622 non
1940 1569 2169 1634 fatetur,
2195 1571 2438 1621 eandem
2458 1571 2619 1633 ﬁdem
2645 1582 2812 1621 suam
2835 1569 3252 1634 persecutionis
3274 1569 3399 1619 hae-

1798 1647 2107 1694 reticorum
2122 1645 2378 1704 tempore
2404 1641 2464 1690 in
2487 1641 2806 1704 carceribus,
2839 1646 2885 1690 et
2914 1642 2974 1689 in
3015 1640 3239 1702 exsiliis,
3284 1653 3402 1702 quae

1788 1728 1888 1778 pro
1913 1725 2054 1764 FlDB
2079 1711 2465 1775 infe-rebantur.
2494 1723 2815 1764 PROBATAM
2843 1711 3057 1763 fuisse?
3085 1712 3194 1763 Sed
3215 1721 3402 1774 neque

1797 1786 2033 1836 omnino
2055 1784 2113 1834 iu
2137 1789 2312 1848 negat
2335 1785 2456 1848 ipse
2477 1784 2879 1849 Hieronymus,
2906 1785 3019 1835 nisi
3033 1783 3282 1836 fortasse
3299 1794 3405 1833 iro-

1798 1857 1928 1908 nico
1948 1869 2080 1918 usu,
2105 1863 2258 1920 quou
2296 1869 2416 1908 non
2443 1856 2638 1921 magni
2668 1857 2918 1920 prel'ecto
2956 1857 3200 1907 interest
3225 1869 3240 1918 ;
3265 1865 3406 1905 nam

1796 1927 2092 1992 Apologia:
2126 1929 2224 1979 lib.
2251 1929 2316 1978 II.
2363 1928 2423 1979 in
2467 1930 2742 1980 Rutilium
2769 1927 2852 1978 sic
2873 1927 3129 1991 loquitur
3156 1939 3169 1977 :
3201 1927 3404 1977 Contra

1795 2001 1920 2051 Arii
1937 2000 2192 2064 dogmata
2205 1999 2330 2064 jam
2352 2000 2701 2049 Atexandrix
2716 2000 2779 2048 in-
2793 1999 3092 2049 carceribus
3121 1999 3239 2048 etin
3263 1993 3422 2047 επεὶ-⁵

1798 2072 1886 2122 liis
1911 2071 2268 2121 dimicaveras
2290 2086 2404 2121 non
2430 2087 2545 2121 voce
2559 2073 2648 2120 sed
2671 2071 2956 2135 sanguine.
2985 2072 3052 2122 In
3077 2070 3281 2122 eodem
3305 2069 3402 2120 lib.

1797 2146 1864 2196 ΙΙ.
1890 2157 2020 2208 pag.
2045 2142 2166 2198 399.
2200 2159 2266 2192 ne
2304 2143 2399 2192 tibi
2431 2144 2651 2208 quidem
2686 2145 2909 2208 quando
2942 2144 3004 2192 in
3037 2141 3338 2192 carceribus
3361 2146 3408 2190 et

1797 2215 2004 2265 exsiliis
2024 2214 2328 2264 morabaris
2355 2215 2431 2264 hu
2427 2218 2455 2280 j
2463 2215 3080 2264 uscemodisacramenta
3085 2217 3406 2278 patuerunt.

1797 2290 1869 2341 Ει
1888 2300 2018 2352 pag.
2036 2286 2158 2341 407.
2186 2286 2281 2336 tibi
2297 2301 2420 2352 ergo
2440 2288 2499 2336 in
2523 2303 2631 2350 quo
2654 2287 2866 2336 somnio
2881 2286 3251 2336 Alexandrini
3267 2297 3408 2338 can.

1800 2369 1975 2413 CERIS
1993 2360 2280 2408 revelatum
2305 2365 2394 2422 est,
2411 2363 2470 2407 ut
2487 2373 2603 2422 quae
2619 2358 2705 2407 ille
2723 2357 3036 2422 (Origenes)
3052 2372 3178 2406 vera
3194 2359 3409 2422 pro/ite-

1801 2437 1911 2495 tur,
1932 2430 2132 2494 falsata
2155 2431 2432 2494 conﬁngas
2447 2434 2472 2481 εἰ
2484 2433 2717 2493 tiu/inus
2740 2436 3052 2494 postquam
3069 2433 3405 2481 enarrasset

1800 2502 2169 2555 abmirandas
2194 2501 2566 2553 Nitriensium
2599 2501 3012 2554 Monachorum
3050 2501 3316 2561 virtutes,
3353 2505 3412 2552 et

1802 2577 2187 2628 constantiam
2209 2587 2310 2638 pro
2335 2573 2470 2624 Fide
2490 2572 2777 2626 Catholica
2796 2573 2894 2624 lib.
2923 2575 3018 2624 XI.
3035 2585 3159 2638 cap.
3177 2573 3325 2624 Vill.
3341 2572 3414 2623 de

1802 2647 1914 2698 illis
1937 2660 1970 2698 a
1989 2659 2051 2698 se
2082 2647 2222 2698 visis
2247 2649 2303 2697 et
2324 2649 2386 2696 in
2421 2645 2696 2697 familiare
2732 2645 3083 2709 colloquium
3118 2643 3413 2708 adhibitis,

1803 2719 1930 2772 haec
1975 2721 2187 2770 iterum
2233 2716 2513 2782 loquitur:
2553 2717 2793 2767 Iv‘torebat
2833 2719 3005 2782 igitur
3039 2717 3308 2782 ngyptus
3351 2730 3416 2765 ea

1806 2795 2102 2855 tempestate
2119 2805 2229 2838 non
2247 2794 2420 2840 solum
2435 2791 2569 2839 erud
2576 2790 2662 2838 itis
2681 2789 2740 2837 in
2750 2790 3055 2838 christiana
3061 2787 3418 2853 philosophia

1805 2864 1958 2927 viris,
1993 2876 2179 2912 verum
2199 2863 2363 2911 etiam
2380 2862 2482 2922 his,
2509 2862 2606 2926 qui
2625 2877 2724 2926 per
2750 2868 2960 2911 vastam
2982 2875 3223 2910 ercmum
3265 2874 3415 2909 com-

1806 2940 2058 2996 meantes,
2107 2934 2268 2998 signa
2311 2940 2358 2983 et
2399 2933 2677 2998 prodigia,
2733 2934 3038 2998 Apostolica
3072 2931 3417 2997 simplicitate

1807 3009 1944 3071 vitx,
1959 3012 2005 3056 et
2033 3007 2208 3056 cordis
2230 3005 2551 3068 sinceritate,
2569 3003 2868 3070 faciebant:
2884 3020 2952 3054 ex
2967 3003 3162 3069 quibus
3189 3003 3418 3052 interim

1805 3095 1936 3147 quos
1961 3089 2077 3130 IPSI
2104 3087 2357 3130 VIDIMUS
2364 3082 2686 3140 ,etquorum
2697 3076 2932 3126 benedici
2952 3075 3208 3126 manibus
3225 3084 3418 3127 MERUI

1807 3163 1949 3214 MUS,
1987 3149 2048 3201 hi
2068 3155 2214 3212 sunt,
2238 3149 2518 3200 Macarius
2544 3148 2886 3212 desuperiori
2915 3147 3269 3213 eremo,alius
3291 3147 3417 3196 Ma-

101 3225 277 3314 eliror
295 3224 443 3288 quod
467 3237 581 3314 npn
603 3222 855 3314 adjfarit
877 3237 893 3272 :
918 3224 1129 3314 vinqtus
1151 3223 1279 3314 Jesis
1302 3221 1506 3314 βῆν-ἰεξὶ
1562 3226 1608 3270 et
1635 3221 1707 3304 li-
1731 3237 1782 3314 ρ
1802 3225 2009 3314 carius.
2033 3221 2396 3314 deuinferiori
2425 3236 2472 3314 :n
2486 3222 2728 3303 Isidorus
2861 3222 3045 3314 Sci/ti,
3081 3221 3320 3314 [iambus
3357 3219 3421 3314 inl

103 3296 316 3346 beratus
338 3309 463 3344 sum
488 3294 664 3344 deore
685 3295 896 3356 Leonis,
939 3302 985 3344 et
1007 3293 1358 3345 Alexandriae
1402 3294 1478 3344 ad
1520 3293 1709 3344 bestias
1735 3293 1782 3314 ν’
1822 3296 2054 3357 Cellulis,
2097 3296 2301 3358 Moyses
2337 3299 2383 3344 et
2427 3293 2724 3344 Beniamin
2758 3294 2819 3343 in
2848 3295 3056 3358 Nitria,
3097 3293 3331 3358 Scyrion
3376 3294 3424 3340 et

101 3367 441 3435 pugnavi;et
464 3387 478 3418 :
509 3381 735 3417 cursum
748 3369 1144 3432 consummavi,
1167 3367 1331 3432 fidem
1353 3367 1581 3427 servavi,
1615 3381 1714 3416 su-

97 3446 270 3506 perest
305 3441 450 3490 mihi
478 3453 681 3490 corona
707 3440 952 3506 justitix.
989 3441 1116 3500 qu
1165 3439 1361 3490 exsilia
1389 3442 1416 3492 ἵ
1445 3454 1580 3504 quos
1624 3439 1718 3488 iste

110 3527 347 3564 carceres
379 3513 633 3562 nominat
659 3514 684 3562 9
706 3513 877 3562 Pudet
912 3527 997 3563 me
1037 3512 1366 3578 apertissimi
1403 3511 1716 3562 mendacii:

107 3587 268 3652 quasi
291 3599 524 3636 carceres
544 3590 588 3635 et
598 3585 795 3636 exsilia
809 3587 1004 3651 absque
1011 3585 1264 3650 judicum
1279 3585 1554 3635 sententiis
1573 3584 1720 3634 irro-

106 3665 320 3724 gentur.
376 3656 501 3708 Volo
529 3662 708 3707 tamen
744 3658 887 3723 ipsos
923 3658 1056 3708 scire
1089 3671 1343 3722 carceres,
1395 3662 1441 3707 et
1474 3671 1718 3722 quarum

105 3731 524 3798 provinciarum
541 3744 594 3780 se
609 3730 751 3780 dicat
765 3731 962 3780 exsilia
972 3731 1309 3782 sustinuisse.
1329 3729 1401 3780 Et
1413 3732 1598 3794 utique
1616 3730 1718 3779 ha-

111 3806 209 3865 bet,
247 3803 480 3868 copiam,
505 3802 569 3853 de
599 3803 783 3852 multis
811 3802 1114 3853 carceribus
1149 3808 1196 3854 et
1229 3803 1468 3867 inﬁnitis
1511 3803 1720 3852 exsiliis

109 3890 290 3927 unum
305 3875 530 3940 aliquod
562 3875 917 3926 nominandi.
939 3875 1144 3927 Prodat
1176 3875 1330 3926 nobis
1366 3875 1721 3940 confessionis

115 3965 223 4000 sua:
264 3954 402 4011 acta,
447 3962 565 4013 quis
608 3947 884 4013 hucusque
921 3949 1264 4014 nescivimus,
1299 3953 1359 3999 ut
1401 3949 1545 3998 inter
1579 3950 1718 4002 alios

115 4021 466 4074 Alexandriae
486 4025 752 4085 martyres
789 4021 957 4086 hujus
991 4036 1201 4086 quoque
1229 4026 1372 4086 gesta
1415 4023 1714 4088 recitemus,

118 4101 164 4146 et
178 4098 369 4144 contra
398 4093 676 4143 latratores
696 4107 821 4143 suos
843 4093 1011 4159 possit
1039 4094 1212 4145 dicere
1227 4110 1244 4144 :
1267 4095 1344 4144 De
1365 4101 1532 4146 cetero
1561 4115 1719 4158 nemo

118 4168 261 4217 mihi
285 4165 532 4216 molestus
557 4166 658 4227 sit;
685 4180 780 4232 ego
819 4167 968 4216 enim
1003 4169 1257 4233 stigmata
1285 4169 1510 4220 Domini
1547 4180 1721 4228 nostri

117 4242 246 4294 Jesu
277 4238 482 4291 Christi
507 4239 570 4288 in
603 4253 824 4304 corpore
854 4254 970 4290 meo
989 4245 1166 4307 porto.
1212 4241 1322 4294 Sed
1349 4255 1423 4296 ex
1456 4246 1722 4311 ejusdem

120 4312 317 4366 Sancti
337 4310 522 4364 Patris
553 4311 847 4385 Apologia
872 4312 973 4366 lib.
1010 4315 1079 4365 ΙΙ.
1120 4314 1422 4382 discimus,
1450 4310 1723 4385 Ruﬁnum

124 4398 240 4440 non
255 4386 333 4438 ab
353 4397 418 4437 se
435 4389 680 4446 tantum,
711 4384 812 4438 sed
834 4385 906 4438 ab
929 4385 1058 4438 aliis
1092 4387 1267 4440 etiam
1294 4384 1609 4456 martyrem
1641 4396 1722 4448 di-

125 4465 284 4512 ctum
305 4471 320 4508 :
334 4457 488 4520 Cave,
501 4472 568 4507 ne
584 4457 683 4508 hoc
691 4457 942 4523 magistri
952 4464 998 4509 et
1011 4460 1372 4527 condiscipuli
1383 4465 1465 4514 tui
1485 4468 1722 4518 audiant

123 4538 167 4582 et
189 4529 436 4596 oﬂ'endas
465 4529 916 4595 quamplurimas,
941 4533 1039 4597 qui
1060 4547 1144 4583 me
1167 4534 1450 4601 latronem,
1475 4549 1552 4590 ΤΒ
1575 4551 1730 4592 MAR-

124 4614 318 4657 TInBu
339 4606 545 4654 vocant.
571 4603 824 4656 Rursus:
851 4611 971 4671 post
999 4605 1448 4658 Alexandrinum
1472 4611 1732 4662 exsilium

123 4683 167 4727 et
201 4673 499 4726 tenebrosae
541 4689 772 4726 carceres
792 4691 829 4726 a
875 4679 1079 4729 cunctis
1110 4679 1355 4745 Origenis
1391 4685 1733 4734 sectatoribus

125 4759 375 4802 ILLBTYR
424 4753 470 4796 α
508 4757 858 4802 APOSTOLUS
893 4751 1216 4802 nomineris.
1263 4755 1425 4807 Certe
1455 4759 1743 4814 Socrates,

126 4821 221 4874 lib.
238 4821 336 4873 ιν.
352 4831 477 4884 cap.
496 4819 702 4873 XXIV.
721 4823 772 4874 Α
787 4823 1236 4878 exandrinorum
1251 4837 1545 4881 aerumnas
1559 4828 1746 4883 literis

127 4894 363 4946 tradens
384 4893 536 4964 inter
555 4898 786 4946 sanctos
809 4896 1127 4950 monachos
1150 4896 1272 4951 dire
1297 4905 1558 4964 vexatos,
1585 4902 1745 4956 Run-

133 4979 274 5019 num
287 4964 350 5016 id
381 4963 454 5017 de
487 4976 551 5017 se
581 4969 930 5033 narrantem,
949 4969 1041 5021 his
1073 4970 1268 5023 verbis
1296 4984 1594 5028 recensere
1624 4987 1746 5029 non

133 5039 438 5091 militetur:
458 5037 566 5088 haec
582 5039 815 5101 Ruﬁnus
825 5046 870 5090 et
889 5052 1134 5096 vmxssa
1147 5058 1202 5094 se
1224 5059 1428 5111 coram,
1449 5053 1496 5096 et
1523 5059 1651 5102 cum
1666 5061 1748 5102 ιι,-

137 5123 228 5164 us
250 5120 609 5186 rnnrnssuu
633 5126 737 5162 esse
783 5113 931 5167 dicit.
977 5115 1252 5178 Quocirca
1275 5119 1748 5186 Rosweydus,vir

139 5185 266 5250 pius
290 5188 352 5237 et
373 5184 599 5249 doctus,
624 5197 740 5250 quo
761 5198 930 5241 nemo
958 5191 1282 5243 accuratius
1310 5184 1610 5248 historiam
1625 5184 1750 5250 ere-

139 5258 402 5332 miticam
439 5255 785 5332 illustravit,
839 5261 900 5313 in
948 5261 1104 5314 notis
1145 5262 1221 5315 ad
1269 5265 1432 5317 Vitas
1467 5267 1746 5332 Patrum,

139 5343 266 5408 pag.
299 5328 480 5408 4422μὲ
505 5328 590 5393 18,
624 5331 771 5408 tanti
809 5332 1133 5408 faciendam
1155 5348 1273 5389 non
1293 5342 1458 5403 putat
1469 5328 1752 5408 'objurga-l

145 5405 361 5479 tionem
379 5404 736 5479 Hieronymi,
761 5407 907 5470 quin
929 5408 1140 5473 Rufino
1163 5410 1516 5466 credendum
1541 5404 1631 5479 sit,
1653 5404 1753 5467 cui

144 5477 386 5551 credidit
407 5477 698 5551 Socrates,
735 5491 918 5543 quum
956 5482 1198 5546 Rufinus
1238 5483 1495 5551 idipsum
1545 5477 1664 5540 tam
1693 5487 1754 5540 in

146 5549 552 5625 disputatione,
587 5563 761 5615 quam
795 5557 976 5619 extra,
1012 5555 1310 5622 professus
1322 5549 1548 5612 'fuerit:
1598 5561 1756 5625 quod

151 5626 342 5676 tamen
366 5622 756 5688 Hieronymus
793 5625 854 5678 in
887 5640 1005 5681 uno
1054 5629 1460 5695 disputationis
1485 5622 1670 5686 calore
1696 5632 1757 5685 in

155 5697 394 5750 dubium
428 5696 676 5750 vocavit.
705 5699 773 5750 ln
795 5700 998 5754 eadem
1031 5705 1312 5757 sententia
1337 5709 1426 5758 est
1449 5704 1756 5759 'l‘illemon-

156 5770 263 5822 tius
287 5773 448 5822 tome
473 5770 617 5845 vlli.
643 5783 773 5837 pag.
809 5771 934 5827 614.
975 5777 1034 5828 et
1055 5777 1210 5830 tomo
1233 5777 1357 5830 XII.
1384 5789 1513 5845 pag.
1546 5778 1634 5834 40.
1661 5781 1758 5831 Ar-

154 5846 428 5906 gumenta
443 5841 603 5895 enim
617 5847 815 5898 contra
833 5845 1104 5912 Ruﬁnum
1123 5860 1329 5914 parum
1345 5841 1585 5917 probare
1610 5850 1756 5903 arbi-

159 5931 354 5992 tratur,
377 5925 548 5983 nobis
567 5926 943 5993 lgnorantibs.
1020 5923 1163 5986 quid
1189 5925 1266 5980 ad
1293 5937 1360 5980 ea
1379 5925 1613 5991 Ruﬁnus
1633 5923 1758 5992 ipse

1754 4635 1812 4710 D

1819 3371 2036 3421 Eliaset
2068 3367 2295 3418 Paullus
2330 3367 2392 3416 in
2424 3367 2680 3431 Apeliote,
2717 3366 2863 3416 alius
2899 3367 2962 3416 in
2990 3367 3158 3429 Focis,
3206 3366 3422 3415 meen

1820 3449 1866 3493 et
1879 3442 2075 3506 Joseph
2090 3441 2152 3490 in
2185 3439 2410 3504 Pispiri,
2433 3438 2530 3503 qui
2561 3439 2938 3504 appellabatur
2973 3439 3129 3488 Mons
3169 3436 3421 3488 Antonii.

1822 3515 2068 3566 Eosdem
2093 3517 2368 3576 tanquam
2387 3516 2772 3576 praeceptores
2787 3523 2927 3564 suos
2945 3514 3228 3564 memorat
3257 3511 3420 3572 Ruﬁ-

1821 3603 1927 3637 nus
1949 3585 2247 3652 Apologiaa
2260 3585 2357 3636 lib.
2376 3586 2444 3635 II.
2462 3597 2592 3650 pag.
2611 3582 2734 3638 424.
2760 3584 2824 3634 Ut
2847 3585 2921 3634 ad
2945 3584 3109 3634 eremi
3139 3583 3427 3646 magistros

1821 3659 2055 3721 veniam,
2073 3657 2271 3724 quibus
2297 3661 2343 3707 et
2371 3659 2626 3707 attentius
2653 3663 2700 3706 et
2719 3656 3060 3722 frequentius
3077 3657 3424 3716 vacabamus,

1822 3734 1914 3784 ubi
1942 3731 2221 3782 Macarius
2242 3729 2471 3781 Antonii
2487 3729 2800 3794 discipulus,
2832 3736 2878 3780 et
2911 3730 3060 3780 Alter
3073 3728 3368 3789 Macarius,
3387 3731 3435 3776 et

1823 3806 2062 3858 Isidorus
2082 3811 2128 3855 et
2162 3805 2418 3864 Pambus,
2443 3818 2626 3852 omnes
2651 3803 2816 3852 amici
2841 3803 2940 3853 Dei
2964 3819 2978 3855 :
3009 3803 3107 3868 qui
3144 3813 3256 3854 NOS
3290 3809 3431 3853 HBG

1825 3891 2164 3942 DOCBBAN'I‘,
2181 3892 2298 3942 quas
2320 3877 2426 3942 ipsi
2447 3891 2484 3926 a
2503 3876 2610 3925 Deo
2633 3875 2900 3925 discebant
2923 3877 3231 3935 3Quantam
3245 3890 3356 3939 ego,
3381 3873 3430 3922 si

1829 3953 1926 4002 hoc
1951 3951 2030 4000 ita
2058 3951 2253 4000 deceret
2279 3954 2376 3998 aut
2408 3947 2698 4012 expediret,
2730 3948 2792 3998 de
2822 3947 2908 3997 his
2945 3947 3197 3997 omnibus
3239 3945 3433 3996 habere

1819 4026 2098 4092 jactantix
2115 4021 2404 4071 materiam
2422 4035 2630 4086 possem
2653 4021 2678 4068 3
2715 4021 2816 4070 Sed
2836 4019 3096 4081 erubesco,
3126 4021 3234 4069 haec
3261 4019 3425 4068 etiam

1825 4091 2082 4157 retexens,
2113 4095 2247 4145 dum
2269 4093 2384 4144 volo
2399 4092 2492 4142 tibi
2512 4091 2797 4156 ostendere,
2831 4107 2962 4154 non,
2985 4097 3043 4142 ut
3067 4092 3221 4154 dicis,
3247 4097 3431 4142 nostro

1822 4171 2046 4244 ingenio
2061 4167 2363 4244 magistros,
2389 4165 2478 4244 sed
2501 4165 2646 4230 quod
2666 4164 2790 4230 plus
2827 4165 2998 4244 doleo,
3037 4165 3315 4244 magistris
3341 4165 3432 4214 de-

1823 4240 1991 4321 fuisse
2022 4245 2197 4321 magis
2227 4240 2515 4321 ingeni-um
2549 4245 2818 4321 nostrum,
2843 4240 3232 4321 Hieronymus
3260 4240 3435 4321 A.hD,

1825 4309 1944 4382 '380.
1961 4314 2282 4372 Chronicon
2306 4311 2586 4374 scribens,
2619 4309 2804 4375 elogio
2829 4322 2970 4362 sane
3001 4309 3307 4382 magniﬁco
3329 4313 3442 4364 Ra.

1823 4381 2004 4463 finum
2024 4385 2377 4463 ornavitsub
2409 4385 2629 4463 anno}.
2664 4382 2889 4463 Olymp,
2915 4381 3440 4463 .2289.“l}‘brahami-

1827 4453 1938 4523 tice
1953 4461 2117 4520 2393.
2137 4457 2345 4512 Christi
2375 4456 2697 4510 secundum
2718 4455 3033 4507 Eusebium
3056 4453 3122 4508 37
3128 4454 3179 4508 8.
3222 4468 3438 4523 nempe

1828 4537 2179 4604 Dionysiano
2219 4530 2342 4604 735.
2376 4527 2802 4604 lf‘lorentiuus_et
2841 4527 3086 4604 Honosus
3117 4532 3163 4576 et
3197 4529 3437 4604 Ruﬁnus

1831 4600 2114 4667 INSléNBs
2127 4602 2384 4655 Monachi
2397 4600 2664 4652 habentur
2678 4615 2694 4649 :
2706 4600 2755 4650 E
2765 4600 2960 4664 quibus
2969 4600 3315 4652 Florentinus
3332 4607 3446 4653 tam

1844 4682 2146 4735 misericors
2174 4678 2235 4727 in
2249 4689 2435 4741 egenos
2447 4672 2575 4738 fuit,
2590 4677 2650 4723 ut
2673 4672 2832 4738 vulgo
2855 4679 3009 4738 pater
3027 4688 3338 4738 pauperum
3349 4690 3444 4726 no.

1846 4758 2089 4807 minatus
2107 4752 2194 4802 sit.
2217 4749 2324 4802 Hic
2334 4747 2699 4812 Florentinus,
2712 4745 3002 4810 quomodo
3012 4746 3228 4800 habent
3245 4759 3449 4802 omnes

1841 4825 2104 4883 Chronici
2127 4823 2430 4886 editiones,
2454 4833 2490 4874 a
2526 4819 2874 4886 Hieronymo
2923 4819 3102 4872 semel
3138 4825 3199 4873 et
3237 4820 3449 4874 iterum

1840 4901 2142 4955 Florentius
2155 4901 2393 4952 vocatur
2409 4895 2471 4946 in
2485 4893 2872 4959 epistolisjam
2880 4891 3167 4957 adductis,
3190 4895 3250 4946 et
3272 4894 3450 4946 etiam

1841 4989 1878 5030 a
1896 4975 2092 5038 Rufino
2118 4969 2412 5037 Apologia
2433 4968 2530 5021 lib.
2556 4969 2624 5018 II.
2656 4966 2756 5019 ubi
2777 4967 2888 5019 hoc
2911 4965 3066 5018 idem
3097 4966 3350 5038 elogium
3377 4967 3450 5020 de

1845 5062 1908 5103 se
1927 5037 2065 5102 olim
2084 5046 2158 5098 ab
2183 5044 2360 5094 amico
2391 5039 2691 5106 scriptum,
2735 5038 2919 5091 scisso
2957 5037 3209 5091 amicitia
3251 5039 3452 5092 Hiero-

1843 5133 2022 5188 nymo
2043 5117 2270 5183 objicit:
2295 5115 2378 5164 Me
2401 5128 2549 5164 nunc
2577 5112 2799 5188 laceras,
2819 5115 3069 5188 quernet
3099 5111 3162 5188 in
3195 5110 3454 5188 Epistolis

1847 5181 1954 5246 tuis
1977 5181 2138 5243 antea
2176 5188 2516 5246 laudaveras,
2555 5189 2601 5234 et
2639 5184 2702 5233 in
2735 5183 3026 5234 Chronicis
3052 5181 3160 5232 tuis
3181 5183 3452 5232 Florentio

1846 5270 2112 5322 elBonoso
2132 5277 2234 5329 pro
2256 5262 2389 5321 vitae,
2408 5265 2466 5310 ut
2488 5257 2592 5322 ais,
2614 5255 2887 5306 nobilitate
2913 5271 3009 5305 con
3009 5267 3299 5320 Junxeras.
3319 5255 3456 5329 luu-

1850 5346 1950 5395 tua
1976 5338 2088 5390 illis
2118 5326 2481 5388 necessitudo
2508 5331 2930 5390 intercesserat,
2952 5331 3152 5390 utpote
3173 5326 3452 5378 omnibus

1852 5410 2024 5466 simul
2042 5411 2103 5462 in
2125 5404 2481 5472 Aquilejensi
2520 5402 2770 5454 Ecclesia
2805 5399 3083 5472 educatis.
3104 5471 3111 5472 ί
3133 5400 3216 5450 De
3242 5397 3458 5472 Bonoso

1851 5471 2234 5547 Hieronymus
2252 5479 2430 5543 Epist.
2457 5478 2496 5527 Ι.
2519 5473 2662 5526 alias
2688 5475 2827 5524 XLI.
2842 5473 3023 5533 (Nunc
3041 5471 3166 5547 lll.)_
3185 5471 3257 5522 ad
3297 5471 3460 5547 Butl-

1851 5571 1996 5612 num
2021 5569 2034 5607 :
2060 5543 2301 5605 Bonosus
2324 5560 2500 5612 'rUUS,
2521 5549 2692 5598 immo
2707 5561 2874 5610 meus,
2885 5551 2948 5606 et,
2973 5550 3032 5593 ut
3053 5543 3232 5594 verius
3279 5544 3462 5595 dicam

1854 5643 2107 5694 NOSTBR,
2155 5629 2358 5679 scalam
2386 5621 2942 5692 prxsagatam,.lacob
2975 5619 3462 5694 somniantetqjam

1853 5705 2083 5757 scandit.
2096 5690 2308 5754 Fuerat
2329 5690 2662 5761 Hieronymi
2685 5694 3073 5748 collactaneus
3098 5695 3157 5744 et
3177 5690 3468 5744 condisci-

1856 5777 2048 5844 pulus,
2067 5780 2243 5840 utque
2259 5773 2496 5826 liberius
2518 5771 2634 5844 Deo
2663 5770 2908 5844 vacaret,
2936 5765 3463 5844 scopulotsivein-

1857 5835 2003 5902 sules
2031 5835 2305 5911 (forsitan
2321 5841 2650 5906 Dalmatiae)
2668 5841 2829 5894 solus
2850 5839 3162 5902 insederat,
3191 5835 3464 5911 derelicto

1861 5922 2036 5977 etiam
2068 5921 2315 5975 Onesimo
2354 5917 2740 5979 adolescente,
2771 5925 2948 5982 quem
2996 5912 3230 5974 Ruﬁnus
3259 5910 3468 5975 pariter

3068 6031 3128 6082 ³4
