3902 6404
521 330 583 388 91
1790 334 2033 387 RUFINI
2089 332 2523 385 PRESBYTERI
2664 369 2687 389 ,
3740 320 3813 378 92

519 452 782 523 noverat;
801 463 867 523 ne
883 448 1382 523 parvulusquidcm,
1400 460 1779 523 attenuatos“,
1808 448 2102 523 Onesimus,
2134 454 2181 523 Α

519 533 643 582 quo,
667 520 1017 581 volun/rutro,
1032 521 1089 568 in
1109 522 1283 569 osculo
1298 519 1595 581 fruebatur,
1614 520 1673 568 in
1700 525 1851 567 tanta
1870 520 2106 567 vastitate

515 591 748 639 αάΙιειη-υι
775 591 926 639 lateri
959 607 1143 641 comes.
1174 592 1577 650 Chromatium,
1603 592 1892 654 Jovinum,
1910 593 1967 642 et
1994 593 2108 641 Eu-

516 662 738 711 sebium
757 662 1152 725 Aquilejcnses
1169 662 1292 713 hinc
1310 663 1656 726 Hieronymo
1672 663 1980 713 nunciasse
2001 662 2106 712 col-

513 732 745 795 ligimus
759 746 829 783 ex
854 736 977 796 ejus
996 734 1153 797 epist.
1174 735 1289 783 VII.
1305 733 1444 783 alias
1456 736 1649 785 XLIII.
1665 734 1923 785 Eundem
1939 746 2103 797 porro

512 803 719 854 Bonosi
749 818 1039 855 secessum
1058 810 1187 867 post
1253 809 1319 855 A.
1382 807 1445 855 D.
1495 805 1617 859 371.
1654 818 1769 869 (tuo
1796 807 2023 867 Ruﬁnus
2043 805 2102 855 in

510 875 819 939 Aﬁgyptum
841 876 1251 934 transmiserat,
1269 877 1582 941 contigisse
1606 876 1972 927 manifestum
1994 878 2098 936 est,

510 957 689 1008 quum
711 947 1096 1009 Hieronymus
1125 947 1234 998 hac
1258 948 1326 997 de
1356 961 1433 1007 re,
1472 953 1747 1011 tanquam
1772 960 1922 997 nova
1952 947 2102 1008 Ruﬁ-

506 1032 538 1063 n
552 1032 642 1064 nm
657 1018 715 1067 in
732 1020 974 1083 Egypto
997 1025 1327 1069 versantem
1341 1019 1805 1082 docueritepist.I
1824 1019 1962 1069 alias
1976 1020 2098 1069 XLI

505 1088 712 1149 (Nunc
747 1090 882 1153 Ill.)
933 1091 1028 1141 ubi
1075 1092 1144 1141 (te
1183 1104 1342 1143 more
1387 1092 1445 1142 in
1499 1090 1708 1142 Bonosi
1756 1090 1956 1141 laudes
1992 1103 2099 1141 ex-

503 1160 696 1211 currit.

564 1232 657 1281 IV.
696 1231 987 1296 Duplicem
1012 1233 1429 1284 Catholicorum
1468 1232 1687 1284 cladem
1714 1234 1823 1283 sub
1859 1230 2096 1283 Tatiano

501 1305 559 1353 et
574 1303 817 1355 Palladio
834 1305 1059 1368 Egypti
1086 1306 1367 1369 praefectis
1391 1308 1456 1355 A.
1498 1308 1563 1356 D.
1591 1303 1709 1359 372.
1745 1310 1801 1355 et
1833 1301 1953 1358 373.
1989 1303 2096 1354 du-

500 1385 660 1425 rasse
674 1375 990 1439 colligimus
1008 1389 1077 1425 ex
1094 1377 1457 1441 Hieronymo,
1480 1377 1575 1439 qui
1598 1378 1665 1427 de
1688 1377 1940 1438 secunda,
1966 1377 2096 1439 post

496 1446 739 1508 primam
766 1447 1280 1499 Alexandrinorum
1307 1449 1514 1499 civium
1547 1448 2017 1512 persecutionem,
2035 1447 2094 1497 in

497 1518 811 1569 monachos
846 1519 1036 1570 Nitriae
1070 1520 1335 1577 exercita,
1357 1520 1618 1583 loquens,
1646 1520 1771 1570 hinc
1798 1520 1969 1570 habet
1987 1532 2092 1569 an-

495 1600 570 1639 no
596 1591 931 1654 III.Olymp.
955 1590 1077 1643 288.
1120 1592 1430 1643 Abrahami
1467 1590 1626 1644 9391.
1668 1590 1875 1641 Christi
1916 1603 2092 1641 secun

494 1658 634 1710 dum
660 1662 969 1712 Eusebium
1000 1661 1120 1715 376.
1152 1664 1273 1713 sive
1304 1663 1650 1727 Dionysiano
1690 1661 1810 1714 374.
1844 1661 2092 1711 necdum

495 1734 648 1787 enim
666 1731 772 1781 hoc
789 1745 940 1783 anno
973 1734 1425 1796 persecutionem
1449 1735 1600 1784 illam
1627 1733 1983 1783 deferbuisse
2008 1736 2102 1787 vel

491 1807 624 1859 hinc
639 1810 898 1866 apparet;
921 1804 1077 1852 Mulli
1102 1805 1493 1854 Monac/torum
1512 1806 1705 1854 A’itrize
1730 1820 1822 1866 per
1847 1804 2088 1852 tribunos

490 1883 534 1927 et
562 1876 752 1923 milites
768 1876 901 1925 (τεεί.
929 1875 1198 1926 Paulinus
1231 1876 1481 1927 Nolanus
1507 1877 1671 1940 epist.
1706 1877 1909 1926 XXIX.
1946 1876 2086 1926 alias

490 1950 561 2002 X.
574 1951 626 2010 ξ.
645 1946 694 1999 ‘2.
715 1947 1111 1997 sanctissimos
1129 1948 1275 1997 viros
1292 1960 1546 2010 eousque
1560 1952 1799 1998 vexatos
1817 1946 2002 2004 tradit,
2021 1950 2087 1997 ut

491 2027 627 2071 tunc
646 2017 982 2081 Melaniaper
994 2018 1137 2065 tridu
1150 2034 1235 2065 um
1250 2019 1491 2081 quinque
1504 2019 1677 2066 millia
1692 2019 2085 2066 Monac/torum

487 2088 787 2142 latentium
816 2089 936 2138 suis
961 2089 1205 2152 panibus
1241 2091 1476 2153 paverit,
1510 2094 1591 2139 tot
1620 2090 1772 2139 enim
1800 2088 1876 2138 ibi
1913 2088 2085 2139 fuisse

486 2165 680 2213 narrat
696 2160 868 2211 etiam
898 2161 1180 2211 Palladius
1201 2174 1321 2224 cap.
1344 2162 1462 2212 VII.
1496 2166 1553 2211 et
1580 2162 1965 2221 Hieronymus
1990 2172 2087 2210 eo-

485 2234 616 2285 dem
646 2232 707 2282 in
741 2230 864 2281 loco
901 2232 1108 2279 circiter
1166 2234 1405 2295 quint/ue
1457 2232 1631 2279 millia
1667 2232 1852 2279 dit-isis
1886 2231 2084 2279 cellulis

484 2304 773 2356 habitasse
797 2308 1039 2354 testatur
1065 2302 1224 2366 epist.
1262 2305 1459 2355 XVIII.
1485 2304 1623 2354 alias
1647 2305 1817 2353 XXII.
1852 2303 1923 2353 ad
1950 2304 2086 2351 Eus-

484 2377 721 2425 tochium
754 2374 1103 2424 (incustoditi
1134 2374 1497 2437 virginitatis,
1522 2380 1577 2425 et
1598 2376 1831 2436 Ruﬁnus
1862 2374 1919 2424 in
1954 2374 2084 2425 vitis

483 2451 713 2499 Patrum
738 2446 832 2507 lib,
866 2448 958 2495 III.
985 2446 1017 2509 ξ
1047 2444 1171 2507 219,
1210 2459 1336 2510 pag.
1364 2444 1485 2500 533.
1523 2446 1619 2509 qui
1662 2448 1833 2495 etiam
1862 2445 1919 2495 in
1954 2458 2086 2508 pro-

482 2519 610 2582 ἰοί,έο
628 2530 754 2581 pag.
788 2516 907 2569 449.
942 2517 1020 2567 ait
1044 2517 1254 2567 mirum
1271 2531 1415 2578 esse,
1444 2524 1556 2566 utet
1576 2533 1801 2565 numero
1836 2517 2085 2564 immrnsi

480 2592 605 2650 sint,
624 2594 669 2636 et
706 2588 989 2635 virtutibus
1018 2588 1484 2651 incomparabiles.
1522 2588 1761 2639 Melania
1780 2601 1915 2638 vero
1938 2593 2090 2652 post-

481 2672 674 2725 quam,
701 2660 879 2706 obiens
901 2658 1261 2717 solitudinem,
1282 2664 1325 2706 et
1346 2659 1527 2707 videns
1540 2674 1659 2707 omn
1671 2674 1719 2706 es
1738 2666 1963 2715 sanctos,
1984 2673 2086 2710 sex

480 2729 786 2782 mensesin
810 2731 1053 2792 .Egypto
1090 2733 1459 2792 transegerat,
1491 2730 1768 2778 duodecim
1794 2730 2086 2793 episcopos,

480 2810 523 2851 et
565 2800 913 2866 presbyteros,
970 2806 1014 2847 et
1052 2800 1281 2855 clericos,
1316 2806 1359 2848 et
1398 2801 1768 2859 anachoretas,
1820 2806 1873 2848 ut
1922 2807 2086 2849 essent

476 2886 658 2923 omnes
679 2878 889 2919 centum
910 2870 1103 2933 viginti
1126 2885 1236 2930 sec,
1266 2872 1325 2918 in
1352 2871 1701 2919 Palaestinam
1722 2871 1869 2917 circa
1892 2870 2091 2919 Dioces-

476 2957 706 3001 saream,
727 2943 799 2993 ab
815 2940 1118 3004 Augustali
1142 2942 1531 2992 Alexandrino
1545 2940 1856 3003 delegatos,
1874 2953 2086 3002 sequu-

479 3021 535 3067 ta
551 3019 655 3073 est,
673 3014 753 3064 eis
770 3029 834 3061 ea:
850 3014 962 3061 suis
972 3014 1351 3077 propriispﬁu
1362 3030 1391 3060 n
1404 3013 1467 3060 iis
1482 3013 1694 3061 submin
1707 3014 1834 3061 istra
1846 3028 1907 3060 ns
1924 3015 1981 3059 in
2002 3029 2085 3062 ne.

476 3085 806 3136 cessitatibus
848 3090 1151 3148 sumptum,
1192 3091 1350 3147 atque
1400 3085 1648 3133 omnibus
1692 3085 2076 3149 suppeditans,

476 3163 623 3211 teste
644 3156 890 3208 Palladio
908 3168 1030 3219 cap.
1062 3157 1278 3206 CXVII.
1317 3156 1509 3207 bidem
1541 3156 1601 3207 in
1628 3157 1731 3207 hac
1756 3158 2080 3219 peregrina-

2118 1829 2168 1903 Β

2215 450 2521 510 A'Igyptum
2538 443 2791 495 adventu
2808 441 3222 505 Hieronymum
3246 438 3539 502 docuisse;
3565 443 3634 491 ut
3654 438 3811 491 enim

2213 519 2284 570 ad
2319 518 2648 569 exsulantes
2679 515 2737 565 in
2767 515 2963 569 Ponto,
2997 512 3283 570 Armenia,
3316 516 3373 563 et
3408 510 3689 571 Phaznice,
3716 510 3813 562 de-

2208 592 2444 641 ferretur
2468 587 2740 648 diaconia,
2773 598 3011 635 necesse
3047 584 3150 634 fuit
3179 584 3417 635 transire
3452 596 3549 647 per
3588 582 3811 646 Syriam

2206 666 2263 712 et
2278 660 2711 711 Chalcidenscm
2736 669 3011 707 eremum.
3032 655 3093 706 Id
3112 660 3305 705 autem
3324 654 3643 705 monachus
3661 653 3814 717 jam-

2204 734 2415 781 dudum
2458 730 2553 781 illa
2597 730 3005 793 pertransiens,
3038 728 3383 789 Hieronymo
3409 726 3812 789 nunciaverat,

2204 817 2382 867 quum
2404 804 2617 852 scilicet
2645 800 2717 851 ad
2739 799 3035 863 rEgyptios
3060 798 3291 849 exsules
3318 801 3664 861 properaret,
3688 810 3812 849 non

2202 877 2273 926 ab
2299 876 2503 925 iisdem
2541 872 2739 933 redux,
2778 875 2841 921 ut
2872 870 3095 920 videtur
3128 873 3365 933 putasse
3389 867 3809 919 'I‘illemontius.

2201 947 2300 997 Illo
2316 959 2449 997 vero
2470 950 2739 1006 tempore,
2752 942 3082 1005 jamdudum
3098 941 3309 1004 elapso,
3328 944 3463 1002 puta
3481 944 3813 1002 postunum

2200 1018 2379 1068 autalt
2392 1029 2553 1067 erum
2572 1026 2854 1075 mensem,
2870 1012 3098 1063 tandem
3113 1012 3332 1075 plenum
3346 1010 3582 1058 veritatis
3592 1012 3817 1074 pondus

2198 1091 2390 1154 erupit,
2414 1089 2457 1137 Ii
2470 1090 2620 1149 u/inu
2633 1102 2681 1133 m
2698 1085 2893 1133 Nitriae
2916 1099 3037 1133 esse.
3057 1085 3243 1154 Quare
3262 1087 3399 1132 tunc
3416 1081 3663 1145 primum
3679 1081 3791 1133 Hie
3804 1109 3817 1118 -

2198 1153 2472 1223 ronymus
2495 1158 2565 1208 ad
2598 1155 2759 1208 illum
2795 1154 3023 1217 scripsit
3046 1153 3364 1217 epistolam.

2258 1220 2327 1282 ν’.
2372 1232 2597 1281 Fortem
2646 1231 2703 1277 et
2739 1237 2965 1288 magnae
3011 1224 3242 1275 virtutis
3279 1220 3551 1274 feminam
3582 1223 3812 1276 Diocaa-

2198 1315 2360 1353 sarca
2388 1298 2844 1362 Hierosolymam
2866 1295 3100 1361 petiisse
3132 1295 3193 1345 in
3228 1297 3518 1357 comperto
3559 1297 3669 1346 est.
3697 1296 3811 1346 Sed

2197 1374 2480 1425 Palladius
2507 1384 2627 1435 cap.
2657 1369 2901 1421 CXVIII.
2928 1371 2983 1418 et
3016 1367 3288 1430 vulgatus
3312 1364 3640 1416 Heraclides
3678 1379 3806 1431 cap.

2196 1447 2453 1497 XXXIII.
2472 1441 2740 1499 Paradisi,
2762 1452 2913 1504 quae,
2938 1438 3023 1489 uti
3040 1440 3161 1503 jam
3179 1438 3421 1500 dixi,est
3446 1438 3809 1490 vetusinter-

2193 1519 2434 1581 pretatio
2472 1516 2743 1566 Historias
2776 1510 3025 1573 Palladii,
3055 1514 3319 1561 auctores
3347 1512 3659 1581 sunt,ieam
3685 1521 3807 1561 non

2192 1580 2325 1641 ante
2343 1591 2639 1640 revocatos
2655 1586 2726 1635 ab
2745 1582 2946 1634 exsilio
2964 1587 3194 1632 sanctos
3218 1582 3369 1632 viros
3385 1580 3803 1643 parthenonem

2197 1660 2305 1710 sibi
2349 1665 2406 1710 et
2444 1654 2863 1722 quinquaginta
2903 1653 3221 1715 virginibus
3256 1651 3619 1722 condidisse:
3656 1650 3799 1712 Haec,

2203 1721 2524 1793 POSTQUAM
2562 1729 2619 1777 hi
2656 1728 2879 1790 fuerunt
2906 1724 3154 1783 revocati,
3182 1723 3503 1770 monasterio
3535 1721 3801 1785 aediﬁcato

2197 1801 2597 1865 Hierosolymis,
2629 1803 2733 1851 etc.
2767 1796 3085 1847 Monasterii
3137 1795 3354 1857 epocha
3389 1805 3517 1865 non
3547 1794 3799 1843 Melaniae

2193 1874 2251 1924 in
2264 1864 2464 1925 urbem
2479 1875 2736 1923 sanctam
2755 1868 3044 1919 adventui.
3061 1865 3377 1917 secundum
3394 1864 3626 1928 Pagium
3644 1868 3714 1917 A.
3729 1867 3795 1916 D.

2186 1944 2306 1999 472.
2333 1946 2365 2008 §
2402 1944 2487 1998 ‘21.
2529 1943 2628 1994 sed
2674 1939 3096 1991 monachorum
3131 1936 3497 1999 revocationi,
3544 1938 3799 2008 cunjun-

2184 2006 2372 2080 genda
2388 2022 2477 2067 est
2499 2031 2509 2066 :
2529 2027 2663 2078 quas
2681 2011 2920 2075 contigit
2946 2011 3102 2061 circa
3124 2020 3384 2060 mensem
3405 2006 3616 2080 Aprilis
3642 2010 3708 2059 A.
3725 2010 3796 2061 D.

2185 2078 2307 2141 377.
2331 2093 2394 2139 ut
2413 2091 2686 2151 supputat
2702 2082 2979 2134 Baronius
3005 2094 3154 2132 anno
3176 2080 3377 2151 eodem
3401 2080 3433 2144 §
3457 2078 3507 2133 2.
3546 2092 3798 2151 consen-

2186 2162 2368 2221 titque
2398 2150 2783 2221 Hieronymus
2819 2155 2879 2205 in
2912 2153 3189 2204 Chronico
3219 2164 3310 2202 an.
3337 2150 3387 2204 ‘2.
3410 2153 3633 2216 Olymp.
3665 2150 3795 2205 289.

2184 2232 2494 2282 Abrahami
2516 2229 2673 2284 2394.
2710 2226 2919 2278 Christi
2950 2225 3271 2276 secundum
3312 2222 3628 2275 Eusebium
3662 2222 3791 2278 379.

2184 2315 2392 2366 nempe
2414 2301 2759 2365 Dionysiano
2790 2296 3027 2352 377.ubi
3050 2296 3155 2347 ait:
3192 2294 3378 2345 Valens
3408 2295 3469 2343 de
3491 2295 3794 2344 Antiochia

2184 2365 2331 2421 exire
2365 2374 2684 2437 cornpulsus,
2712 2386 2829 2419 sera
2856 2368 3171 2434 Ianitentia
3190 2375 3462 2418 NOSTROS
3488 2365 3549 2415 de
3576 2366 3789 2415 exsiliis

2183 2451 2405 2496 revocat.
2428 2445 2667 2497 Ruﬁnus
2680 2444 2868 2494 adhuc
2883 2438 3231 2491 luculentius
3243 2451 3363 2489 rem
3380 2437 3614 2502 exponit
3628 2438 3785 2494 Hist.

2185 2516 2278 2566 lib.
2296 2518 2389 2567 XI.
2408 2530 2529 2581 cap.
2550 2517 2697 2567 XIII.
2716 2517 2987 2577 loquutus
3000 2511 3071 2562 de
3083 2514 3334 2575 tempore
3348 2522 3461 2574 quo
3474 2510 3797 2569 Gothorum

2184 2601 2327 2649 gens
2351 2601 2450 2651 per
2472 2601 2674 2639 omnes
2705 2585 2975 2637 Thracias
3002 2596 3064 2634 se
3090 2582 3334 2633 infudit:
3363 2582 3497 2631 Tum
3520 2597 3658 2645 vero,
3696 2586 3792 2640 in-

2186 2660 2326 2722 quit,
2358 2660 2589 2710 Valentis
2612 2659 2765 2718 bella,
2790 2672 2905 2721 quae
2928 2655 3151 2704 ecclesiis
3174 2653 3449 2717 inferebat,
3483 2653 3545 2703 in
3585 2655 3791 2710 hostem

2184 2735 2351 2794 erepta
2367 2746 2459 2779 con
2471 2732 2615 2785 verti,
2638 2744 2858 2792 seraque
2880 2726 3195 2793 paenitentia
3218 2726 3483 2791 episcopos
3505 2731 3551 2775 et
3564 2728 3795 2795 presby-

2186 2807 2318 2849 teros
2340 2802 2525 2851 relaxa
2536 2818 2588 2849 rc
2610 2802 2832 2863 exsiliis,
2855 2816 2916 2849 ac
2938 2801 2999 2848 de
3025 2798 3247 2847 metallis
3264 2798 3452 2846 resolvi
3486 2802 3796 2851 monachos

2178 2872 2340 2936 jubet.
2369 2874 2491 2925 Scio
2517 2874 2937 2925 Tillcmontium
2963 2872 3020 2922 in
3044 2870 3293 2921 Historia
3308 2869 3612 2921 Arianismi
3634 2876 3798 2925 tomo

2188 2946 2279 2995 VI.
2309 2958 2433 3010 pag.
2470 2946 2593 3001 800.
2630 2945 2972 2997 testimoniis
3006 2948 3123 2994 tam
3155 2941 3464 2993 luculentis
3504 2955 3796 3007 opponere

2187 3016 2511 3069 Theodoriti
2525 3022 2579 3067 et
2596 3017 2890 3069 Sozomcni
2913 3015 3331 3075 auctoritatem,
3349 3011 3499 3077 apud
3531 3026 3678 3078 quos
3690 3016 3791 3070 lib.

2186 3088 2279 3139 IV.
2315 3101 2435 3152 cap.
2466 3090 2669 3139 XXXI.
2703 3093 2759 3139 et
2785 3089 2860 3139 lib
2884 3088 2976 3137 VI.
2996 3098 3117 3150 cap.
3154 3086 3261 3136 XL.
3287 3086 3529 3136 Sanctus
3554 3086 3793 3141 Isaacus

2181 3158 2476 3211 Valentem
2496 3158 2990 3223 Constantinopoli
3010 3158 3067 3208 in
3084 3156 3300 3208 Gothos
3322 3156 3791 3220 protlciscentem

474 3231 630 3321 tione
646 3227 1263 3321 Ruﬁnumgdhmsisse,
1281 3232 1543 3279 constare
1574 3233 1721 3321 puta
1742 3241 1814 3321 et}
1841 3229 2074 3279 laudata
2108 3247 2156 3321 Ο
2184 3236 2427 3321 ιωονδᾳξ.
2439 3235 2877 3321 JaltreroAmcns‘e.
2906 3233 3215 3321 antequam
3232 3232 3581 3321 Amoreret’ur,
3625 3232 3786 3294 quod

475 3301 641 3365 epist.
662 3301 729 3350 II.
752 3297 891 3351 alias
916 3299 983 3348 V.
1014 3298 1112 3349 ubi
1126 3299 1530 3362 Hieronymus,
1551 3300 1648 3363 qui
1676 3300 1937 3361 Ruﬁnum
1955 3312 2073 3352 una

471 3385 607 3425 cum
627 3372 826 3421 Sancta.
855 3370 1093 3419 Melania
1116 3370 1549 3433 Hierosolymam
1574 3372 1771 3420 venisse
1789 3371 2076 3423 intellexe-

472 3448 583 3505 rat,
615 3443 917 3507 epistolam
940 3454 1095 3492 nunc
1135 3441 1488 3505 deperditam
1518 3443 1706 3495 eidem
1735 3444 1933 3504 Ruﬁno
1956 3444 2075 3495 red-

470 3515 723 3568 dendam
751 3514 824 3566 ad
847 3514 1179 3564 Florentium
1199 3514 1376 3573 misit,
1416 3527 1589 3578 quem
1623 3527 1696 3567 ex
1740 3516 2074 3579 Hieronymi

473 3589 639 3652 epist.
673 3588 766 3639 IV.
793 3586 951 3637 alias.
989 3588 1104 3649 VI.(
1133 3586 1294 3635 Nunc
1341 3588 1431 3652 V.)
1467 3586 1836 3651 respondisse
1860 3588 2074 3653 colligi-

472 3672 627 3719 mus,
652 3659 912 3721 Ruﬁnum
928 3657 1062 3709 illuc
1074 3658 1299 3707 necdum
1316 3659 1563 3710 venisse.
1584 3660 1705 3710 Hoc
1724 3663 1917 3710 tamen
1933 3673 2073 3711 ven-

467 3734 667 3783 turum
680 3730 1055 3791 demonstrat,
1069 3741 1205 3780 nam
1217 3734 1272 3780 et
1284 3730 1505 3782 codices
1518 3730 1796 3793 quosdam
1808 3743 1842 3782 a
1854 3732 2070 3795 Ruﬁno,

470 3802 585 3855 illic
604 3801 678 3853 ad
701 3802 1142 3853 describendum
1170 3801 1555 3866 Hieronymus
1569 3802 1917 3853 commodari
1934 3816 2069 3867 pos-

470 3874 634 3927 tulat.
653 3875 902 3936 Ruﬁnus,
927 3873 1042 3936 qui,
1075 3877 1141 3923 ut
1174 3872 1443 3932 vidimus,
1473 3886 1533 3924 se
1563 3877 1763 3925 contra
1786 3875 1909 3923 Arii
1949 3876 2071 3938 dog-

468 3952 621 3994 mata
642 3958 760 3996 non
790 3944 977 3996 solum
1001 3943 1319 4007 carceribus,
1356 3944 1457 3995 sed
1486 3946 1656 3995 etiam
1680 3945 1885 3993 exsiliis
1911 3945 2070 3997 dimi-

467 4030 649 4079 casse,
660 4018 905 4081 ipsemet
916 4016 976 4066 in
1001 4015 1277 4080 Apologia
1287 4016 1358 4067 ad
1371 4017 1747 4069 Anastasium
1762 4030 1866 4068 nos
1882 4018 2067 4076 docet,

465 4090 781 4154 repetitque
800 4089 1202 4152 Hieronymus,
1219 4094 1354 4139 tunc
1372 4088 1652 4147 fortassis.
1680 4102 1811 4141 cum
1827 4091 2067 4139 Melania

464 4166 522 4213 et
536 4160 837 4211 exsulibus
868 4159 1145 4222 Egyptiis
1168 4159 1358 4210 adhuc
1390 4162 1721 4211 morabatur
1752 4160 1902 4212 circa
1933 4164 2068 4212 Dio-

464 4244 793 4285 cmsaream:
817 4243 991 4295 quam
1004 4230 1323 4284 Palaestinae
1340 4234 1542 4283 urbem
1562 4245 1705 4296 pene
1722 4233 2062 4298 extinctam,

461 4302 843 4355 immortalem
872 4302 1001 4353 fecit
1034 4302 1289 4353 Norisius
1314 4304 1373 4354 in
1389 4304 1631 4368 Epochis
1654 4305 2062 4368 Syromacedo-

460 4388 603 4428 num
620 4376 847 4426 dissert.
873 4375 941 4424 V.
968 4385 1090 4438 cap.
1114 4376 1207 4425 VI.
1235 4374 1419 4437 deque
1448 4388 1514 4426 ea
1543 4388 1660 4426 non
1680 4377 1865 4427 cuivis
1894 4377 2065 4431 obvia

458 4447 785 4513 nuperrime
803 4445 1368 4511 protulitHadrianus
1382 4447 1669 4499 Relandus
1686 4449 1744 4499 in
1760 4448 2064 4500 Palaestina

457 4518 741 4571 illustrata
783 4517 925 4568 libro
962 4518 1146 4568 tertio.
1198 4520 1308 4568 Nec
1348 4518 1532 4570 solum
1579 4519 1969 4568 Diocsesareaem
2002 4520 2063 4571 in

460 4590 788 4652 Palmstina,
800 4589 1027 4655 Egypti
1041 4588 1429 4653 Confessores,
1443 4591 1711 4655 episcopi,
1727 4592 2061 4655 presbyteri,

459 4666 518 4715 et
540 4660 764 4712 diaconi
780 4665 918 4711 tunc
930 4660 1181 4724 relegati,
1214 4662 1286 4713 ad
1309 4674 1457 4725 quos
1480 4665 1682 4713 Petrus
1721 4662 2060 4713 Alexandri-

456 4745 569 4785 nus
583 4732 807 4797 scripsit
818 4732 1135 4795 epistolam,
1153 4734 1241 4797 cuj
1251 4747 1321 4784 us
1336 4734 1652 4798 fragmenta
1661 4734 2058 4798 exstantapud

458 4804 796 4856 Facundum
824 4804 1297 4856 Hermianensem
1315 4805 1410 4856 lib.
1434 4806 1529 4855 XI.
1563 4818 1683 4869 cap.
1714 4807 1782 4856 II.
1815 4805 1918 4856 sed
1948 4806 2057 4859 alio

456 4876 628 4928 etiam
658 4875 802 4926 trusi
819 4879 974 4938 sunt,
998 4888 1134 4927 nam
1157 4875 1493 4941 Heliopolim
1513 4876 1572 4927 in
1603 4876 1884 4936 thnice,
1904 4882 1962 4929 et
1983 4879 2057 4930 ad

453 4946 686 4999 metalla
714 4947 1073 5009 Proconnesi,
1102 4948 1460 5012 Propontidis
1476 4947 1703 5008 insulm,
1724 4950 1875 5011 apud
1893 4949 2057 5013 Cyzi-

451 5030 605 5079 cum,
644 5018 949 5069 damnatos
996 5018 1166 5070 tradit
1194 5019 1347 5071 idem
1392 5021 1592 5071 Petrus
1631 5018 2053 5072 Alexandrinus

448 5091 602 5155 apud
633 5090 1037 5142 Theodoritum
1076 5091 1171 5143 lib.
1210 5093 1303 5142 1V.
1344 5104 1468 5155 cap.
1512 5090 1664 5141 XIX.
1704 5089 1793 5142 Ad
1838 5091 2053 5141 metalla

447 5162 611 5214 Ponti
634 5167 693 5214 et
707 5163 993 5215 Armenias
1019 5163 1327 5214 Cassianus
1351 5161 1546 5215 Collat.
1567 5162 1767 5224 XVIII,
1784 5174 1905 5225 cap.
1930 5163 2048 5214 VII.

445 5234 902 5298 Metallaquoque
918 5240 1310 5287 memorantur
1328 5234 1483 5299 apud
1518 5234 1779 5293 Ruﬁnum
1812 5233 1909 5283 lib.
1949 5234 2047 5285 XI.

446 5319 569 5371 cap.
585 5307 679 5358 VI.
695 5309 839 5359 Sane
850 5307 1374 5371 apudCassianum,
1387 5305 1485 5369 qui
1498 5305 1557 5355 in
1571 5304 1727 5367 Syria
1738 5309 1794 5355 et
1806 5306 2048 5368 Egypto

445 5378 555 5431 fuit
570 5383 636 5432 Α.
672 5382 739 5430 D.
774 5379 897 5441 390,
932 5380 1251 5431 monachus
1301 5377 1724 5429 Alexandrinus
1753 5377 2045 5427 Piammon

447 5456 710 5517 testatur,
741 5465 803 5504 se
850 5451 1175 5515 temporibus
1210 5450 1378 5511 Lucii,
1411 5450 1507 5513 qui
1544 5448 1766 5497 Arianae
1804 5450 2043 5514 perﬁdia:

442 5524 717 5588 episcopus
733 5525 841 5588 fuit
857 5523 953 5573 sub
983 5521 1213 5573 Valentis
1232 5522 1481 5585 imperio,
1499 5519 1813 5569 diaconiam
1837 5534 2044 5586 nempe

442 5596 862 5663 eleemosynas)
895 5596 1136 5645 detulisse
1171 5591 1455 5656 fratribus,
1500 5592 1598 5657 qui
1626 5593 1687 5642 de
1720 5592 1955 5658 Egypto
1999 5599 2044 5643 et

448 5667 706 5718 Thebaide
761 5668 982 5733 fuerant
1022 5666 1085 5717 ob
1127 5665 1408 5717 Catholicae
1429 5665 1554 5727 ﬁdei
1585 5667 2045 5730 perseverantiam

442 5742 668 5790 metallis
698 5740 860 5790 Ponti
904 5745 1063 5802 atque
1094 5737 1364 5788 Armeniae
1405 5737 1641 5802 relegati.
1677 5738 2041 5802 Rosweydus

443 5825 571 5877 pag.
595 5812 715 5866 444.
744 5816 777 5876 §
796 5812 882 5874 ll,
906 5816 1084 5875 putat,
1109 5810 1263 5863 hunc
1289 5810 1481 5876 ipsum
1505 5810 1879 5875 monachum,
1903 5815 2044 5865 tunc

444 5894 701 5941 eremum
751 5882 1033 5938 Chalcidis
1074 5887 1593 5953 pertranseuntem,
1638 5882 1711 5939 de
1744 5883 1934 5952 Ruﬁni
1980 5879 2042 5938 in

2086 4613 2138 4686 D

2181 3303 2420 3366 contigit
2434 3303 2523 3354 die
2544 3302 2595 3357 9.
2628 3301 2878 3366 Augusti
2902 3305 2967 3352 A.
2994 3303 3061 3351 D.
3087 3298 3210 3354 378.
3229 3299 3299 3350 de
3316 3297 3569 3351 tollenda
3583 3314 3789 3365 perse-

2176 3374 2403 3425 cutione
2429 3374 2857 3435 catholicorum,
2884 3376 3063 3435 utque
3084 3370 3345 3422 redderet
3374 3371 3649 3435 gregibus
3684 3386 3787 3439 op-

2175 3444 2347 3495 timos
2396 3451 2672 3509 pastores,
2717 3445 3019 3508 increpans
3062 3442 3285 3493 monuit
3324 3455 3337 3492 :
3383 3442 3538 3505 quod
3580 3449 3789 3508 postea

2174 3521 2400 3567 mortuo
2440 3516 2677 3567 Valente
2700 3528 2734 3567 a
2771 3516 3039 3567 Gratiano
3078 3515 3343 3577 Augusto
3378 3513 3689 3578 sancitum,
3731 3522 3788 3569 et

2167 3594 2409 3650 pastores
2417 3587 2663 3651 gregibus
2687 3588 2799 3635 suis
2814 3588 3078 3635 restitutos
3092 3586 3381 3636 attlrmant
3392 3584 3783 3641 Theodoritus

2173 3659 2500 3710 etSocrates
2524 3660 2619 3710 lib.
2660 3660 2727 3710 V.
2765 3661 2893 3723 Cap.
2927 3660 2993 3709 II.
3027 3662 3085 3709 et
3129 3659 3484 3709 Sozomenus
3520 3657 3622 3710 lib.
3655 3660 3783 3712 VII.

2172 3742 2293 3793 cap.
2328 3732 2369 3781 Ι.
2388 3733 2463 3782 At
2488 3730 2811 3794 Hieronymi
2843 3733 2899 3781 et
2926 3729 3114 3793 Ruﬁni
3139 3728 3337 3780 oculos
3380 3740 3495 3780 non
3527 3729 3773 3793 quidem

2171 3807 2441 3861 remotos,
2463 3802 2564 3854 sed
2591 3807 2907 3867 prmsentes
2943 3803 3023 3853 rei
3064 3805 3259 3861 tantm,
3294 3800 3461 3865 cujus
3508 3807 3777 3867 uterque,

2169 3874 2402 3937 Rufinus
2430 3874 2623 3926 autem
2654 3875 2956 3939 praecipue,
2981 3878 3047 3925 ut
3081 3872 3353 3931 vidimus,
3389 3884 3521 3938 pars
3554 3884 3782 3940 magna

2170 3944 2295 4008 fuit,
2313 3945 2428 3997 falli
2454 3947 2709 4001 potuisse
2739 3945 2894 3997 haud
2914 3945 3073 3997 facile
3098 3944 3402 3995 adsentior.
3430 3944 3628 3996 Potius
3643 3960 3783 4000 cum

2167 4030 2378 4081 magno
2412 4019 2669 4082 Baronio,
2700 4029 2872 4081 quem
2896 4029 2963 4069 ac
2983 4016 3052 4068 de
3085 4027 3145 4067 re
3175 4015 3536 4068 consuluisse
3560 4029 3783 4081 nequa-

2168 4100 2344 4151 quam
2376 4089 2601 4141 videtur
2623 4089 2711 4141 vir
2732 4088 3266 4153 praastantissimus,
3297 4087 3370 4139 ad
3394 4087 3774 4143 ecclesiarum

2165 4161 2586 4212 restitutionem
2605 4161 2886 4225 episcopis
2916 4161 2989 4212 ab
3018 4159 3219 4211 exsilio
3245 4159 3525 4211 revocatis
3562 4159 3778 4214 facien-

2165 4231 2318 4292 dam,
2348 4236 2607 4283 auctores
2641 4234 2905 4294 Ruﬁnoet
2938 4231 3275 4294 Hieronymo
3310 4230 3676 4295 posteriores,
3720 4237 3779 4286 et

2166 4302 2418 4354 Gratiani
2435 4302 2683 4354 edictum
2702 4303 3026 4367 respexisse
3046 4313 3164 4354 non
3192 4301 3411 4354 dubito.
3454 4302 3647 4367 Hujus
3689 4305 3776 4357 rei

2164 4375 2376 4425 veritas
2396 4378 2622 4426 constat
2645 4388 2717 4425 ex
2747 4374 2944 4437 Rufini
2972 4373 3206 4438 prologo
3226 4373 3298 4425 ad
3333 4372 3776 4438 Apologeticum

2163 4445 2416 4509 Gregorii
2440 4446 2799 4508 Nazianzeni,
2816 4458 2993 4509 quem
3020 4444 3093 4496 ad
3118 4445 3438 4509 pervetusti
3464 4445 3679 4497 codicis
3704 4447 3777 4499 ﬂ-

2161 4515 2293 4568 dem
2318 4516 2496 4568 edidit
2512 4518 2706 4569 Peirus
2725 4519 3061 4568 Franciscus
3081 4515 3393 4567 Chilﬂetius
3416 4516 3476 4567 in
3494 4516 3773 4570 Vindiciis

2161 4600 2399 4651 operum
2424 4589 2613 4653 Vigilii
2638 4590 2970 4647 Tapsensis:
3010 4588 3089 4639 ibi
3106 4588 3259 4639 enim
3278 4600 3403 4652 pag.
3436 4586 3523 4642 59.
3549 4589 3774 4655 Grego-

2157 4660 2277 4711 rius
2313 4660 2518 4712 dicitur
2543 4660 3093 4725 Constantinopolim
3117 4659 3417 4711 transiisse
3440 4674 3611 4724 quum
3638 4677 3774 4726 pro-

2155 4738 2272 4797 pter
2286 4732 2566 4783 ValentisA
2576 4734 2725 4782 riani
2740 4739 2978 4798 tempora
2990 4741 3316 4784 BCCLBSIAS
3330 4732 3577 4781 catholici
3590 4743 3775 4787 RECE-

2157 4814 2578 4868 prsssnr,quas
2596 4816 2803 4869 nempe
2818 4803 3011 4854 Ariani
3025 4804 3098 4854 ad
3117 4804 3231 4854 XL.
3246 4814 3431 4855 annos
3443 4804 3770 4857 tenuerant.

2155 4876 2460 4938 Gregorius
2477 4876 3031 4941 Constantinopolim
3054 4876 3357 4940 ingressus
3386 4880 3477 4927 est
3495 4876 3650 4929 circa
3663 4876 3771 4929 inl-

2154 4947 2299 4999 tium
2311 4949 2380 4998 A.
2399 4949 2465 4999 D.
2480 4948 2603 5002 379.
2629 4962 2700 4999 ex
2714 4947 3073 4999 Tillemontio
3091 4951 3247 4999 torno
3270 4948 3367 4998 IX.
3382 4959 3436 5012 p.
3458 4946 3580 5002 707.
3597 4949 3765 5002 Tunc

2154 5020 2220 5070 A.
2253 5021 2320 5070 D.
2358 5018 2460 5073 377
2485 5019 2754 5071 exsulum
2785 5020 3228 5071 necessitatibus
3272 5031 3448 5083 Opum
3497 5018 3615 5071 vim
3639 5034 3763 5074 non

2152 5091 2400 5155 amplius
2422 5093 2495 5144 ab
2511 5104 2579 5143 ea
2602 5092 3013 5157 ﬂagitantibus,
3032 5089 3272 5139 Melania
3295 5091 3367 5142 ad
3386 5091 3540 5142 mdes
3564 5103 3763 5146 sacras

2152 5162 2486 5215 excitandas
2502 5163 2760 5215 animum
2772 5164 2842 5215 ad
2850 5163 3007 5228 pulit.
3026 5162 3412 5226 Hieronymus
3422 5174 3575 5213 anno
3586 5163 3766 5217 Abra-

2149 5232 2304 5285 hami
2330 5233 2489 5289 2390.
2515 5246 2572 5287 ι.
2607 5235 2885 5297 Valentis,
2929 5234 3152 5299 Olymp.
3191 5232 3314 5288 285.
3348 5233 3611 5286 Melania
3656 5236 3761 5288 ad-

2147 5307 2387 5357 ventum
2408 5306 2863 5371 Hierosolymam
2882 5306 3108 5365 statuit,
3128 5304 3235 5366 ubi,
3259 5308 3323 5356 ut
3345 5304 3439 5365 ait,
3464 5310 3613 5354 tanto
3638 5307 3758 5355 vir-

2147 5382 2345 5440 tutum,
2368 5380 2753 5443 praecipuaeque
2768 5378 3093 5427 humilitatis
3116 5377 3382 5426 miraculo
3397 5376 3522 5440 fuit,
3546 5382 3605 5425 ut
3626 5377 3761 5429 The-

2142 5447 2229 5498 cile
2254 5464 2451 5498 nomen
2475 5451 2749 5514 acceperit.
2766 5451 2922 5510 Haec,
2941 5460 3075 5511 quae
3104 5448 3173 5499 de
3190 5450 3313 5512 ejus
3339 5448 3595 5499 adventu
3618 5449 3757 5503 Hie-

2143 5521 2491 5585 rosolymam
2504 5521 2834 5585 accipienda
2852 5524 3004 5579 sunt,
3025 5533 3143 5571 non
3162 5532 3297 5571 vero
3315 5519 3385 5570 de
3397 5518 3662 5571 discessu
3676 5523 3752 5573 ab

2142 5593 2280 5644 urbe
2311 5595 2507 5653 Roma,
2530 5595 2597 5645 ut
2619 5592 2825 5656 Pagius
2850 5593 3065 5655 accepit
3088 5594 3155 5643 A.
3183 5593 3249 5642 D.
3290 5588 3412 5644 37‘2.
3451 5590 3486 5654 §
3516 5590 3601 5644 14.
3623 5604 3754 5655 per-

2140 5677 2338 5729 peram
2361 5666 2777 5729 Hieronymum
2811 5664 3015 5716 erroris
3049 5660 3434 5725 chronologici
3472 5674 3746 5725 arguens,

2140 5742 2292 5789 recte
2306 5740 2656 5789 concurrunt
2670 5748 2805 5788 cum
2819 5739 2884 5787 A.
2904 5737 2972 5787 D.
2990 5734 3112 5790 373.
3132 5738 3265 5799 post
3281 5747 3335 5785 v.
3354 5734 3473 5787 Kal.
3490 5734 3743 5798 Apriles:

2140 5821 2254 5872 quo
2283 5809 2375 5861 die
2405 5808 2611 5862 Valens
2649 5820 2866 5860 annum
2898 5819 2955 5859 x.
3001 5804 3228 5871 Imperii
3261 5804 3482 5861 inierat.
3523 5809 3583 5857 et
3615 5813 3757 5870 post

2141 5881 2262 5935 Kal.
2295 5882 2588 5951 Octobres,
2609 5880 2822 5948 quibus
2843 5886 3035 5934 annus
3058 5874 3367 5931 Δητὼδωί
3390 5874 3711 5938 exorditur.
