3902 6404
135 333 210 400 93
1430 327 1621 385 VlTA.
1659 323 1793 376 LIB.
1825 323 1871 376 Ι.
1907 322 2060 376 CAP.
2097 326 2163 378 II.
3376 331 3448 390 94

203 449 300 502 VI.
327 448 627 512 Ruﬁnum,
644 459 822 512 quem
843 447 1091 502 Melaniae
1113 444 1386 502 comitem
1406 445 1598 513 jungit
1619 447 1748 502 Pal-
1768 440 1826 516 Α
1845 439 1950 516 ζῐζιξ
1981 451 2202 516 moram
2226 440 2289 494 in
2303 443 2566 516 Egypto,
2585 455 2620 496 a
2648 442 2834 509 primo
2857 443 3010 498 illius
3022 447 3277 502 adventu
3291 451 3360 502 A.
3376 451 3442 503 D.

135 519 342 584 Iadius,
363 519 814 576 Alexandrinam
823 521 1052 587 magnis
1065 519 1201 574 viris
1213 533 1440 586 operam
1453 521 1744 587 daturum,

136 591 384 646 rediisse
415 592 667 647 dubitari
698 595 918 658 nequit,
934 607 1070 648 nam
1083 599 1142 646 et
1155 608 1250 644 sex
1262 609 1459 658 annos,
1482 596 1748 651 nonnihil

139 677 381 726 vacuos,
399 666 474 718 ab
500 677 563 719 se
577 665 792 718 ibidem
817 667 1114 723 traductos
1141 672 1352 733 narrat,
1379 673 1438 722 et
1468 671 1744 736 Hierony-

137 749 276 788 mus
296 737 474 787 multo
489 741 721 802 tempore
743 744 1030 793 moratum
1062 739 1342 802 agnoscit.
1381 743 1744 795 Proferamus

137 809 325 861 verba
345 809 540 874 Ruﬁni
556 822 628 862 ex
657 811 1065 876 Apologimlib.
1093 815 1160 866 II.
1193 828 1246 879 p.
1287 812 1409 869 432.
1450 815 1551 866 ubi
1584 829 1646 868 se
1670 817 1743 868 ab

136 881 498 946 Hieronymo
523 883 955 948 reprehensum,
985 887 1263 950 tanquam
1295 887 1457 940 nullo
1489 901 1745 953 princep-

137 957 263 1004 tore
288 965 486 1016 usum,
503 953 756 1007 defendit
775 956 867 1007 :Et
886 957 1074 1018 miror,
1100 958 1307 1022 inquit,
1329 959 1428 1008 hoc
1439 975 1562 1008 eum
1574 961 1745 1010 dicere

133 1023 387 1088 voluisse,
417 1039 592 1089 quum
631 1028 894 1091 majorem
935 1029 996 1078 in
1034 1045 1118 1079 me
1151 1035 1200 1079 et
1229 1031 1492 1081 veriorem
1532 1033 1744 1083 haberet

132 1095 471 1147 obtrectandi
494 1099 782 1150 materiam
798 1101 944 1164 quod
957 1103 1134 1164 magis
1149 1103 1290 1151 inter
1303 1114 1544 1156 MULTOS
1555 1111 1600 1154 et
1613 1120 1743 1166 prte-

132 1167 309 1217 claros
319 1179 670 1223 MAGISTROS
683 1177 925 1222 moratus
934 1173 1083 1224 nihil
1098 1175 1230 1238 dign
1239 1189 1329 1223 um
1341 1191 1527 1225 eorum
1539 1177 1616 1226 vel
1629 1192 1744 1227 ma-

129 1238 371 1313 gisterio,
396 1240 475 1313 uel
504 1241 938 1294 institutionibus
961 1245 1209 1298 habeam.
1243 1247 1488 1296 Ceterum
1511 1249 1621 1310 iste,
1645 1250 1742 1313 qui

132 1312 190 1359 in
207 1315 323 1360 tota
347 1312 463 1362 vita
484 1328 588 1363 sua
609 1330 723 1365 non
747 1321 878 1367 totos
891 1318 1119 1382 triginta
1135 1319 1246 1368 dies
1263 1319 1632 1381 Alexandriae,
1648 1312 1742 1370 ubi

129 1388 246 1434 erat
270 1383 567 1456 Didymus,
589 1395 954 1440 commoratus
975 1396 1064 1451 est,
1091 1405 1186 1454 per
1220 1396 1350 1440 totos
1379 1407 1514 1456 pene
1541 1393 1742 1444 libellos

129 1469 258 1529 suos
278 1453 434 1520 longe
447 1456 654 1529 lateque
667 1459 896 1525 sejactat
911 1453 1139 1525 Didymi
1150 1453 1493 1513 videntis—esse
1507 1464 1746 1529 discipu-

129 1524 267 1600 lum,
297 1531 346 1600 et
382 1525 698 1600 κατηχητὴν,
730 1524 886 1594 idest,
921 1524 1312 1600 praeceptorem,
1351 1535 1412 1584 in
1442 1524 1741 1598 Scripturis

132 1596 350 1649 Sanctis
382 1596 632 1652 habuisse
646 1596 948 1669 Didymum
963 1619 976 1658 :
993 1610 1039 1657 et
1055 1596 1234 1657 omnis
1258 1607 1361 1657 ista
1380 1596 1652 1671 jactan'lia
1675 1609 1739 1659 in

131 1683 243 1722 uno
262 1684 442 1720 mense
465 1673 688 1737 quaesita
710 1682 810 1726 est:
837 1677 952 1742 Ego
977 1678 1074 1742 qui
1097 1689 1211 1730 SBx
1231 1690 1411 1732 ANNIS
1429 1680 1524 1730 Dei
1546 1695 1738 1730 caussa

131 1749 501 1817 commoratus
533 1761 674 1806 sum,
698 1752 743 1798 et
767 1749 965 1800 iterum
987 1755 1102 1814 post
1135 1753 1483 1802 intervallum
1527 1753 1736 1817 aliquot

130 1813 256 1889 aliis
279 1813 485 1874 diebus,
511 1817 605 1866 ubi
625 1819 911 1885 Didymus,
943 1823 1004 1870 de
1031 1838 1136 1886 quo
1169 1829 1226 1872 tu
1249 1824 1358 1873 solo
1383 1829 1428 1874 te
1461 1813 1656 1889 jactus,
1691 1828 1737 1874 et

1848 509 1972 568 372.
1997 512 2374 578 deducentes,
2397 515 2660 579 ejusdem
2683 517 2930 570 reditum
2959 518 3020 572 in
3043 522 3252 574 Urbem
3269 525 3444 578 Sanc-

1845 589 1965 637 tam
1996 587 2309 638 statuimus
2326 590 2393 639 A.
2419 589 2484 640 D.
2513 587 2636 644 377.
2665 601 2786 653 quo
2807 591 2961 644 Fidei
2974 593 3346 649 Confessores
3371 601 3444 652 ab

1845 658 2047 710 exsilio
2073 659 2327 711 revocati
2350 675 2364 723 ;
2393 665 2532 712 tunc
2557 661 2734 725 enim,
2755 663 2980 718 reddita
2998 680 3134 730 pace
3155 671 3443 731 Ecclesiae,

1843 735 1911 782 ut
1934 742 1996 782 se
2021 733 2209 808 totum
2231 731 2380 808 Vitae
2411 735 2746 808 Monasticte
2783 735 3090 800 addiceret,
3123 742 3445 808 Hierosoly-

1843 816 1998 855 mam
2026 804 2205 866 petiit,
2231 805 2327 856 ubi
2352 806 2411 857 in
2435 807 2612 856 Monte
2647 807 2831 857 Oliveti
2856 809 3084 862 Cellulas
3108 827 3213 866 suo
3233 819 3291 868 et
3311 804 3444 870 alio-

1843 888 1973 928 rnm
2006 876 2140 927 usui
2175 879 2244 926 stt
2264 877 2404 929 tisse
2435 879 2629 931 scribit
2664 881 2879 934 Invect.
2917 881 3012 934 lib.
3035 886 3104 936 II.
3136 898 3284 950 quas
3313 887 3444 942 licet

1845 960 2004 1008 suas,
2035 960 2154 998 non
2177 950 2370 1000 tamen
2399 952 2473 1002 ab
2499 964 2560 1002 se
2586 965 2722 1014 uno,
2745 953 2864 1015 sed,
2881 953 2954 1006 ab
2979 955 3106 1008 aliis
3129 959 3304 1011 etiam
3319 973 3445 1014 mo-

1842 1019 2062 1080 nachis,
2087 1026 2262 1082 atque
2297 1021 2388 1072 his
2419 1025 2844 1088 quamplurimis
2871 1026 3261 1091 frequentatae
3279 1033 3442 1085 afﬁr-

1842 1095 1978 1144 mat.
2005 1093 2488 1154 Praestatintegra
2515 1097 2642 1159 ejus
2674 1099 2849 1148 verba
2868 1097 2960 1150 hic
2980 1102 3220 1156 recitare
3245 1119 3258 1155 :
3279 1105 3442 1155 etiam

1839 1169 1985 1214 testes
2016 1165 2456 1230 quamplurimas
2497 1173 2740 1232 fratrum
2767 1169 2958 1220 habere
2978 1187 3213 1235 possum,
3239 1177 3338 1240 qui
3379 1179 3443 1227 in

1840 1246 1985 1287 MBIS
2009 1247 2298 1312 puI._LUI.IS
2319 1245 2594 1312 manentes
2609 1240 2669 1290 in
2695 1242 2874 1291 Monte
2894 1242 3078 1294 Oliveti
3095 1249 3438 1312 quampluri-

1839 1323 1955 1358 mos
2043 1309 2428 1375 (Hieronymo)
2458 1311 2730 1363 Ciceronis
2749 1313 2990 1377 dialogos
3006 1309 3400 1383 descripserunt
3415 1337 3434 1382 ,°

1838 1380 2106 1444 quoniam
2121 1386 2166 1431 et
2181 1398 2274 1446 ego
2286 1385 2666 1448 quaterniones
2683 1401 2856 1449 quum
2869 1387 3126 1438 scriberen
3136 1380 3187 1449 τί
3196 1380 3443 1456 frequen-

1840 1457 1916 1502 ter
1930 1453 1991 1501 in
2019 1453 2272 1503 manibus
2302 1457 2451 1505 tenui
2493 1461 2539 1506 et
2559 1456 2736 1521 relegi,
2763 1460 2969 1522 etquod
2994 1464 3250 1514 mercedes
3273 1453 3442 1515 multo

1839 1524 2114 1589 largiores,
2140 1541 2308 1590 quam
2338 1543 2437 1590 pro
2457 1529 2586 1578 aliis
2612 1531 2897 1594 scripturis
2931 1533 3114 1593 solent,
3145 1536 3213 1586 ab
3233 1538 3334 1587 isto
3359 1539 3438 1590 eis

1839 1597 2122 1672 darentur,
2145 1601 2364 1662 agnovi.
2384 1603 2466 1653 De
2495 1602 2840 1667 Hieronymo
2857 1607 3160 1671 subjungit
3173 1610 3439 1672 Ruﬁnus,

1838 1670 1984 1734 quod
1995 1670 2055 1720 in
2066 1671 2390 1722 Monasterio
2401 1674 2605 1736 positus
2626 1675 2685 1724 in
2709 1676 2970 1727 Bethleem
2986 1670 3126 1740 ante,
3143 1697 3255 1731 non
3267 1670 3439 1734 multo

1836 1741 2021 1791 adhuc
2042 1746 2272 1805 tempore
2291 1749 2466 1808 partes
2478 1749 2865 1810 grammaticas
2893 1757 3142 1801 executus
3155 1755 3242 1813 sit,
3267 1761 3313 1804 et
3329 1757 3442 1806 Ma-

1836 1829 2022 1863 ronem
2037 1830 2201 1865 suum
2216 1817 2547 1882 comicosque
2561 1834 2624 1868 ac
2641 1819 2836 1881 lyricos
2851 1825 2897 1870 et
2910 1823 3188 1875 historicos
3199 1832 3440 1878 auctores

131 1883 234 1967 ubi.
248 1897 370 1937 ALII
387 1883 757 1967 nihilominus
779 1893 1016 1967 iuonou
1038 1883 1420 1952 INFBRIORBS.
1447 1883 1581 1960 quos
1599 1903 1654 1946 tu
1672 1913 1727 1945 ηε

1839 1887 2054 1967 traditis
2077 1887 2180 1937 sibi
2203 1889 2278 1967 ad
2293 1890 2720 1967 discendum-Dei
2737 1893 2986 1944 timorem
3009 1899 3255 1959 puerulis
3284 1915 3442 1965 expo-

128 1956 268 2020 facie
301 1961 455 2008 tenus
490 1962 713 2025 quidem
744 1965 913 2025 nosti,
957 1965 1220 2028 Serapion
1265 1973 1311 2017 et
1348 1956 1595 2029 Menites,
1630 1969 1737 2017 viri

133 2032 356 2089 natura,
369 2037 416 2080 et
431 2033 690 2094 moribus,
707 2041 752 2085 et
764 2038 1068 2088 eruditione
1082 2039 1370 2100 Germani;
1399 2039 1492 2089 ubi
1510 2039 1738 2090 Paullus

132 2113 294 2177 senex
330 2101 774 2177 Petrianarlyris
814 2109 1113 2174 discipulus
1155 2111 1462 2175 (nimirum
1486 2112 1738 2177 episcopi

132 2169 522 2248 alexandrini,
536 2247 539 2248 ν
551 2178 598 2240 ej
610 2169 675 2230 us
689 2169 1150 2247 nominis—primi,
1162 2169 1266 2246 qui
1285 2169 1622 2248 martyrium
1642 2169 1736 2236 su-

134 2241 331 2317 l_)iil_A.
359 2247 424 2297 D.
449 2246 592 2313 311.)
613 2256 659 2301 ct
689 2257 747 2300 ut
771 2252 842 2302 ad
868 2241 1031 2302 enini
1059 2241 1346 2317 magistros
1366 2241 1600 2317 veniam,
1627 2261 1734 2308 etc.

135 2313 262 2391 Rufi
269 2328 343 2368 no
355 2318 484 2370 haec
493 2319 567 2372 de
578 2334 638 2372 se
649 2326 988 2378 memoranti
1000 2313 1316 2379 assentitur
1328 2313 1736 2391 Hieronymus,

140 2387 312 2450 cujus
347 2391 745 2447 testimonium
772 2395 834 2448 in
859 2398 1022 2462 Apol.
1049 2398 1146 2450 lib.
1191 2400 1260 2450 II.
1291 2398 1373 2451 ita
1406 2387 1612 2452 habet:
1673 2387 1738 2449 Te

137 2469 346 2535 μω.Το
371 2473 649 2535 rnuronn
675 2466 902 2518 Pharus
925 2470 1124 2528 docuit,
1150 2471 1295 2535 quod
1308 2472 1479 2520 Roma
1501 2472 1733 2532 nescivit,

135 2532 403 2606 instruxit
425 2534 712 2601 ngyptus,
741 2541 886 2604 quod
899 2541 1061 2592 Italia
1094 2532 1368 2606 hucusque
1382 2557 1491 2592 non
1525 2541 1729 2593 habuit.

133 2603 236 2655 His
250 2605 442 2658 verbis
453 2608 621 2660 multo
637 2603 867 2677 tempore
877 2615 1067 2663 indicat
1081 2629 1176 2663 sex
1190 2603 1302 2663 ann
1310 2614 1734 2668 osAlexandrim

133 2679 476 2748 transactos,
494 2693 668 2744 quam
679 2696 779 2748 per
789 2685 1039 2734 Pharum
1051 2686 1332 2748 designat,
1346 2687 1443 2738 ubi
1459 2687 1734 2739 Rufinum

132 2746 394 2810 Origenis
417 2746 697 2807 doctrina
712 2755 1002 2808 imbutum
1034 2746 1328 2811 insinuat.
1349 2759 1519 2810 Hunc
1557 2758 1732 2811 einim

129 2823 514 2884 auctorem,in
535 2837 652 2888 quo
666 2827 820 2880 bona
835 2834 895 2881 et
906 2829 1061 2882 mala
1075 2830 1260 2883 mixta
1277 2830 1527 2894 fuerunt,
1557 2830 1732 2895 impo-

131 2895 317 2965 tenter
339 2895 575 2957 quidem
595 2900 812 2952 amavit
835 2902 1068 2965 Rufinus
1103 2915 1117 2964 ;
1149 2902 1248 2955 sed
1270 2902 1332 2955 in
1361 2902 1638 2965 Apologia
1656 2902 1727 2954 ad

129 2963 502 3021 Anastasium
521 2971 849 3033 pontificem
882 2963 1128 3036 Origenis
1150 2990 1320 3038 neque
1343 2963 1605 3038 defenso—7',
1631 2989 1729 3023 ne-

128 3048 228 3098 Que
243 3045 475 3089 assertor
495 3040 695 3095 haberi
707 3043 847 3097 vult.
869 3046 1172 3110 Didymum
1187 3058 1342 3102 sane.
1371 3058 1544 3108 quem
1567 3045 1727 3097 miris

128 3111 186 3158 et
209 3111 438 3182 magnis
461 3111 750 3179 laudibus,
765 3122 966 3179 utpote
995 3117 1151 3170 omni
1171 3117 1599 3182 disciplinarum
1626 3130 1728 3182 ge-

130 3189 265 3231 nere
275 3179 646 3249 instructum,
660 3187 901 3242 extollit.
916 3202 977 3241 se
989 3189 1281 3242 audivisse
1295 3179 1542 3243 testatur
1555 3179 1724 3241 etiam

129 3249 276 3330 Hist.
293 3255 440 3336 Eccl.
461 3255 556 3338 lib.
585 3260 682 3312 x1.
707 3263 972 3340 σειρηγιιῖ
993 3276 1092 3311 nos
1117 3268 1316 3321 tamen.
1339 3261 1540 3326 inquit.
1570 3261 1666 3340 qui
1681 3265 1726 3309 ει
1753 3262 1804 3340 C

130 3321 258 3371 vivx
273 3325 411 3376 vocis
426 3327 542 3392 ejus
556 3346 624 3380 ex
629 3321 793 3396 parte
795 3331 907 3397 aliq
915 3334 972 3382 ui
989 3345 1180 3386 FUIMU
1189 3344 1220 3384 s
1231 3321 1593 3392 AUDIToRBs;
1609 3337 1656 3381 ct
1666 3347 1727 3381 ea

127 3406 247 3468 quae
267 3411 304 3444 a
329 3399 614 3450 nonnullis
636 3403 842 3453 dicente
876 3419 953 3464 eo,
991 3404 1258 3468 descripta
1295 3404 1536 3468 tegimus,
1577 3403 1730 3465 longe

125 3465 390 3529 majorem
410 3473 648 3533 gratiam
665 3479 710 3524 et
726 3475 979 3525 divinum
989 3476 1134 3525 nesci
1139 3465 1422 3539 oiquid,‘ac
1435 3491 1607 3540 supra
1625 3474 1730 3523 hu-

133 3551 363 3611 manam
381 3555 556 3593 vocem
577 3560 778 3596 sonans
789 3547 849 3596 in
874 3547 1040 3608 illius,
1066 3547 1244 3611 magis
1261 3546 1611 3606 sermodibus,
1631 3543 1729 3608 σαί

132 3608 295 3682 ᾴεοτε
303 3611 475 3671 ipsius
483 3608 1276 3679 proferebanturAGNOVIHUS.
1289 3617 1599 3682 Didymum
1613 3628 1730 3670 sco-

125 3679 200 3754 la}
223 3683 633 3754 cathecheticw
647 3689 1008 3742 Alexandriae
1026 3696 1158 3754 post
1174 3679 1503 3746 Macarium.
1521 3690 1579 3742 et
1593 3689 1729 3740 ante

125 3751 482 3826 Rhodonem,
513 3761 828 3821 praefuisse.
848 3751 1093 3815 testatur
1111 3762 1290 3826 hujus
1307 3760 1600 3814 Rhodonis
1619 3759 1730 3811 dis-

123 3823 350 3888 cipulus
369 3827 665 3896 Philippus
689 3831 886 3882 Sidetes
901 3833 962 3886 in
979 3823 1298 3896 fragmento
1321 3832 1391 3884 de
1403 3831 1731 3884 Cathechis-

121 3899 315 3968 tarum
338 3900 860 3957 Alexandrinorum
892 3907 1278 3968 successione,
1308 3905 1461 3958 edito
1479 3905 1553 3956 ab
1576 3904 1727 3954 Hen-

124 3967 242 4019 rico
253 3969 552 4036 Dodwello,
567 3975 639 4028 ad
653 3975 866 4029 calcem
878 3977 1354 4029 Dissertationum
1367 3977 1427 4027 in
1439 3978 1726 4027 Irenaeum

127 4050 260 4112 pag.
274 4041 392 4098 469.
421 4045 579 4099 Idem
609 4047 892 4112 Didymus
911 4047 1122 4100 librum
1135 4048 1206 4100 de
1221 4051 1407 4100 morte
1423 4045 1727 4098 infantium

125 4110 330 4186 Ruﬁno
356 4115 660 4182 inscripsit,
679 4110 827 4172 teste
857 4120 1209 4186 Hieronymo
1247 4120 1306 4171 in
1332 4118 1428 4171 lib.
1455 4119 1549 4170 IlI.
1570 4119 1726 4180 Apo-

127 4180 318 4257 logia,
336 4201 462 4254 pag.
486 4180 608 4245 464.
623 4203 694 4243 ex
709 4205 823 4254 quo
834 4192 1003 4244 etiam
1019 4180 1149 4257 pag.
1171 4190 1294 4246 455.
1311 4190 1606 4254 discimus,
1621 4190 1724 4240 Ru-

125 4254 329 4316 ﬁnum.
351 4259 661 4326 Theophila
686 4254 1076 4316 Alexandrino
1098 4254 1168 4313 fab
1183 4263 1558 4326 adolescentia,
1596 4272 1726 4325 ope-

127 4338 252 4380 ram
265 4329 494 4385 dedisse
508 4333 831 4398 gloriatum:
845 4335 936 4388 cui
951 4340 1139 4388 tamen
1153 4335 1233 4388 rei
1244 4335 1310 4385 ad
1319 4337 1586 4386 versatur
1595 4333 1723 4384 Hie-

127 4413 430 4466 ronymus.
474 4409 771 4470 propterea
793 4407 948 4471 quod
971 4407 1203 4468 Ruﬁnus
1231 4407 1290 4458 in
1327 4407 1572 4472 Egypto
1607 4417 1724 4457 non

120 4472 297 4527 fuerit
310 4481 619 4540 postquam
635 4478 985 4541 Theophilus
997 4479 1067 4531 ad
1082 4479 1476 4542 episcopatum
1490 4477 1724 4529 adscen-

119 4543 224 4602 dit.
253 4545 380 4600 sive
400 4552 531 4612 post
553 4550 618 4600 A.
645 4550 709 4601 D.
743 4547 866 4604 385.
890 4563 1083 4615 neque
1099 4548 1453 4614 Theophilus
1465 4548 1722 4601 docuerit

1838 1957 2011 2033 nebat.
2034 1961 2233 2024 Itaque
2257 1961 2466 2014 horum
2485 1963 2618 2016 usui
2640 1963 2926 2017 Ciceronis
2945 1957 3200 2033 dialogos
3225 1957 3441 2023 descri-

1839 2029 2058 2083 bendos
2089 2045 2324 2085 curasse
2357 2035 2651 2098 putandus
2685 2044 2794 2090 est.
2829 2029 3122 2092 Fratrum"
3137 2042 3196 2094 in
3237 2043 3440 2094 cellulis

1837 2103 2044 2156 Oliveti
2067 2107 2421 2159 manentium
2440 2121 2594 2161 unus
2615 2109 2723 2162 fuit
2745 2111 3052 2175 aliquando
3077 2115 3322 2169 Sanctus
3340 2118 3437 2170 Pe-

1839 2175 2061 2227 tronius
2102 2178 2494 2231 Bononiensis.
2539 2181 2631 2232 cui
2662 2188 2865 2246 postea
2906 2185 3172 2248 Ruﬁnum
3206 2187 3266 2240 in
3298 2189 3436 2240 vitis

1836 2252 2066 2309 patrum
2079 2249 2397 2302 scribendis
2414 2251 2699 2304 calamum
2715 2261 2774 2306 et
2787 2254 3080 2316 ingenium
3095 2271 3267 2310 suum
3276 2273 3436 2312 com-

1836 2319 2122 2380 modasse,
2138 2321 2374 2394 inferius
2387 2323 2602 2385 patebit
2617 2339 2630 2388 ;
2645 2326 2721 2377 ait
2734 2327 2885 2378 enim
2897 2328 2956 2379 in
2969 2329 3209 2394 Prologo
3219 2331 3348 2383 libri
3362 2334 3432 2384 H.

1837 2403 1900 2467 _s_e
1928 2393 2259 2467 earumdem
2287 2393 2527 2446 fratrum
2551 2398 2758 2461 rogatu
2778 2411 2924 2462 opus
2950 2399 3088 2452 illud
3110 2403 3431 2467 scripsisse.

1834 2464 2029 2540 Neque
2038 2464 2166 2540 ideo
2179 2467 2371 2540 tamen
2384 2467 2629 2540 Ruﬁnus
2643 2473 2710 2518 ita
2725 2471 2982 2523 substitit
2996 2464 3428 2540 Hierosolymis,

1835 2535 1976 2597 quin
1990 2536 2062 2588 ad
2085 2537 2420 2590 invisendos
2435 2539 2672 2592 aliarum
2690 2543 2860 2594 etiam
2875 2545 3174 2607 regionum
3189 2535 3434 2600 eximios

1834 2607 1990 2684 Iit-os
2021 2610 2517 2684 excurrerit;nam
2535 2614 2682 2665 Hist.
2701 2615 2847 2666 Eccl.
2878 2615 2972 2667 lib.
2998 2618 3094 2669 XI.
3129 2631 3252 2684 cap.
3284 2622 3429 2672 VIII.

1834 2678 2071 2732 Edessaa
2097 2687 2156 2733 et
2171 2683 2492 2747 Carrarum,
2511 2686 2821 2750 provinciae
2847 2688 3166 2742 Osrhoentn
3181 2678 3240 2743 in
3258 2693 3436 2745 Meso-

1837 2753 2102 2816 potamia,
2123 2755 2370 2817 urbium,
2383 2761 2576 2820 partes
2591 2770 2625 2808 a
2639 2771 2699 2809 se
2712 2759 2839 2811 ideo
2850 2759 3124 2813 lustratas
3135 2763 3227 2814 hic
3242 2765 3434 2817 verbis

1831 2822 2103 2900 afﬁrmat:
2124 2825 2314 2876 habuit
2329 2833 2506 2900 autem
2524 2830 2768 2888 peridem
2787 2836 2993 2894 tempus
3012 2835 3174 2884 etiam
3189 2836 3432 2900 Mesopo-

1831 2895 2005 2971 tamia
2032 2897 2398 2971 virosnobiles
2422 2901 2614 2951 iisdem
2646 2903 2844 2952 studiis
2887 2904 3156 2968 pollentes.
3194 2895 3432 2971 quorum

1829 2965 2143 3030 aliquantus
2171 2970 2278 3034 ipsi
2293 2987 2388 3034 per
2402 2983 2519 3024 Nos
2531 2974 2683 3036 apud
2702 2965 2958 3024 Edessam
2977 2983 3023 3026 et
3045 2978 3104 3026 in
3126 2965 3433 3030 Carrarum
3512 3025 3521 3035 ,

1827 3037 2100 3108 partibus,
2119 3053 2376 3094 VIDIMUS
2391 3081 2402 3102 ,
2436 3043 2617 3108 plures
2639 3051 2822 3094 autem
2841 3047 3123 3098 auditione
3137 3050 3432 3101 didicimus

1825 3107 2213 3185 Hieronymus
2244 3113 2303 3185 in
2319 3115 2756 3169 Commentariis
2773 3117 2846 3169 ad
2867 3119 3076 3170 Isaiam
3093 3119 3189 3171 lib.
3214 3122 3280 3173 V.
3303 3134 3427 3185 cap.

1826 3180 1978 3232 XIX.
1997 3181 2058 3233 in
2079 3183 2214 3245 line,
2239 3184 2309 3237 de
2326 3188 2758 3251 Mesopotamiae
2791 3191 3090 3243 monachis
3112 3193 3194 3244 ita
3210 3180 3426 3248 scribit:

1827 3251 1908 3300 hae
1928 3253 2072 3301 enim
2086 3255 2164 3304 vel
2181 3259 2421 3308 maxime
2435 3264 2608 3319 gentes
2621 3263 3015 3311 monachorum
3025 3263 3212 3326 ﬂorent
3223 3267 3428 3318 exami-

1827 3323 2002 3401 nibus,
2031 3326 2300 3401 nggjptus
2329 3336 2374 3379 et
2397 3332 2802 3396 Mesopotamia,
2833 3339 2879 3383 et
2901 3323 3032 3399 pari
3059 3337 3201 3385 inter
3233 3353 3286 3387 se
3322 3339 3427 3401 pie-

1830 3399 1933 3444 tate
1953 3399 2296 3452 contendunt.
2324 3403 2591 3456 Fortasse
2616 3404 2862 3457 Rufinus
2878 3405 2985 3458 hac
3000 3407 3302 3462 occasione
3317 3399 3422 3462 ite-

1828 3467 2212 3544 rum_di_vertit
2228 3471 2655 3541 Alexandriam,
2680 3480 2908 3528 veteres
2923 3478 3139 3530 amicos
3151 3485 3207 3531 et
3220 3481 3424 3544 praeci-

1829 3549 1939 3616 pue
1952 3539 2262 3616 Didymum
2277 3545 2396 3596 salu
2407 3539 2650 3609 taturus,
2663 3549 2812 3610 quod
2827 3548 3143 3602 luculenter
3156 3539 3423 3616 superius

1824 3607 2213 3683 innueratmbi
2227 3628 2340 3668 non
2355 3607 2756 3669 solumsex'ann
2766 3635 2822 3668 os
2833 3633 2894 3673 se
2907 3619 3115 3673 ibidem
3127 3638 3225 3683 pro
3234 3607 3426 3674 caussa

1827 3678 1942 3740 Dei,
1965 3684 2050 3730 sed
2071 3689 2116 3733 et
2135 3685 2332 3736 iterum
2351 3704 2470 3738 pos'r
2490 3706 2842 3740 INTERVALLUM
2863 3693 3071 3756 aliquot
3089 3694 3216 3742 aliis
3241 3694 3425 3745 diebus

1825 3759 2116 3807 moratum
2137 3766 2500 3822 expresserat
2533 3763 2690 3814 Circa
2711 3763 2859 3816 idem
2880 3769 3105 3828 tempus
3119 3767 3422 3818 Melaniam

1827 3835 2058 3890 quoque
2087 3828 2147 3880 in
2182 3833 2491 3897 Egyptum
2517 3847 2805 3887 reversam
2831 3849 2939 3888 nos
2955 3837 3122 3890 docet
3142 3838 3425 3891 Palladius

1826 3906 1948 3974 cap.
1976 3898 2342 3974 X._Historim
2369 3906 2682 3967 Lausiacaa,
2707 3907 2803 3970 qui
2825 3913 3020 3960 tamen
3043 3909 3196 3960 istud
3221 3910 3330 3974 pia;
3353 3911 3424 3963 fe-

1825 3964 1999 4042 minae
2011 3969 2257 4023 alterum
2273 3975 2398 4035 iter,
2417 3988 2452 4026 a
2467 3977 2649 4040 primo
2665 3964 2794 4039 ejus
2813 3977 3192 4042 iantzyptum
3212 3964 3424 4033 adven-

1827 4039 1889 4086 tu
1911 4051 2282 4106 nequaquam
2308 4039 2650 4100 distinxisse
2674 4047 2931 4109 videtur;
2957 4039 3044 4102 ait
3057 4051 3212 4102 enim
3246 4053 3426 4104 Sanc-

1826 4109 1952 4161 tum
1991 4114 2337 4168 Pambonem
2386 4119 2579 4171 Nitriae
2630 4119 3019 4183 monachum,
3078 4121 3174 4172 illa
3218 4123 3421 4176 eadem

1825 4188 2130 4260 prtesentc,
2151 4188 2297 4240 diem
2317 4190 2527 4242 obiisse
2557 4208 2567 4238 :
2588 4195 2758 4251 cujus
2785 4205 3019 4256 corpore
3034 4194 3106 4244 ab
3123 4207 3186 4246 se
3203 4200 3420 4260 curato,

1825 4251 2016 4308 linteis
2038 4259 2300 4312 involuto
2331 4267 2390 4314 et
2405 4263 2685 4328 deposito.
2712 4251 3421 4320 recessitabsolitudincdn;

1827 4329 1952 4392 quit
1968 4331 2308 4390 Ilistoricus.
2327 4335 2427 4398 qui
2447 4335 2573 4388 haec
2587 4335 2782 4387 omnia
2795 4348 2866 4386 ex
2889 4336 3042 4388 illius
3071 4349 3170 4389 ore
3195 4351 3258 4390 se
3273 4337 3420 4389 didi-

1825 4401 1975 4454 cisse
1989 4407 2232 4456 testatur
2242 4405 2330 4457 his
2345 4407 2558 4458 verbis:
2574 4407 2838 4457 Narravit
2849 4407 2997 4458 beata
3009 4408 3266 4460 Melania.
3278 4411 3419 4462 Hinc

1823 4473 2108 4526 Palladius
2124 4477 2294 4539 juxta
2316 4490 2384 4529 ac
2413 4478 2620 4529 Rufino
2646 4478 2994 4530 familiariter
3014 4491 3187 4530 usum
3228 4479 3413 4534 fuisse

1822 4545 2256 4611 Hierosolymis,
2274 4548 2424 4601 infra
2439 4549 2669 4612 patebit.
2690 4551 2920 4609 Ruﬁnus
2934 4549 3169 4614 quidem
3185 4557 3338 4604 certe
3353 4552 3411 4604 in

119 4621 258 4670 ante
275 4617 696 4692 episcopatum:
723 4621 792 4672 Et
805 4613 1080 4685 gloriaris,
1097 4613 1304 4685 inquit,
1324 4619 1451 4692 teab
1467 4630 1721 4672 ADOLES-
1743 4613 2002 4692 Dprimo
2026 4617 2282 4692 adventu
2309 4622 2375 4671 A.
2407 4622 2473 4692 D3
2501 4619 2622 4674 372.
2647 4633 2709 4671 se
2745 4613 3078 4671 Pambonem
3107 4621 3168 4674 in
3195 4623 3414 4676 cellulis

117 4699 344 4741 cerrus
357 4689 1121 4756 Theophili/uisseauditorem
1134 4691 1720 4756 ctdiscipulum,quum
1744 4689 1782 4692 τ
1821 4689 2017 4741 Nitriae
2040 4689 2352 4742 allocutum
2386 4690 2650 4744 amrmat.
2676 4692 2892 4744 Verum
2917 4692 3010 4746 hic
3032 4692 3189 4746 idem
3212 4694 3414 4746 Pambo

111 4766 158 4809 et
184 4759 272 4809 ille
301 4767 594 4825 antequam
628 4763 904 4828 episcopus
943 4765 1108 4827 ﬁeret,
1151 4778 1251 4826 pro
1280 4762 1586 4813 humilitate
1614 4761 1718 4812 sibi

111 4832 301 4895 insita,
325 4847 616 4896 nunquam
639 4835 894 4894 docuerit,
911 4840 958 4884 et
977 4841 1054 4895 tu,
1079 4841 1368 4896 postquam
1401 4834 1488 4884 hic
1516 4833 1717 4898 episco-

107 4917 212 4966 pus
219 4904 401 4966 fact-us
414 4909 504 4967 est,
516 4904 558 4954 Α
567 4904 723 4955 lexan
731 4906 864 4955 drite
875 4921 986 4956 non
996 4907 1187 4970 fueris.
1201 4907 1323 4958 Hoc
1337 4903 1678 4958 nihilominu
1686 4917 1714 4956 s

111 4974 562 5040 haudquaquam
587 4977 805 5041 probat,
830 4977 1183 5043 Theophilum
1197 4977 1556 5029 necessarios
1574 4988 1713 5027 suos

109 5047 373 5110 privatim
397 5059 514 5099 non
529 5047 818 5110 docuisse,
838 5062 944 5101 nec
968 5061 1104 5102 vero
1124 5048 1310 5100 simile
1327 5049 1434 5112 est,
1457 5047 1714 5111 Theophi-

111 5117 160 5167 lo
179 5117 377 5170 adhuc
406 5118 736 5182 superstite,
759 5120 1023 5184 Ruﬁnum
1051 5134 1114 5174 se
1139 5132 1239 5184 pro
1269 5120 1397 5184 ejus
1432 5117 1712 5182 discipulo

102 5189 380 5253 jactasse,
403 5202 439 5241 a
464 5201 576 5253 quo
599 5191 775 5255 aperti
794 5192 1078 5244 mendacii
1099 5191 1364 5244 convinci
1387 5193 1631 5255 poterat.

169 5263 296 5342 VII.
332 5259 626 5342 sexennio
655 5264 951 5342 tra_nsac_:o
979 5261 1708 5342 in_schqla‘zEgyptiorum,

106 5333 342 5386 tandem
368 5333 780 5398 Hierosolymis
797 5335 1000 5400 pedem
1027 5335 1153 5386 fixit
1175 5335 1425 5396 Ruﬁnus,
1447 5333 1706 5384 Melania:

101 5404 430 5467 adhmrens,
456 5405 602 5456 teste
627 5403 874 5458 Palladio
897 5419 1020 5472 cap.
1048 5407 1294 5458 CXVIII.
1328 5406 1500 5468 cujus
1531 5404 1707 5456 verba

105 5475 182 5528 sic
213 5475 396 5528 latine
427 5475 694 5540 exprimit
725 5482 926 5530 auctor
968 5477 1077 5529 sub
1116 5476 1434 5530 Heraclidis
1471 5475 1706 5528 nomine

102 5546 290 5600 latens
313 5547 499 5610 capite
523 5547 729 5600 XXIII.
766 5549 900 5598 Erat
926 5549 1087 5598 etiam
1107 5564 1232 5598 cum
1251 5565 1312 5597 ea
1329 5549 1561 5608 Rufinus
1577 5546 1707 5610 qui-

103 5618 228 5668 dam
248 5618 494 5679 nomine,
519 5617 649 5668 civis
671 5618 839 5669 Italus
854 5635 922 5669 ex
939 5619 1272 5684 Aquileiensi
1305 5619 1486 5682 opido,
1503 5619 1588 5668 vir
1604 5633 1707 5666 no-

103 5687 293 5739 bilium
314 5689 433 5738 etin
460 5689 733 5754 proposito
771 5691 1046 5754 singulari
1069 5692 1200 5741 satis
1212 5691 1442 5756 fortium
1467 5705 1701 5750 morum,

104 5762 194 5822 qui
209 5761 288 5811 ad
296 5759 724 5826 presbyteratum
733 5769 912 5827 postea
927 5763 1122 5812 meruit
1133 5779 1322 5828 perven
1333 5763 1410 5811 ire
1423 5775 1436 5812 :
1452 5776 1560 5825 quo
1573 5777 1606 5809 η
1615 5759 1704 5810 ul-

107 5831 182 5882 tus
195 5830 560 5893 mansuetior,
585 5831 799 5896 fortior,
823 5837 870 5882 et
903 5832 1178 5898 placidior
1212 5839 1478 5898 tanquam
1512 5832 1705 5881 omnia

106 5903 292 5969 sciens,
313 5904 374 5954 in
390 5917 526 5954 sexu
541 5902 712 5969 virili,
720 5903 895 5970 potuit
909 5904 1168 5958 inveniri.
1204 5903 1583 5959 Sexennalem
1597 5903 1704 5954 Ruo

1816 4761 1950 4812 ante
1985 4761 2050 4812 A.
2083 4764 2150 4813 D.
2179 4760 2300 4816 385.
2336 4763 2396 4815 in
2433 4762 2727 4816 caelestem
2764 4765 3005 4830 patriam
3041 4779 3411 4830 nequaquam

1814 4831 2098 4896 migravit,
2121 4833 2405 4896 siquidem
2427 4835 2486 4886 in
2502 4835 2894 4888 monumentis
2919 4836 3176 4890 ecclesias
3197 4838 3413 4892 Grmcm

1813 4914 1849 4974 a
1863 4905 1951 4974 Jo.
1969 4904 2228 4969 Baptista
2239 4905 2518 4959 Cotelerio
2533 4906 2784 4970 vulgatis
2804 4907 3052 4968 legimus
3065 4913 3203 4960 tom.
3221 4911 3262 4960 Ι.
3281 4923 3407 4974 pag.

1813 4972 1937 5028 469.
1960 4975 2217 5027 invisum
2242 4976 2420 5029 fuisse
2449 4978 2773 5027 Pambonem
2789 4991 2822 5028 a
2842 4979 3131 5041 Theophila
3137 4981 3260 5044 jam
3281 4972 3410 5033 tum

1813 5045 2092 5111 Episcopo
2116 5046 2520 5105 Alexandrino,
2560 5049 2658 5112 qui
2693 5061 2876 5112 quum
2925 5050 3123 5102 sedere
3173 5053 3412 5115 cmperit

1811 5115 1904 5168 die
1951 5115 2021 5171 ‘20
2062 5117 2199 5169 Julii
2231 5120 2299 5169 A.
2338 5121 2404 5170 D.
2442 5117 2564 5172 385.
2603 5119 2804 5168 Pambo
2837 5122 2968 5171 ante
3002 5120 3159 5173 hunc
3186 5133 3408 5174 annum

1810 5188 2022 5240 obiisse
2058 5201 2176 5240 non
2202 5189 2405 5253 potuit,
2429 5190 2543 5241 nisi
2571 5189 2718 5242 duos
2748 5190 3044 5240 Pamboncs
3071 5204 3146 5244 ex
3167 5191 3403 5254 ingenio

1811 5260 2334 5312 comminiscamur.
2374 5262 2567 5321 Quare
2617 5261 2707 5312 vel
2755 5261 3042 5314 Palladius
3084 5275 3404 5315 sermonem

1807 5343 1842 5382 a
1875 5332 2116 5380 Melania
2151 5344 2347 5382 secum
2383 5332 2645 5384 habitum
2681 5333 2876 5384 minus
2911 5339 3062 5384 recte
3100 5333 3398 5396 distinxit,

1807 5403 1899 5454 vel
1919 5403 2048 5466 ejus
2078 5404 2251 5455 verba
2267 5403 2508 5455 strictim
2529 5404 2859 5467 accipienda
2882 5417 2996 5456 non
3025 5409 3180 5455 sunt.
3211 5406 3333 5457 Hoc
3362 5420 3398 5458 a

1807 5475 2170 5527 Tillemontio
2193 5476 2397 5527 adnot-i
2408 5481 2499 5528 tur
2521 5476 2581 5527 in
2600 5481 2753 5527 tomo
2772 5477 2839 5527 Χ.
2859 5489 2986 5539 pag.
3013 5474 3140 5531 8‘23.

1867 5547 2011 5598 VIII.
2038 5549 2168 5599 Jam
2197 5559 2332 5598 vero
2356 5560 2487 5599 cum
2525 5547 2729 5610 Rufino
2757 5552 2815 5598 et
2837 5546 3403 5614 .llelnniallierosoly-

1802 5631 1956 5670 mam
1975 5623 2342 5670 revertamur.
2359 5618 2594 5680 Utrique
2615 5619 2804 5681 plures
2822 5631 3004 5668 annos
3023 5617 3080 5669 in
3097 5619 3286 5670 omnis
3303 5635 3402 5684 ge-

1803 5689 1958 5740 neris
1977 5689 2302 5740 hominibus
2319 5687 2449 5739 illuc
2465 5689 2688 5752 pictatis
2704 5702 2913 5740 caussa
2923 5689 2993 5740 ad
3004 5691 3397 5756 ventantibus,

1801 5759 2310 5824 liberaliterexcipin
2322 5760 2482 5815 mils,
2502 5760 2812 5823 impensos,
2826 5761 3094 5824 adsignat
3110 5761 3398 5815 Palladius

1803 5831 1986 5896 capite
2004 5833 2243 5883 CXVIII.
2270 5833 2405 5882 Cum
2431 5830 2665 5880 Melania
2686 5831 2823 5880 vixit
2843 5833 3004 5881 etiam
3031 5832 3394 5884 nobilissimus

1801 5908 1847 5953 et
1860 5903 2190 5966 fortissimus
2213 5903 2452 5966 Rufinus
2471 5903 2536 5953 ab
2551 5902 2711 5952 Italia
2727 5919 2794 5954 ex
2806 5904 3138 5969 Aquilejensi
3157 5905 3389 5956 Civitate.
