3902 6406
469 346 539 405 95
1753 349 1996 403 RUFINI
2036 344 2479 402 PRESBYTERI
3691 366 3766 423 96

473 466 573 530 qui
595 473 776 531 postea
803 468 1005 533 dignus
1039 476 1112 520 est
1144 470 1357 520 habitus
1378 468 1753 534 presbyterum
1781 482 1791 513 :
1818 479 1925 530 quo
1957 477 2065 514 non

475 542 549 587 est
572 539 822 591 inventus
851 542 929 591 vel
957 542 1159 593 doctior
1186 542 1263 592 vel
1295 542 1498 602 mitior,
1547 539 1752 601 Viginti
1796 541 1975 587 autem
2020 541 2066 586 et

408 628 420 640 ⁸
476 617 670 675 septem
682 615 848 663 annis
872 615 1207 680 excipiebant
1234 614 1445 677 eos,qui
1468 611 1744 662 veniebant
1760 609 2069 672 Hierosoly-

477 695 629 732 mam
652 686 758 733 voti
781 701 988 748 caussa,
1006 692 1053 737 et
1077 687 1344 751 episcopos
1359 690 1405 734 et
1427 684 1721 734 monachos
1742 686 1787 730 et
1810 680 2064 751 virgines,

480 758 526 802 et
554 756 905 808 matrimonio
921 750 1154 821 junctos,
1192 762 1236 806 et
1266 757 1499 806 illustres
1532 760 1577 805 et
1612 754 1838 819 privatae
1878 750 2068 801 condi-

487 825 667 887 tionis,
692 833 737 875 et
761 844 942 878 omnes
962 830 1058 893 qui
1090 828 1468 888 adventabant,
1497 826 1611 875 suis
1638 824 1885 889 fovebant
1917 836 2069 871 sum-

485 895 640 947 tibus.
673 900 982 951 Monachos
1006 900 1176 951 etiam
1193 901 1266 951 ob
1284 899 1539 950 schisma
1560 895 1804 957 Paulini,
1829 893 2067 953 divisos,

485 969 543 1017 et
570 968 993 1023 Maeedonianaa
1018 973 1199 1023 Secttn
1222 970 1514 1033 reliquias,
1531 970 1730 1030 Ruﬁno
1752 971 1807 1017 et
1828 964 2071 1015 Melania

483 1039 882 1105 suadentibus,
907 1043 967 1094 in
982 1044 1283 1107 pristinam
1314 1041 1780 1094 communionem
1810 1035 2072 1099 rediisse,

480 1121 618 1161 mox
636 1114 1253 1178 subjungitPalladius.
1272 1115 1370 1177 qui
1392 1113 1611 1164 clerum
1631 1110 1864 1173 insuper
1883 1107 2071 1178 Hiero-

484 1177 897 1245 solymitanum
929 1185 1099 1236 donis
1116 1190 1174 1237 et
1197 1184 1507 1240 alimentis,
1527 1182 1838 1243 utriusque
1860 1177 2075 1229 benefl-

483 1254 669 1304 centia
692 1256 1045 1308 cumulatum
1072 1257 1337 1308 affirmat.
1356 1255 1459 1305 His
1482 1252 1725 1305 narratis
1751 1261 2073 1302 sermonem

481 1323 694 1376 Claudii.
708 1327 799 1377 his
815 1328 1037 1379 verbis:
1067 1329 1155 1378 Sic
1184 1329 1353 1377 vitam
1384 1329 1775 1388 transegerunt,
1800 1322 2074 1370 neminem

478 1394 815 1458 o/I'endentes,
829 1399 918 1448 sed
937 1414 1150 1448 omnem
1176 1398 1565 1461 propemodum
1590 1394 1781 1444 Orbem
1813 1398 1961 1441 terrae
1982 1392 2073 1454 ju-

478 1472 675 1517 vantcs.
702 1469 973 1522 Rufinum
996 1474 1061 1522 A.
1095 1473 1161 1521 D.
1180 1468 1301 1525 387.
1330 1480 1444 1533 quo
1473 1466 1794 1519 secundum
1822 1462 2073 1515 calculos

478 1537 838 1593 Tillemontii.
862 1542 1144 1593 Palladius
1183 1554 1317 1593 eum
1342 1543 1401 1593 et
1419 1539 1713 1589 Melanium
1739 1533 2073 1597 Hierosoly-

474 1621 588 1661 maa
598 1613 783 1677 novit,
795 1613 1055 1665 nondum
1070 1613 1250 1665 fuisse
1260 1612 1648 1677 presbyterum,
1666 1608 1807 1658 satis
1820 1605 2073 1657 luculen-

477 1685 563 1732 ter
577 1684 827 1735 ostendit
846 1686 945 1736 ubi
965 1685 1036 1736 de
1061 1684 1157 1737 illo
1177 1684 1258 1737 ait
1277 1699 1288 1733 :
1306 1684 1402 1747 qui
1418 1693 1644 1733 POSTEA
1657 1680 1857 1741 dignus
1880 1681 1951 1725 est
1976 1677 2074 1725 ha-

476 1750 615 1801 bitus
629 1755 1014 1819 presbyteratu.
1040 1756 1223 1817 Quare
1253 1756 1625 1818 imposterum
1643 1748 1954 1815 presbyteri,
1978 1760 2076 1799 ΠΟ·

480 1822 635 1875 mine
669 1827 1018 1891 appellatum
1047 1826 1401 1886 videbimus,
1427 1826 1527 1889 qui
1553 1824 1689 1875 olim
1720 1819 1979 1869 monachi
2018 1822 2078 1869 et

2090 462 2145 535 Α
2168 465 2418 541 bris,_ubl
2439 466 2587 521 duos
2603 470 2966 527 Frumentios
2991 478 3167 541 ponit,
3187 484 3245 531 et
3256 479 3488 533 Carolus
3503 493 3539 533 a
3553 481 3769 535 Sancto

2170 536 2437 619 Paulloin
2468 541 2821 619 Geographie
2834 536 3138 619 sacra'pag.
3157 536 3287 605 7269.
3317 557 3546 605 constat
3568 558 3769 605 tamen

2167 620 2294 659 eam
2312 608 2490 688 fuisse
2507 614 2751 688 Egypto
2774 608 3181 688 finitima-mret
3201 623 3498 687 Ethiopian
3520 630 3766 688 partem,

2169 691 2301 764 quae
2325 681 2454 764 toto.
2473 683 2619 764 caelo
2644 686 2725 764 ab
2743 687 3176 764 India‘Asiatica
3206 707 3309 745 seu
3336 681 3649 759 Gangetica
3680 681 3772 747 di;

2170 751 2619 833 Sla‘t.-/Ellliopcs
2637 758 2788 833 enim
2805 761 3125 833 antiquitus
3143 766 3406 815 Indorum
3424 751 3659 819 nomine
3674 780 3772 833 ap-

2168 821 2549 906 pellebantur,
2561 828 2901 906 _und_eqapud
2930 821 3233 906 Virgilium
3272 838 3341 890 de
3376 838 3518 901 Nilo,
3557 839 3658 904 qui
3686 821 3766 892 εἰ

2170 893 2457 960 .Ethiopia
2472 898 2668 964 oritur,
2684 893 2905 955 lib._IV.
2924 893 3333 973 Georgicorum
3351 924 3365 961 :

2389 1004 2555 1064 Usque
2584 1009 2815 1058 coloratis
2837 1013 3001 1061 amnis
3025 1016 3247 1066 devexus
3274 1021 3337 1067 ab
3360 1021 3513 1067 INDIS.

2172 1097 2261 1181 Ad
2276 1097 2385 1150 hos
2409 1101 2569 1153 Indos
2593 1106 2849 1161 coloratos
2883 1114 3277 1167 Frumentium
3310 1114 3520 1179 primo,
3560 1126 3769 1178 perve-

2171 1181 2702 1256 nis-se‘compertum
2721 1186 2825 1235 est.
2852 1185 2991 1237 Inde
3004 1185 3408 1238 Alexandriam
3430 1185 3635 1245 redux,
3667 1184 3773 1235 ite-

2171 1252 2300 1292 rum
2316 1242 2450 1319 illuc
2466 1246 2681 1301 missus
2704 1259 2811 1315 est,
2840 1257 2914 1307 ab
2963 1257 3276 1308 Athanasio
3319 1242 3769 1319 ordinatus'epi-

2174 1324 2384 1394 SCQPIIS
2406 1316 2695 1394 Amanicas,
2728 1326 2850 1379 sive
2872 1328 3203 1388 Auxumeos,
3232 1328 3534 1392 Ethiopiaa
3558 1316 3775 1378 metro-

2171 1383 2339 1463 polis,
2363 1388 2462 1438 ubi
2476 1392 2632 1463 regia
2649 1383 2833 1459 pesita
2856 1401 2993 1450 erat.
3022 1383 3339 1450 Videantur
3354 1383 3681 1463 Stephanus
3695 1397 3774 1449 de

2170 1455 2437 1521 Urbibus,
2455 1455 2732 1535 Arrianus
2751 1468 2812 1521 in
2836 1470 3053 1535 Periplo
3076 1471 3251 1522 maris
3286 1455 3586 1535 Erythraai,
3612 1470 3775 1520 Non-

2171 1537 2355 1613 nosus
2375 1532 2529 1613 apud
2550 1534 2814 1613 Rhtoium
2832 1532 3087 1601 CodeII,
3112 1546 3169 1593 et
3190 1532 3586 1613 Procopiusde
3610 1539 3773 1613 Bello

2173 1596 2399 1676 _Persico
2436 1600 2533 1655 lib.
2572 1606 2615 1657 Ι.
2641 1622 2761 1672 cap.
2804 1612 2953 1663 XIX.
3002 1596 3091 1664 Ad
3115 1612 3267 1664 hanc
3312 1596 3449 1676 ergo
3472 1610 3772 1673 Aacumim,

2172 1667 2437 1733 hancque
2468 1667 3034 1748 IndiamftEthiopitn
3052 1690 3275 1748 partem
3300 1667 3544 1748 Egypto
3570 1667 3775 1746 proxi;

2172 1762 2348 1820 mam,
2385 1760 2503 1820 non
2519 1749 2589 1799 ad
2616 1752 2835 1805 Indiam
2852 1756 3000 1808 intra
3015 1756 3271 1820 Gangem
3296 1756 3370 1808 ad
3392 1756 3545 1806 latus
3560 1753 3773 1806 Orien-

2175 1819 2287 1873 tale
2304 1819 2426 1871 Indi
2455 1822 2663 1884 amnis,
2690 1826 3038 1877 Frumenlius
3057 1841 3091 1879 a
3116 1819 3169 1880 Si
3198 1827 3513 1879 Athanasio
3541 1825 3765 1877 missus

480 1894 931 1981 (miris/nomine
971 1903 1198 1981 tantum
1235 1898 1644 1981 appellabatur.
1690 1893 2075 1981 Hienrongm‘us
2096 1907 2151 1981 B
2177 1897 2282 1981 erat.
2311 1893 2679 1981 Constantius
2707 1897 2778 1948 ad
2804 1900 3079 1981 Aisanam
3102 1901 3470 1981 et_Saxanam
3506 1898 3632 1979 ejus
3663 1895 3776 1948 loci

483 1966 552 2016 A.
566 1968 630 2018 D.
643 1967 766 2023 388.
788 1971 991 2023 inloca
1015 1976 1216 2022 sancta
1230 1970 1518 2034 profectus
1542 1979 1675 2018 cum
1692 1965 1888 2025 Rufino
1916 1967 2077 2013 vete-

482 2048 603 2088 rem
614 2043 1099 2094 necessitudinem
1115 2041 1433 2101 renovavit,
1449 2035 1935 2104 quemadmodum
1948 2044 2075 2096 pos-

484 2111 577 2161 tea
609 2112 853 2176 ipsemet
880 2115 1116 2176 Rufinus
1141 2126 1257 2166 non
1280 2114 1521 2165 obscure
1547 2111 1628 2161 sic
1651 2105 1896 2173 prodidit
1920 2106 2075 2168 Apo-

480 2178 650 2244 logiee
681 2184 777 2237 lib.
803 2189 871 2238 II.
914 2188 1064 2238 MIHI
1089 2202 1298 2251 quoque
1330 2186 1435 2249 ipsi
1464 2181 1794 2246 aliquando,
1821 2191 1991 2241 quum
2015 2176 2078 2224 de

482 2252 746 2306 Bethleem
770 2259 1205 2324 Hierosolymam
1225 2267 1540 2315 VBNISSET,
1563 2259 1609 2303 et
1648 2251 1879 2324 codicem
1900 2261 2076 2324 secum

482 2324 762 2387 detulisset,
787 2330 847 2378 in
864 2346 971 2394 quo
994 2319 1110 2379 erat
1135 2329 1396 2391 Dialogus
1414 2325 1688 2378 Ciceronis
1703 2361 1716 2377 .
1732 2328 1778 2370 et
1804 2320 1944 2369 idem
1967 2319 2077 2394 ipse

482 2396 693 2449 Graecus
708 2389 972 2462 Platonis,
1004 2403 1151 2465 quod
1176 2389 1378 2451 dederit
1408 2400 1593 2463 ipsum
1628 2395 1876 2450 codicem,
1900 2395 1946 2439 et
1968 2389 2078 2438 ali-

483 2471 702 2533 quando
725 2472 891 2533 fueril
913 2475 1066 2538 apud
1085 2489 1186 2532 me,
1212 2473 1369 2522 nullo
1394 2485 1583 2535 genere
1604 2465 2001 2538 negarepolest.

545 2543 642 2593 IX.
671 2546 825 2595 Inter
841 2535 1105 2597 summos
1122 2545 1296 2606 viros,
1318 2556 1465 2608 quos
1487 2542 1719 2614 Ruﬁ’“‘_8
1740 2535 1951 2614 ibidem
1976 2543 2078 2614 n9“

484 2613 588 2688 vit,
606 2616 809 2667 ceteris
821 2617 1072 2668 maxime
1096 2617 1363 2681 praestitit
1384 2614 1649 2688 Bacurius
1663 2610 1840 2688 Iberia
1856 2610 2078 2688 rew,‘v‘1r

488 2685 840 2740 celeberrimi
853 2677 1114 2741 nominis
1133 2689 1285 2753 apud
1302 2687 1635 2747 Historicos,
1662 2677 2075 2753 Zosimungjil).

490 2758 586 2808 IV.
614 2763 749 2811 ante
771 2760 963 2822 finem,
989 2763 1046 2813 et
1071 2748 1361 2813 Socratem
1386 2760 1483 2811 lib.
1516 2759 1635 2809 VII.
1676 2766 1796 2816 cap.
1830 2752 1901 2801 X.
1933 2748 2080 2822 Huic

489 2830 726 2892 Ruﬁnus
748 2819 1044 2897 acceptam
1060 2833 1313 2884 referens
1332 2831 1630 2883 historiam
1651 2827 1722 2878 de
1746 2819 2082 2897 admiranda

490 2902 876 2955 Conversione
891 2894 1200 2957 'Iberorum
1228 2906 1393 2966 :HtBC,
1413 2902 1621 2965 inquit,
1637 2907 1817 2951 NOBIS
1836 2894 1914 2941 ita
1940 2896 2081 2966 gesta

487 2973 828 3036 ﬁdelissimus
851 2976 938 3025 vir
966 2976 1222 3025 bacurius
1245 2964 1413 3037 gentis
1436 2964 1610 3039 ipsius
1630 2986 1746 3031 rex,
1764 2964 2082 3044 etapudjmtf

492 3046 917 3097 Domesticorum
946 3063 1133 3109 comes,
1159 3048 1247 3098 cui
1282 3037 1499 3096 summa
1526 3051 1639 3095 erat
1661 3049 1705 3093 et
1728 3037 2007 3115 religionis
2028 3037 2083 3115 ξι

491 3118 749 3178 veritatis,
771 3121 1034 3181 exposuit,
1052 3104 1222 3184 quum
1246 3130 1572 3180 NOBISCUM,
1595 3110 1870 3167 Palaestini
1886 3114 2012 3157 tunc
2025 3104 2085 3184 li-

2184 1964 2464 2027 Tyrannos
2476 1964 2773 2028 epistolam
2791 1973 3038 2035 scripsit,
3056 1977 3121 2023 ut
3140 1969 3780 2033 Frumentiusepiscopus

2175 2036 2215 2107 Α
2224 2049 2449 2083 xumeos
2460 2036 2587 2086 inde
2600 2038 2967 2104 abduceretur,
2994 2044 3181 2107 inquit
3192 2044 3303 2095 Ath
3312 2042 3548 2095 anasius
3559 2041 3618 2091 in
3628 2040 3780 2102 Apo-

2174 2106 2327 2169 108ίᾶ
2351 2118 2477 2169 δυᾶν
2506 2107 2790 2172 Tyrannos
2815 2127 2915 2165 eos
2950 2106 3155 2167 fratres
3184 2118 3374 2175 vocat,
3412 2114 3599 2175 iisque
3637 2122 3777 2162 cum

2175 2178 2447 2228 Romanis
2483 2179 2616 2243 jura
2646 2182 2916 2246 impertit.
2956 2187 3132 2250 Atqui
3174 2185 3316 2238 nulli
3352 2187 3774 2249 Imperatorum

2176 2250 2575 2323 Romanorum,
2600 2252 2858 2307 foederati
2887 2258 3036 2310 ultra
3072 2259 3327 2323 Gangem
3378 2262 3559 2309 erant.
3612 2253 3777 2305 Idem

2177 2321 2546 2373 Constantius
2566 2322 2752 2388 legem
2779 2329 2973 2380 sanxit
2992 2331 3053 2381 in
3090 2321 3223 2381 haec
3242 2330 3417 2382 verba
3442 2326 3670 2377 :Nuttus
3701 2323 3778 2371 ad

2175 2397 2381 2453 gentem
2404 2392 2794 2446 Axumitarum
2816 2405 2861 2449 et
2882 2401 3184 2450 Homeritas
3203 2402 3282 2449 ire
3301 2404 3605 2463 praeceptus,
3624 2394 3776 2444 ultra

2176 2463 2357 2510 annui
2380 2467 2631 2527 temporis
2658 2471 2842 2532 spacia
2867 2471 3006 2521 debet
3039 2472 3390 2522 Alexandriae
3414 2472 3475 2520 de
3498 2475 3664 2519 cetero
3687 2467 3775 2515 de-

2176 2548 2298 2613 "1°,"
2299 2535 2404 2613 ανίε
2419 2540 2564 2613 ,ΕΓὲο
2582 2543 2845 2613 Δτιθῐῐιῐωιιθ
2862 2545 3177 2595 Constantii
3190 2544 3247 2595 hi
3264 2542 3555 2613 Axumitaa
3571 2541 3781 2613 Home-

2178 2605 2303 2678 ritis
2335 2605 2615 2678 adjuncti,
2647 2613 2906 2666 Romano
2938 2615 3179 2678 Imperio
3217 2612 3551 2666 contermini
3579 2615 3637 2663 et
3661 2610 3778 2661 fm-

2178 2673 2357 2727 derati
2382 2680 2584 2743 utique
2606 2689 2784 2735 erant.
2816 2685 2900 2735 Ad
2920 2673 3220 2747 hos-igitur
3243 2698 3400 2749 sape
3423 2682 3595 2747 legati
3614 2694 3781 2732 com-

2178 2755 2464 2823 mearunt,
2479 2753 2575 2815 qui
2587 2754 2987 2808 Alexandriam
3001 2758 3201 2823 primo,
3214 2758 3347 2809 inde
3359 2757 3418 2808 in
3430 2753 3781 2817 Ethiopiam

2180 2818 2434 2882 profecti,
2464 2824 2709 2889 indeque
2743 2818 3147 2881 Alexandriam
3172 2818 3389 2882 reversi
3436 2831 3597 2879 sunt:
3625 2837 3781 2889 quos

2181 2896 2403 2965 spectat
2425 2893 2520 2945 illa
2536 2899 2894 2952 Constitutio.
2915 2901 3179 2964 Ruﬁnus,
3204 2914 3239 2953 a
3254 2914 3367 2965 quo
3389 2902 3649 2952 Socrates
3673 2895 3778 2947 lib.

2182 2962 2538 3043 I;_CaP;__XV.
2563 2970 2914 3024 Sozomenus
2939 2972 3033 3024 lib.
3067 2976 3090 3025 Ι
3130 2962 3250 3038 cap.
3273 2962 3487 3024 XXIII.
3512 2966 3780 3043 Theodo-

2181 3037 2327 3115 ritus
2363 3037 2461 3089 lib.
2495 3042 2537 3091 I.
2566 3054 2689 3115 cap.
2726 3044 2930 3095 XXIII.
2978 3037 3378 3108 Cassiodorus,
3414 3040 3780 3115 Niceph9m8

2183 3104 2393 3170 aliique
2412 3104 2753 3166 recentiores
2768 3115 2919 3167 hanc
2933 3116 3228 3168 historiam
3240 3104 3606 3181 acceperunt,
3624 3112 3784 3162 Οἰω-

491 3194 640 3279 mitis
669 3190 804 3279 dum,
832 3191 895 3277 in
926 3182 1313 3279 Hierosolgmis
1345 3182 2080 3279 salis-unanimitfudegﬂ‘ffl.
2115 3202 2164 3279 C
2338 3193 2470 3279 1331:)"
2484 3185 2761 3279 nominat,
2787 3192 2861 3279 ut1
2869 3187 2946 3279 sde
2974 3188 3130 3270 Indis
3154 3188 3421 3279 intra‘vel
3445 3189 3609 3239 extra
3634 3183 3786 3279 Gan-

500 3270 565 3320 Ul
578 3269 665 3319 vir
686 3267 807 3328 ﬁde,
824 3266 1029 3327 pietate,
1043 3266 1235 3313 virtute
1251 3269 1295 3311 et
1316 3263 1495 3313 animi
1510 3269 1554 3312 et
1570 3261 1809 3326 corporis
1832 3260 2083 3321 insignis,

493 3341 677 3394 eidem
692 3338 911 3390 auctori
933 3336 1204 3388 laudatur
1228 3335 1399 3386 etiam
1426 3334 1524 3386 lib.
1558 3335 1654 3385 XI.
1674 3346 1795 3396 cap.
1822 3333 2083 3384 XXXIII.

493 3413 592 3465 ubi
622 3423 753 3463 eum
778 3422 883 3473 pro
904 3412 1254 3473 Imperatore
1280 3405 1601 3459 Theodosio
1626 3406 1835 3469 Magno
1869 3404 2089 3456 fortiter

496 3489 885 3544 strennueque
897 3484 1096 3532 contra
1106 3478 1414 3539 Eugenium
1436 3479 1759 3541 Tyrannum
1772 3474 2089 3527 auxiliariis

494 3553 671 3606 armis
700 3551 1055 3616 prmliantem
1074 3549 1351 3602 cecidisse
1378 3552 1640 3600 testatur.
1670 3548 1867 3607 Ruﬁno
1891 3547 2092 3598 Hiero-

396 3642 403 3647 '
497 3624 735 3689 solymis
753 3623 941 3675 adhuc
953 3623 1199 3685 degente
1212 3620 1271 3671 id
1287 3620 1526 3684 contigit
1543 3621 1609 3670 A.
1625 3619 1685 3669 D.
1706 3616 1829 3672 394.
1846 3619 1938 3669 ΙΙΙ.
1952 3617 2089 3669 Idus

495 3696 860 3761 Septembres
888 3694 948 3745 in
964 3693 1215 3751 regionis
1238 3694 1453 3743 nostrae
1472 3691 1828 3755 Aquileiensis
1842 3694 2091 3753 augusto

495 3768 656 3821 aditu
674 3766 923 3828 Alpium,
948 3765 1020 3817 ad
1041 3764 1277 3816 ﬂuvium
1305 3762 1591 3815 vocabulo
1609 3761 1912 3822 Frigidum,
1934 3774 2093 3812 nunc

494 3839 673 3900 vulgo
705 3838 988 3903 Vipacum.
1009 3836 1143 3887 Istic
1168 3838 1513 3898 pugnatum,
1536 3838 1593 3885 et
1607 3833 1679 3885 de
1702 3833 1947 3897 Eugenio
1972 3832 2092 3895 pari

494 3911 788 3969 felicitate,
821 3921 889 3960 ac
914 3908 1192 3960 sexennio
1213 3911 1346 3959 ante
1371 3906 1444 3957 ad
1468 3906 1701 3958 tertium
1733 3906 1806 3956 ab
1834 3904 2089 3969 Aquileja

496 3981 744 4045 lapidem
783 3979 854 4031 de
872 3980 1119 4029 Maximo
1156 3978 1335 4031 altero
1370 3978 1654 4042 Tyranno.
1698 3975 2087 4027 Theodosium

497 4051 908 4116 triumphasse,
937 4050 1173 4102 tradunt
1197 4052 1458 4101 Socrates
1491 4046 1588 4099 lib.
1627 4048 1695 4097 V.
1733 4059 1854 4109 cap.
1882 4047 2084 4097 XXIV.

496 4122 913 4180 Philostorgius
928 4122 1025 4173 lib.
1051 4123 1148 4172 XI.
1168 4134 1272 4185 cap
1294 4123 1360 4171 II.
1383 4117 1801 4172 Claudianusin
1818 4117 2089 4182 panegyri

496 4194 571 4246 de
585 4193 750 4245 tertio
775 4192 1087 4243 Consulatu
1114 4192 1366 4251 Honorii,
1401 4189 1758 4254 Epiphanius
1789 4187 2091 4240 Scholasti-

497 4278 603 4317 cus
627 4264 688 4315 in
713 4264 960 4314 Historia
976 4263 1278 4324 Tripartita
1299 4262 1395 4313 lib.
1413 4262 1483 4312 X.
1502 4273 1623 4324 cap.
1652 4261 1822 4311 XLV.
1857 4259 2085 4323 aliique.

496 4336 706 4388 Eodem
724 4340 910 4397 pacto,
928 4347 1042 4397 quo
1066 4334 1357 4385 Iberorum
1383 4332 1819 4384 conversionem
1836 4343 1908 4382 ex
1920 4332 2090 4380 Bacu-

496 4408 600 4470 rio,
625 4406 803 4459 Indiae
828 4419 1058 4469 quoque
1080 4406 1365 4457 ulterioris
1389 4418 1424 4457 a
1445 4405 1650 4456 Sancto
1675 4402 1986 4452 Frumentio
2006 4404 2089 4452 ta-

498 4483 653 4531 ctam
675 4478 900 4531 audivit
926 4479 1156 4536 Rufinus
1196 4490 1267 4529 ex
1298 4490 1393 4528 ore
1415 4476 1638 4537 Edesii,
1679 4475 1811 4536 Tyri
1845 4474 2089 4537 presby-

496 4551 619 4610 teri,
651 4554 707 4601 et
730 4549 992 4612 ejusdem
1011 4548 1204 4600 Sancti
1226 4547 1535 4598 Frumentii
1545 4545 1699 4609 apud
1722 4544 1894 4596 Indos
1912 4543 2088 4595 comi-

496 4620 587 4698 tis,
613 4619 785 4698 utlib.
810 4620 881 4669 X.
909 4620 1057 4698 Hist.
1077 4620 1311 4698 cap._IX.
1328 4617 1623 4698 hisverbins
1637 4616 1842 4698 referti
1860 4630 1977 4696 quae
1993 4628 2089 4662 nos
2109 4623 2168 4698 D

491 4692 570 4742 ita
581 4695 721 4755 gesta
738 4706 850 4739 non
865 4691 1120 4753 opinione
1132 4690 1297 4755 vulgi,
1311 4690 1399 4740 sed
1416 4690 1530 4753 ipso
1543 4688 1778 4750 XEdesio,
1802 4685 1930 4748 Tyri
1947 4700 2086 4749 pres-

494 4763 672 4825 bytero
694 4763 1034 4826 postmodum
1057 4761 1217 4824 facto,
1252 4764 1349 4825 qui
1392 4759 1899 4819 Frumentiipomes
1931 4756 2088 4820 prius

493 4833 692 4896 fuerat,
716 4833 973 4896 refe-rente
983 4834 1346 4894 cognovimus.
1363 4833 1504 4883 Haec
1519 4830 1590 4882 de
1611 4842 1672 4881 re
1694 4827 2087 4879 consulendus

496 4904 708 4968 Pagius
730 4906 795 4955 A.
825 4906 891 4955 D.
920 4902 1041 4957 3'27.
1060 4905 1109 4967 β.
1137 4903 1205 4958 1‘2
1221 4906 1277 4955 et
1299 4904 1522 4955 amicus
1544 4905 1745 4952 noster
1780 4899 1837 4950 in
1867 4898 1997 4950 Vita
2031 4900 2085 4950 S.

495 4975 795 5028 Athanasii
824 4980 962 5026 tom.
989 4978 1029 5026 Ι.
1046 4977 1291 5040 Operum
1316 4988 1445 5039 pag.
1474 4972 1561 5027 16.
1589 4972 1807 5023 Indiam
1833 4983 1867 5021 a
1889 4971 2086 5032 Ruﬁno

493 5050 889 5105 memoratam,
934 5059 1066 5109 quae
1105 5047 1488 5097 Frumentium
1534 5042 1871 5107 Apostolum
1916 5046 2087 5093 nacta

495 5124 600 5181 est,
626 5131 752 5170 eam
778 5128 906 5170 esse
929 5118 1234 5183 Ethiopian
1262 5122 1481 5182 partem
1516 5114 1730 5176 scribit,
1757 5126 1888 5176 quae
1923 5112 2085 5177 Abys—

492 5190 639 5239 sinia
655 5190 879 5251 dicitur,
897 5190 1074 5251 hujus
1090 5189 1241 5241 enim
1255 5187 1409 5251 regia
1427 5192 1565 5238 tunc
1585 5188 1706 5235 erat
1721 5186 1948 5235 Axuma
1964 5184 2087 5236 sive

493 5260 799 5312 Auxumis.
827 5261 995 5311 Porro
1016 5265 1150 5310 tunc
1169 5263 1406 5310 remotae
1433 5267 1679 5319 quasque
1704 5255 1981 5317 regiones,
2010 5254 2085 5306 ad

492 5332 770 5384 orientem
795 5333 851 5383 et
878 5331 1177 5382 meridiem
1206 5328 1318 5381 late
1351 5329 1635 5391 patentes,
1661 5327 1829 5375 Indiae
1855 5326 2086 5378 nomine

492 5404 846 5467 dicebantur,
879 5403 1036 5467 quod
1059 5401 1226 5452 video
1250 5401 1309 5451 in
1338 5400 1594 5462 antiquis
1620 5400 1955 5450 auctoribus
1985 5400 2087 5450 ob-

493 5480 784 5526 servatum
809 5487 844 5526 a
867 5472 1148 5525 Friderico
1165 5472 1499 5521 Brummero
1528 5469 1908 5533 perelegantis
1930 5470 2084 5532 inge-

490 5546 570 5597 nii
592 5546 712 5597 viro
744 5546 803 5596 in
830 5542 1236 5595 exercitatione
1284 5554 1389 5592 sua
1425 5541 1496 5591 de
1532 5542 1758 5592 Sabinis
1792 5555 1915 5606 pag.
1958 5539 2079 5595 372.

490 5617 755 5680 Operum.
776 5614 898 5667 Etsi
914 5617 1108 5665 autem
1122 5613 1350 5673 Ruﬁnus
1359 5612 1654 5664 historiam
1667 5613 1931 5677 pertexit,
1950 5624 2085 5674 qua-

490 5687 538 5738 si
571 5687 632 5738 in
670 5687 889 5736 Indiam
947 5683 1272 5735 ulteriorem
1326 5685 1671 5733 Frumentius
1714 5684 2075 5747 perrexisset,

2194 3264 2323 3314 gem
2348 3253 2473 3306 sitis
2511 3256 2635 3320 ejus
2674 3259 2921 3310 narratio
2949 3259 3127 3322 accipi
3154 3260 3372 3322 possit;
3412 3272 3592 3323 quum
3626 3259 3786 3310 enim

2185 3323 2428 3377 Rufinus
2440 3327 2502 3376 In
2511 3328 2755 3377 leriorem
2768 3330 2985 3379 Indiam
2996 3331 3216 3383 ratione
3227 3331 3501 3383 citerioris
3512 3328 3785 3395 appellat,

2185 3396 2415 3447 interior
2437 3398 2529 3450 hic
2556 3412 2656 3464 pro
2680 3404 2959 3463 exteriore,
2980 3401 3103 3454 sive
3133 3415 3234 3467 pro
3266 3402 3427 3454 India
3449 3408 3611 3454 extra
3634 3403 3786 3456 Gan-

2186 3481 2334 3531 gem,
2354 3482 2487 3532 quse
2514 3472 2683 3523 nobis
2708 3473 2923 3522 citerior
2951 3479 3059 3536 est,
3084 3474 3265 3538 accipi
3297 3486 3416 3525 non
3438 3474 3638 3527 debet:
3673 3474 3790 3528 hoc

2187 3540 2341 3592 enim
2366 3541 2506 3593 foret
2527 3543 2865 3595 absurdum.
2885 3551 2944 3597 et
2970 3552 3178 3598 contra
3200 3558 3431 3598 omnem
3456 3558 3612 3599 verae
3648 3560 3791 3610 geo-

2187 3613 2443 3677 graphiae
2466 3614 2742 3667 ordinem.
2770 3618 2968 3681 Itaque
2983 3618 3210 3667 citerior
3233 3618 3413 3679 India,
3434 3618 3573 3669 dum
3595 3630 3632 3669 a
3667 3621 3792 3671 Ru-

2188 3683 2305 3755 lino
2318 3685 2413 3735 lib.
2432 3686 2504 3737 X.
2521 3698 2642 3751 cap.
2661 3688 2715 3738 X
2743 3687 2973 3749 dicitur,
3004 3689 3297 3755 Ai‘thiopise
3312 3690 3593 3739 adhmns
3607 3690 3789 3743 etiam

2188 3754 2545 3820 designatur,
2557 3758 2618 3809 in
2632 3771 2747 3822 qua
2763 3754 3223 3813 Bartholomaaus
3242 3761 3616 3827 Evangelium
3640 3774 3790 3826 pras-

2187 3828 2418 3882 dicavit.
2442 3832 2605 3884 Hanc
2634 3845 2763 3885 esse
2777 3834 3122 3899 Ethiopiam
3144 3836 3256 3887 sub
3278 3837 3541 3900 Egypto,
3558 3847 3678 3899 qua
3691 3848 3789 3888 ru-

2187 3900 2354 3952 brum
2370 3914 2531 3955 mare
2547 3904 2778 3969 attingit
2791 3906 2863 3956 ad
2881 3905 3239 3965 Adulium,et
3253 3906 3463 3958 ostium
3477 3907 3640 3957 sinus
3652 3907 3791 3959 Ara-

2188 3974 2317 4034 bici,
2342 3988 2515 4028 nemo
2545 3977 2769 4029 dubitet
2794 3979 2980 4041 ;undc
3002 3991 3369 4043 consequens
3386 3984 3494 4041 est,
3526 3984 3593 4032 ut
3621 3980 3789 4029 India

2186 4047 2431 4107 interior,
2447 4046 2573 4098 heic
2582 4061 2699 4099 non
2713 4048 2825 4100 alia
2838 4048 3072 4113 intelligi
3090 4050 3292 4114 possit,
3307 4063 3480 4113 quam
3496 4050 3790 4115 ίΕιιιίορία

2186 4117 2433 4173 interior.
2452 4130 2569 4169 non
2589 4119 2819 4173 inAsia.
2861 4119 2961 4171 sed
3004 4121 3063 4171 in
3100 4126 3360 4173 extrema
3381 4121 3572 4173 Africa
3607 4134 3790 4185 supra

2188 4188 2529 4253 principium
2545 4188 2671 4241 Nili:
2686 4190 2785 4253 qui
2802 4191 3093 4255 Ethiopes
3109 4204 3265 4244 nunc
3282 4192 3555 4257 Abyssini
3577 4204 3793 4245 vocan-

2189 4264 2298 4320 tur,
2319 4271 2561 4323 quorum
2592 4262 2923 4325 metropolis
2939 4266 3059 4313 erat
3079 4264 3331 4319 Aacumis.
3356 4276 3588 4328 quoque
3610 4268 3791 4315 antea

2186 4344 2357 4382 nemo
2374 4331 2581 4383 Christi
2592 4345 2922 4397 praeconum
2939 4333 3180 4386 interius
3197 4340 3614 4399 penetraverat.
3634 4335 3790 4385 Ακα-

2188 4403 2293 4451 mis
2311 4402 2524 4454 octidui
2548 4402 2746 4456 itinere
2769 4417 2803 4456 a
2825 4404 2987 4458 mari.
3013 4410 3071 4457 et
3089 4404 3371 4457 Adulitico
3388 4408 3550 4469 portu
3562 4406 3790 4471 aberat,

2189 4476 2335 4525 teste
2357 4473 2611 4532 Arriano.
2629 4480 2731 4526 aut
2753 4475 2862 4528 alio
2888 4479 3136 4539 auctore,
3153 4477 3212 4528 in
3247 4477 3463 4543 Periplo
3482 4476 3653 4529 maris
3674 4479 3789 4530 Ru-

2189 4545 2292 4596 bri.
2332 4546 2715 4610 Hieronymus
2767 4547 2827 4599 in
2863 4548 3029 4613 epist.
3070 4549 3238 4600 XCV.
3267 4550 3410 4601 alias
3449 4551 3542 4601 IV.
3587 4550 3790 4610 (Nunc

2194 4617 2418 4681 CXXV.)
2434 4618 2507 4669 ad
2523 4619 2843 4677 Rusticum,
2867 4620 3265 4684 periculosam,
3284 4626 3343 4673 et
3356 4620 3588 4685 longam
3612 4623 3789 4674 navi-

2192 4689 2479 4751 gationem
2495 4691 2673 4742 Rubri
2691 4691 2866 4741 maris
2887 4690 2959 4742 ad
2984 4690 3169 4741 urbem
3180 4693 3463 4741 Aacumam
3484 4693 3785 4758 describit,

2188 4760 2288 4811 ubi
2310 4761 2592 4813 hactenus
2618 4762 2805 4825 spisso
2824 4762 2923 4812 sed
2937 4762 3170 4827 proclivi
3194 4776 3382 4815 errore
3400 4764 3585 4813 urbem
3604 4765 3793 4814 mami-

2186 4846 2336 4880 mam
2359 4844 2464 4896 pro
2480 4832 2664 4881 urbem
2680 4833 2959 4882 Amumam
2985 4833 3058 4897 (⁸),
3083 4834 3301 4886 editum
3333 4835 3570 4897 legitur:
3593 4836 3789 4887 Verba

2189 4902 2317 4967 ejus
2329 4903 2454 4955 haec
2467 4909 2611 4953 sunt:
2626 4904 2954 4967 Navigantes
2965 4904 3208 4954 Rubrum
3219 4921 3387 4968 mare,
3404 4906 3465 4955 in
3477 4920 3582 4970 quo
3594 4912 3787 4969 optan-

2188 4974 2321 5023 dum
2344 4974 2495 5023 nobis
2517 4980 2607 5035 est,
2648 4980 2708 5023 ut
2745 4990 2900 5024 verus
2936 4976 3159 5025 Pharao
3198 4991 3321 5026 cum
3364 4993 3461 5027 suo
3499 4985 3788 5040 mergatur

2186 5046 2435 5106 exercitu,
2462 5046 2645 5095 multis
2672 5047 3082 5109 difﬁcultatibus
3109 5064 3172 5098 ac
3202 5049 3453 5109 periculis
3479 5050 3551 5098 ad
3592 5049 3788 5099 Urbem

2186 5119 2465 5167 Amumam
2486 5119 2823 5182 perveniunt.
2850 5119 3081 5183 Utroque
3104 5120 3163 5167 in
3189 5120 3361 5170 littore
3376 5126 3548 5180 qentes
3558 5136 3707 5183 vagae
3723 5136 3787 5171 ac

2186 5189 2376 5240 bellica:
2388 5189 2632 5239 habitant
2642 5190 3000 5253 ferocissime,
3012 5205 3216 5255 semper
3226 5192 3456 5256 solliciti,
3468 5208 3672 5256 semper
3684 5209 3788 5241 ar-

2183 5262 2337 5323 mati,
2355 5262 2517 5311 totius
2540 5262 2681 5310 anni
2703 5262 2903 5310 vehunt
2927 5261 3153 5310 cibaria.
3179 5263 3486 5313 Latentibus
3513 5263 3663 5312 saxis
3687 5280 3788 5313 va-

2190 5334 2375 5397 disque
2394 5334 2705 5383 durissimis
2724 5333 2887 5397 plena
2910 5338 3035 5381 sunt
3065 5336 3271 5397 omnia,
3292 5336 3371 5385 ita
3398 5341 3456 5385 ut
3482 5335 3786 5400 speculator

2186 5412 2231 5455 et
2247 5406 2427 5454 doctor
2447 5406 2511 5453 in
2529 5419 2747 5453 summa
2757 5404 2891 5453 mali
2902 5403 3091 5453 arbore
3105 5406 3295 5467 sedeat,
3320 5412 3364 5456 et
3392 5407 3513 5456 inde
3536 5408 3783 5471 regenda:

2184 5481 2229 5526 et
2251 5476 2707 5539 cireom/leetendze
2731 5476 2885 5523 navis
2908 5475 3109 5524 dictata
3120 5478 3384 5540 praedicet.
3402 5478 3554 5529 Pelia:
3590 5492 3784 5527 cursus

2182 5554 2271 5607 est,
2293 5548 2338 5595 si
2354 5552 2467 5611 post
2479 5562 2570 5596 sesc
2581 5561 2800 5608 menses,
2816 5561 2876 5595 su
2880 5547 3023 5610 prad
3030 5547 3136 5597 ictae
3148 5549 3297 5598 urbis
3315 5552 3592 5611 (Axumeo
3600 5550 3643 5611 s)
3656 5565 3781 5611 por-

2183 5627 2297 5669 tum
2314 5623 2539 5678 teneant,
2563 5634 2597 5666 a
2609 5632 2713 5681 quo
2732 5632 2785 5666 se
2797 5618 2987 5682 incipit
3003 5620 3216 5683 aperire
3231 5621 3486 5685 Oceanus,
3502 5637 3600 5687 per
3615 5637 3777 5677 quem

2178 5692 2274 5740 viae
2296 5705 2445 5739 anno
2470 5695 2720 5754 perpetuo
2749 5690 2820 5738 ad
2832 5690 3049 5740 Indiam
3076 5691 3423 5757 (Asiaticam)
3449 5693 3782 5758 pervenitur,

490 5755 985 5835 quemadmodum
1000 5754 1352 5809 existimavit
1377 5755 1656 5809 Baronius
1685 5755 1777 5808 die
1802 5754 1869 5809 27
1903 5755 2075 5808 Octo-
2177 5768 2221 5812 et
2244 5763 2318 5811 ad
2334 5762 2571 5826 Gangem
2592 5761 2841 5825 ﬂuvium.
2876 5764 3063 5816 Lucas
3080 5754 3417 5818 Holstenius
3449 5754 3540 5819 vir
3575 5754 3779 5830 exquié

553 5883 607 5945 (·)
626 5882 744 5933 Nos
756 5878 1117 5934 emendavim
1128 5894 1217 5934 us.
1246 5881 1491 5933 Vallarsi.
