3902 6418
128 384 201 443 97
1396 388 1591 441 VITA.
1627 385 1763 449 LIB,
1795 384 1838 435 I.
1874 381 2029 434 CAP.
2063 381 2159 432 III.
3356 363 3428 423 93

132 478 265 549 sitm
285 476 626 530 eruditionis
641 478 968 543 summique
978 478 1181 543 judicii
1198 478 1261 531 in
1282 477 1437 532 notis
1460 477 1532 530 ad
1565 476 1737 549 Caro-
1763 475 1814 549 Α

129 548 304 602 luma
323 550 376 601 S.
406 549 604 602 Paullo
627 563 755 616 pag.
795 549 897 606 172
931 550 1003 603 de
1039 551 1368 603 narratione
1403 547 1596 602 Ruﬁni
1631 559 1731 599 au-

130 634 295 695 reum
428 621 650 695 dictum
662 623 1001 695 protulerat:
1013 623 1308 695 Scriptores
1322 638 1401 695 an_
1402 621 1542 685 tiqui
1551 635 1589 694 .q
1598 634 1733 695 uum

131 685 195 734 de
220 684 537 747 regionibus
560 682 815 750 rebusque
853 682 1327 749 longinquioribus
1352 682 1629 734 obscurius
1664 682 1733 732 lo-

129 762 403 821 quuntur,
424 756 659 821 benigna
683 758 1120 822 interpretatione
1141 757 1380 821 juvandi
1418 760 1561 805 sunt.
1598 756 1733 806 Mox

128 832 311 890 notat,
338 829 495 880 hunc
511 828 699 881 locum
712 830 1045 893 Hieronymi
1055 828 1129 881 ad
1146 829 1337 881 Ruﬁni
1347 827 1734 880 narrationem

128 904 289 953 recte
312 900 746 965 intelligendam
770 900 935 952 unice
971 899 1173 952 facere.
1204 900 1364 953 Idem
1397 898 1733 951 Holstenius

128 972 240 1023 hac
269 970 344 1024 de
372 983 434 1023 re
463 971 853 1023 consulendus
876 972 1049 1022 etiam
1074 970 1135 1023 in
1153 972 1306 1023 notis
1318 971 1391 1022 ad
1414 969 1736 1034 Martyrolo-

128 1043 292 1108 gium
313 1044 639 1096 Romanum
656 1043 747 1095 die
771 1041 837 1097 27
856 1043 1137 1107 Octobris,
1150 1048 1214 1095 et
1229 1048 1503 1095 strenuus
1520 1040 1736 1106 Episto-

128 1114 320 1166 larum
343 1115 398 1165 S.
438 1114 647 1179 Ignatii
689 1114 915 1167 Vindex
949 1127 1068 1179 par.
1094 1117 1137 1165 Ι.
1175 1127 1295 1179 cap.
1336 1116 1406 1165 X.
1444 1126 1573 1178 pag.
1610 1110 1731 1166 184.

131 1185 269 1237 edit.
284 1187 353 1237 II.
373 1198 503 1251 pag.
522 1185 642 1241 332.
664 1187 856 1238 Unum
873 1185 1059 1236 adhuc
1076 1185 1285 1237 addere
1301 1188 1554 1250 praestat.
1584 1182 1737 1234 Dod-

130 1256 342 1310 Wellus
365 1258 429 1308 in
450 1259 692 1310 Dissert.
711 1259 752 1309 Ι.
775 1257 1020 1309 lrenaica
1043 1257 1076 1321 ἓ
1101 1257 1188 1311 40.
1214 1270 1344 1321 pag.
1360 1256 1428 1310 73
1453 1262 1511 1307 et
1532 1256 1593 1306 in
1618 1253 1736 1305 Ad-

130 1328 361 1389 dendis,
392 1329 671 1391 ﬁtltiopes
701 1332 864 1392 putat
899 1329 1079 1389 Indos,
1106 1341 1353 1393 quorum
1390 1328 1735 1392 legationem

129 1399 203 1451 ad
223 1400 542 1464 Trajanum
573 1404 855 1451 memorat
895 1400 1015 1450 Dio.
1046 1399 1143 1450 lib.
1174 1400 1422 1451 LXVIII.
1455 1411 1580 1461 pag.
1608 1396 1731 1450 777.

54 1486 59 1491 ‘
131 1470 352 1535 quique
371 1471 703 1522 innummis
722 1471 998 1522 dicuntur
1020 1471 1184 1520 India
1208 1471 1270 1519 in
1293 1470 1635 1534 provinciam
1660 1482 1734 1515 re-

131 1543 314 1606 dacta,
344 1555 553 1607 nempe
576 1542 851 1593 ﬁnitimos
880 1543 1123 1606 Imperio
1142 1544 1398 1594 Romano
1430 1541 1587 1589 Indos
1612 1539 1733 1587 citc-

129 1615 305 1665 riores
321 1614 548 1666 Arabia
563 1613 758 1666 Felicis
775 1614 1116 1673 Homeritas,
1137 1613 1516 1665 etAxumitas
1529 1608 1734 1661 intelli-

130 1685 231 1749 git.
251 1685 344 1737 Ad
368 1686 476 1737 hos
492 1685 709 1737 missus
738 1686 985 1749 Legatus
1003 1698 1037 1736 a
1054 1685 1390 1737 Christianis
1407 1680 1718 1735 Alexandri

131 1758 222 1809 nis
244 1759 581 1821 Pantaenus,
598 1770 668 1810 ex
697 1757 943 1809 Eusebio
962 1758 1106 1809 Hist.
1132 1757 1228 1809 lib.
1250 1758 1316 1809 V.
1336 1769 1460 1821 cap.
1476 1757 1546 1807 X.
1562 1766 1734 1819 quem

130 1830 282 1881 vide.
299 1832 368 1881 In
382 1830 645 1891 nummis,
664 1828 888 1881 Indiam
899 1830 1243 1891 provinciam
1256 1827 1732 1888 memorantibus,

1836 483 2133 538 quaquam
2163 467 2434 522 tamenin
2464 467 2721 532 apertam
2751 462 3105 538 simultatem
3137 456 3430 538 abiitante

1834 529 2148 598 adventum
2163 529 2682 604 SanctiEpiphanii,
2709 536 2818 610 qui
2843 536 2993 587 circa
3023 530 3243 610 Pascha
3264 529 3426 610 ALI).

1831 618 1953 673 394.
1991 615 2365 669 contubernio
2389 601 2447 666 et
2465 601 2672 686 mensa
2687 623 2723 662 a
2735 609 2999 686 Johanne
3023 605 3290 686 episcopo
3306 601 3432 686 Hie-

1830 670 2136 753 rosolymis
2160 690 2439 749 exceptus
2462 688 2568 735 est.
2600 684 2734 734 Erat
2760 681 2848 732 vir
2872 675 3280 753 Sanctis_simus
3305 670 3430 725 Ori-

1830 762 1963 826 geni
1985 748 2237 812 maxime
2258 748 2526 819 infestus,
2551 755 2611 806 in
2634 766 2808 818 quem
2842 748 3224 826 postmodum
3236 756 3431 798 coram

1832 818 2040 897 populo
2063 832 2121 882 'm
2152 830 2428 887 Anastasi,
2448 840 2550 878 seu
2575 826 2786 899 templo
2806 818 3282 899 Resurrectionis,
3308 827 3430 899 Ina-

1830 887 1946 971 gna
1958 903 2135 956 animi
2148 900 2513 953 contentione
2523 887 2825 971 peroravit,
2850 894 3133 971 Iohanne,
3158 888 3265 971 qui
3292 887 3431 971 ade-

1831 958 1937 1038 ;at,
1956 975 2119 1039 quasi
2141 972 2502 1036 Origenianse
2524 958 3089 1040 doctrinm’alumno,
3114 958 3271 1013 haud
3295 958 3430 1040 obs-

1832 1030 2458 1105 cureeommonefacto,
2484 1059 2549 1092 ne
2578 1042 2706 1092 Arii
2729 1045 2958 1105 patrem,
2980 1036 3261 1105 Origenem
3286 1030 3434 1105 scili-

1831 1126 1921 1181 cet,
1945 1125 1989 1169 et
2010 1120 2254 1169 aliarum
2272 1102 2535 1167 haereseon
2559 1102 2817 1184 radicem,
2838 1116 2881 1160 et
2906 1112 3184 1184 parentem
3203 1102 3431 1184 laudare

1832 1179 2081 1245 deberet.
2110 1189 2255 1241 Vide
2291 1189 2416 1252 ejus
2446 1185 2749 1251 epistolam
2771 1183 2923 1233 inter
2950 1179 3431 1239 Hieronymianas

1831 1277 1961 1330 pag.
1994 1262 2117 1318 8'24.
2149 1260 2424 1325 Despexit
2444 1258 2740 1310 Johannes
2766 1252 3165 1331 Epiphaniam,
3194 1255 3433 1331 coquet}

1832 1313 2112 1388 Eb’ﬁciéﬁé’
2134 1313 2232 1399 per
2248 1313 2735 1384 Archidiaconum
2760 1313 3038 1399 desistere
3062 1322 3250 1399 jusso,
3275 1313 3431 1399 haud

1832 1408 2016 1459 multo
2040 1391 2170 1471 post
2191 1405 2249 1456 in
2270 1404 2394 1456 uade
2417 1404 2643 1453 Sancta:
2666 1398 2869 1471 Crucis
2893 1399 3093 1447 contra
3127 1391 3431 1471 haereticos

1832 1460 2471 1542 Anthrdpomorphitis,
2502 1473 2745 1524 formam
2788 1470 3107 1543 humanam
3155 1464 3276 1543 D90
3331 1460 3428 1543 ἰῇ·-

1833 1528 2467 1613 ὖίιίόὶὶἱθὲ,ίονὶςὲηὶίιιιό
2498 1556 2735 1616 prorsus
2759 1539 3072 1616 oppositos,
3096 1534 3302 1616 acriter
3322 1528 3431 1616 fie-

1832 1601 2120 1680 clamavit,
2141 1601 2535 1685 Epiphanium,
2572 1615 2737 1678 quasi
2764 1601 2871 1664 hac
2887 1608 3241 1685 contagione.
3257 1601 3433 1685 infec-

1833 1700 1977 1755 tum,
2004 1674 2340 1757 designans:
2370 1690 2465 1754 qui
2495 1674 2742 1740 subinde
2765 1683 3105 1757 concionem
3125 1674 3432 1757 undequa-

1834 1779 1947 1830 que
1965 1750 2243 1830 probavvit,
2261 1750 2530 1814 haeresim
2545 1773 2580 1811 a
2602 1761 2629 1810 J
2638 1758 2864 1830 ohanue
2880 1754 3212 1830 damnatam
3230 1750 3289 1830 et
3303 1750 3430 1830 ipse

1832 1813 2138 1898 damnans,
2157 1813 2542 1886 sedvicissim
2565 1828 2907 1893 Origeniana
2931 1822 3202 1898 dogmata
3227 1817 3300 1869 ab
3337 1813 3432 1898 illo

134 1900 449 1973 rhinoceros
482 1885 744 1966 signatur
766 1885 1051 1973 Ethiopia
1076 1900 1350 1973 oriundos
1374 1885 1734 1973 rhinocerota

1837 1885 2425 1972 damnaripostulans.
2446 1905 2584 1954 Haec
2596 1906 2652 1953 et
2662 1885 2774 1952 alia
2783 1885 3195 1973 discordiarum
3216 1885 3436 1973 semina

136 1970 378 2023 tradunt
390 1977 631 2036 veteres,
646 1984 792 2035 quos
803 1976 860 2024 et
869 1971 1206 2033 (Ethiopicos
1223 1977 1407 2020 tauros
1422 1968 1734 2021 Pausanias

136 2046 306 2094 vocat
336 2043 397 2094 in
420 2042 625 2094 Eliacis
662 2048 720 2095 et
753 2043 813 2093 in
844 2043 1130 2095 Bmoticis.
1177 2042 1489 2107 Ethiopias
1528 2052 1734 2103 nempe

134 2113 456 2167 Orientales
473 2114 754 2177 designat,
772 2113 844 2166 de
857 2115 1069 2179 quibus
1084 2114 1227 2166 adeo
1241 2114 1427 2166 multa
1442 2126 1514 2165 ex
1530 2113 1736 2163 Home-

134 2185 479 2251 rodisputat
497 2187 715 2238 Strabo.
756 2188 834 2237 Ne
870 2186 1094 2251 longior
1124 2187 1253 2247 sim,
1291 2185 1386 2238 adi
1413 2183 1734 2249 Josephum

136 2256 490 2322 Scaligerum
535 2257 632 2309 lib.
679 2259 797 2309 VII.
852 2257 924 2309 de
969 2258 1369 2309 emendatione
1411 2262 1735 2319 temporum

136 2340 267 2393 pag.
288 2327 413 2383 680.
428 2328 781 2381 Ezechielem
792 2328 822 2378 Ξ
832 2329 982 2393 panb
991 2330 1204 2380 emium
1220 2327 1626 2379 Dissertatione
1639 2326 1735 2376 IV.

139 2401 296 2451 tomo
321 2402 364 2451 I.
390 2412 520 2465 pag.
546 2399 668 2455 188.
699 2402 756 2452 et
770 2401 979 2452 Jobum
1000 2400 1365 2465 Ludolphum
1392 2400 1453 2451 in
1486 2396 1737 2449 Historia

136 2470 444 2536 Ethiopian
468 2471 568 2524 lib.
594 2474 662 2524 II.
681 2484 801 2535 cap.
820 2473 918 2523 XI.
944 2472 1083 2524 Haec
1112 2485 1213 2537 pro
1242 2471 1583 2523 illustranda
1603 2481 1736 2520 nar-

137 2542 378 2604 ratione,
410 2555 585 2607 quam
623 2543 722 2595 uni
759 2542 967 2595 Ruﬁno
997 2544 1168 2595 debet
1192 2543 1481 2595 Ecclesia:
1513 2541 1586 2593 de
1621 2551 1737 2603 qua

92 2647 99 2653 ο
137 2614 531 2741 οῗιέεὸἓθυᾶηδ
547 2615 721 2669 etiam
736 2614 1136 2668 Tillemontius
1156 2618 1312 2667 tomo
1328 2615 1444 2667 VII.
1461 2625 1589 2679 pag.
1609 2609 1733 2666 “284.

136 2697 169 2737 e
340 2723 353 2736 .

136 2697 195 2737 ει
227 2697 253 2737 Ἰ
264 2697 353 2737 UH.

762 2793 995 2846 CAPUT
1015 2795 1109 2846 III.

136 2911 178 2961 Ι.
202 2910 529 2974 Hieronymi
551 2914 596 2960 et
618 2910 809 2973 Ruﬁni
831 2910 1175 2961 simultatum
1192 2909 1362 2973 origo.
1386 2910 1455 2961 II.
1473 2909 1736 2973 Hierony-

198 2996 321 3031 mus
344 2981 664 3046 Epiphanio
695 2986 886 3032 contra
909 2983 994 3034 Jo.
1027 2981 1603 3045 Hierosolymitanum,
1633 2982 1737 3030 Ru-

194 3055 345 3117 ﬁnus
365 3053 617 3104 Johanni
639 3054 891 3104 adhaeret.
924 3056 1018 3106 III.
1050 3054 1286 3117 Ruﬁnus
1308 3054 1370 3102 in
1393 3053 1735 3103 communio-

196 3140 322 3175 nem
356 3124 423 3175 ab
464 3125 783 3189 Epiphanio
828 3126 1211 3188 Hierosolymis
1233 3126 1519 3186 admissus,
1557 3130 1604 3174 et
1633 3138 1734 3190 pro

206 3197 481 3250 Catholico
505 3196 734 3247 habitus.
755 3200 849 3250 IV.
868 3198 1092 3247 Dissidii
1108 3198 1251 3247 inter
1269 3198 1671 3263 Hieronymum
1693 3201 1739 3245 et

200 3270 470 3332 Rufinum
495 3270 699 3319 occasio
720 3276 879 3319 aucta
904 3283 971 3318 ea:
987 3269 1296 3334 Epiphanii
1317 3270 1539 3334 epistola
1554 3270 1629 3318 ad
1650 3270 1735 3320 Jo.

202 3342 376 3392 Graece
396 3341 615 3406 scripta,
630 3355 796 3404 quam
808 3341 1176 3404 Hieronymus
1189 3341 1353 3391 latine
1372 3342 1645 3393 convertit.
1669 3343 1737 3394 V.

200 3413 445 3463 Melania
472 3413 661 3475 Ruﬁni
685 3418 734 3461 et
752 3413 837 3464 J0.
862 3428 1113 3462 caussam
1129 3418 1325 3467 tuetur.
1351 3416 1446 3466 VI.
1472 3414 1741 3479 Theophi-

202 3485 289 3536 lus
301 3484 714 3535 Alexandrinus
729 3484 919 3535 iisdem
933 3484 1144 3550 pariter
1153 3483 1311 3546 favet.
1326 3488 1445 3537 VII.
1465 3486 1742 3536 Dissiden-

202 3562 275 3607 tes
320 3557 531 3620 frustm
575 3557 638 3605 in
683 3556 1028 3606 concordiam
1075 3557 1310 3620 redigere
1351 3558 1539 3607 studet.
1590 3559 1737 3610 VIII.

200 3629 348 3679 Hinc
370 3628 695 3692 Hieronymi
722 3634 766 3677 et
794 3627 1074 3692 Theophili
1098 3628 1347 3678 amicitia
1383 3629 1643 3693 frigescit.

200 3700 535 3764 Hieronymi
574 3704 633 3751 et
672 3700 860 3762 Ruﬁni
892 3703 1050 3751 arcta
1077 3701 1473 3761 necessitudo,
1510 3701 1739 3766 magnis

137 3772 442 3835 utriusque
471 3770 783 3822 virtutibus
805 3770 1102 3832 innutrita,
1142 3772 1326 3823 crevit
1363 3784 1637 3835 eousque,
1676 3774 1742 3824 ut

136 3849 250 3891 tam
274 3857 432 3891 caras
440 3841 776 3906 familiaresq
784 3856 847 3889 ue
853 3856 1130 3906 personas,
1147 3843 1350 3891 cunctis
1366 3858 1499 3907 pene
1514 3843 1742 3892 ecclesiis

137 3925 465 3967 NOTISSIMO
488 3914 741 3963 amicitia
752 3914 963 3963 vinculo
987 3914 1283 3979 copulatas,
1305 3915 1610 3967 Christiani
1626 3928 1741 3967 om-

135 3999 246 4039 nes
264 3986 702 4044 admirarentur,
715 3985 1205 4049 quemadmodum
1219 3999 1291 4038 ex
1316 3986 1503 4037 Africa
1522 3986 1596 4038 ad
1618 3988 1742 4038 Hie-

136 4070 449 4123 ronymum
480 4057 709 4123 scripsit
736 4058 1099 4122 Augustinus
1128 4058 1306 4123 Epist.
1331 4059 1581 4110 LXXIII.
1599 4058 1741 4112 alias

139 4132 265 4183 XV.
300 4142 425 4195 cap.
457 4130 551 4181 III.
579 4128 678 4181 ubi
702 4130 949 4194 primum
972 4129 1120 4181 inter
1156 4143 1255 4181 eos
1288 4136 1502 4179 tantum
1530 4130 1742 4180 malum

134 4202 373 4251 extitisse
398 4201 674 4250 discordia
696 4200 996 4253 intellexit.
1022 4202 1159 4253 Haec
1179 4200 1362 4264 palam
1384 4202 1571 4267 erupit
1586 4204 1654 4253 A.
1672 4203 1737 4254 D.

137 4272 263 4328 394.
291 4284 409 4337 quo
432 4274 676 4324 Sanctus
698 4272 1049 4337 Epiphanius
1074 4272 1378 4325 Salamina;
1405 4274 1591 4338 Cypri,
1610 4285 1742 4336 qum

134 4346 194 4395 et
239 4342 577 4404 Constantia,
607 4342 933 4408 episcopus,
960 4343 1417 4408 Hierosolymam
1440 4344 1619 4409 petiit.
1644 4345 1743 4396 Ta;-

135 4426 275 4466 men
285 4412 476 4478 paullo
491 4415 625 4465 ante
640 4412 956 4465 nonnullus
976 4413 1124 4466 inter
1137 4427 1236 4466 eos
1252 4414 1555 4466 discordiae
1572 4415 1741 4467 turbo

138 4489 492 4549 surrexerat,
518 4497 702 4549 quum
716 4483 962 4534 Aterbius
977 4485 1166 4537 nescio
1188 4485 1288 4548 qui
1316 4498 1432 4537 una
1454 4499 1588 4538 cum
1612 4485 1740 4537 aliis

131 4556 193 4608 in
212 4557 498 4619 Ruﬁnum,
515 4560 793 4619 tanquam
817 4560 1159 4608 sectatorem
1183 4556 1465 4622 Origenis,
1492 4557 1739 4609 clamare

1838 1967 2215 2045 Epiphanium
2231 1979 2289 2029 in
2304 1974 2615 2028 Bethleemi
2640 1967 3437 2047 secessumdiverte‘re'cqege

1838 2029 2493 2114 Hieronymo
2510 2046 2833 2116 ceterisque
2848 2034 3200 2116 solitariisab
3220 2029 3439 2116 Jolliig:

1839 2098 2643 2177 EJébEthﬁibhé‘divulsis,
2682 2098 3081 2167 Paulinianum
3104 2098 3437 2177 Hieronyfm

1838 2172 2225 2260 Eitééﬁiﬁi"
2218 2172 2436 2247 annum
2462 2172 2718 2263 XXVIII.
2746 2188 2970 2263 agebat,
2987 2172 3437 2263 inconsulto?-

1839 2246 2153 2322 Iiéﬁ‘ﬁé’leei
2163 2267 2447 2331 episcOpo,
2467 2263 2539 2317 ad
2552 2246 2889 2315 diaconatus
2900 2260 2958 2331 et
2972 2246 3261 2331 deindead‘
3277 2254 3437 2331 prcs-

1842 2320 2140 2406 byteratus
2159 2320 2403 2404 gradum
2414 2320 2682 2389 evexitin
2699 2329 2978 2388 cmnobio,
2996 2322 3152 2405 quod
3162 2320 3436 2406 licitis

1840 2385 2829 2481 pallebatjurI’i—nteIHierosolymam,
2848 2385 3436 2481 etpro‘ximatn‘li‘ilgu-

1843 2458 2304 2548 iiii'r'eﬁdﬁhﬁii
2314 2458 2537 2533 senon
2554 2458 2867 2529 exvstructo.
2884 2458 3076 2548 H-isde
3097 2458 3436 2548 caussisgo-

1839 2531 2503 2609 hj'adnemiraimmodica
2524 2558 2852 2608 accensum,
2867 2549 2925 2596 et
2938 2540 3011 2593 ad
3023 2534 3288 2618 Sirmium
3298 2531 3438 2618 133n-

1842 2604 2281 2681 t—iIicemihacde
2307 2638 2367 2678 re
2396 2625 2645 2677 scribere
2670 2604 3063 2694 minitantem,

1841 2699 2083 2765 epistola
2093 2697 2259 2751 valde
2270 2697 2442 2761 longa
2455 2696 2678 2761 placare
2691 2690 2933 2745 studuit,
2946 2684 3438 2765 ordinatiqnemin

1840 2741 2289 2836 iﬁéﬁé’ﬁalr'é'ei'é
2295 2741 2676 2820 QBZBIAEEH
2692 2741 3079 2837 excusans,_et
3092 2750 3324 2837 reliquit
3327 2741 3436 2837 831?

1841 2818 2364 2908 Sbieéi’ufaidéﬁ;
2384 2818 2525 2904 ipso,
2543 2818 2611 2891 ut
2620 2838 2692 2890 ab
2708 2832 2969 2900 Origenis
2984 2818 3438 2908 doctrinaiabs‘ti-

1840 2887 2252 2973 nasi-iterum
2282 2887 2753 2963 commonefacto.
2791 2887 2930 2957 Haec
2968 2895 3303 2973 summatim
3334 2887 3438 2973 de:

1841 2957 2253 3051 ἔξιίῇἑίιᾶἱῦξᾷ
2271 2957 2788 3050 ἑῇῖιῖἓῇἶᾶξιῖὡζ.
2814 2977 2956 3029 alias
2978 2973 3097 3025 LX.
3115 2971 3130 3032 (
3147 2968 3311 3051 Νωξς
3322 2957 3436 3051 Η)

2028 3029 2444 3120 ﬁeret—131611;
2452 3029 2786 3104 iﬁ'ialiihhﬁa'
2796 3029 3130 3121 sermonem
3137 3029 3437 3121 converti}:

1840 3105 2239 3180 St—éi'dhabds
2258 3105 2733 3189 Hiewnymianis
2772 3120 2845 3171 ad
2885 3105 3441 3189 Pammachiumuet

1840 3198 1998 3251 Théo
2006 3198 2226 3262 philum
2242 3188 2689 3248 Alexandrinum
2702 3195 2902 3243 contra
2918 3188 3241 3262 Johannem
3262 3188 3440 3262 scyp-

1767 3248 1817 3326 C
1842 3248 2165 3333 agitas
2180 3270 2492 3321 XXXVIII.
2518 3268 2659 3319 alias
2682 3267 2827 3319 LXI.
2844 3269 2903 3316 et
2926 3249 3434 3333 XLI._aIIas_L_Xv.

1901 3324 1965 3395 II.
1994 3345 2060 3393 In
2074 3324 2186 3393 hoc
2202 3354 2412 3403 magno
2442 3339 2698 3394 dissidio.
2715 3337 2990 3389 Ruﬁnum
3007 3324 3439 3403 Johanni,_H_ie—

1839 3426 2145 3479 Ponymum
2163 3396 2476 3478 Epiphanio
2492 3411 2809 3463 adhaesisse
2821 3404 3195 3479 manifestum
3208 3401 3313 3479 est.
3332 3396 3440 3479 Ru-

1838 3473 2042 3546 ﬁnum,
2061 3473 2236 3549 quem
2249 3473 2313 3536 Ᾱ.
2338 3487 2406 3536 D.
2425 3483 2547 3539 387.
2564 3482 2824 3534 nondum
2843 3480 3021 3532 fuisse
3036 3473 3439 3549 presbyterum

1840 3536 2013 3621 supra
2032 3536 2492 3615 observavimus,
2504 3536 2628 3609 hoc
2640 3557 2707 3606 A.
2734 3556 2801 3605 D.
2824 3551 2929 3606 394
2944 3536 3313 3621 presbyterum
3322 3536 3441 3621 _dici

1837 3611 2104 3684 videmus
2133 3630 2206 3680 ab
2230 3611 2548 3693 Epiphanio
2576 3627 2634 3678 in
2671 3624 2904 3677 laudata
2940 3611 3198 3693 epistola,
3237 3611 3439 3693 eodem

1836 3713 1991 3753 anno
2014 3685 2356 3764 conscripta:
2395 3699 2694 3751 Johannes
2718 3708 2855 3760 ergo
2881 3685 3439 3764 Hierosolymitanus

1837 3772 2081 3825 antistes
2097 3753 2374 3823 Ruﬁnum
2389 3771 2541 3822 intra
2556 3769 2695 3822 illud
2724 3753 3090 3832 septennium
3106 3771 3231 3840 sum
3259 3753 3440 3840 socie:-

1840 3844 1944 3897 sim
1964 3841 2329 3907 presbyterum
2352 3841 2735 3894 ordinaverat.
2761 3825 3151 3900 Hieronymus
3180 3831 3242 3907 in
3260 3825 3441 3882 literis

1838 3914 1911 3967 ad
1937 3903 2366 3966 Rammachium
2385 3913 2881 3977 subsequentibus
2906 3907 3097 3961 verbis
3113 3903 3441 3977 Iohannem

1840 3987 2113 4050 increpat,
2131 3989 2466 4049 querentem
2484 3973 2602 4036 sibi
2615 3983 2882 4049 privatim
2900 3982 2974 4052 ab
2989 3973 3304 4052 Epiphanio
3335 3983 3440 4052 aue

1842 4062 1897 4110 te
1921 4044 2254 4109 concionem
2271 4056 2556 4119 publicam
2581 4044 2697 4106 non
2722 4053 2905 4105 fuisse
2928 4050 3152 4111 objecta
3177 4044 3440 4108 Origenis

1839 4128 2212 4194 dogmata.de
2228 4128 2440 4191 quibus
2462 4127 2651 4191 palam
2680 4126 2845 4178 illum
2873 4119 3243 4189 postmodum
3271 4126 3441 4194 accu-

1841 4186 2057 4254 severit
2070 4216 2081 4246 :
2095 4200 2184 4251 Ille
2199 4186 2262 4249 ob
2256 4199 2437 4263 jecisse
2451 4186 2503 4249 se
2515 4200 2641 4249 dicit
2656 4203 2738 4263 ;tu
2752 4186 2931 4259 negas.
2950 4195 3039 4245 Ille
3060 4196 3201 4243 testes
3215 4186 3440 4263 profert;

1842 4278 1898 4323 tu
1914 4287 2027 4322 non
2063 4272 2142 4321 vis
2164 4260 2358 4322 audire
2376 4260 2680 4336 productos,
2707 4270 2802 4320 Ille
2844 4269 3008 4319 etiam
3040 4260 3438 4336 commemml,

1841 4357 2032 4398 ALIUM
2086 4359 2189 4394 esse
2228 4335 2549 4393 conventum
2577 4359 2592 4393 :
2623 4349 2681 4393 tu
2714 4356 2813 4407 pro
2844 4346 3073 4413 utroque
3110 4335 3439 4413 dissimulas.

1840 4418 2010 4468 Hunc
2032 4415 2208 4465 alium
2231 4428 2346 4467 non
2382 4415 2563 4468 fuisse
2594 4428 2630 4468 a
2663 4404 2871 4466 Rufino
2906 4412 3203 4463 diversum
3244 4404 3442 4456 statim

1840 4486 2090 4552 patebit:
2126 4500 2260 4538 nam
2282 4486 2339 4538 in
2363 4486 2459 4538 lib.
2487 4488 2579 4538 III.
2608 4485 2905 4550 Apologia;
2925 4495 3054 4547 pag.
3082 4476 3206 4533 40‘2.
3236 4475 3317 4552 ita
3336 4484 3441 4552 ex-

1838 4546 2010 4624 plicat
2025 4559 2180 4621 quod
2200 4558 2418 4623 pridem
2446 4546 2679 4611 silentid
2694 4546 3048 4610 involverat:
3066 4565 3189 4614 ergo
3206 4546 3440 4624 pollutus

134 4616 1127 4700 cmpisset,_IIieroIiymum_quoque,
1156 4616 1355 4693 utpo'te
1383 4616 1574 4693 Rufini
1599 4629 1734 4681 ami—
1760 4627 1816 4700 D
1836 4616 1935 4678 erit
1957 4616 2333 4693 Epiphanius,
2351 4631 2447 4695 qui
2478 4630 2574 4679 tibi
2596 4644 2781 4694 pacem
2806 4627 2966 4688 dedit,
2984 4632 3029 4700 et
3050 4625 3111 4673 in
3141 4637 3239 4700 suo
3285 4616 3440 4669 corde

132 4712 288 4763 cum,
313 4703 373 4750 et
394 4698 529 4750 olim
550 4698 877 4751 Adamantii
901 4712 1246 4763 praeconem,
1273 4700 1473 4752 eodem
1498 4700 1734 4752 crimine

133 4768 462 4822 involvens.
506 4771 628 4822 Hoc
658 4771 1043 4835 Hieronymus
1069 4785 1129 4822 se
1154 4771 1420 4835 purgavit
1451 4771 1736 4823 damnans

134 4842 457 4893 doctrinam
491 4842 783 4905 Origenis:
821 4842 969 4906 quod
1007 4855 1043 4895 a
1069 4843 1277 4895 Rufino
1311 4856 1640 4908 nequaqum
1663 4844 1740 4895 fa-

135 4918 297 4965 ctum
320 4912 500 4965 fuisse
521 4919 722 4979 postea
745 4914 1040 4966 contendit
1062 4914 1158 4966 lib.
1195 4916 1289 4967 III.
1316 4914 1588 4980 Aplogias,
1616 4927 1736 4967 rem

134 4985 217 5036 ita
238 4996 509 5036 narrans:
549 4985 679 5044 Quis
714 4984 922 5034 Aterbii
945 4990 1131 5035 contra
1153 4992 1214 5048 te,
1247 4992 1291 5035 et
1314 4992 1607 5036 ceterorum
1643 5001 1738 5034 ra-

134 5053 273 5103 biem
305 5055 589 5105 concitavit
616 5059 643 5107 ‘l
675 5055 872 5105 Nonne
906 5055 997 5106 ille
1029 5062 1099 5105 est
1119 5050 1148 5120 ,’
1170 5057 1267 5121 qui
1295 5073 1378 5107 me
1430 5057 1733 5106 haereticum

134 5141 203 5175 ea:
240 5127 350 5175 tuis
378 5127 636 5177 amicitiis
661 5127 1108 5191 judicabaticui
1154 5144 1329 5192 quum
1370 5128 1740 5191 satis/scissem

134 5199 490 5248 damnatione
501 5199 817 5264 dogmatum
836 5199 1100 5263 Origenis.
1114 5204 1171 5248 tu
1186 5201 1401 5251 clausus
1427 5201 1573 5250 domi
1597 5216 1741 5249 nun-

135 5286 305 5334 quam
330 5286 453 5319 eum
475 5271 653 5321 videre
671 5286 838 5320 ausus
861 5286 931 5331 es,
964 5285 1031 5321 ne
1055 5277 1153 5321 aut
1169 5273 1459 5322 damnares
1483 5272 1627 5337 quod
1648 5286 1740 5321 no—

135 5341 291 5404 lebas,
308 5348 406 5391 aut
426 5349 604 5407 aperte
626 5343 891 5407 resistens,
934 5343 1183 5393 haereseos
1215 5344 1487 5394 invidiam
1520 5344 1741 5393 sustine-

133 5430 233 5467 res.
266 5415 569 5465 Anidcirco
589 5416 729 5465 testis
742 5420 927 5465 contra
953 5420 998 5465 te
1010 5431 1122 5477 esse
1135 5419 1349 5482 poterit,
1372 5417 1506 5482 quia
1528 5431 1742 5466 accusa-

136 5488 315 5536 tortui
330 5489 442 5537 est?
464 5491 810 5551 ANTBQUAM
835 5486 887 5537 S.
910 5488 1266 5553 Epiphanius
1295 5490 1514 5539 venisset
1560 5489 1741 5539 Hiero-

133 5559 404 5623 solymam
426 5564 572 5609 etore
588 5560 810 5625 quidem
834 5565 880 5609 et
896 5559 1073 5609 osculo
1099 5560 1192 5609 tibi
1211 5576 1398 5625 pacem
1432 5563 1603 5625 daret,
1628 5564 1738 5612 etc.

134 5631 383 5681 Aterbius
414 5637 604 5683 contra
629 5630 919 5681 telatrabat
946 5632 1374 5698 Hierosolymis:
1415 5640 1459 5684 et
1493 5633 1603 5682 nisi
1638 5633 1740 5682 cito

135 5702 363 5762 abiisset,
407 5705 649 5755 sensisset
686 5702 957 5765 baculum,
983 5719 1099 5752 non
1113 5704 1441 5767 literarium,
1472 5705 1560 5755 sed
1572 5704 1743 5755 dente-

138 5790 208 5824 ra:
235 5780 358 5840 tuae,
383 5790 491 5841 quo
528 5780 586 5825 tu
622 5790 779 5825 canes
792 5773 1001 5839 abigere
1023 5776 1372 5827 comsuevisti.
1405 5778 1544 5829 Haac
1559 5776 1743 5842 prima

141 5847 474 5915 Hieronymi
488 5848 799 5901 déclaratio
817 5847 878 5899 in
889 5847 1193 5913 Origenem
1219 5861 1551 5914 quanquam
1569 5861 1606 5901 a
1629 5850 1741 5900 Ru-

144 5918 673 5977 ﬁniamicitiaillum
686 5931 807 5975 non
815 5932 1018 5985 parum
1033 5925 1295 5975 avertere
1305 5921 1430 5976 visa
1444 5926 1552 5984 est,
1565 5920 1743 5974 haud-

1837 4700 2023 4751 dolum
2042 4702 2291 4753 servavit.
2314 4703 2426 4753 Cur
2446 4718 2557 4752 non
2588 4702 2727 4752 illud
2746 4700 2923 4751 verius
2946 4699 3016 4749 sit
3046 4695 3189 4761 quod
3212 4705 3288 4744 ΤΒ
3311 4700 3441 4742 PRI-

1838 4782 1973 4825 MUM
1998 4784 2315 4824 uouunmr
2339 4776 2362 4821 ?
2389 4776 2452 4825 In
2475 4774 2657 4826 literis
2682 4774 2754 4826 ad
2782 4768 3233 4826 Pammachium,
3270 4761 3440 4829 paulo

1834 4849 1968 4910 post
1986 4844 2176 4897 locum
2210 4846 2476 4910 superius
2501 4841 3105 4910 adductum,Johanni
3140 4839 3222 4891 sic
3246 4847 3440 4900 expro-

1837 4916 2276 4981 bratEpiphanii
2294 4918 2662 4971 concionem:
2691 4918 2921 4978 Quando
2935 4920 3126 4966 contra
3152 4910 3438 4981 Origenem

1834 4988 1895 5037 in
1921 4979 2154 5037 Ecclesia
2183 4992 2278 5037 tua
2301 4988 2457 5053 Papa
2480 4989 2835 5053 Epiphanius
2851 4986 3194 5051 loquebatur;
3219 4979 3441 5047 quando

1833 5057 1929 5108 sub
1944 5058 2093 5107 illius
2108 5058 2328 5108 nomine
2345 5058 2406 5107 in
2425 5073 2515 5109 vos
2524 5059 2712 5123 jacula
2730 5058 3133 5123 torquebantur,
3153 5058 3211 5103 tu
3228 5058 3275 5102 et
3297 5060 3443 5103 euo-

1836 5140 1952 5183 RUS
1964 5140 2121 5181 TUUS
2134 5129 2333 5179 canino
2349 5129 2489 5179 rictu
2503 5129 2836 5194 naribusque
2852 5128 3138 5179 contractis
3152 5124 3443 5187 scalpentes

1834 5202 2032 5267 capita,
2051 5213 2322 5253 DELIRUM
2352 5212 2554 5253 SBNBM
2578 5201 2799 5253 nutibus
2829 5197 3213 5265 loquebamini.
3244 5195 3442 5267 Nonne

1834 5264 1958 5323 ante
1970 5273 2274 5338 sepulcrum
2288 5274 2513 5323 Domini
2519 5272 2700 5335 ,misso
2712 5264 3037 5323 Archidiaco
3044 5284 3112 5318 no
3123 5264 3437 5338 precepisti,

1834 5350 1892 5395 ut
1928 5344 2043 5394 alia
2077 5345 2364 5410 disputans
2396 5344 2792 5395 conticescent?
2827 5346 2904 5396 At
2936 5354 3073 5395 vero
3118 5339 3180 5390 in
3203 5337 3304 5410 lib.
3344 5337 3441 5387 III.

1835 5416 2130 5481 Apologia
2150 5409 2280 5490 pag.
2299 5416 2572 5490 46L_haac
2594 5416 2797 5490 eadem
2821 5409 3215 5490 qumgohanni
3238 5420 3444 5490 expro-

1837 5490 2122 5551 braverat,
2158 5489 2295 5541 item
2334 5488 2538 5563 Ruﬁno
2571 5489 2918 5563 exprobrat:
2958 5483 3243 5563 simulque
3263 5483 3442 5563 risum

1837 5566 2003 5611 tenere
2019 5577 2131 5609 non
2143 5575 2379 5625 possum.
2394 5561 2539 5625 quod
2552 5576 2587 5609 a
2597 5560 2836 5623 quodam
2850 5558 3057 5624 pruden
3067 5560 3113 5605 te
3136 5558 3442 5604 commoni-

1837 5638 1936 5693 tus,
1956 5633 2016 5682 in
2034 5632 2217 5682 laudes
2239 5633 2548 5697 Epiphanii
2569 5646 2843 5697 personas.
2863 5631 2964 5681 Hic
2980 5633 3051 5678 est
3076 5628 3165 5678 ille
3180 5636 3442 5679 DBLIRUS

1838 5716 2052 5768 suum,
2080 5704 2166 5754 hic
2188 5711 2258 5754 est
2281 5703 2877 5769 Anthropomorphites,
2900 5706 3007 5755 etc.
3026 5702 3175 5765 Ergo
3194 5699 3442 5751 Rufinus

1832 5776 1893 5827 in
1916 5776 2169 5829 Ecclesia
2191 5775 2705 5840 Hierosolymitana
2742 5774 2928 5827 fuerat
2952 5786 3115 5829 unus
3149 5784 3224 5825 ex
3262 5771 3442 5822 ChorO

1832 5848 2113 5900 Johannis
2134 5848 2417 5913 Episcopi,
2433 5846 2817 5913 Epiphaniam
2847 5847 2906 5899 in
2934 5845 3178 5899 concion
3209 5842 3442 5911 publica

1834 5920 2075 5975 nutibus
2110 5920 2396 5976 irridente.
2450 5923 2516 5974 In
2559 5920 2725 5985 epist.
2767 5920 3030 5973 XXXIX.
3065 5917 3228 5972 alias.
3264 5916 3436 5969 LXII.
