3902 6402
514 365 585 425 99
1816 328 2062 414 ausim
2094 356 2531 411 pnssnv'rsm

3707 348 3814 407 100

518 457 713 520 (Nunc
735 456 998 508 LXXXII.
1016 454 1037 513 δ
1054 453 1129 507 ad
1157 452 1536 518 Theophilum
1547 453 1746 523 contra
1761 450 2108 513 Jehannem,
2134 450 2189 523 Α
2212 448 2445 523 nianam
2468 446 2734 523 hmresim
2756 446 2947 523 lapsos
2965 445 3117 499 credi
3133 441 3596 523 a_S..Epiph_anlo,
3622 439 3816 523 ne

517 530 829 595 postquam
843 526 1109 589 dixisset,
1132 526 1206 577 ab
1231 538 1311 586 se,
1340 529 1400 576 et
1425 525 1498 576 ab
1528 522 1738 575 Hilario
1765 523 2108 576 Pictaviensi

520 600 731 665 scripta
776 598 1037 664 Origenis
1079 598 1139 649 in
1166 597 1406 648 latinum
1458 608 1779 647 sermonem
1817 608 2113 658 conversa,

518 672 708 725 noxiis
722 671 855 723 inde
880 670 1130 729 resectis,
1158 669 1239 719 sic
1256 668 1542 727 Rufinum,
1562 679 1676 730 quo
1685 668 1935 718 Joannes
1956 668 2116 718 fami-

518 742 731 795 liariter
745 742 1011 793 utebatur
1025 738 1356 803 perstringit
1372 756 1382 787 :
1411 739 1569 800 Legat
1587 737 1696 801 ipse
1718 738 2041 799 (Jehannes)
2068 738 2115 787 si

520 815 699 871 novit;
723 812 959 861 arbitror
979 810 1123 859 enim
1156 825 1279 859 eum
1315 810 1541 859 assidua
1578 807 2031 871 confabulatione,
2069 814 2114 859 et

522 885 836 948 quotidiana
860 882 1159 930 latinorum
1182 882 1465 940 consortio,
1492 882 1803 930 Romanum
1834 896 1941 929 non
1960 882 2115 944 igno-

520 970 645 1003 rare
675 968 971 1003 sermonem
993 969 1011 1012 ;
1033 956 1129 1002 aut
1152 953 1201 1001 si
1223 959 1358 1001 certe
1390 952 1605 1013 penitus
1628 968 1739 1001 non
1758 952 1981 1012 imbibit,
2022 954 2113 1000 in-

521 1030 871 1090 terpretentur
893 1024 942 1073 ei
954 1023 1242 1087 quisolenl.
1271 1023 1543 1074 Rufinum
1559 1023 1840 1075 Johannis
1859 1023 2114 1086 partibus

520 1095 816 1147 studuisse
835 1094 977 1146 illud
1000 1095 1174 1146 etiam
1194 1093 1466 1157 ostendit,
1490 1094 1641 1157 quod
1661 1100 1856 1146 narrat
1871 1095 2115 1158 Epipha-

509 1167 650 1218 nius
664 1166 725 1217 in
737 1166 994 1230 Epistola
1008 1166 1077 1216 ad
1108 1165 1454 1225 Johannem,
1471 1166 1660 1228 ipsum
1680 1166 1894 1217 scilicet
1914 1167 1987 1217 ab
2017 1168 2118 1217 Ze-

518 1250 672 1290 none
684 1239 1022 1301 presbytero
1037 1241 1096 1289 et
1119 1237 1274 1288 socie
1292 1236 1540 1301 Gregorii
1558 1237 1693 1288 item
1719 1238 2034 1301 presbyteri
2059 1241 2117 1289 et

520 1309 749 1361 abbatis
810 1308 1134 1360 Menasterii
1179 1308 1644 1372 Eleutheropolis,
1701 1311 2114 1372 percontatum,

519 1392 662 1431 num
696 1379 1047 1444 Epiphanius
1073 1379 1401 1443 quempiam
1439 1379 1499 1430 in
1528 1379 1759 1431 dioecesi
1792 1379 2118 1441 Hierosoly-

520 1453 739 1503 mitana
761 1456 918 1503 esset
940 1450 1547 1501 erdinaturus?Zenon
1580 1458 1758 1499 autem
1792 1451 1950 1509 dixit,
1984 1452 2116 1513 quia

520 1537 692 1585 quum
714 1522 762 1571 ei
784 1522 1061 1586 presbyter
1083 1523 1314 1584 Rufinus
1332 1523 1505 1571 nescio
1521 1538 1638 1585 quae
1663 1523 1778 1571 alia
1809 1523 2117 1571 transitorie

520 1594 839 1657 loqueretur,
864 1594 1027 1641 etiam
1045 1594 1141 1642 hoc
1164 1593 1397 1642 dixerit:
1425 1607 1437 1642 :
1463 1599 1689 1657 putasne
1711 1594 1921 1656 aliquos
1960 1595 2116 1643 erdi-

517 1669 753 1714 naturus
775 1669 845 1713 est
860 1664 1088 1714 Sanctus
1098 1665 1372 1728 episcopus
1386 1666 1410 1713 ?
1426 1664 1669 1716 Ruﬁnus
1682 1666 1789 1716 sub
1806 1665 1981 1717 finem
1998 1679 2119 1729 pro-

518 1735 637 1799 logi
665 1736 727 1787 in
766 1735 1099 1799 Apelegiam
1139 1736 1450 1800 Pamphilis
1477 1736 1764 1799 martyris,
1790 1736 1962 1787 fidem
1983 1738 2119 1790 Hie-

520 1806 947 1871 reselymitanm
961 1807 1238 1861 ecclesiis.
1250 1807 1343 1858 cui
1358 1809 1479 1859 erat
1488 1808 1557 1858 ad
1565 1808 1828 1869 scriptus,
1850 1821 1912 1859 se
1930 1814 2120 1859 tenere

2213 520 2497 581 labantur,
2524 520 2719 585 optari.
2762 511 3149 583 Hieronymus
3166 518 3225 569 in
3246 517 3343 569 lib.
3368 517 3460 567 III.
3489 511 3813 578 Apologia,

2212 593 2311 644 ubi
2324 593 2432 644 hoc
2444 592 2641 644 eodem
2660 591 2986 642 testimonio
3003 592 3184 642 utitur
3205 590 3266 640 in
3281 588 3573 645 Rufinum,
3588 596 3817 647 negan-

2217 666 2327 716 tem
2365 678 2427 716 se
2463 665 2535 714 ab
2589 664 2919 727 Epiphanio,
2969 668 3035 715 ut
3084 661 3495 721 Origenistam,
3548 656 3817 720 potuisse

2214 737 2434 788 traduci
2455 742 2571 801 post
2593 736 2853 795 osculum,
2872 740 2984 798 post
3001 736 3320 792 orationem,
3347 732 3417 783 de
3445 729 3664 801 quibus
3696 740 3820 801 me-

2214 799 2488 860 minimus
2502 821 2691 871 supra.
2709 808 2764 858 id
2789 810 3013 858 tantum
3031 806 3167 869 agit,
3191 810 3256 855 ut
3280 804 3438 855 illum
3451 802 3514 853 in
3529 799 3820 871 Origenia-

2212 893 2305 933 nat
2322 869 2597 931 doctrinae
2612 879 2992 952 suspicionem
3006 877 3280 952 adducat:
3297 873 3454 952 quod
3469 875 3608 923 tunc
3624 869 3817 952 facilli-

2212 965 2374 1004 mum
2399 952 2523 1009 fuit,
2563 963 2744 1013 quum
2781 950 2930 1001 hanc
2956 955 3155 1000 notam
3188 949 3640 1010 Chrysestemus
3669 949 3819 1003 ipse,

2212 1025 2421 1087 aliique
2439 1022 2787 1074 sanctissimi
2806 1022 2909 1072 viri
2925 1021 3210 1072 declinare
3224 1018 3823 1091 nequaquampotue:

2213 1085 2344 1147 rint:
2367 1096 2555 1147 Verba
2578 1094 2928 1156 Hieronymi,
2959 1095 3265 1155 postquam
3290 1088 3483 1140 locum
3508 1085 3820 1150 Epiphanii

2213 1168 2556 1227 anebisjam
2572 1165 2873 1229 prolatum,
2895 1164 3213 1225 recitasset,
3233 1162 3313 1212 ita
3336 1173 3397 1210 se
3421 1159 3640 1209 habent
3664 1156 3816 1229 :Hsec

2215 1244 2283 1287 est
2300 1240 2405 1287 viri
2422 1226 2607 1288 Sancti
2623 1238 2684 1285 de
2700 1241 2745 1284 te
2758 1236 3065 1297 testiﬁcatio.
3085 1234 3172 1283 Sic
3188 1234 3254 1282 ab
3271 1248 3329 1280 ee
3346 1236 3592 1289 ornatus,
3612 1229 3687 1276 sic
3702 1226 3822 1275 lau-

2216 1312 2372 1359 datus
2405 1310 2623 1360 incedis.
2646 1309 2862 1358 Tamen
2882 1306 3229 1370 Epiphanius
3264 1303 3540 1355 Ruﬁnum
3574 1298 3819 1370 quidem

2216 1388 2367 1434 certe
2391 1381 2592 1432 iisdem
2613 1380 2804 1432 verbis
2826 1369 3165 1430 haereticum
3198 1374 3354 1427 haud
3378 1372 3564 1434 magis
3590 1369 3824 1435 procla-

2215 1458 2353 1509 mat,
2372 1465 2543 1515 quam
2555 1452 2898 1509 Jebannem,
2912 1462 3087 1512 quam
3102 1449 3357 1498 Sanctum
3372 1443 3641 1509 populum
3658 1440 3823 1491 Chri-

2214 1527 2301 1587 sli,
2320 1524 2369 1576 ei
2386 1514 2685 1581 creditum,
2712 1533 3003 1585 quamque
3031 1536 3214 1569 omnes
3235 1518 3449 1580 fratres,
3475 1514 3577 1580 qui
3608 1525 3818 1587 secum

2215 1585 2467 1647 aderant.
2488 1596 2609 1644 Hos
2628 1608 2810 1641 omnes
2827 1604 2992 1654 zeque
3003 1604 3070 1642 ac
3084 1591 3409 1642 Jehannem
3425 1592 3484 1640 et
3509 1585 3814 1643 Rufinum,

2218 1666 2567 1732 Epiphanius
2591 1667 2664 1717 ab
2681 1665 3025 1727 Origeniana
3041 1662 3251 1715 haeresi
3275 1660 3463 1711 liberos
3486 1658 3667 1721 cupit,
3687 1656 3813 1707 hee-

2219 1741 2427 1791 retices
2444 1738 2621 1790 fuisse
2636 1749 2753 1787 non
2769 1736 2922 1786 dicit.

2281 1811 2376 1861 IV.
2405 1808 2703 1873 Epiphanii
2725 1806 3020 1871 epistolam
3038 1805 3109 1856 ad
3134 1799 3819 1865 Jehannem,permulto-

518 1868 757 1929 fatetur:
786 1880 892 1927 hac
915 1878 976 1927 in
1001 1878 1388 1942 Hierosolymis
1408 1880 1470 1926 in
1492 1868 1705 1928 ecclesia
1732 1879 1827 1927 Dei
1851 1895 1887 1927 a
1922 1880 2119 1929 Sancto
2140 1868 2193 1940 Β
2220 1894 2347 1933 rum
2364 1868 2469 1932 ora
2489 1868 2843 1937 volitantem,
2870 1878 3213 1928 mirantibus
3242 1888 3369 1927 eam
3391 1875 3465 1925 ob
3490 1872 3819 1923 doctrinam

519 1949 797 1999 Sacerdote
816 1950 930 2013 ejus
951 1950 1206 1999 Johanne
1217 1951 1600 2013 praedicantur.
1618 1952 1734 1999 Haec
1750 1966 1846 1999 nos
1861 1966 1984 1999 cum
2001 1952 2115 2013 ipso

516 2027 564 2071 et
587 2021 821 2070 dicimus
841 2027 886 2069 et
926 2026 1177 2072 tenemus.
1215 2024 1279 2072 In
1310 2022 1424 2073 fine
1455 2021 1745 2084 Apologia
1768 2021 1842 2073 ad
1868 2024 2115 2075 Anasta-

518 2092 668 2144 sium
689 2092 1045 2154 Pentiﬂcem,
1076 2105 1138 2144 se
1166 2097 1413 2155 quatuor
1446 2093 1830 2144 Ecclesiarum
1865 2095 2117 2157 profiteri

516 2167 779 2216 testatur.
800 2165 841 2214 Ι.
867 2164 1140 2215 Romanas
1161 2163 1419 2215 omnium
1442 2165 1664 2216 matris.
1690 2166 1755 2215 II.
1787 2165 2118 2227 Aquilejen-

518 2235 618 2297 sis,
631 2234 729 2286 ubi
743 2233 977 2285 tinctus.
993 2236 1087 2285 III.
1101 2233 1526 2297 Alexandrinae,
1540 2235 1635 2285 ubi
1659 2248 1756 2298 per
1772 2236 2011 2287 sexenni
2022 2249 2116 2287 um

515 2305 739 2356 doctus.
771 2307 863 2356 IV.
891 2305 1563 2369 Hierosolymitanaambi
1577 2308 1874 2370 presbyter
1892 2306 2117 2358 ordina-

512 2381 609 2428 tus
631 2375 842 2429 fuerat:
870 2376 983 2440 Ego
997 2382 1189 2441 praeter
1210 2378 1351 2427 hanc
1367 2379 1550 2439 fidem,
1582 2393 1747 2441 quam
1769 2393 1939 2439 supra
1955 2393 2119 2442 expo-

512 2448 616 2507 sui,
642 2448 702 2497 id
720 2452 814 2507 est,
840 2463 1009 2512 quam
1036 2449 1287 2498 Romana
1313 2449 1544 2498 Ecclesia
1586 2454 1633 2498 et
1664 2448 2047 2498 Alexandrina
2072 2454 2118 2497 et

514 2519 873 2583 Aquilejensis
896 2525 1082 2569 nostra
1107 2524 1256 2579 tenet,
1283 2536 1503 2584 queque
1525 2520 1908 2583 Hierosolymis
1928 2521 2118 2583 praedi-

514 2596 687 2650 catur,
706 2590 878 2639 aliam
893 2606 986 2640 nec
999 2590 1168 2640 habui
1190 2607 1459 2655 unquam,
1477 2607 1570 2639 nec
1585 2591 1765 2649 habeo,
1786 2606 1880 2640 nec
1899 2591 2114 2642 habebo.

517 2659 751 2712 Nullum
768 2674 902 2721 ergo
924 2662 1168 2713 dubium
1197 2667 1302 2722 est,
1329 2662 1471 2725 quin
1506 2662 1753 2714 Rufinus
1780 2663 1838 2713 in
1867 2663 2116 2714 Ecclesia

517 2732 1014 2785 Hierosolimitana
1029 2734 1490 2797 presbyteratum
1512 2734 1806 2797 acceperit,
1824 2737 1995 2796 atque
2029 2733 2117 2785 vel

518 2803 653 2855 hinc
667 2808 827 2865 patet
849 2805 1124 2857 mendum
1148 2806 1507 2857 Gennadiani
1522 2806 1775 2868 Catalegi
1799 2819 1919 2869 cap.
1942 2806 2114 2856 XVII.

516 2875 619 2927 ubi
642 2876 874 2937 Rufinus
908 2875 1271 2939 Aquileiensis
1294 2877 1533 2926 Ecclesiae
1567 2876 1834 2941 presbyter
1876 2876 2116 2941 appella-

518 2951 628 2998 tur.
658 2947 928 2998 Mendum
950 2948 1209 3010 expledit
1239 2948 1677 3000 vetustissimus
1702 2948 2115 2999 cedexabllol-

515 3018 685 3067 etenio
701 3010 936 3070 miriﬁce
951 3018 1239 3082 laudatus,
1272 3020 1369 3083 qui
1394 3033 1549 3070 nunc
1575 3024 1665 3070 est
1683 3020 1741 3070 in
1767 3020 2116 3071 Bibliotheca

518 3090 794 3142 Vaticana
821 3105 834 3141 :
859 3091 937 3142 ibi
961 3092 1112 3143 enim
1145 3092 1227 3142 sic
1260 3092 1505 3155 legitur:
1539 3092 1769 3153 Runﬁus
1801 3091 2115 3155 Aquilcjen-

517 3162 591 3210 sis
611 3161 896 3225 presbyter,
922 3163 1137 3227 patriai,
1155 3177 1272 3215 non
1299 3163 1531 3223 ecclesiae,
1566 3163 1794 3214 nomine
1817 3177 2110 3225 expresse.

2218 1956 2275 2003 et
2298 1952 2604 2017 puritatem
2643 1950 2945 2010 sermonis,
2983 1948 3167 1999 doctis
3207 1948 3416 2011 pariter
3459 1947 3515 1996 et
3544 1942 3818 2017 indoctis.

2219 2016 2397 2087 quum
2416 2023 2696 2074 Eusebius
2721 2020 3137 2077 Cremonensis,
3159 2019 3341 2071 Gratci
3360 2016 3819 2076 sermonisigna-

2218 2109 2338 2153 rus,
2360 2109 2477 2146 non
2500 2094 2860 2154 intelligeret,
2887 2094 3293 2156 Hieronymus,
3320 2088 3613 2141 uthomini
3630 2087 3690 2137 in
3711 2098 3818 2136 suo

2218 2166 2565 2219 monasterio
2589 2165 2844 2216 versanti
2862 2176 3079 2215 morem
3116 2167 3356 2225 gereret,
3388 2160 3595 2224 raptim
3620 2158 3822 2210 celeri-

2220 2244 2417 2301 terque
2434 2237 2713 2288 latinitate
2728 2235 3374 2299 denavit.postulatione
3389 2233 3534 2283 facte
3550 2230 3615 2279 ab
3626 2246 3687 2279 eo
3703 2245 3822 2277 mu-

2219 2316 2327 2371 tuo,
2344 2315 2402 2358 ut
2418 2310 2565 2357 domi
2582 2308 2789 2357 haberet
2804 2308 3107 2370 exemplar;
3134 2323 3226 2355 nec
3240 2306 3396 2369 facile
3414 2305 3474 2353 in
3491 2303 3687 2365 vulgus
3699 2316 3821 2365 pro-

2218 2382 2373 2430 deret.
2402 2380 2560 2431 Idem
2579 2380 2837 2428 busebius
2851 2378 3157 2427 saecularem
3181 2379 3347 2427 vitam
3376 2376 3691 2439 reliquerat,
3712 2378 3761 2420 et
3784 2388 3820 2419 a

2215 2453 2645 2514 tergiversatione
2679 2452 2777 2499 illa
2808 2458 3027 2499 actuum
3051 2450 3387 2514 publicorum
3422 2448 3496 2495 ad
3536 2450 3814 2493 monaste-

2214 2525 2361 2571 rium
2384 2538 2683 2577 conversus,
2712 2523 3045 2584 Hieronymo
3082 2522 3400 2581 adhaeserat,
3439 2517 3626 2581 inquit
3659 2515 3820 2565 Rull-

2216 2609 2330 2646 nus
2359 2596 2567 2647 invect.
2589 2594 2685 2644 lib.
2704 2596 2746 2645 Ῑ.
2772 2595 2934 2642 Anno
2968 2599 3160 2645 tamen
3184 2599 3229 2641 et
3258 2608 3351 2640 sea:
3381 2588 3648 2639 mensibus
3691 2588 3817 2651 jam

2218 2667 2442 2731 elapsis,
2474 2665 2711 2730 epistola
2740 2666 2801 2713 dc
2842 2666 3074 2715 Seriniis
3118 2664 3346 2715 Eusebii
3383 2677 3518 2711 novo
3542 2660 3820 2725 prastigio

2217 2730 2647 2799 Hierosolymam
2668 2737 3062 2797 commigravit,
3092 2736 3165 2787 ad
3193 2748 3400 2786 manus
3421 2730 3634 2793 Rufini,
3666 2730 3819 2781 alie-

2216 2822 2460 2872 rumque
2486 2810 2817 2872 Hieronymi
2856 2809 3125 2866 hostium,
3154 2808 3253 2855 ista
3275 2813 3344 2855 est
3368 2803 3615 2869 epistola,
3640 2817 3817 2865 quam

2217 2881 2527 2930 decubiculo
2540 2881 2731 2943 fratris
2752 2880 2986 2940 Eusebii,
3004 2880 3247 2927 nummis
3262 2878 3461 2936 aureis,
3480 2874 3816 2939 produxisti,

2216 2957 2273 3001 ul
2323 2953 2673 3002 calumnieris
2720 2953 3079 3017 interpretem,
3120 2951 3305 3013 inquit
3328 2950 3721 3009 Hieronymus
3760 2945 3819 2995 in

2213 3022 2308 3074 lib.
2331 3026 2421 3074 Ill.
2446 3024 2738 3087 Apelegiaa
2762 3036 2889 3087 pag.
2912 3022 3175 3076 461.1100
3194 3021 3417 3072 veritati
3448 3018 3686 3081 prepius
3723 3029 3818 3067 ac-

2215 3095 2456 3151 cederet,
2477 3095 2523 3145 si
2541 3095 2632 3146 fur
2646 3094 2945 3157 epistolam
2966 3096 3203 3149 tantum,
3223 3106 3336 3143 non
3349 3092 3519 3143 etiam
3536 3100 3817 3139 nummos

2217 3166 2456 3218 Eusebio
2474 3165 2827 3228 abstulisset,
2847 3169 2911 3215 ut
2926 3165 3114 3214 statim
3137 3164 3309 3215 visuri
3336 3174 3557 3213 sumus.
3582 3161 3818 3210 Utcum-

518 3232 797 3312 Sicetiam
817 3233 1093 3312 habetJe.
1110 3234 1400 3312 Candidus
1418 3234 1516 3312 lib.
1535 3237 1628 3287 IlI.
1648 3235 2113 3312 Gennadiiverba
2136 3238 2186 3312 ρ
2216 3249 2326 3299 que
2348 3250 2440 3312 res
2470 3236 2656 3312 fuerit,
2685 3239 2905 3312 certum
2930 3241 3035 3293 est,
3064 3235 3196 3312 hinc
3218 3246 3427 3312 novam
3454 3230 3818 3312 in_Hiereny-

517 3304 766 3355 recitans
781 3318 854 3356 ex
877 3305 1072 3357 codice
1090 3305 1283 3369 alique
1300 3307 1413 3357 MS.
1432 3308 1618 3367 Quare
1643 3307 1847 3357 mirum
1860 3319 1977 3358 non
2000 3310 2109 3365 est,

518 3374 569 3425 si
599 3376 833 3438 Rufinus
866 3377 1117 3441 episcopi
1150 3378 1243 3429 sui
1284 3382 1477 3442 partes
1506 3383 1707 3429 contra
1729 3379 2110 3441 Epiphaniam

519 3450 810 3508 sequutus
834 3452 943 3507 est,
978 3448 1143 3511 sique
1166 3461 1299 3499 cum
1324 3448 1565 3497 Melania
1584 3448 1881 3511 laboravit,
1904 3454 1971 3500 ut
1995 3462 2117 3500 me-

516 3517 737 3569 naches
775 3518 1178 3570 Bethleemitas
1216 3520 1273 3570 in
1308 3519 1607 3584 pristinam
1648 3520 2111 3571 communionem

516 3592 829 3652 revocaret,
843 3590 981 3641 dum
998 3592 1072 3642 ab
1089 3591 1355 3655 episcopo
1370 3590 1888 3654 Hierosolymitane
1899 3591 2113 3644 defece-

516 3662 663 3720 rant,
676 3665 743 3711 ut
759 3660 1069 3713 Pauliniani
1118 3661 1530 3714 ordinationem
1558 3667 1872 3713 tuerentur.
1902 3664 2021 3713 Hac
2044 3663 2114 3715 de

515 3742 575 3782 re
592 3730 877 3783 Palladius
908 3733 1224 3785 Heraclidis
1248 3733 1372 3784 hinc
1394 3732 1569 3785 habet
1587 3747 1709 3797 cap.
1726 3735 1982 3785 XXXIII.
1997 3734 2114 3784 illos

514 3801 679 3851 etiam
695 3804 1119 3866 quadringentos
1154 3819 1384 3853 numero
1418 3805 1727 3865 monachos,
1768 3805 1864 3869 qui
1898 3812 2115 3869 propter

513 3873 822 3924 Phidinum
837 3876 966 3937 (sive
979 3877 1060 3926 Pa
1068 3876 1531 3938 ulinianum)seab
1545 3876 1755 3925 ecclesia
1771 3876 2110 3939 separabant,

512 3951 705 3996 sancte
724 3962 916 3997 rursus
938 3948 1156 3998 ecclesiae
1184 3948 1557 3998 reddiderunt.
1588 3948 1695 4000 Sed
1717 3948 1787 3999 de
1814 3948 1921 3999 hoc
1947 3949 2111 3999 infra.

574 4020 668 4069 III.
694 4020 954 4071 Ceterum
970 4022 1042 4072 ab
1068 4021 1383 4084 Epiphanio
1403 4020 1679 4072 Rufinum
1700 4020 2112 4081 Hierosolymis

512 4087 859 4149 adest-utam,
889 4096 948 4143 et
971 4092 1043 4144 ad
1081 4095 1379 4141 orationem
1411 4091 1756 4151 admissum,
1795 4104 1902 4142 nes
1947 4091 2115 4142 docet

513 4159 901 4224 Hieronymus
936 4162 998 4213 in
1020 4162 1116 4213 lib.
1136 4165 1229 4214 III.
1260 4162 1571 4225 Apologiaa,
1597 4162 1694 4225 qui
1726 4162 1835 4213 hac
1863 4162 2018 4225 pacis
2054 4165 2114 4213 et

516 4229 813 4283 catholicas
857 4234 1282 4284 communionis
1320 4236 1538 4284 tessera
1580 4233 1829 4284 eundem
1886 4232 2113 4295 gloriari

514 4300 771 4364 solitum,
794 4302 968 4355 etiam
995 4308 1259 4355 testatur.
1285 4304 1669 4366 Hieronymus
1693 4304 1846 4355 enim
1872 4304 1945 4354 ab
1976 4305 2112 4354 urbe

512 4372 716 4435 redux,
738 4374 883 4426 sein
905 4376 1157 4439 Cyprum
1183 4375 1441 4429 contulit,
1469 4375 1577 4435 ubi,
1616 4375 1820 4438 inquit,
1847 4381 2112 4439 susceptus

511 4461 547 4494 a
574 4446 866 4496 venerabili
889 4448 1131 4512 episcopo
1157 4448 1492 4511 Epiphanio,
1526 4447 1681 4510 cujus
1711 4453 1767 4495 tu
1811 4448 2111 4496 testimonio

512 4516 785 4580 gloriaris.
810 4520 956 4570 Sane
977 4519 1328 4583 Epiphanius
1350 4518 1410 4569 in
1427 4518 1676 4581 Epistela
1694 4518 1765 4569 ad
1788 4518 2112 4570 Jehannem

514 4599 845 4651 quanquam
858 4596 986 4642 octo
1008 4590 1194 4654 capita
1217 4590 1514 4642 haereseen
1537 4590 2112 4653 Origenianiedectri-

513 4671 608 4731 nm
624 4658 695 4710 ad
720 4672 966 4713 examen
990 4664 1175 4723 vocat,
1196 4662 1357 4713 illum
1381 4662 1698 4715 obtestans.
1718 4667 1784 4713 ut
1806 4662 2109 4725 Urigenem
2129 4656 2188 4731 Ι)

512 4728 779 4782 damnet:
807 4744 906 4784 eas
924 4738 1119 4783 tamen
1134 4733 1387 4785 haereses
1402 4735 1476 4784 ab
1503 4746 1565 4784 se
1582 4734 1849 4785 recitatas
1872 4732 1946 4784 ad
1976 4746 2111 4784 con-

513 4801 774 4854 ﬂandum
794 4802 1087 4856 horrorem
1107 4809 1165 4856 et
1184 4804 1464 4855 invidiam
1488 4808 1674 4856 auctet
1688 4804 1726 4867 i,
1743 4817 2110 4868 nequaquam

517 4872 713 4926 tribuit
724 4874 994 4938 Jehanni,
1013 4880 1070 4927 et
1086 4888 1152 4927 eo
1168 4876 1359 4927 minus
1374 4876 1607 4938 Ruﬁne;
1627 4876 1801 4928 immo
1813 4877 1886 4926 ab
1899 4875 2110 4927 Johan-

476 4943 603 4996 ints
627 4947 1050 5009 communione,
1082 4947 1308 4999 etiamsi
1352 4947 1422 4998 de
1458 4947 1659 4999 eadem
1685 4948 1941 4999 doctrina
1977 4960 2111 4999 sus-

514 5015 682 5079 pecti,
714 5029 778 5068 se
802 5030 1108 5082 nunquam
1135 5018 1475 5070 discessisse
1494 5021 1757 5082 testatur,
1780 5031 1916 5071 nam
1948 5023 2007 5069 et
2044 5030 2109 5070 se

510 5087 572 5139 in
599 5088 876 5141 sacrificio
908 5103 1009 5154 pro
1045 5090 1141 5142 illo
1179 5091 1395 5154 precari
1429 5090 1661 5141 solitum
1696 5091 1776 5141 ait
1806 5105 1818 5142 :
1860 5090 2104 5153 Domine,

510 5165 688 5222 presta
731 5160 983 5210 Johanni
1026 5167 1085 5211 ul
1137 5162 1332 5221 credat,
1376 5165 1435 5213 et
1482 5160 1667 5213 eidem
1699 5162 1825 5214 haec
1863 5161 2105 5224 objicit:

510 5230 784 5296 Rumpitis
806 5234 1105 5293 caritatem,
1121 5249 1288 5298 quam
1302 5234 1363 5282 in
1387 5249 1475 5282 vos
1489 5232 1782 5282 habuimus
1796 5234 1854 5281 in
1872 5238 2104 5293 tantum,

510 5307 568 5350 ut
590 5302 820 5365 feceritis
842 5320 940 5355 nos
962 5307 1127 5356 etiam
1155 5305 1523 5369 paenitentiam
1547 5321 1718 5369 agere,
1763 5320 1936 5369 quare
1967 5303 2108 5353 vobis

510 5376 1211 5437 communicaverimus,ita
1236 5377 1486 5439 Origcnis
1521 5391 1729 5426 errores
1769 5382 1814 5424 et
1853 5377 2108 5439 dogmata

510 5445 866 5507 defendentes,
897 5451 1121 5500 Rursus
1145 5449 1200 5499 in
1219 5448 1421 5499 eadem
1455 5447 1695 5511 epistola
1724 5447 1795 5499 de
1824 5446 2103 5506 Iohanne,

511 5516 835 5581 Rufinoque
864 5521 993 5584 ejus
1014 5521 1349 5583 presbytero
1386 5519 1469 5568 sic
1498 5518 1783 5580 loquitur:
1820 5519 1881 5567 Te
1906 5522 2104 5576 autem,

507 5586 698 5653 frater,
729 5603 987 5643 LIBERET
1010 5594 1170 5654 Deus,
1195 5596 1241 5641 et
1279 5589 1541 5639 Sanctum
1582 5590 1844 5653 populum
1882 5589 2104 5648 Christi,

511 5661 609 5723 qui
631 5660 727 5710 tibi
749 5664 983 5713 creditus
1003 5668 1091 5725 est,
1122 5669 1169 5713 et
1197 5676 1380 5713 omnes
1408 5662 1621 5724 fratres,
1649 5662 1744 5725 qui
1768 5666 1937 5710 tecum
1960 5664 2103 5720 sunt,

508 5736 555 5780 ct
569 5734 808 5783 maxime
836 5735 1100 5797 Ruﬁnum
1127 5734 1516 5799 presbyterum,
1540 5732 1607 5781 ab
1632 5733 1817 5783 hasresi
1841 5733 2101 5794 Origcnis,

508 5807 554 5851 et
568 5803 634 5851 ab
648 5804 796 5854 alliis
815 5805 1120 5866 limitibus,
1145 5812 1191 5855 et
1215 5804 1513 5867 perditione
1535 5820 1745 5856 earum.
1769 5806 1909 5857 Haec
1927 5805 2105 5856 verba

508 5876 849 5939 neutiquam
860 5877 1122 5941 probant,
1140 5875 1463 5929 Jehannem
1473 5881 1532 5930 et
1547 5876 1822 5931 Ruﬁnum
1835 5878 1895 5930 in
1910 5876 2101 5941 Orige-

2216 3320 2375 3359 mum
2411 3307 2654 3359 latrandi
2688 3308 2984 3358 materiam
3023 3310 3223 3363 ortam,
3258 3305 3424 3369 quasi
3459 3303 3655 3353 minus
3696 3300 3817 3349 sin-

2210 3392 2337 3430 cere
2378 3379 2677 3442 epistolam
2720 3378 3126 3439 transtulisset,
3175 3391 3345 3442 quam
3393 3374 3687 3427 laudatam
3722 3371 3814 3442 vi;

2210 3450 2317 3501 deo
2355 3441 2427 3501 ab
2471 3450 2677 3501 Alvaro
2719 3450 2916 3501 saeculi
2953 3462 3014 3500 Ix
3047 3449 3321 3513 scriptore
3357 3448 3416 3499 in
3452 3446 3578 3496 Vita
3615 3441 3812 3513 Sancti

2213 3521 2431 3582 Eulogii
2469 3522 2621 3586 apud
2676 3521 3009 3572 Bollandum
3060 3512 3201 3572 tem.
3238 3523 3304 3571 II.
3349 3518 3533 3570 Martii
3577 3515 3671 3567 die
3724 3512 3810 3566 11.

2213 3606 2339 3656 βδεῖ.
2355 3592 2441 3646 92.
2464 3606 2623 3645 num.
2644 3592 2701 3647 9.
2719 3594 2881 3643 Hanc
2904 3592 3170 3655 injuriam
3188 3597 3254 3643 ut
3268 3605 3371 3643 ase
3384 3592 3443 3641 in
3460 3588 3622 3640 Italia
3643 3599 3810 3635 amo-

2211 3662 2428 3727 liretur,
2463 3664 2692 3727 scripsit
2720 3663 3019 3726 epistolam
3058 3666 3325 3723 XXXIII,
3348 3664 3488 3715 alias
3513 3660 3591 3711 Cl.
3624 3658 3811 3719 (Nunc

2212 3736 2390 3799 LVII.)
2423 3737 2484 3785 de
2518 3737 2718 3798 optime
2751 3751 2955 3799 genere,
2995 3736 3392 3798 interpretandi
3429 3733 3502 3785 ad
3537 3734 3811 3784 Pamma-

2212 3807 2427 3857 chium.
2467 3810 2651 3869 Quum
2694 3807 2827 3858 inde
2851 3811 3046 3859 tamen
3074 3813 3344 3871 appareat
3382 3803 3813 3871 pseudomona-

2212 3877 2386 3930 chum
2423 3892 2537 3930 non
2569 3878 2756 3930 solum
2795 3880 3019 3940 chartis,
3062 3879 3161 3930 sed
3186 3881 3359 3931 etiam
3384 3874 3647 3926 sumtibus
3678 3874 3810 3924 sive

2211 3951 2469 4001 nummis
2482 3950 2724 4001 furtivos
2741 3963 2969 4014 ungues
2981 3950 3268 4014 injecisse,
3286 3950 3531 4001 eundem
3548 3959 3669 3997 non
3691 3957 3812 4008 pre-

2212 4022 2289 4073 tie
2307 4022 2672 4077 conductum.
2691 4021 2793 4071 sed
2818 4026 2884 4072 ut
2898 4022 3202 4084 pecuniam
3224 4022 3432 4087 potius,
3453 4030 3627 4084 quam
3650 4016 3813 4067 char-

2215 4096 2301 4144 tas
2326 4093 2621 4153 auferrret,
2656 4092 2878 4143 facinus
2901 4094 3144 4155 gratuita
3188 4094 3404 4143 malitia
3444 4094 3811 4155 perpetrasse

2213 4164 2479 4215 credibile
2509 4169 2615 4215 est.
2648 4165 2765 4215 Nec
2800 4176 2935 4214 sane
2964 4164 3209 4216 Rufinus
3254 4164 3526 4229 pecunias
3558 4158 3813 4212 Eusebio

2211 4236 2418 4287 auferri
2436 4235 2861 4298 jussisset;nec
2877 4235 3024 4297 ejus,
3040 4241 3139 4289 aut
3163 4241 3481 4289 ceterorum
3506 4230 3708 4295 magni
3732 4232 3813 4281 in-

2215 4312 2427 4357 teresse
2440 4311 2676 4368 poterat,
2692 4306 3009 4369 epistolam,
3021 4308 3161 4358 alias
3175 4309 3371 4360 Greece
3386 4303 3812 4369 vulgatam,ite

2210 4390 2358 4439 rum,
2376 4390 2479 4427 nec
2497 4390 2588 4435 ne,
2603 4377 2799 4428 Latine
2817 4377 3057 4440 vulgari.
3077 4380 3261 4440 Quare
3275 4378 3625 4431 monachum
3647 4374 3811 4426 char-

2212 4453 2302 4499 tas
2330 4462 2448 4499 non
2469 4448 2711 4513 pecunia
2733 4450 2982 4512 accepta.
3010 4449 3110 4500 sed
3136 4451 3381 4513 gratuita
3398 4448 3614 4497 malitia
3643 4446 3809 4496 fura-

2212 4524 2355 4582 tum,
2369 4530 2728 4571 CORRUPTOR
2745 4521 2970 4581 (nempe
2986 4521 3246 4582 Rufinus)
3259 4521 3577 4585 persuadere
3590 4518 3812 4569 niteba-

2214 4595 2322 4643 tur.
2337 4594 2482 4643 teste
2498 4592 2845 4654 Hierenyme
2857 4591 2955 4654 qui
2970 4591 3041 4644 de
3057 4593 3258 4644 eodem
3274 4593 3480 4644 Rufine
3492 4591 3663 4643 etiam
3680 4589 3811 4639 hanc

2208 4662 2395 4713 addit:
2424 4668 2469 4712 et
2488 4664 2648 4711 audet
2672 4662 2902 4724 quidam
2926 4677 2993 4711 ea:
3016 4664 3436 4725 eis(monachis)
3456 4662 3690 4711 adducto
3713 4675 3811 4707 su-

2204 4734 2443 4798 percilio,
2456 4740 2499 4783 et
2512 4732 2949 4797 concrepantibus
2962 4734 3146 4795 digitis
3157 4743 3395 4784 eructare
3410 4741 3454 4783 et
3467 4735 3656 4783 dicere:
3670 4730 3811 4793 quid

2207 4806 2351 4854 enim
2370 4806 2417 4853 si
2432 4805 2672 4863 redemit,
2701 4803 2747 4851 si
2768 4804 3106 4855 sollicitavit?
3124 4807 3260 4855 Fecit
3277 4808 3423 4870 quod
3444 4804 3544 4854 sibi
3567 4803 3805 4868 profuit.

2208 4877 2415 4928 Iisdem
2448 4876 2625 4926 ferme
2654 4874 2845 4927 verbis
2890 4876 3161 4928 Rufinum
3199 4878 3320 4941 jam
3358 4880 3650 4929 mortuum
3692 4875 3807 4925 sub

2207 4948 2447 4999 Grunnii
2470 4948 2702 4999 nomine
2719 4946 2900 5009 carpit
2923 4948 3085 5008 epist.
3118 4951 3283 5001 XCV.
3320 4950 3460 5002 alias
3481 4949 3573 5000 IV.
3607 4946 3807 5009 (Nunc

2210 5019 2447 5082 CXXV.)
2477 5019 2549 5071 ad
2574 5017 2875 5070 Rusticum
2894 5032 2905 5067 :
2923 5020 3151 5069 adducto
3168 5021 3467 5082 supercilio,
3486 5018 3806 5069 contractis-

2206 5105 2306 5154 que
2330 5091 2575 5151 naribus,
2592 5105 2653 5139 ac
2668 5090 2844 5153 fronte
2863 5096 3081 5152 rugata,
3106 5092 3312 5141 duobus
3327 5091 3570 5154 digitulis
3593 5103 3689 5137 con
3699 5103 3806 5138 cre-

2203 5161 2385 5226 pabat.
2401 5163 2673 5213 Rufinum
2689 5173 2854 5224 porro
2879 5160 2978 5223 sic,
3005 5165 3069 5213 ut
3109 5164 3495 5228 Hieronymus
3518 5162 3709 5215 refert.
3726 5160 3806 5210 le-

2207 5239 2426 5298 cntum,
2457 5237 2702 5294 constat,
2728 5245 2844 5282 non
2870 5234 3033 5294 quasi
3076 5236 3333 5297 epistola.-
3372 5235 3554 5286 furem
3592 5245 3627 5284 a
3663 5243 3804 5295 que-

2205 5304 2355 5369 piam
2373 5318 2569 5368 reapse
2584 5304 2904 5355 redemtum
2924 5308 2979 5353 et
2992 5304 3355 5357 sollicitatum
3372 5307 3644 5358 fateretur
3666 5316 3680 5355 :
3698 5302 3801 5352 sed

2206 5382 2288 5434 ut,
2303 5375 2529 5428 etiamsi
2544 5376 2599 5425 id
2616 5385 2815 5426 verum
2835 5373 2993 5431 feret,
3020 5375 3155 5426 illud
3175 5378 3344 5431 idem.
3360 5378 3495 5440 quia
3514 5374 3801 5439 proderat,

2206 5448 2567 5499 benefactum
2585 5443 2929 5499 ostenderet,
2952 5445 3211 5509 seipsum
3239 5450 3346 5500 hoc
3370 5452 3552 5512 pacto,
3581 5450 3685 5496 aut
3700 5447 3801 5496 Jo-

2204 5519 2457 5570 hannem
2484 5516 2815 5571 defendens,
2842 5526 3020 5575 quum
3046 5524 3288 5582 uterque
3320 5533 3435 5571 uno
3474 5531 3519 5569 θ’
3546 5518 3799 5578 demque

2205 5590 2406 5653 spiritu
2434 5593 2647 5653 ageret,
2673 5585 2783 5637 Sed
2810 5584 2918 5636 hoc
2943 5587 3147 5642 refellit
3165 5592 3546 5653 Hieronymus
3572 5603 3584 5637 :
3627 5589 3796 5645 Mira,

2202 5661 2409 5724 inquit,
2425 5660 2630 5709 sceleris
2654 5658 2907 5721 defensio,
2926 5662 3083 5720 quasi
3096 5678 3203 5709 non
3217 5669 3261 5710 et
3278 5662 3508 5711 latrones
3525 5665 3569 5708 et
3585 5660 3738 5723 fures
3750 5664 3798 5706 ct

2202 5732 2393 5797 piratae
2414 5732 2623 5795 faciant
2646 5732 2792 5796 quod
2813 5733 2915 5781 sibi
2936 5733 3165 5797 prodest.
3204 5733 3348 5783 Certe
3375 5733 3568 5782 Annas
3596 5735 3641 5781 et
3670 5730 3797 5780 Cai-

2200 5804 2343 5871 phas
2370 5805 2665 5854 seducenlcs
2700 5804 2966 5866 infelicem
2996 5805 3199 5854 Judam
3231 5806 3472 5867 fecerunt
3501 5802 3646 5866 quod
3693 5801 3799 5851 sibi

2204 5876 2331 5927 utile
2343 5876 2884 5929 existimabant.ch
2893 5876 3083 5941 jurgla
3093 5880 3147 5929 et
3165 5881 3361 5930 metus
3371 5876 3700 5927 animorum
3710 5884 3799 5925 eeo
