3902 6404
104 297 191 359 101

1345 294 1541 350 VITA.
1576 296 1708 351 LIB.
1744 299 1786 351 Ι.
1822 299 1972 351 CAP.
2006 298 2101 351 III.

100 389 290 470 gitanti
330 387 587 470 succinit
643 390 804 470 quod
852 389 927 470 ab
972 388 1287 470 Epiphanio
1344 387 1406 439 in
1449 387 1676 451 eadem,
1700 398 1755 470 Α

3271 302 3376 362 102

1776 389 1917 437 mini
1928 394 2255 459 sequeretur,
2270 401 2395 443 eam
2411 390 2931 444 commendaverat.
2947 393 3055 445 Sed
3067 400 3375 459 postquam

100 458 162 517 de
194 474 305 527 qua
329 460 637 525 loquimur,
666 462 907 526 epistola
940 461 1014 514 ad
1035 460 1358 514 Iohannem
1397 472 1681 511 memora-
1700 458 1755 470 “
1779 459 1938 523 vidit,
1965 458 2268 512 Melaniam
2298 460 2580 513 Johannis
2604 470 2663 515 et
2698 463 2885 514 Ruﬁni
2911 458 3179 517 causSam
3204 458 3372 529 tueri,

104 542 217 589 tum
249 531 528 594 videmus,
571 532 854 595 quosdam
910 544 1119 597 nempe
1162 530 1363 584 solitos
1406 530 1548 580 ultro
1603 532 1680 581 ci-

102 608 273 669 troque
320 608 539 669 portare
586 602 946 669 rumusculos,
982 608 1028 652 et
1070 601 1173 663 his,
1214 614 1331 665 quae
1362 600 1676 666 audierunt,

100 690 289 740 semper
340 674 552 733 addere,
601 678 660 721 ut
711 674 956 723 tristitias
1006 675 1052 721 et
1101 671 1258 720 rimas
1296 672 1437 720 inter
1481 671 1677 733 fratres

101 749 423 805 concitarent,
481 744 755 796 nimirum
814 748 961 797 inter
1026 743 1370 807 Johannem,
1430 745 1677 807 Epipha-

100 821 263 881 nium,
308 819 594 878 Rullnum,
641 817 1076 882 Hieronymum,
1132 820 1466 878 ceterosque
1509 818 1676 867 alter-

102 892 268 943 utrius
299 889 443 954 parti
473 887 792 939 studentes.
811 889 939 939 Huc
967 885 1247 951 pertinere
1272 886 1499 937 videtur
1521 886 1674 949 quod

101 963 289 1014 Rulino
304 960 689 1023 Hieronymus
712 959 906 1023 objicit
926 958 985 1009 in
1006 958 1101 1009 lib.
1121 958 1213 1007 Ill.
1232 957 1525 1020 Apologia:
1540 970 1668 1022 pag.

101 1033 192 1087 439
233 1035 352 1095 ejus
387 1042 559 1095 opera
592 1036 649 1081 et
687 1030 900 1094 studio,
944 1029 1263 1081 Bethleemi
1292 1030 1353 1078 in
1391 1029 1672 1080 cubiculis

100 1107 302 1156 Sanctae
318 1103 565 1154 Fabiola:
588 1102 851 1167 senioris,
875 1106 932 1153 et
947 1100 1178 1164 Oceani,
1197 1105 1445 1165 utroque
1468 1101 1669 1165 inscio,

100 1178 230 1229 clam
250 1175 610 1227 conlocatum
636 1175 814 1226 fuisse
834 1173 1090 1225 codicem
1106 1172 1420 1237 quendam,
1443 1173 1516 1224 ab
1530 1173 1673 1237 ipsis

99 1252 215 1300 ante
248 1247 603 1311 ignoratum:
630 1243 784 1309 quod
807 1248 1002 1296 tamen
1029 1249 1255 1295 iacmus
1278 1244 1337 1294 in
1352 1245 1496 1295 alios
1516 1257 1672 1309 rege-

98 1321 240 1373 rebat
253 1319 525 1369 Ruﬁnus:
554 1317 682 1376 Quis
706 1317 970 1367 Bethleem
986 1317 1047 1366 de
1076 1316 1317 1365 cubiculo
1331 1318 1526 1379 fratris
1555 1320 1673 1367 bu-

98 1392 209 1441 sebii
233 1389 446 1453 furatus
474 1393 545 1438 est
572 1388 871 1453 Epistolam
897 1389 1254 1437 laudatricem
1291 1393 1444 1437 tuam
1466 1390 1491 1438 3
1517 1389 1673 1454 cujus

98 1462 326 1524 artiﬁcio,
337 1468 381 1509 et
404 1476 440 1509 a
454 1460 611 1524 cujus
634 1460 901 1509 ministris
918 1459 979 1509 in
1005 1458 1213 1509 Sanctae
1227 1458 1454 1509 Fabiolae
1486 1460 1672 1526 hOSpi-

100 1535 180 1595 tio,
206 1539 248 1582 et
270 1533 375 1581 viri
402 1531 706 1583 Christiani
734 1530 1034 1595 prudentis,
1064 1531 1277 1591 Oceani,
1317 1531 1565 1581 inventus
1599 1540 1670 1584 est

99 1607 260 1665 eodem,
277 1618 434 1668 quem
457 1602 540 1652 illi
557 1618 850 1667 nunquam
866 1603 1152 1652 viderant?
1171 1603 1259 1651 An
1295 1604 1494 1653 idcirco
1510 1606 1672 1655 ιεεωὶ-

98 1680 254 1728 stimes
272 1681 630 1738 innocentem,
653 1678 718 1735 si,
733 1674 1007 1738 quidquid
1029 1680 1184 1723 tuum
1196 1680 1285 1738 est,
1315 1675 1369 1723 in
1389 1675 1524 1724 alios
1543 1692 1671 1726 con-

96 1749 258 1812 feras?
289 1748 479 1799 Codex
509 1746 767 1809 fortasse,
797 1750 1046 1811 scriptus
1078 1745 1266 1798 fuerat
1288 1747 1349 1797 in
1387 1748 1671 1814 Hierony-

98 1833 257 1873 mum.
283 1820 397 1872 Sub
422 1821 600 1871 ﬁnem
624 1818 880 1883 epistolae
905 1817 1120 1882 saepius
1149 1818 1398 1871 laudatae
1418 1820 1491 1871 ad
1517 1822 1671 1873 Pam-

98 1893 383 1955 machium,
417 1892 546 1941 haec
567 1893 627 1941 in
647 1891 936 1952 Ruﬁnum,
956 1889 1276 1950 Melanium,
1302 1895 1361 1941 et
1377 1893 1671 1953 quendam

97 1966 252 2015 alium
274 1963 472 2015 scribit
485 1963 870 2027 Hieronymus
902 1975 915 2012 :
940 1962 1062 2010 Haec
1080 1976 1191 2010 non
1207 1968 1279 2010 est
1307 1963 1456 2012 illius
1489 1967 1668 2031 culpa,

96 2036 231 2101 cujus
256 2034 349 2085 sub
366 2049 601 2100 persona
636 2034 781 2084 alius
815 2034 929 2097 agit
964 2035 1283 2097 tragaediam
1308 2050 1324 2083 :
1359 2037 1448 2085 sed
1482 2038 1672 2102 tiu/ini

98 2113 135 2157 et
155 2107 399 2167 Melaniae,
426 2106 817 2170 Magistrorum
852 2107 985 2169 ejus,
1011 2108 1107 2169 qui
1126 2105 1283 2155 illum
1312 2122 1673 2171 magnamer-

98 2180 198 2228 cede
210 2178 351 2227 nihil
374 2180 511 2227 scire
526 2178 837 2227 docuerunt.
856 2178 930 2240 Is,
962 2180 1129 2242 cujus
1148 2190 1360 2230 nomen
1381 2182 1669 2247 reticetur,

98 2256 176 2303 est
199 2250 486 2302 Johannes
514 2250 849 2313 Episcopus,
876 2252 947 2302 de
973 2262 1110 2314 quo,
1141 2248 1299 2301 haud
1326 2253 1670 2305 nominatim

96 2333 363 2386 expresso,
385 2322 518 2373 haec
540 2334 770 2385 quoque
788 2321 985 2372 statim
1008 2322 1313 2385 subjungit
1339 2336 1352 2373 :
1375 2323 1484 2375 Nec
1498 2342 1671 2390 repro-

98 2395 252 2444 hendo
285 2395 343 2443 in
386 2393 619 2459 quolibet
659 2395 974 2444 Christiano
1014 2396 1279 2443 sermonis
1314 2396 1667 2465 imperitiam,

96 2472 234 2531 atque
248 2467 463 2515 utinam
489 2465 823 2516 Socraticum
838 2465 975 2515 illud
1000 2465 1344 2516 haberemus:
1370 2469 1487 2519 scio
1511 2473 1667 2533 quod

97 2540 285 2589 nescio.
307 2537 611 2587 Etalterius
621 2537 913 2601 sapientis:
934 2540 990 2589 te
1009 2537 1203 2601 ipsum
1219 2538 1490 2604 intelligo.
1519 2542 1674 2593 Vene-

97 2610 280 2658 rationi
308 2610 451 2660 mihi
478 2624 684 2673 semper
713 2608 839 2671 fuit,
867 2624 981 2658 non
1008 2610 1224 2659 verbosa
1257 2612 1557 2674 rusticitas,
1580 2615 1673 2664 sed

98 2688 264 2731 sancta
312 2680 653 2747 simplicitas.
688 2682 791 2739 Qui
828 2682 888 2730 in
919 2695 1166 2731 sermone
1204 2682 1420 2731 imitari
1456 2698 1511 2734 se
1543 2686 1673 2736 dicit

97 2752 360 2818 Apostolos,
382 2755 544 2819 prius
567 2751 809 2801 imitetur
827 2752 1047 2802 virtutes
1072 2754 1134 2802 in
1172 2754 1283 2802 vita
1328 2755 1572 2821 illorum,
1608 2759 1672 2807 in

98 2825 268 2888 quibus
290 2825 545 2890 loquendi
563 2824 961 2889 simplicitatem
983 2825 1269 2874 excusabat
1297 2829 1672 2880 sanctimoniae

98 2898 391 2961 magnitudo
434 2902 514 2947 :et
554 2896 890 2961 syllogismos
931 2897 1265 2959 Aristotelis,
1308 2905 1669 2966 contortaque

100 2967 366 3035 Chrysippi
417 2971 686 3019 acumina
738 2983 1025 3033 resurgens
1057 2976 1304 3020 mortuus
1330 2973 1666 3037 confutabat.

101 3040 315 3090 Ceterum
336 3042 656 3104 ridiculum,
679 3040 726 3090 si
742 3040 864 3105 quis
879 3056 904 3089 e
922 3040 1072 3090 nobis
1098 3056 1325 3092 manens
1344 3043 1487 3093 inter
1506 3046 1667 3097 Crassi

1697 1778 1751 1853 B

1778 534 2071 582 tantarum
2092 529 2332 582 laudum
2366 533 2599 584 cumulo
2621 534 3001 598 imposterum
3028 548 3146 588 non
3183 536 3375 589 solum

1775 601 2074 664 abstinuit,
2087 601 2196 673 sed
2213 606 2388 653 etiam
2413 616 2486 654 ex
2505 603 2781 655 Chronico
2803 606 2930 669 ejus
2949 618 3161 658 nomen
3181 608 3376 673 erasit,

1775 672 1825 722 si
1845 672 2051 723 Ruﬁno
2074 672 2379 736 credimus,
2397 675 2496 738 qui
2517 674 2659 725 illud
2684 680 2931 727 testatur
2961 678 3237 732 Invectiv.
3270 672 3369 731 lib.

1772 744 1838 793 Il.
1857 756 1986 807 pag.
2004 742 2126 797 436.
2140 745 2327 805 Quum
2340 749 2531 796 tamen
2542 759 2614 797 ex
2629 749 2900 798 omnibus
2913 748 3172 801 Chronici
3183 763 3381 803 exem-

1771 813 2023 879 plaribus
2049 814 2189 865 illud
2207 814 2394 867 delere
2410 818 2750 881 nequiverit,
2776 818 2967 870 adhuc
2991 822 3245 875 Melania
3274 836 3381 876 no-

1770 898 1907 958 men
1928 886 2079 958 inqeo
2102 884 2326 949 legitur.
2354 889 2419 937 In
2452 889 2619 952 epist.
2658 890 2847 940 XLIII.
2869 891 3050 951 (Nunc
3077 894 3379 958 CXXXIII.)

1770 957 1842 1032 ad
1867 956 2318 1032 Ctesiphontem,
2337 960 2745 1032 postMelanim
2761 966 3005 1013 mortem
3019 964 3248 1029 scripta,
3276 956 3377 1032 ait,

1771 1028 2081 1093 Evagrium
2113 1029 2187 1076 ad
2219 1043 2367 1090 eam,
2397 1030 2551 1093 cujus
2584 1046 2783 1080 nomen
2816 1034 3124 1096 nigredinis
3159 1028 3381 1086 testatur

1765 1100 2014 1165 perfidiae
2052 1098 2308 1163 tenebras,
2340 1100 2551 1153 librum
2568 1102 2891 1167 scripsisse,
2924 1106 3007 1157 sic
3040 1118 3112 1158 ex
3144 1108 3379 1162 nomine

1770 1174 1968 1224 Graeco
2008 1170 2305 1221 Melanium
2346 1171 2679 1238 designans.
2726 1176 2946 1227 Tamen
2988 1179 3369 1241 quadriennio
3411 1231 3416 1235 .

1769 1244 1972 1305 serius,
1996 1255 2204 1307 nempe
2226 1248 2293 1295 A.
2322 1245 2368 1295 D
2392 1245 2515 1299 410.
2547 1258 2633 1310 ep.
2662 1246 2918 1298 LXXXI.
2944 1249 3084 1300 alias
3112 1251 3369 1306 LXXIX.

1768 1316 1949 1379 (Nunc
1979 1315 2224 1377 CXLIII.)
2247 1320 2519 1368 Sanctum
2544 1317 2941 1381 Augustinum
2963 1322 3197 1375 nomine
3221 1322 3370 1375 Albi-

1770 1400 1883 1451 1131,
1898 1386 2183 1449 Melaniaej
2193 1387 2426 1452 unioris,
2440 1392 2497 1441 et
2508 1390 2727 1442 Piniani
2740 1390 2986 1456 salverej
2997 1395 3151 1446 ubet.
3165 1394 3377 1449 Albina

1770 1465 1891 1513 erat
1908 1460 2166 1511 Melaniae
2179 1459 2420 1511 senioris
2435 1473 2656 1526 socrus,
2671 1465 2875 1528 materj
2887 1465 3122 1530 unioris,
3139 1468 3375 1520 Piniano

1768 1532 1830 1583 in
1857 1530 2287 1582 matrimonium
2316 1530 2486 1583 datae.

1837 1605 2144 1654 VI.Rumor
2155 1604 2708 1668 contentionis,inter
2719 1604 3120 1661 celeberrimos
3136 1608 3377 1663 virosco-

1775 1675 1908 1728 tidie
1920 1675 2105 1739 magis
2120 1686 2186 1726 ac
2210 1675 2395 1740 magis
2407 1676 2469 1727 in
2486 1678 2793 1729 Palaestina
2807 1680 3282 1746 recrudescentis,
3299 1684 3372 1735 ad

1772 1751 2078 1811 ngyptum
2101 1759 2289 1810 usque
2323 1748 2601 1812 pervenit,
2618 1749 2733 1809 ubi,
2748 1751 2898 1801 sicut
2913 1752 3142 1816 Origeni
3170 1765 3376 1818 quam-

1770 1821 2047 1885 plurimas
2073 1818 2335 1883 impense
2358 1819 2620 1871 addictos
2644 1820 2958 1883 exstitisse,
2984 1826 3376 1877 monumentis

1769 1894 2061 1944 literarum
2093 1889 2382 1954 proditum
2414 1896 2519 1955 est,
2536 1892 2616 1943 ita
2636 1893 2920 1945 Johannis
2943 1899 3003 1946 et
3020 1896 3213 1947 Ruﬁni
3247 1909 3377 1962 par—

1771 1966 1915 2016 tium
1932 1962 2225 2014 studiosos
2249 1975 2617 2027 nequaquam
2641 1964 3012 2029 desideratos,
3041 1967 3174 2019 inde
3194 1970 3372 2033 potis-

1773 2036 1992 2086 simum
2003 2035 2256 2099 adparet,
2269 2034 2425 2097 quod
2440 2034 2627 2087 virum
2639 2034 2865 2099 fastigio
2877 2042 2934 2088 et
2945 2038 3270 2092 celebritate
3281 2053 3377 2093 no-

1772 2108 1946 2159 minis
1960 2110 2300 2171 maximum,
2320 2108 2696 2172 Theophilum
2712 2108 3092 2162 Patriarcham
3122 2112 3374 2165 Alexan-

1770 2181 2037 2233 drinumJ
2047 2178 2258 2230 ohanni
2271 2183 2329 2231 et
2339 2179 2607 2243 Ruﬁnoin
2622 2179 2731 2230 hac
2743 2192 2951 2233 caussa
2960 2183 3375 2249 adstipulatum

1774 2251 2022 2304 dubitari
2031 2255 2298 2313 nequeat.
2313 2253 2537 2302 Etenim
2547 2255 3089 2318 prmterquamquod
3102 2256 3377 2321 Theophi-

1772 2329 1865 2376 lus
1889 2335 1958 2374 ea
1991 2327 2333 2385 tempestate
2356 2323 2586 2386 Urigeni
2603 2321 2849 2385 favebat,
2878 2325 3051 2377 etiam
3090 2327 3376 2380 adversus

1772 2393 2408 2458 Anthropomorphitas,
2421 2392 2765 2457 Origeniano
2787 2393 3042 2458 dogmati
3057 2399 3375 2463 oppositos,

1771 2468 2076 2526 ferebatur,
2102 2464 2314 2528 quibus
2338 2468 2539 2529 postea
2564 2465 2808 2517 triennio
2829 2466 3029 2529 serius,
3052 2470 3260 2521 bellum
3284 2470 3375 2522 in-

1773 2537 1933 2598 dixit,
1961 2542 2026 2587 ut
2039 2540 2237 2587 auctor
2254 2540 2344 2587 est
2368 2535 2737 2588 Socrateslib.
2760 2538 2851 2589 VI.
2879 2550 3003 2604 cap.
3024 2542 3118 2591 Vi.
3146 2546 3205 2593 et
3220 2542 3290 2593 X.
3315 2546 3374 2595 et

1773 2612 2029 2661 Sozome.
2053 2606 2151 2660 lib.
2171 2609 2314 2660 VIII.
2340 2620 2462 2673 cap.
2485 2609 2582 2660 XI.
2608 2614 2667 2661 et
2692 2610 2816 2661 XII.
2839 2611 3125 2665 Palladius
3150 2614 3211 2665 in
3245 2615 3377 2667 Vita

1771 2680 2166 2745 Chrysostomi
2193 2693 2323 2746 pag.
2346 2680 2469 2735 151.
2494 2687 2779 2734 memorat
2798 2682 2993 2736 literas
3027 2686 3100 2737 ab
3143 2698 3210 2738 eo
3247 2686 3377 2740 scri-

1770 2759 1901 2822 ptas
1916 2755 1989 2805 ad
2015 2751 2274 2804 Siricium
2298 2754 2603 2805 Summum
2629 2754 2966 2807 Pontiﬁcem
3002 2762 3205 2810 contra
3242 2759 3375 2824 Epi-

1770 2828 2068 2893 phanium,
2094 2828 2367 2888 tanquam
2387 2825 2744 2887 haereticum,
2770 2830 2829 2878 et
2860 2832 3155 2881 auctorem
3179 2830 3373 2882 Schis-

1768 2898 1963 2961 matis,
2005 2896 2279 2948 nimirum
2323 2902 2554 2962 propter
2584 2897 3003 2951 ordinationem
3034 2900 3372 2955 Pauliniani.

1769 2970 1971 3022 Virum
1982 2981 2211 3034 quoque
2224 2968 2684 3033 Sanctissimum,
2696 2973 2763 3021 ut
2774 2969 3082 3023 minimum
3094 2977 3375 3037 tanquam

1768 3039 2418 3107 AnthrOpomorphitam
2438 3039 2511 3091 ab
2522 3040 2726 3093 eodem
2736 3041 3085 3108 traductum,
3108 3045 3372 3098 Socrates

96 3124 212 3175 opes,
259 3119 300 3162 et
338 3112 715 3178 Sardanapali
753 3113 991 3175 delicias,
1027 3115 1091 3163 de
1131 3114 1245 3164 sola
1279 3116 1577 3168 rusticitate
1616 3132 1669 3169 se
1699 3159 1743 3178 η
1767 3122 1825 3167 et
1848 3112 2202 3167 Sozomenus
2225 3112 2285 3163 in
2309 3112 2452 3163 locis
2473 3112 2617 3164 alias
2646 3112 2913 3165 indicatis
2940 3113 3098 3167 haud
3124 3116 3370 3170 obscure

91 3159 244 3245 jactet.
263 3159 366 3237 in;
380 3159 849 3249 iussisses;
863 3159 1667 3251 ’έέἰεέηῐὶειῶζἰηὸὶἐέξέῖῖίῷ
1696 3159 1743 3232 C
1766 3159 2083 3239 asellas:
2088 3159 2203 3236 11Ῑὲ
2226 3159 3368 3254 ἷιιῖὀῶἷιέἕιῖἱηᾶι-ἶιὶιὶῖιὶιίῖιῖῖῖιῖἔόῥῶιῖ

99 3260 371 3309 commoda
402 3258 588 3322 carpit
618 3256 1021 3322 Hieronymus,
1062 3260 1299 3310 omnino
1337 3269 1667 3326 congruunt
1765 3272 1899 3313 cum
1916 3259 2182 3311 Johanne
2197 3256 2495 3322 etRuﬁno,
2510 3256 2793 3322 discipulo
2805 3257 2942 3310 olim
2958 3261 3367 3323 suo,amicitia,

99 3337 210 3390 quae
237 3328 293 3379 in
313 3330 643 3383 Johannem
664 3334 860 3394 aperte
897 3330 1097 3383 scribit
1143 3331 1310 3396 epist.
1346 3333 1659 3389 XXXVIII.
1765 3344 2011 3398 quorum
2025 3329 3369 3395 opinionejamdudumoccupabatur.Exiiiero-

96 3398 216 3450 alias
235 3402 371 3466 LXI,
402 3415 536 3467 pag.
560 3401 681 3456 308.
708 3403 853 3451 Certe
882 3417 975 3451 nec
998 3408 1161 3463 atate,
1186 3420 1280 3453 nec
1304 3408 1544 3468 scientia,
1571 3424 1665 3458 nec
1764 3406 1927 3469 nymi
1947 3402 2121 3467 longa
2145 3401 2388 3466 epistola
2417 3401 2492 3453 ad
2516 3403 2949 3454 Pammachium
2978 3417 3111 3469 pag.
3137 3404 3259 3462 330.
3282 3406 3369 3459 di-

96 3471 193 3519 vitas
209 3474 408 3535 merito,
433 3489 531 3523 nec
556 3474 716 3523 totius
740 3472 884 3523 orbis
913 3474 1234 3539 testimonio,
1270 3478 1453 3541 major
1490 3479 1582 3529 illo
1614 3496 1663 3530 es
1765 3481 1915 3529 serte
1949 3474 2292 3540 colligimus,
2340 3475 2665 3526 Johannem
2695 3487 2798 3539 pro
2829 3488 2892 3527 se
2938 3478 3241 3542 scripsisse
3290 3478 3364 3531 ad

97 3542 433 3610 (Epiphanio).
477 3546 540 3597 Si
571 3551 791 3607 aetatem,
810 3546 1030 3610 juvenis
1056 3548 1129 3597 ad
1152 3563 1333 3598 senem
1360 3550 1563 3603 scribis.
1602 3552 1663 3603 Si
1764 3546 2165 3613 Theophilum.
2195 3547 2577 3608 Quamobrem
2602 3551 2841 3599 sanctus
2871 3547 3071 3601 doctor
3097 3550 3247 3602 inter
3269 3564 3363 3604 ce-

94 3616 358 3679 scientiam,
374 3634 491 3668 non
506 3618 581 3667 sic
592 3619 852 3682 eruditus,
871 3620 945 3669 ad
961 3620 1193 3683 doctum,
1211 3622 1327 3671 licet
1347 3635 1663 3678 “omnes
1762 3627 1886 3674 tera
1907 3619 2159 3685 graviter
2183 3617 2531 3683 expostulat,
2554 3632 2656 3671 cur
2684 3620 2758 3670 ad
2783 3620 3243 3674 Alexandrinum
3262 3623 3368 3676 Pa-

96 3697 192 3763 TUI_
210 3691 539 3763 disertiorem
582 3691 947 3753 Demosthene,
991 3694 1290 3743 acutiorem
1331 3695 1659 3763 Chrysippo,
1763 3693 2087 3754 triarcham,
2223 3702 2399 3755 quem
2423 3690 2728 3743 Palaestina
2750 3704 2871 3744 non
2906 3693 3234 3760 pertineret,
3265 3707 3367 3761 p0-

92 3760 440 3822 sapientiorem
458 3762 683 3815 Platone
693 3764 1037 3827 contendant,
1059 3772 1103 3814 el
1130 3766 1224 3813 tibi
1250 3767 1354 3831 ipsi
1374 3760 1513 3831 forte
1530 3760 1664 3834 per;
1763 3767 1879 3819 tius
1903 3776 2081 3829 quam
2105 3762 2199 3816 vel
2221 3762 2295 3815 ad
2320 3765 2753 3816 Cmsareensem
2782 3764 3224 3831 metropolitam,
3270 3760 3364 3820 cui

94 3834 349 3884 suaserint.
363 3837 616 3889 Demum
636 3847 767 3900 pag.
793 3834 915 3891 312.
944 3837 1026 3888 sic
1040 3837 1205 3889 illum
1233 3838 1433 3892 irridet
1458 3854 1471 3890 :
1489 3857 1664 3907 πρεφε-
1762 3840 2016 3900 suberat,
2029 3841 2228 3889 etcum
2242 3848 2357 3899 quo
2371 3836 2761 3888 Bethleemitte
2772 3837 2844 3888 ab
2854 3839 2881 3889 J
2891 3837 3119 3890 ohanne
3132 3852 3365 3904 separa-

95 3908 163 3951 tus
181 3911 244 3954 est
271 3909 441 3958 secuti
464 3910 640 3958 nostri
663 3908 816 3957 haud
828 3910 1058 3971 grandis
1076 3911 1461 3976 homunculus,
1480 3916 1578 3977 qui
1599 3916 1661 3964 de
1763 3907 2340 3969 “communicabant,
2356 3907 2533 3960 velad
2548 3907 2997 3973 Antiochenum,
3010 3914 3171 3961 totius
3185 3911 3369 3962 Orien-

94 3978 270 4047 cunctis
295 3979 540 4030 Ecclesiae
567 3981 950 4046 questionibus
974 3997 1086 4031 uno
1118 3982 1317 4047 lingua:
1344 3990 1527 4034 rotatu
1558 3985 1662 4037 sole
1762 3986 1825 4031 tis
1852 3979 2239 4033 Patriarcham
2260 3979 2457 4030 literas
2491 3992 2628 4031 suas
2658 3978 3024 4044 perferendas
3062 3987 3360 4036 curasset:

94 4046 267 4099 clarius
294 4058 612 4105 eoi-uacaret.
646 4054 785 4105 Haac
824 4052 1123 4105 scientiam
1169 4046 1491 4108 Johannis:
1522 4070 1663 4123 opes
1760 4060 1937 4118 atque
1949 4053 2076 4105 haec
2094 4055 2297 4116 postea
2319 4050 2648 4116 subjungit:
2668 4048 2915 4123 Maluisli
2928 4062 3366 4106 OCCUPA'I‘Isaw-

99 4131 229 4195 v_ero,
272 4138 401 4176 mox
434 4125 779 4178 adducenda
812 4136 885 4177 ex
918 4139 1045 4190 pag.
1077 4125 1199 4181 314.
1226 4129 1659 4195 perstringunt:

98 4190 160 4239 Tu
178 4196 265 4257 qui
278 4198 539 4248 sumtibus
549 4198 816 4261 abundas,
832 4203 875 4247 et
894 4199 1056 4248 totius
1073 4200 1216 4248 orbis
1227 4190 1421 4264 religio
1447 4190 1661 4253 lucrum

97 4267 229 4315 tuum
248 4275 331 4319 est.
362 4273 494 4322 Jam
518 4282 654 4323 vero
679 4270 754 4323 ad
788 4271 1092 4323 Melaniam
1116 4272 1439 4325 redeamus.

145 4338 204 4413 V_.
223 4342 646 4395 Nobilissimam
676 4342 946 4395 feminam
986 4345 1232 4396 summis
1266 4345 1537 4400 laudibus
1570 4361 1662 4413 pe-

96 4408 230 4463 rinde
250 4426 312 4465 ac
334 4417 625 4479 Ruﬁnum,
652 4416 1042 4480 Hieronymus
1063 4417 1200 4469 olim
1224 4418 1297 4469 ad
1321 4418 1532 4471 omium
1556 4408 1662 4473 ex-

96 4481 290 4558 tulerat.
313 4488 380 4539 In
410 4488 582 4553 epist.
610 4489 653 4540 Ι.
674 4487 816 4541 alias
842 4490 981 4540 XLI.
1009 4494 1067 4541 et
1088 4491 1156 4541 II.
1192 4490 1335 4542 alias
1366 4492 1435 4544 X.
1467 4492 1661 4558 (Nunc

94 4552 158 4626 tu
177 4558 345 4624 etIV.)
365 4552 615 4611 sanctam
633 4560 876 4614 dixerat.
903 4562 1081 4626 Epist.
1106 4564 1283 4614 xxu.
1309 4563 1450 4617 alias
1472 4552 1651 4617 'xxv.

94 4625 249 4685 (Nunc
267 4630 501 4698 XXXIX)
529 4645 662 4697 quae
678 4636 768 4685 est
782 4636 855 4685 de
878 4625 1042 4686 obitu
1064 4635 1310 4688 Blesilla
1328 4636 1455 4688 hanc
1478 4637 1658 4702 scrip-

94 4707 249 4753 serat:
274 4705 471 4756 Sancta
489 4707 731 4757 Melania
752 4707 923 4756 nostri
941 4709 1195 4772 temporis
1215 4708 1359 4758 inter
1390 4710 1657 4761 Christia-

92 4784 174 4820 nos
187 4789 298 4825 vera
308 4777 559 4829 nobilitas
573 4778 721 4843 (cum
737 4793 850 4843 qua
876 4776 974 4828 tibi
995 4780 1265 4829 Dominus
1274 4781 1523 4846 mihique
1537 4796 1594 4832 co
1601 4798 1657 4831 n-

93 4845 216 4895 ccdat
236 4849 290 4898 in
310 4850 394 4901 die
406 4866 512 4902 sua
534 4851 731 4903 habere
747 4854 990 4916 partem)
1018 4853 1215 4903 calente
1248 4845 1442 4905 adhuc
1466 4855 1656 4906 mariti

94 4923 388 4992 Wb,
408 4929 455 4974 et
476 4925 708 4975 necdum
732 4927 977 4989 humata,
1005 4926 1140 4975 duos
1154 4926 1321 4976 simul
1332 4927 1573 4992 perdidit
1587 4930 1657 4992 ﬁ-

95 4985 191 5040 lios.
211 4992 329 5043 Rem
350 4985 471 5046 sum
489 4997 736 5047 dicturus
758 4985 1147 5059 incredibilem,
1162 4999 1252 5048 sed
1272 4985 1392 5048 teste
1419 4985 1655 5062 Christo,

91 5074 182 5137 t{011
194 5064 398 5126 falsam.
416 5070 548 5129 Quis
565 5069 720 5119 illam
740 5075 866 5119 tunc
887 5084 999 5119 non
1014 5074 1229 5135 putaret
1250 5085 1397 5121 more
1412 5070 1659 5137 lympha-

94 5134 177 5183 tico
213 5142 403 5203 sparsis
426 5142 689 5204 crinibus,
708 5147 839 5193 veste
853 5134 1119 5192 conscissa
1135 5142 1373 5194 lacerum
1384 5134 1561 5207 pectus
1577 5146 1659 5194 in-

92 5207 252 5281 vadere
271 5213 295 5262 ?
314 5214 578 5265 Lacrimae
596 5220 748 5281 gutta
768 5230 882 5266 non
905 5216 1087 5281 fluxit,
1118 5217 1254 5266 stetit
1278 5216 1593 5281 immobilis,
1611 5222 1656 5268 et

95 5279 154 5353 (id
178 5283 316 5344 pedes
325 5287 580 5337 advoluta
600 5279 828 5349 Christi,
848 5279 1005 5353 quasi
1024 5288 1204 5353 ipsum
1220 5292 1428 5349 teneret,
1447 5279 1653 5341 arrisit.

94 5346 395 5425 Emeditius,
422 5359 624 5424 inquit,
659 5358 753 5409 tibi
780 5346 1056 5409 scr-vitum.
1066 5374 1207 5423 sum,
1241 5346 1487 5420 Domine,
1523 5360 1657 5425 quia

96 5423 216 5473 tanto
234 5441 309 5477 me
334 5423 765 5481 onereiliberasli.
796 5432 897 5482 Sed
910 5431 1143 5494 forsitan
1169 5437 1461 5496 superatur
1482 5423 1546 5482 iri
1576 5448 1659 5483 ce-

98 5495 212 5547 leris.
240 5499 512 5565 Quinimo,
538 5518 648 5568 qua
670 5503 786 5554 illos
818 5509 991 5554 mente
1027 5495 1375 5569 contemserit,
1410 5504 1472 5553 in
1496 5505 1658 5555 unico

96 5574 243 5627 Po‘lw
255 5574 365 5635 [ilio
375 5575 587 5641 probat,
604 5578 692 5626 cui
707 5578 878 5638 omni,
898 5592 1067 5642 quam
1079 5576 1318 5639 habebat,
1333 5579 1659 5642 possessione

99 5650 321 5718 οίῄιοξωα,
338 5648 623 5713 ingruente
648 5650 771 5714 jam
790 5650 980 5713 hieme,
997 5650 1423 5713 Hierosolymam
1436 5651 1661 5715 naviga-

101 5716 176 5788 fflo
206 5716 265 5768 In
290 5718 568 5775 Chronico
600 5734 769 5776 novas
806 5723 1000 5774 Thecla
1037 5722 1270 5775 nomine
1309 5724 1369 5776 et
1397 5722 1459 5776 in
1490 5723 1657 5788 epist.

102 5783 295 5865 XXVII.
305 5794 445 5850 alias
460 5797 636 5851 XCIX
646 5797 717 5865 (Ν
720 5813 824 5849 unc
847 5799 929 5849 VL
942 5797 1017 5862 V.)
1032 5796 1106 5849 ad
1121 5795 1375 5850 Asellam
1387 5811 1423 5846 a
1434 5783 1660 5847 con-tem-

104 5861 157 5914 κι
172 5864 514 5941 facultatibus,
534 5861 958 5943 pignoribusque
978 5861 1216 5938 desertis,
1237 5873 1299 5922 ut
1320 5883 1533 5921 crucem
1546 5867 1661 5919 Do-

1678 4580 1737 4656 D

1758 4128 1911 4178 ribus
1940 4125 2243 4176 molestiam
2265 4124 2457 4187 facere,
2486 4138 2655 4188 quam
2688 4122 2921 4173 debitum
2947 4125 3363 4191 metropolitano

1760 4205 1850 4249 tuo
1868 4201 2127 4250 honorem
2148 4196 2384 4246 reddere.
2409 4195 2517 4245 Nec
2541 4195 2637 4245 hoc
2656 4195 2796 4259 dico,
2812 4197 2956 4261 quod
2969 4204 3161 4262 prater
3175 4209 3366 4252 mint-

1760 4284 1895 4326 TIAS
1916 4287 2034 4337 quis
2056 4268 2493 4335 suspicationem,
2514 4274 2790 4334 generant,
2823 4269 3131 4334 quidquam
3152 4270 3213 4320 in
3231 4270 3367 4337 legw

1758 4346 1901 4396 tione
1912 4344 2328 4409 reprehendam.
2348 4341 2614 4402 Ruﬁnus,
2631 4340 2745 4405 qui,
2760 4353 2821 4392 se
2834 4342 2896 4391 in
2912 4341 3164 4393 omnibus
3178 4343 3366 4396 Theo-

1760 4418 1898 4483 phili
1912 4416 2233 4467 sententiam
2251 4413 2414 4477 sequi
2433 4413 2707 4478 jactabat,
2732 4424 2868 4465 eum
2894 4425 3048 4479 sape
3064 4413 3367 4479 instigavit

1759 4494 1961 4541 contra
1979 4488 2417 4551 Hieronymum,
2434 4484 2604 4548 quasi
2626 4484 2719 4536 hic
2734 4484 2902 4537 hoste
2918 4485 3172 4548 quodam
3188 4485 3365 4539 Theo.

1757 4560 1913 4626 phili,
1942 4557 2289 4611 familiariter
2305 4559 2579 4607 uteretur.
2598 4557 2780 4608 Immo
2806 4558 2865 4607 et
2888 4555 3160 4620 epistolas
3177 4558 3364 4611 Theo-

1759 4633 1915 4699 phili,
1939 4633 2144 4685 Ruﬁno
2168 4629 2525 4696 prohibente,
2544 4627 2932 4694 Hieronymus
2954 4629 3063 4681 sibi
3085 4642 3208 4684 non
3232 4631 3362 4685 red-

1756 4707 1905 4760 ditas
1932 4705 2129 4757 scribit
2159 4703 2258 4755 lib.
2284 4703 2377 4754 III.
2406 4700 2701 4767 Apologia
2729 4714 2858 4768 pag.
2886 4700 3155 4757 455.Mez
3176 4709 3362 4755 autem

1754 4776 2156 4829 communionis
2181 4782 2229 4824 et
2245 4776 2407 4841 Papa
2432 4773 2712 4839 Theophili
2737 4774 2955 4824 nullum
2968 4775 3148 4826 alium
3185 4781 3363 4827 testem

1754 4851 1944 4902 vocabo
1967 4850 2077 4899 nisi
2094 4850 2291 4914 ipsum,
2318 4862 2479 4913 quem
2499 4864 2535 4897 a
2560 4863 2644 4899 me
2674 4859 2892 4902 LIBSUM
2907 4848 3167 4901 simulas:
3207 4850 3363 4917 cujus

1754 4923 2020 4988 epistolas,
2049 4937 2085 4970 a
2120 4935 2431 4986 mesemper
2466 4920 2642 4981 datas,
2680 4921 2845 4970 etiam
2882 4935 2941 4970 eo
2988 4925 3221 4987 tempore
3246 4937 3362 4973 non

1754 4998 1995 5061 ignoras,
2015 5008 2123 5058 quo
2157 4992 2301 5042 mihi
2335 5007 2423 5041 eas
2455 4993 2611 5042 reddi
2640 4990 2992 5061 prohibebas,
3040 4998 3088 5042 et
3122 4988 3364 5058 quotidie

1754 5059 1933 5117 missis
1956 5064 2264 5124 tabellariis,
2290 5064 2583 5113 inimicum
2612 5059 2728 5128 ejus
2751 5064 2995 5114 amicum
3017 5071 3290 5125 nostrum,
3316 5066 3363 5115 et

1755 5136 2549 5205 familiarissimumjactitabas
2563 5152 2578 5187 :
2590 5143 2633 5187 et
2646 5151 2849 5201 ea,quae
2862 5151 3010 5186 nunc
3021 5136 3363 5202 impudenter

1756 5212 1961 5275 scribis,
1982 5207 2339 5268 mentiebaris,
2353 5212 2411 5256 ut
2427 5206 2575 5257 illius
2590 5213 2778 5259 contra
2794 5221 2889 5257 nos
2905 5206 3035 5257 odia
3048 5207 3359 5269 concilares,

1757 5290 1802 5334 et
1813 5285 1869 5332 in
1869 5282 2036 5347 juris:
2048 5280 2201 5330 dolor
2214 5277 2341 5341 ﬁdei
2350 5279 2495 5342 ﬁeret
2506 5277 3076 5344 oppressianimicus
3086 5276 3363 5331 illeTheoo

1757 5355 1915 5422 phili,
1950 5365 2122 5418 quem
2156 5352 2387 5413 Ruﬁnus
2410 5351 2760 5417 Hieronymo
2775 5350 3097 5403 adhmsisse
3112 5348 3359 5422 scripsit,

1758 5420 1883 5481 erat
1903 5427 2131 5478 Paullus
2159 5423 2414 5488 quidam.
2436 5423 2496 5474 in
2509 5425 2752 5488 Egypto
2772 5422 3008 5474 incertat
3030 5420 3192 5473 Sedis
3209 5421 3363 5486 epis-

1759 5513 1965 5565 copus:
1989 5510 2164 5563 quem
2180 5498 2252 5547 ab
2270 5495 2583 5559 TheOphilo
2600 5496 2871 5559 ejectum,
2890 5491 3280 5565 Hieronymus
3298 5493 3358 5547 in

1760 5564 1865 5625 suo
1885 5569 2234 5623 monasterio
2250 5572 2555 5632 receperat,
2571 5566 2815 5618 Ruﬁnus
2830 5564 2984 5616 enim
2998 5565 3071 5616 ab
3084 5564 3359 5632 Hierony-

1759 5658 1854 5697 mo
1879 5644 2188 5708 ﬂagitatus,
2207 5654 2242 5705 q
2255 5639 2443 5691 nando
2462 5637 2777 5702 Theophili,
2794 5649 2967 5703 quem
2987 5636 3049 5688 in
3073 5648 3167 5689 ore
3179 5638 3359 5691 habe-

1759 5719 1874 5781 bat,
1903 5714 2250 5768 sententiam
2276 5712 2458 5776 sequi,
2483 5711 2785 5774 eidemque
2804 5709 2938 5762 ﬁdei
2955 5709 3361 5764 communione

1760 5788 1964 5842 sociari
1994 5786 2282 5852 cmpisset,
2323 5784 2490 5835 Credo
2517 5820 2533 5846 ,
2570 5782 2788 5847 inquit,
2825 5782 3048 5848 quando
3080 5781 3359 5846 Paullum,

1759 5875 1918 5930 quem
1935 5858 2024 5913 ille
2045 5859 2416 5924 damnaverat,
2428 5869 2642 5908 summo
2662 5853 2811 5921 nisu,
2835 5860 2882 5908 et
2903 5853 3155 5908 omnibus
3163 5852 3361 5909 studiis
