3902 6408
50 375 77 430 1
88 373 163 431 05

45 489 156 550 rat,
172 486 416 540 demum
439 488 779 541 auctoritate
803 500 909 541 sua
929 488 1400 554 obtinuisse,non
1416 493 1610 540 lmmeri
1622 498 1666 540 to

43 558 370 611 existimat.
418 560 530 612 Sed
574 561 708 624 quia
737 560 915 612 series
949 564 1275 625 temporum
1308 562 1369 614 in
1407 562 1666 626 operosis

42 630 385 682 Annalibus
407 644 528 683 non
548 644 675 683 raro
700 631 901 684 luxata
926 632 1155 692 fatiscit,
1178 633 1309 685 ideo
1332 633 1521 685 exitus
1542 646 1664 684 mu-

40 714 185 766 gna
211 702 349 766 ejus
373 703 783 755 controversia
799 703 1011 756 ibidem
1030 703 1395 767 quadriennii
1413 706 1662 753 snacliro-

41 774 246 825 nismo
283 773 532 837 laborat,
566 776 734 838 cujus
772 775 851 825 rei
876 777 1087 827 veritas
1113 774 1274 827 facile
1300 775 1660 827 ostenditur:

40 857 186 896 nam
217 844 551 897 Palastina
569 845 864 897 altercatio
890 845 1081 897 adhuc
1106 845 1361 898 fervebat
1379 858 1495 910 quo
1523 852 1665 898 tem—

42 926 185 987 pore
206 915 462 987 Sanctus
480 915 868 987 Hieronymus
881 917 1382 987 commentabatur
1395 917 1452 967 in
1465 920 1681 987 lenam,

42 984 147 1035 ubi
171 997 363 1048 quum
391 984 465 1037 de
486 986 851 1049 corruptione
867 992 925 1038 et
945 986 1377 1051 incorruptione
1394 1002 1661 1047 corporum

40 1055 392 1120 loqueretur
412 1068 536 1121 cap.
562 1059 627 1109 II.
649 1056 778 1109 hac
800 1058 860 1108 in
884 1056 1081 1109 literas
1104 1058 1265 1109 misit
1291 1074 1303 1109 :
1346 1062 1451 1108 Hoc
1482 1058 1566 1107 illi
1591 1059 1663 1107 ad

42 1128 387 1177 occasionem
410 1143 519 1178 suae
541 1128 747 1178 ducunt
772 1130 1039 1194 haereseos,
1058 1134 1118 1179 ut
1140 1128 1236 1178 sub
1257 1144 1491 1194 persona
1510 1130 1665 1180 Chri-

42 1200 111 1248 sti
143 1200 496 1249 mentiantur
534 1200 953 1261 Antichristum,
992 1201 1249 1251 Ecclesias
1282 1212 1579 1261 TENBAN'I‘,
1605 1208 1662 1249 ut

46 1275 289 1320 ventrem
318 1271 747 1336 pinguissimum
763 1273 1033 1334 nutriant,
1058 1278 1103 1322 et
1118 1273 1416 1323 carnaliter
1436 1273 1664 1321 viventes

46 1347 245 1391 contra
254 1357 477 1392 carnem
488 1343 775 1408 disputent.
792 1345 930 1396 Hac
942 1356 1075 1407 qua
1087 1344 1416 1395 defensores
1432 1346 1662 1403 Origenis

46 1413 497 1466 evidentissima
513 1414 743 1480 feriunt,
761 1415 830 1465 iis
846 1419 1325 1478 consonant,qua
1341 1414 1477 1466 alibi
1493 1426 1529 1465 a
1544 1416 1662 1463 Viro

49 1486 265 1537 Sancto
299 1484 363 1536 in
408 1485 733 1537 Johannem
758 1485 1347 1550 Hierosolymitanum
1369 1485 1523 1537 dicta
1540 1485 1661 1549 jam

51 1558 512 1609 memoravimus
532 1570 548 1620 ;
566 1558 741 1609 verba
763 1558 919 1609 enim
941 1562 1002 1606 ut
1022 1556 1287 1607 Ecclesiae
1311 1558 1664 1621 teneant,epi-

49 1640 266 1693 scopos
311 1627 661 1689 denotantia,
705 1628 779 1681 ad
816 1641 999 1680 unum
1022 1628 1348 1681 Johannem
1363 1628 1663 1681 referenda

47 1702 216 1762 sunt,
231 1704 434 1751 contra
443 1712 617 1764 quem
633 1700 1017 1764 Hieronymus
1041 1713 1229 1765 usque
1242 1700 1316 1752 ad
1328 1701 1484 1752 hunc
1508 1703 1575 1752 A.
1596 1703 1659 1751 D.

48 1769 179 1825 297.
200 1772 464 1824 certavit.
490 1774 555 1823 In
578 1784 712 1824 eum
736 1784 869 1824 vero
888 1784 1254 1837 nequaquam
1272 1772 1355 1824 sic
1376 1775 1658 1835 scripsisset

50 1842 257 1895 statim
282 1855 318 1894 a
338 1854 480 1908 pace
502 1843 662 1895 inita.
686 1844 858 1895 Porro
884 1845 942 1895 in
959 1844 1300 1897 Prafatione
1321 1844 1394 1896 ad
1409 1844 1657 1896 eundem

48 1913 401 1979 prophetam
443 1914 679 1967 disertis
714 1915 909 1967 verbis
930 1914 1195 1976 affirmat,
1225 1928 1286 1966 se
1302 1915 1375 1967 ad
1398 1916 1662 1980 Nepotia-

50 1999 196 2035 num
218 1985 302 2035 vet
324 2000 424 2049 pro
454 1985 759 2050 Nepotiano
783 1987 917 2036 duos
936 1986 1097 2036 libros
1116 1986 1386 2049 edidisse,
1410 1987 1512 2051 qui
1533 1987 1664 2051 Epi-

50 2057 317 2121 taphium
338 2057 717 2120 appellantur.
748 2058 1216 2123 Hujusepitaphii
1239 2060 1479 2120 epocham
1503 2060 1571 2109 A.
1597 2059 1660 2109 D.

50 2126 180 2182 396.
206 2126 421 2192 illigari
443 2139 620 2192 supra
640 2128 703 2180 in
723 2127 1052 2181 Chromatio
1071 2129 1168 2180 lib.
1185 2130 1281 2180 III.
1306 2130 1590 2194 cap.III.§.
1610 2129 1643 2183 3

43 2200 174 2263 jam
220 2198 767 2251 demonstravimus.
811 2202 997 2261 Quare
1019 2200 1252 2251 nonnisi
1274 2200 1384 2253 hoc
1411 2204 1663 2264 tempore

51 2270 450 2335 Hieronymus
465 2272 1266 2331 commentabaturinJonam,
1285 2270 1535 2324 necdum
1547 2287 1660 2320 cuiu

49 2342 325 2394 Johanne
352 2342 874 2407 Hierosolymitano
894 2344 955 2395 in
978 2343 1342 2396 concordiam
1375 2342 1662 2398 redactus.

51 2416 149 2478 cuj
162 2426 234 2465 us
253 2413 651 2465 communioni
670 2414 1038 2479 postmodum
1053 2414 1375 2479 restitutus,
1398 2428 1659 2476 nunquam

54 2485 296 2550 scriptis
319 2485 380 2537 in
402 2484 586 2537 ullum
611 2486 844 2537 exarsit.

118 2557 189 2608 II.
229 2557 354 2609 Hoc
377 2555 503 2609 loco
526 2556 931 2622 pratereunda
946 2568 1064 2609 non
1076 2561 1214 2609 sunt
1228 2568 1360 2621 qua
1381 2556 1454 2608 de
1464 2557 1662 2621 Ruﬁno

52 2630 113 2680 et
146 2627 395 2678 Melania
408 2628 675 2693 leguntur
688 2630 841 2695 apud
858 2628 1174 2681 Palladium
1191 2629 1250 2680 in
1268 2628 1517 2681 Historia
1532 2631 1663 2677 Lau-

54 2701 226 2752 siaca
264 2712 389 2765 cap.
436 2712 645 2753 cxvm.
687 2700 958 2765 quoniam
998 2713 1119 2752 non
1156 2700 1439 2753 modicam
1472 2700 1661 2753 lucem

53 2773 237 2823 rebus
251 2770 468 2824 nostris
489 2771 711 2824 adferre
731 2776 993 2837 possunt.
1018 2773 1160 2824 Hac
1179 2777 1316 2824 sunt
1340 2774 1466 2837 ejus
1487 2773 1663 2825 verba

55 2858 131 2896 ex
158 2844 401 2908 antiqua
425 2845 688 2897 versione
711 2843 1055 2896 Heraclidis:
1087 2842 1208 2892 Illos
1222 2844 1383 2892 etiam
1400 2843 1665 2908 quadrin-

52 2922 245 2980 gentos
266 2930 497 2966 numero
511 2917 823 2980 monachos,
847 2916 944 2981 qui
962 2920 1189 2981 propter
1215 2915 1519 2965 Paulinum
1533 2930 1585 2965 se
1595 2917 1661 2965 ab

54 2987 275 3037 ecclesia
297 2986 641 3052 separabant,
691 2993 886 3037 sancta
927 3001 1123 3036 rursus
1154 2986 1373 3037 ecclesia:
1413 2987 1661 3036 reddide-

51 3063 210 3110 runt.
259 3058 559 3121 Baronius,
605 3058 705 3123 qui
755 3058 882 3111 hac
924 3058 1127 3110 recitat
1148 3060 1217 3109 A.
1241 3060 1306 3110 D.
1335 3057 1458 3113 3722
1494 3058 1544 3121 §.
1570 3058 1658 3113 99.

51 3130 393 3192 Paulinum,
430 3130 831 3180 Antiochenam
872 3129 1201 3195 Episcopum
1238 3129 1332 3181 hic
1367 3129 1657 3195 designari

49 3201 344 3267 opinatur,
391 3213 564 3265 quem
587 3206 788 3254 contra
816 3201 1101 3262 Meletium,
1128 3201 1262 3253 licet
1290 3200 1652 3265 catholicum,

1338 377 1530 431 VITA.
1566 378 1701 431 LIB.
1735 378 1778 429 Ι.
1815 378 1970 431 CAP.
2005 378 2099 430 IV.

3155 384 3365 442 ’106

1684 500 1737 571 Α
1762 505 1806 550 et
1830 514 1980 548 nunc
2002 499 2377 549 misericordia
2408 500 2506 550 Dei
2538 500 2761 566 indiget,
2796 518 2934 562 cave,
2960 504 3096 567 quia
3120 504 3367 569 Origenis

1765 572 2008 621 haeresim
2014 571 2164 636 prad
2169 572 2273 621 icat
2288 578 2333 621 et
2345 572 2509 636 docet,
2526 588 2591 621 ne
2598 572 2736 635 forte
2749 573 2963 639 aliquos
2981 575 3042 624 de
3057 577 3254 641 populo
3273 576 3367 626 tibi

1760 644 1956 693 credito
1979 643 2052 691 ad
2074 645 2470 707 perversitatem
2484 644 2573 692 sui
2586 644 2815 695 inducat
2825 647 3045 698 erroris.
3061 650 3364 698 Palladium.

1763 726 1936 778 quem
1968 719 2108 765 tunc
2136 715 2549 779 Hierosolymis
2580 715 2758 767 fuisse
2779 717 3366 781 aitEpipbanlusaperte

1764 784 2181 848 sugillatetiam
2200 787 2585 849 Hieronymus
2609 786 2671 837 in
2692 788 2928 851 prologo
2957 788 3176 853 Dialogi
3189 796 3365 839 contra

1764 856 2099 917 Pelagianos
2122 869 2134 906 :
2174 856 2459 906 Palladius
2481 857 2685 905 servilis
2708 859 2977 923 nequitia,
3004 860 3232 910 eandem
3258 861 3364 911 hae-

1762 927 1925 976 resim
1952 928 2263 977 instaurare
2282 937 2505 977 cona’us
2521 934 2609 977 est.
2626 929 2839 980 Verum
2855 929 3013 982 hunc
3025 931 3364 996 Palladium,

1761 998 1967 1047 servilis
2016 999 2266 1063 nequitia:
2289 1000 2602 1063 hominem,
2640 1003 2698 1051 et
2724 1000 3047 1065 Pelagiana
3068 1002 3364 1055 hareseos

1762 1069 2082 1131 alumnum,
2107 1082 2239 1120 cum
2263 1070 2528 1134 ejusdem
2544 1071 2795 1122 nominis
2814 1071 3285 1137 Helenopolitano
3305 1075 3364 1127 in

1762 1140 2031 1205 Bithynia
2056 1141 2353 1205 Episc0po,
2382 1140 2652 1193 Historia
2680 1143 2974 1195 Lausiaca
2992 1150 3242 1210 auctore,
3262 1162 3361 1195 non

1764 1214 1909 1264 bene
1926 1212 2202 1264 confundi
2236 1213 2432 1264 statim
2465 1213 2683 1277 patebit
2710 1212 2868 1266 Alter
2891 1215 3175 1265 Palladius
3200 1220 3366 1267 Hiero-

1763 1284 2003 1347 solymis
2025 1285 2357 1336 morabatur
2376 1287 2443 1336 Α.
2458 1286 2525 1335 D.
2549 1282 2673 1339 394.
2698 1298 2815 1348 quo
2834 1285 3203 1354 Epiphanius,
3230 1303 3363 1349 pra-

1763 1354 1989 1407 s‘entem
2012 1359 2067 1407 et
2088 1356 2370 1407 Johannis
2392 1355 2552 1407 lateri
2576 1356 2970 1409 adharentem
3003 1371 3104 1423 pro
3137 1362 3366 1410 haretlco

1760 1426 2120 1479 insimulavit
2147 1426 2208 1478 in
2231 1427 2471 1490 epistola
2487 1426 2690 1478 eodem
2712 1441 2865 1479 anno
2889 1430 3231 1496 conscripta,
3257 1432 3363 1484 Sed

1763 1497 2050 1547 Palladius
2096 1498 2422 1549 Ilistoricus
2465 1498 2539 1548 ab
2573 1500 2641 1549 A.
2678 1499 2743 1548 D.
2771 1496 2893 1552 388.
2920 1499 2993 1551 ad
3022 1502 3089 1551 A.
3131 1503 3194 1552 D.
3229 1501 3357 1558 399.

1762 1581 1987 1633 semper
2008 1568 2065 1619 in
2090 1568 2344 1633 .Egypto,
2378 1568 2764 1627 Alexandria,
2796 1570 2856 1621 in
2880 1570 3077 1624 Nitria
3101 1571 3363 1636 desertis,

1759 1644 1933 1703 atque
1956 1641 2015 1691 in
2038 1640 2287 1704 Cellulis,
2316 1641 2413 1703 qui
2436 1640 2597 1692 locus
2615 1644 2739 1692 erat
2760 1640 2819 1691 in
2843 1641 3046 1694 eadem
3068 1645 3363 1707 solitudine,

1755 1716 2046 1762 moratum
2090 1711 2377 1771 videmus,
2417 1710 2586 1762 Initio
2611 1712 2882 1765 Historia
2903 1713 3002 1777 ait,
3027 1726 3089 1765 se
3116 1715 3365 1779 primum

1759 1781 2210 1834 Alexandrinam
2239 1782 2533 1835 civitatem
2553 1782 2817 1846 attigisse
2841 1783 2903 1835 in
2926 1785 3156 1834 secundo
3187 1786 3367 1836 senio-

1694 1868 1742 1942 B
1764 1852 3234 1942 32".“.T"??ﬁ°_ﬁ‘i‘i‘i’lfi‘fff‘.“’399‘199Egi‘11‘f‘P-388-5i‘
3247 1869 3367 1942 νθξο

1765 1923 1898 1975 illuc
1924 1923 2100 1975 semel
2123 1923 2435 1988 profectus,
2461 1936 2763 1987 nunquam
2783 1924 2919 1977 inde
2944 1925 3214 1979 discessit
3234 1931 3369 1980 ante

1766 1997 1830 2046 Α.
1856 1996 1903 2046 D
1939 1994 2061 2049 399.
2088 2008 2203 2059 quo
2229 2008 2290 2046 se
2310 1996 2547 2059 Evagrio
2560 1996 2827 2047 morienti
2839 1995 3141 2050 adstitisse
3164 2005 3369 2049 testatur

1764 2079 1886 2130 cap.
1922 2067 2229 2117 LXXXVI.
2242 2066 2515 2129 Euagrius
2526 2070 2723 2118 autem
2739 2067 3041 2119 obiitcirca
3056 2071 3239 2119 festum
3256 2072 3371 2132 Epi-

1764 2138 1994 2202 phania
2019 2140 2085 2189 Α.
2120 2139 2184 2188 D.
2212 2136 2333 2192 399.
2362 2151 2435 2189 ex
2459 2135 2820 2190 Tillemontio
2848 2141 2985 2190 tom.
3005 2140 3074 2190 X.
3104 2152 3216 2205 pag
3239 2138 3363 2195 379.

1762 2209 2003 2259 Melania
2025 2213 2085 2260 et
2100 2210 2329 2272 Ruﬁnus
2349 2211 2589 2260 Romam
2606 2208 2899 2261 redierunt
2920 2212 3047 2261 ΑΒ.
3068 2207 3189 2266 397.
3206 2218 3259 2260 ut
3281 2214 3361 2261 in-

1763 2279 1849 2333 fra
1872 2281 2054 2332 visuri
2077 2293 2302 2332 sumus.
2315 2282 2500 2342 Quare
2515 2279 2801 2330 Palladius
2811 2293 2929 2332 non
2944 2281 3056 2333 nisi
3070 2285 3363 2344 priusquam

1762 2352 1821 2403 in
1844 2354 2154 2417 Egyptum
2182 2352 2468 2415 migraret.
2495 2352 2613 2403 sive
2645 2356 2780 2403 ante
2803 2353 2870 2403 Α.
2895 2353 2959 2402 D.
2980 2350 3085 2406 388
3125 2352 3365 2403 Melania

1762 2425 1819 2474 et
1832 2424 2195 2487 Ruﬁno,tunc
2207 2422 2467 2475 nondum
2489 2423 2844 2486 presbytero,
2859 2421 3274 2487 Hierosolymis
3286 2427 3365 2473 fa-

1761 2494 2054 2546 miliariter
2083 2494 2165 2546 uti
2189 2496 2391 2559 potuit,
2416 2492 2571 2558 quod
2595 2493 2666 2545 de
2688 2507 2748 2544 se
2776 2498 3022 2546 testatur
3055 2508 3177 2560 cap.
3203 2496 3272 2547 V.
3308 2500 3367 2547 et

1762 2566 2006 2617 CXVIII.
2052 2565 2366 2616 Bethleemi
2405 2565 2631 2629 integro
2655 2567 2722 2615 A.
2749 2566 2815 2615 D.
2843 2564 2965 2627 388,
2992 2571 3250 2618 moratus
3275 2572 3369 2618 est

1761 2650 1896 2689 cum
1927 2636 2262 2688 Possidonio
2288 2635 2560 2697 solitario,
2585 2649 2758 2699 quem
2782 2636 2934 2688 sicut
2952 2636 3242 2689 interdum
3256 2638 3366 2691 viri

1760 2708 1935 2760 etiam
1959 2708 2143 2760 sancti
2167 2708 2240 2759 ab
2263 2706 2564 2759 effectibus
2586 2706 2861 2759 humanis
2884 2708 3049 2760 vacui
3072 2721 3191 2761 non
3206 2715 3361 2775 sunt,

1761 2779 1832 2830 de
1858 2779 2205 2843 Hieronymo
2217 2778 2414 2829 minus
2430 2790 2596 2842 aque
2606 2777 2934 2842 loquutum,
2952 2792 3058 2831 nos
3073 2779 3361 2843 docetcap.

1762 2851 2039 2902 LXXVII.
2065 2850 2210 2913 Quia
2233 2862 2372 2903 vero
2400 2850 2494 2901 hic
2517 2848 2804 2899 Palladius
2819 2850 3140 2903 Historicus
3155 2856 3365 2916 prater

1761 2934 1930 2973 suam
1962 2933 2095 2972 cum
2117 2921 2316 2975 Ruﬁno
2340 2920 2669 2981 amicitiam,
2705 2925 2906 2972 contra
2946 2922 3361 2987 Hieronymum

1758 2993 1934 3045 nimis
1960 2992 2159 3045 tribuit
2181 2992 2519 3052 Possidonio,
2542 2996 2609 3043 ut
2630 2991 2845 3043 ibidem
2874 2994 3226 3055 atqueetiam
3250 3009 3360 3058 cap.

1759 3065 1983 3116 CXXII.
2010 3063 2196 3127 palam
2223 3062 2374 3124 facit,
2392 3061 2526 3114 hinc
2543 3061 2793 3114 eundem
2816 3073 2851 3113 a
2873 3062 3121 3113 Palladio
3147 3063 3361 3129 Galata,

1757 3136 1857 3198 qui
1879 3135 1952 3186 ab
1979 3132 2294 3199 Epiphanio
2328 3137 2387 3185 et
2410 3133 2757 3197 Hieronymo
2783 3134 3036 3199 vapulat,
3066 3135 3362 3189 diversum

1754 3218 2125 3270 nequaquam
2148 3205 2346 3268 fuisse,
2360 3205 2466 3257 viri
2488 3204 2810 3257 doctissimi
2835 3204 2999 3257 facile
3021 3209 3359 3260 crediderunt.

49 3275 127 3363 ap
174 3272 406 3363 Arianis
450 3278 645 3363 tamen
680 3272 1039 3363 prdinatqm‘,
1075 3273 1138 3363 in
1171 3272 1444 3363 cathedra
1464 3275 1657 3325 Antio-
1680 3287 1729 3363 ρ
1757 3280 2018 3363 Ceterum
2039 3275 2327 3363 Palladius
2349 3275 2709 3363 cathredram
2733 3276 3367 3363 Hele‘no‘polltana‘m‘in-

47 3346 242 3396 chena
269 3342 646 3397 collocaverat
679 3343 904 3396 Lucifer
919 3342 1293 3407 .Calaritanus
1316 3343 1656 3409 Episcopus,

44 3415 218 3467 Sedis
243 3415 590 3479 Apostolica
619 3416 861 3481 legatus,
880 3414 1033 3467 unde
1059 3415 1139 3467 ibi
1163 3416 1485 3468 maximum
1510 3416 1657 3468 schi-

48 3500 184 3539 sma
205 3487 527 3539 conﬂatum
548 3491 657 3551 est,
681 3486 837 3551 quod
867 3492 1067 3539 tamen
1092 3489 1158 3539 A.
1185 3487 1251 3538 D.
1278 3484 1401 3541 378.
1416 3488 1657 3553 Chryso-

47 3564 282 3611 stomus
304 3558 517 3623 aliique
539 3557 948 3622 extinxemnt;
974 3570 1092 3610 non
1121 3570 1254 3609 vero
1275 3558 1533 3623 Melania,
1558 3572 1654 3611 nc-

46 3643 165 3695 que
193 3631 447 3693 Rufinus.
478 3631 550 3682 Et
577 3641 717 3682 sane
738 3629 1153 3694 Hierosolymis
1176 3630 1470 3682 exstitisse
1515 3646 1656 3696 qua-

44 3704 370 3767 dringentos
390 3703 700 3764 monachos,
726 3707 944 3767 propter
965 3701 1270 3752 Paulinum
1286 3705 1652 3753 Antiochenum

45 3775 118 3825 ab
152 3772 414 3826 Ecclesia
437 3773 954 3839 Hierosolymitana
970 3772 1210 3835 divisos,
1228 3774 1463 3825 omnino
1487 3777 1656 3824 incre-

47 3845 225 3897 dibile
271 3848 380 3897 est.
416 3845 473 3897 Si
508 3844 718 3909 aliquis
742 3856 1001 3909 unquam
1040 3844 1266 3907 fuisset,
1290 3844 1448 3896 hunc
1471 3859 1651 3899 unum

48 3918 473 3980 Hieronymum
496 3915 607 3967 dici
632 3920 937 3977 oporteret,
964 3927 1140 3979 quem
1165 3915 1437 3968 Paulinus
1467 3919 1654 3979 preby-

48 3991 242 4041 terum
291 3986 655 4039 ordinaverat
698 4000 773 4040 ex
817 3986 1060 4040 Baronio
1108 3991 1174 4039 A.
1213 3987 1279 4037 D.
1317 3985 1439 4041 378.
1466 3989 1507 4049 ἓ.
1554 3986 1645 4042 7‘2.

50 4060 158 4113 Sed
195 4064 433 4124 propter
456 4059 604 4111 hanc
618 4070 885 4111 caussam
901 4059 1317 4123 Hieronymum
1332 4058 1655 4123 ipsum,ne-

49 4132 187 4184 dum
200 4129 955 4196 quadringentosmonachos,
968 4130 1040 4182 ab
1056 4130 1573 4194 Hierosolymitana
1582 4146 1656 4181 ec-

49 4204 225 4256 clesia
243 4202 563 4255 decrivisse
578 4241 594 4266 ,
617 4216 736 4255 non
759 4208 849 4255 est
877 4201 1104 4254 veritati
1147 4208 1604 4256 consentaneum
1637 4220 1651 4255 :

50 4276 225 4340 idque
249 4278 387 4340 post
408 4274 691 4327 hactenus
715 4274 1012 4326 dictaferri
1027 4287 1144 4326 non
1161 4278 1367 4337 potest.
1394 4274 1538 4326 Hinc
1556 4276 1654 4326 Pc-

53 4350 121 4395 tri
157 4344 401 4396 Wastelii
425 4345 794 4409 sententiam,
817 4358 854 4397 a
875 4358 988 4410 quo
1012 4344 1301 4409 ceteroqui
1324 4346 1384 4397 in
1405 4345 1532 4397 aliis
1547 4360 1652 4400 nos

52 4419 379 4483 discrepare
408 4430 525 4470 non
554 4417 884 4478 diflltemur,
921 4417 1032 4470 hoc
1055 4418 1180 4470 loco
1202 4419 1479 4481 expansis
1504 4419 1653 4471 ulnis

51 4490 477 4556 eaplectimur,
518 4488 659 4541 dum
691 4489 743 4541 is
769 4489 990 4554 primus
1014 4489 1275 4541 omnium
1296 4488 1355 4541 in
1379 4489 1653 4541 Vindiciis

51 4562 338 4615 Johannis
368 4561 869 4627 Hierosolymitani
880 4574 1006 4627 pag.
1022 4559 1145 4616 534.
1160 4560 1652 4627 Paulinianiapud

57 4634 399 4697 Palladium,
420 4633 754 4698 scriptorem
770 4635 1052 4695 Gracum,
1067 4646 1186 4686 non
1208 4632 1437 4683 Paulini
1455 4632 1653 4699 logen-

54 4707 190 4758 dum
214 4717 352 4759 esse
374 4704 891 4771 animadvertit,ita
901 4706 1174 4769 utRufino
1186 4704 1486 4756 etMelania
1500 4708 1657 4754 maxi-

54 4793 142 4831 me
164 4776 663 4839 adlaborantibus,
675 4777 945 4829 monachi
967 4776 1381 4841 Bethleemita,
1399 4776 1654 4840 quiduce

54 4851 423 4914 Hieronymo,
448 4854 676 4913 propter
695 4848 1110 4901 ordinationem
1126 4848 1530 4898 Paulinianiab
1547 4852 1659 4911 Epi-

52 4922 267 4986 phanio
297 4919 529 4984 factam,
550 4923 611 4973 et
632 4920 706 4972 ab
726 4920 991 4973 Johanne
1018 4919 1400 4985 improbatam
1424 4923 1655 4970 Ecclesia)

56 4991 597 5056 ilierosolymitana
610 4992 1075 5044 communionem
1090 4990 1482 5053 desuererant,
1493 4994 1655 5042 eidem

56 5071 350 5130 postremo
389 5062 722 5116 coaluerint.
759 5064 1152 5129 Hieronymus
1176 5062 1329 5114 hunc
1352 5076 1656 5115 numerum

54 5135 544 5190 monachorumin
562 5135 872 5188 schismate
888 5134 1232 5198 viventium,
1249 5135 1567 5199 generatim
1584 5138 1661 5183 in-

56 5210 183 5261 nuit
224 5207 324 5260 his
356 5206 547 5259 verbis
570 5207 632 5259 in
654 5208 898 5271 epistola
918 5207 992 5259 ad
1015 5206 1438 5257 Pammachium
1463 5211 1661 5259 contra

53 5281 385 5333 Johannem
401 5292 415 5329 :
430 5279 679 5331 TANTAM
688 5278 901 5341 [ratum
912 5289 1395 5340 MULTITUDINRM,
1413 5283 1459 5328 et
1475 5293 1663 5328 moneo

53 5354 284 5403 chorum
325 5350 535 5414 choros,
565 5351 663 5415 qui
684 5350 780 5401 tibi
806 5353 863 5400 in
890 5350 1183 5401 Palaestina
1206 5365 1320 5400 non
1351 5350 1662 5401 communi—

55 5431 193 5476 cunt.
212 5422 396 5487 Atqui
409 5424 630 5473 schisma
645 5426 1011 5474 Antiochenum
1024 5438 1125 5472 non
1140 5425 1234 5472 fuit
1246 5424 1663 5473 monachorum.

116 5500 210 5550 lli.
240 5499 373 5549 Non
394 5508 488 5547 me
508 5493 673 5559 fugit,
698 5509 733 5549 a
754 5495 1111 5549 doctissimis
1128 5496 1285 5560 viris,
1300 5508 1549 5560 quorum
1571 5507 1665 5559 ag-

59 5584 187 5623 men
227 5568 392 5622 ducit
442 5568 730 5630 Baronius,
779 5573 847 5622 A.
895 5571 963 5621 D.
1003 5566 1126 5625 388.
1171 5570 1214 5631 ἃ.
1255 5567 1375 5623 107.
1404 5567 1665 5630 Palladii,

61 5646 256 5707 utpote
305 5640 509 5702 Ruﬁno
550 5641 738 5702 amici,
786 5641 1189 5693 auctoritatem
1238 5638 1468 5704 elevari,
1503 5640 1668 5703 quasi

63 5713 407 5780 Origeniana
431 5712 557 5764 labe
578 5717 884 5777 corruptus
898 5712 991 5763 his
1017 5711 1202 5763 turbis
1219 5716 1278 5763 et
1305 5713 1669 5773 ipseinterfue-

66 5788 153 5849 rit,
177 5796 356 5851 quem
381 5786 680 5849 propterea
700 5784 1055 5851 Epiphanius
1080 5784 1141 5835 in
1166 5782 1282 5836 line
1311 5782 1575 5848 epistola
1595 5782 1669 5835 ad

1759 3349 1981 3401 scendit
2002 3350 2154 3401 circa
2175 3350 2241 3399 Α.
2260 3350 2328 3399 D.
2360 3346 2482 3403 400.
2497 3360 2611 3411 quo
2633 3348 3154 3399 contraAntonium
3178 3349 3365 3414 Ephe-

1760 3416 2318 3485 sinum'Episcopum
2339 3418 2598 3471 interfuit
2624 3418 2873 3471 Concilio
2904 3421 3366 3482 Constantinopoli-

1760 3497 1913 3556 tano,
1934 3494 2179 3545 fortasse
2195 3490 2497 3543 ordinatus
2511 3504 2544 3541 a
2560 3492 2804 3543 SanctoJ
2814 3490 3041 3543 ohanne
3060 3494 3356 3554 Chrysosto-

1760 3578 1873 3629 mo,
1890 3566 1981 3617 cui
2002 3568 2326 3629 pratensus
2344 3561 2578 3613 Palladii
2596 3561 2996 3626 Origenismus
3008 3563 3274 3627 objectus
3290 3570 3363 3614 est

1758 3639 1824 3688 Α.
1836 3638 1903 3689 D.
1919 3634 2041 3691 403.
2059 3636 2119 3687 in
2134 3634 2580 3700 pseudosynodo
2596 3632 2668 3685 ad
2682 3638 2965 3696 Quercum
2982 3637 3117 3695 apud
3130 3637 3361 3685 Photium

1760 3706 1884 3759 cod.
1931 3707 2074 3759 LIX.
2123 3705 2281 3758 Idem
2334 3705 2746 3769 Chrysostomus
2781 3704 2841 3755 in
2887 3704 3137 3756 exsilum
3162 3709 3361 3759 trusus

1761 3781 1826 3831 Α.
1860 3780 1924 3829 D.
1958 3777 2081 3833 404.
2107 3775 2182 3829 ad
2202 3775 2517 3826 Palladium
2532 3775 3070 3840 scripsitepistolam
3087 3777 3279 3829 CXIII.
3294 3790 3363 3831 se

1760 3862 2041 3912 suamque
2072 3860 2342 3900 caussam
2358 3848 2483 3911 ejus
2498 3847 2764 3912 precibus
2781 3849 3158 3897 commendans.
3174 3848 3363 3899 Palla-

1760 3921 1885 3971 dius
1930 3920 1982 3972 ei
2037 3930 2137 3984 pro
2175 3918 2323 3970 virili
2344 3931 2510 3982 Opem
2536 3917 2776 3981 laturus,
2803 3919 3044 3969 Romam
3066 3918 3363 3971 advolavit

1763 3995 1907 4044 teste
1925 3992 2104 4042 altero
2127 3988 2370 4041 l'alladio
2393 3988 2454 4039 in
2478 3989 2612 4040 Vita
2633 3988 3029 4051 Chrysostomi
3052 4000 3184 4053 pag.
3202 3988 3286 4043 36.
3304 3991 3364 4040 et

1757 4065 2007 4129 ipsomet
2029 4062 2089 4113 in
2113 4061 2363 4113 Historia
2387 4059 2666 4111 Lausiaca
2690 4071 2816 4123 cap.
2850 4059 3046 4110 CXXI.
3073 4060 3178 4111 Pro
3190 4061 3357 4124 Chry,

1760 4139 2016 4187 sostomo
2028 4133 2358 4198 episcopatu
2370 4130 2558 4196 etipse
2574 4129 3170 4195 dejectus,multisque
3182 4146 3363 4180 arum-

1758 4206 1850 4258 nis
1873 4205 2138 4268 afflictus,
2171 4202 2407 4257 tandem
2445 4202 2517 4253 ad
2557 4201 2868 4253 Ecclesiam
2903 4201 3267 4266 Asponensem
3300 4202 3360 4255 in

1758 4279 1943 4343 prima
1966 4276 2185 4327 Galatia
2197 4275 2443 4340 positam
2457 4274 2702 4332 transiit,
2727 4277 2793 4325 ut
2820 4275 3021 4325 auctor
3048 4279 3139 4326 est
3162 4275 3361 4327 Socra-

1761 4353 1849 4401 tes
1876 4349 1977 4401 lib.
2002 4350 2121 4400 VII.
2152 4360 2275 4413 cap.
2301 4346 2862 4409 XXXV.Postquam
2887 4345 3040 4397 circa
3060 4346 3208 4397 A.D.
3235 4344 3357 4400 420.

1761 4420 2075 4472 Historiam
2088 4419 2422 4471 Lausiacam
2440 4416 2782 4481 scripsisset,
2800 4415 2883 4466 sic
2894 4415 3106 4467 dictam
3117 4430 3150 4467 a
3161 4416 3357 4480 Lauso,

1758 4491 1818 4543 in
1840 4490 1987 4543 Aula
2014 4489 2298 4555 Imperiali
2321 4488 2685 4551 cubiculario,
2711 4486 2806 4538 cui
2829 4498 2956 4538 eam
2977 4488 3357 4552 nuncupavit,

1756 4561 1911 4614 diem
1934 4562 2077 4613 obiit
2098 4562 2229 4611 ante
2253 4562 2321 4611 Α.
2346 4560 2411 4610 D.
2445 4556 2564 4611 431.
2584 4568 2700 4621 quo
2719 4556 2776 4607 in
2800 4555 3048 4608 Consilio
3070 4556 3360 4622 Ephesino

1758 4633 2014 4685 interfuit
2035 4630 2270 4683 Palladii
2296 4642 2615 4692 successor,
2638 4628 2920 4679 Eusebius
2931 4630 3359 4693 Asponensisin

1687 4668 1739 4742 ι)
1757 4705 1975 4759 Galatia
1999 4704 2334 4769 Episc0pus.
2371 4701 2561 4754 Titulo
2601 4669 2931 4763 ’Confcssoris
2961 4668 3359 4755 oli'defensum

1754 4779 1968 4831 invicto
1984 4775 2174 4827 animo
2187 4775 2664 4839 Chrysostomum
2679 4771 2885 4824 merito
2898 4773 3109 4822 habetur
3123 4771 3361 4839 illustris,

1753 4849 1845 4902 cui
1864 4849 2169 4913 scriptores
2184 4846 2439 4910 aequales
2457 4844 2726 4909 spiritum
2742 4845 3091 4905 propheticum
3112 4846 3358 4909 tribuunt,

1754 4925 1813 4973 et
1834 4922 2052 4982 Roma,
2069 4920 2350 4981 tanquam
2373 4915 2591 4968 Prasul
2610 4915 2863 4967 maxime
2886 4913 3223 4979 catholicus,
3245 4929 3361 4982 qua

1755 4992 1825 5044 lis
1848 4991 2082 5042 habitus
2099 4995 2189 5040 est
2203 4988 2262 5039 in
2275 4993 2393 5040 toto
2406 4987 2652 5047 Oriente,
2667 4986 2739 5037 ab
2755 4986 3089 5037 Innocentio
3102 4988 3145 5038 Ι.
3161 5002 3362 5037 summo

1756 5061 2029 5114 Pontitice
2052 5062 2329 5123 exceptus
2348 5057 2470 5117 fuit,
2485 5060 2778 5108 contemta
2787 5056 3153 5109 accusatione
3168 5057 3365 5124 Orige-

1755 5132 1949 5191 nismi,
1994 5142 2326 5195 quanquam
2357 5130 2572 5190 Roma,
2617 5127 2837 5178 trienno
2859 5126 3048 5191 citius,
3084 5127 3145 5179 in
3169 5128 3366 5193 Orige-

1758 5205 1943 5258 nistas
1972 5204 2283 5254 clamatum
2321 5199 2544 5251 fuisset.
2582 5197 2800 5251 Ibidem
2822 5197 2930 5249 hac
2953 5199 3271 5262 occasione,
3300 5212 3363 5252 se

1760 5278 1821 5330 in
1848 5276 2019 5328 domo
2032 5273 2277 5323 Melaniae
2300 5271 2455 5323 omni
2473 5270 2788 5321 officiorum
2810 5281 3017 5333 genere
3030 5272 3361 5331 cumulatum,

1764 5360 1937 5412 seque
1985 5344 2120 5398 inde
2153 5343 2627 5409 proﬁciscentem,
2653 5338 3051 5412 liberalissime
3074 5339 3362 5405 adjutum,

1765 5408 2010 5474 tes—tatur
2031 5408 2163 5481 cap.
2182 5415 2377 5466 CXXI.
2392 5414 2529 5465 Hac
2546 5416 2602 5463 et
2623 5408 2751 5473 alia,
2765 5422 2898 5475 qua
2922 5414 3186 5475 spectant
3209 5412 3366 5465 hunc

1764 5489 2235 5557 probatissimum
2259 5485 2463 5543 virum,
2489 5483 2615 5534 fuse
2639 5485 2983 5557 etaccurate
3006 5483 3370 5557 persequitur

1764 5551 2163 5615 Tillemontius
2189 5562 2343 5609 torno
2368 5557 2464 5607 XI.
2499 5567 2626 5619 pag.
2650 5551 2774 5607 550.
2801 5556 2986 5615 Quare
3012 5553 3154 5604 satis
3174 5560 3370 5620 patere

1766 5634 2031 5697 arbitror,
2055 5633 2183 5695 eius
2207 5628 2603 5682 auctoritatem
2622 5629 2680 5676 et
2706 5624 2955 5697 nominis
2980 5624 3193 5677 famam
3211 5628 3371 5682 nullo

1768 5708 2006 5760 crimine
2028 5705 2320 5756 hareseos
2334 5711 2502 5766 posse
2515 5696 2861 5761 labefactari,
2878 5696 3137 5761 adeoque
3154 5701 3373 5750 maxime

1767 5778 1979 5844 injuria
2001 5790 2133 5829 cum
2151 5776 2260 5827 alio
2287 5771 2534 5823 Palladio
2553 5769 2764 5844 Galate,
2781 5768 2951 5844 mala
2975 5769 3373 5844 iideihomine,

68 5840 1001 5921 Johdnnem'llierosolymitanum,
1022 5857 1102 5909 ita
1114 5840 1512 5922 perstrinxerit
1523 5855 1673 5906 :Pal-
1771 5840 1952 5905 fuisse
1966 5848 2291 5922 confusum.
2306 5847 2587 5922 Ceterum,
2595 5840 2938 5922 sicutmutlis
2964 5841 3231 5893 Palladiis
3246 5845 3379 5922 circa

72 5931 278 5982 (adium
297 5942 423 5981 vero
445 5927 717 5995 Galatam,
740 5929 837 5995 qui
864 5928 1149 5997 quondam
1171 5927 1325 5980 nobis
1352 5942 1515 5981 carm
1543 5926 1671 5992 fuit,

358 6019 654 6080 PATROL.
690 6018 863 6081 XXI.

1770 5923 1925 5977 idem
1950 5926 2181 5987 tempus
2210 5916 2566 5981 viventibus,
2590 5913 2755 5967 facile
2775 5912 2888 5968 fuit
2908 5926 3095 5969 unum
3116 5927 3252 5969 cum
3265 5916 3379 5971 allo

2988 6004 3025 6062 4
