3902 6438
117 362 219 418 109

1395 362 1590 414 νΙΤΑ.
1626 362 1758 413 LIB.
1796 364 1836 413 Ι.
1874 363 2028 412 CAP.
2065 361 2133 411 V.

3304 366 3408 421 110

115 475 591 549 ωἱζιὶγγαιὶ-(ιιξεωιο
633 475 959 549 accuratius
1001 475 1403 549 inharendum
1446 480 1552 536 est,
1579 475 1712 539 quia
1734 478 1981 549 Accpta,
2026 487 2159 549 mox
2205 471 2516 549 Notamad
2536 472 2876 549 humilitatis
2894 480 3091 549 nostrae
3114 477 3407 541 hospitium

114 546 242 599 inde
257 546 453 598 Ruﬁni
476 549 773 611 gestorum
801 546 1009 597 veritas
1036 546 1266 610 pendet.

174 620 318 669 VIII.
365 617 641 668 Publicola
670 616 933 669 Melania
959 617 1132 681 ﬁlius,
1157 617 1346 668 adhuc
1369 629 1526 680 puer,
1551 618 1616 667 ut
1638 616 1716 666 di-

114 694 271 741 ctum
296 693 403 752 est,
430 688 490 739 in
512 690 764 753 pratum.
785 689 1007 739 urbana
1029 687 1278 749 relictus,
1298 688 1573 739 virtutum
1590 699 1714 738 om-

112 762 271 811 nium
296 759 535 824 perinde
559 771 625 812 ac
641 759 925 810 honorum
939 759 1196 809 civilium
1207 758 1402 822 gloria,
1415 763 1598 808 matre
1613 758 1711 806 ab-

112 836 289 883 sente.
315 830 565 894 insignis
591 835 872 882 evaserat.
903 828 1170 881 Albinam
1199 842 1455 888 uxorem,
1479 828 1715 880 nobilis-

113 903 256 953 simo
293 902 677 965 Cajoniorum
716 904 1020 953 stemmate
1043 906 1229 952 ortam
1255 902 1518 964 duxerat,
1545 901 1713 963 cujus

110 974 369 1037 genesim
385 984 458 1024 ex
474 972 693 1024 intimis
705 971 1099 1036 penetralibus
1113 972 1421 1023 vetustatis
1432 973 1504 1023 ab
1517 984 1579 1022 se
1596 987 1714 1019 eru-

115 1049 225 1096 tam
248 1043 563 1096 illustravit
586 1044 867 1095 Henricus
888 1043 1148 1094 Norisius
1171 1044 1230 1094 in
1244 1042 1610 1094 Adventoria.
1632 1043 1714 1093 Ex

114 1116 217 1166 hoc
234 1113 545 1166 Publicola
560 1114 856 1165 etAlbina
876 1114 1147 1177 conjugio
1164 1113 1408 1165 Melania
1423 1114 1639 1176 junior,
1657 1117 1715 1163 et

115 1185 406 1238 Publicota
428 1187 568 1238 item
584 1186 782 1249 junior
793 1184 1147 1250 prodierunt,
1161 1190 1226 1236 ut
1240 1187 1439 1249 postea
1449 1187 1712 1233 constabit.

116 1257 353 1309 Melania
367 1257 565 1320 junior
588 1256 820 1308 Piniano
832 1255 1148 1307 clarissimo
1170 1256 1716 1319 adolescenti,cujus

116 1341 320 1394 parens
345 1329 609 1391 Severus,
645 1331 702 1379 et
736 1327 1222 1392 Prosopographia
1256 1327 1476 1379 Codicis
1500 1326 1714 1378 Theod.

117 1405 250 1453 tom.
278 1402 372 1451 VI.
402 1413 535 1465 pag.
572 1399 694 1453 384.
729 1399 833 1450 col.
858 1397 907 1452 9.
941 1402 1008 1450 A.
1034 1401 1099 1450 D.
1128 1398 1249 1453 382.
1275 1399 1485 1450 Africa
1509 1398 1717 1450 Italia-

118 1484 228 1535 que
250 1471 577 1535 prafuerat,
604 1471 786 1522 invita
808 1470 1030 1533 nupsit;
1058 1470 1266 1534 quippe
1296 1482 1430 1533 qua
1456 1469 1716 1521 Melania

118 1543 259 1595 avia
279 1542 481 1607 literis,
509 1543 902 1605 virtutumque
925 1541 1078 1592 fama
1100 1545 1158 1592 et
1179 1542 1459 1605 exemplis
1482 1540 1554 1591 ad
1580 1541 1718 1591 vita

118 1612 419 1667 sanctioris
442 1626 628 1676 genus
657 1610 1080 1675 capessendum
1097 1612 1473 1662 excitabatur.
1488 1612 1721 1662 Demer-

120 1686 235 1737 tuis
262 1690 458 1736 tamen
482 1684 709 1735 duobus
732 1683 864 1733 Illiis
887 1684 959 1735 ab
984 1696 1047 1733 se
1062 1682 1292 1747 genitis,
1320 1682 1718 1745 Publicolaque

118 1761 353 1822 parente
398 1758 725 1820 superstite,
761 1754 1045 1806 castitatis
1072 1753 1388 1818 servanda,
1415 1766 1449 1804 a
1472 1755 1719 1817 conjuge

118 1829 372 1889 Piniano,
401 1827 593 1880 adhuc
614 1826 834 1891 gentili,
859 1827 1026 1878 venia
1037 1826 1357 1891 impetrata,
1380 1825 1535 1876 omni
1554 1841 1717 1873 rerum

121 1905 475 1952 terrenarum
487 1897 679 1950 studio
692 1897 1082 1962 :renunciavit.
1100 1898 1241 1948 Hac
1266 1895 1571 1957 Palladius,
1596 1895 1719 1947 illo-

119 1984 247 2022 rum
297 1969 608 2034 aliquando
646 1969 880 2032 hospes,
916 1968 976 2019 in
1009 1967 1260 2019 Historia
1293 1967 1573 2018 Lausiaca
1596 1979 1719 2031 cap.

118 2044 313 2094 CXIX.
359 2043 451 2094 cui
494 2045 817 2094 consonant
851 2045 994 2092 Acta
1017 2039 1277 2091 Melaniae
1296 2039 1543 2103 junioris
1567 2039 1721 2102 apud

121 2113 352 2167 Surium
383 2113 475 2164 die
499 2112 562 2167 31
591 2111 941 2164 Decembris.
971 2109 1213 2162 Melania
1234 2110 1414 2158 senior
1435 2109 1724 2171 ejusmodi

120 2185 335 2237 nuncio
355 2189 610 2249 accepto,
636 2188 701 2235 ut
735 2188 987 2247 neptem,
1017 2182 1074 2233 in
1098 2180 1391 2245 proposito
1417 2181 1722 2231 conﬁrma-

123 2262 260 2322 tam,
277 2268 313 2308 a
334 2257 524 2321 pravis
547 2255 915 2320 opinionibus
937 2258 1231 2312 averteret,
1258 2267 1448 2301 navem
1465 2253 1720 2315 ascendit,

116 2335 163 2377 et
188 2328 425 2380 Caesarea
448 2329 716 2390 navigans
742 2326 928 2390 viginti
944 2325 1157 2375 dierum
1189 2325 1374 2388 spacio
1398 2325 1626 2373 Romam
1649 2338 1727 2371 ve-

120 2401 221 2463 nit,
252 2400 442 2464 inquit
486 2398 769 2451 Palladius
806 2411 927 2462 cap.
961 2397 1207 2449 CXVIII.
1231 2395 1512 2446 Baronius
1544 2397 1611 2446 A.
1643 2396 1717 2445 D.

118 2470 240 2527 397.
265 2472 316 2536 §.
357 2471 407 2526 3.
432 2470 604 2523 aliam
628 2469 846 2522 itineris
882 2481 1149 2520 caussam
1171 2467 1458 2532 adsignat,
1484 2469 1724 2517 Romam

118 2555 327 2607 nempe
343 2542 688 2607 Origenismi
709 2539 1019 2593 invehendi
1042 2538 1426 2601 studium,cui
1443 2546 1604 2586 tamen
1628 2541 1725 2586 Me-

118 2615 290 2668 lania
309 2614 557 2678 iunioris
567 2625 857 2672 secessus,
874 2611 1028 2676 apud
1046 2611 1257 2674 vulgus
1275 2610 1514 2661 obtentu
1534 2609 1724 2661 fuerit.

117 2685 417 2752 Opinionis
454 2698 586 2736 vero
612 2696 735 2736 sua
759 2684 1037 2734 Baronius
1060 2686 1353 2733 auctorem
1376 2692 1496 2731 non
1535 2679 1719 2741 dedit;

116 2761 243 2823 conj
253 2757 466 2810 ecturis
485 2758 708 2807 tantum
726 2756 1090 2817 obsequutus
1103 2757 1210 2815 est,
1229 2752 1415 2823 inquit
1440 2754 1651 2823 Iluetius
1670 2754 1723 2823 in

118 2822 482 2896 origenianis
507 2828 606 2879 lib.
634 2830 700 2878 ΙΙ.
728 2838 850 2891 cap.
878 2827 974 2877 IV.
1001 2828 1147 2877 Sect.
1176 2826 1215 2875 Ι.
1242 2824 1292 2886 §.
1326 2822 1411 2877 ‘16.
1444 2837 1571 2888 pag.
1600 2822 1723 2877 “204.

119 2901 281 2953 Idem
324 2898 613 2952 Palladius
646 2898 745 2950 ubi
776 2897 1079 2949 Melaniam
1118 2896 1400 2947 seniorem
1435 2896 1725 2958 sexaginta

118 2989 230 3022 ann
239 2986 295 3021 os
307 2976 445 3022 tunc
457 2974 652 3022 natam
663 2968 928 3029 afﬁrmat,
938 2973 1192 3032 tempora
1204 2969 1407 3015 invertit
1422 2983 1433 3021 ς
1447 2968 1721 3014 118116Ὂοίῶ

119 3047 355 3096 atatem
388 3040 789 3095 tantummodo
813 3043 1083 3103 exegerat
1102 3042 1166 3088 Α.
1180 3036 1384 3091 1).410.
1412 3049 1526 3100 quo
1544 3040 1722 3085 iterum

120 3116 175 3166 in
206 3112 573 3166 Palastinam
597 3113 761 3173 itura,
789 3124 862 3163 ex
887 3112 1035 3164 Urbe
1051 3109 1336 3160 discessit.
1358 3108 1411 3158 Si
1433 3112 1627 3158 autem
1653 3110 1718 3158 A.

120 3189 183 3237 D.
198 3185 323 3240 371.
337 3198 450 3248 quo
460 3184 710 3249 primum
726 3182 859 3234 illuc
873 3182 1062 3243 solvit,
1076 3182 1314 3230 Aviscesim
1324 3194 1411 3228 um
1426 3180 1721 3228 secundum

119 3258 313 3312 atatis
329 3268 548 3308 annum
571 3254 855 3307 Palladius
878 3253 1064 3305 eidem
1082 3252 1351 3316 adsignat
1367 3264 1487 3315 cap.
1504 3252 1723 3303 CXVII.

118 3328 513 3394 adstipulante
536 3327 709 3379 etiam
731 3328 937 3377 Sancto
956 3325 1187 3377 Paulino
1206 3324 1475 3387 episeopo
1506 3322 1724 3373 Nolano

120 3403 182 3454 in
203 3401 374 3465 epist.
400 3399 608 3451 XXIX.
629 3397 771 3450 alias
802 3398 872 3448 X.
901 3396 945 3459 §.
964 3396 1016 3450 8.
1036 3396 1136 3460 qui
1152 3395 1536 3444 lenerisadhuc
1560 3394 1728 3443 annis

120 3473 381 3530 viduam,
399 3472 610 3522 saculo
620 3468 965 3521 valedixisse
977 3468 1251 3519 declarat:
1266 3465 1399 3517 inde
1414 3480 1730 3527 consequens

123 3549 235 3607 est,
258 3545 326 3595 Α.
362 3544 428 3594 D.
455 3540 576 3596 397.
604 3554 717 3606 quo
754 3542 811 3592 in
844 3540 1054 3593 Urbem
1086 3537 1270 3596 rediit,
1300 3550 1418 3588 non
1439 3537 1729 3600 sexaginta

122 3619 229 3670 sed
256 3614 629 3680 quadraginta
651 3618 842 3678 septem
865 3625 1052 3664 annos
1075 3613 1382 3664 dumtaxat
1397 3610 1727 3676 egisse.Ad-

121 3690 193 3741 de
210 3687 478 3752 tredecim,
503 3685 730 3752 elapsos
754 3686 826 3737 ab
850 3690 911 3736 A.
944 3688 1006 3735 D.
1032 3684 1153 3740 397.
1180 3688 1250 3737 ad
1276 3687 1343 3736 A.
1367 3686 1434 3735 D.
1462 3683 1584 3739 410.
1611 3697 1726 3748 quo

119 3760 261 3812 Illuc
305 3757 601 3822 remeavit,
639 3761 966 3823 exsurgunt
997 3756 1302 3822 sacaginta.
1329 3758 1515 3819 Quare
1546 3754 1727 3808 Palla-

119 3833 259 3887 dius
303 3831 411 3884 hac
455 3833 514 3882 in
547 3843 607 3883 re
647 3830 892 3881 tredecim
915 3842 1202 3883 annorum
1224 3829 1725 3895 prochronismum

118 3903 433 3959 admisisse
454 3901 696 3956 videtur.

758 4001 988 4054 CAPUT
1035 4001 1104 4053 V.

120 4116 163 4167 Ι.
232 4110 425 4174 Rufini
453 4115 500 4158 ct
536 4108 781 4159 Melania
824 4107 1026 4159 Nolam
1070 4108 1348 4158 adventus.
1376 4109 1444 4159 II.
1472 4108 1585 4167 Quo
1608 4113 1733 4157 tem-

181 4198 318 4251 pore
368 4180 639 4232 acciderit.
687 4181 787 4232 III.
850 4180 1079 4230 Paulini
1122 4179 1333 4247 Nolani
1377 4179 1730 4244 epistolarum

185 4254 539 4318 chronologia
563 4252 882 4311 restituitur,
908 4251 1052 4301 unde
1073 4252 1261 4315 Ruﬁni
1278 4257 1323 4301 et
1348 4251 1592 4301 Melania
1626 4252 1732 4301 itus

183 4333 233 4378 et
258 4325 466 4376 reditus
502 4324 711 4389 epoehae
734 4325 1151 4387 conﬁrmantur.
1178 4323 1271 4375 IV.
1296 4322 1582 4372 Palladius
1606 4338 1729 4372 cum

186 4398 433 4449 Paulino
456 4398 517 4445 in
541 4396 888 4446 concordiam
912 4394 1174 4445 redactus.
1202 4395 1269 4447 V.
1308 4394 1731 4445 PauliniNala-

186 4472 331 4521 tium
373 4468 725 4533 chronologia
773 4468 1034 4527 restituta,
1082 4473 1126 4516 et
1164 4466 1412 4516 Melania
1438 4466 1733 4531 Ruﬁnique

185 4541 397 4591 reditus
428 4540 629 4604 epocha
658 4540 858 4589 iterum
880 4539 1221 4602 conﬁrmata.
1254 4539 1346 4590 VI.
1372 4539 1605 4588 Baronii
1623 4554 1734 4588 sen-

186 4614 360 4664 tentia
385 4612 448 4662 de
468 4613 685 4675 Rufino,
708 4610 995 4661 individuo
1014 4609 1262 4660 Melaniae
1271 4611 1476 4673 comite,
1495 4610 1728 4674 defensa.

1812 544 2087 606 festinavit
2112 561 2125 592 :
2161 557 2266 606 quo
2302 541 2453 591 nobis
2474 542 2691 591 advenit
2713 543 2994 595 ambitioso
3015 546 3409 598 ditissimorum

1811 616 2107 678 pignorum
2138 612 2340 662 vallata
2357 613 2632 662 comitatu.
2662 614 2906 664 Vidimus
2927 616 3162 679 gloriam
3187 620 3412 670 Domini

1812 686 1873 733 in
1902 685 1994 733 illo
2019 684 2211 733 matris
2228 682 2575 746 filiorumque
2591 683 2785 733 itinere
2802 685 3020 749 quidem
3038 704 3169 753 uno,
3182 691 3272 739 sed
3292 691 3411 741 lon-

1812 772 1873 821 ge
1909 755 2121 821 dispari
2148 755 2314 806 cultu.
2352 755 2537 803 Macro
2563 755 2719 805 illam
2741 761 2787 805 et
2811 756 3000 807 viliore
3021 761 3199 811 asellis
3225 762 3407 813 burico

1815 829 1882 891 (id
1901 835 1973 876 est
1990 828 2208 874 breviori
2223 826 2375 888 equo)
2395 824 2668 898 sedentem
2691 830 2797 875 tota
2821 828 2988 891 hujus
3008 832 3188 880 saculi
3207 848 3410 898 pompa

1812 916 1925 964 qua
1944 899 2198 948 honorati
2210 903 2256 946 et
2274 897 2513 962 opulenti
2528 902 2789 961 poterant,
2803 900 3111 965 circum/lui
3126 897 3410 954 Senatores

1809 969 2287 1035 prosequebantur,
2300 983 2542 1017 carrucas
2552 970 2889 1030 nutantibus,
2907 972 3215 1035 phaleratis
3237 976 3405 1040 equis,

1811 1041 2026 1091 auratis
2057 1040 2288 1112 pilentis
2305 1044 2356 1112 et
2389 1040 2658 1112 carpentis
2686 1040 2933 1103 pluribus
2964 1052 3198 1107 gemente
3228 1048 3412 1112 Appia

1814 1118 1974 1176 atque
1996 1111 2249 1175 fulgente.
2275 1111 2412 1162 Hac
2446 1109 2737 1174 Paulinus,
2772 1114 2871 1175 qui
2893 1115 3151 1178 epistola
3178 1118 3228 1181 ἕ.
3257 1109 3413 1172 δίιμ-

1816 1185 1941 1233 niea
1965 1182 2143 1243 lanea,
2167 1193 2343 1246 quam
2363 1192 2398 1233 a
2419 1181 2661 1231 Melania
2683 1188 2997 1247 acceperat.
3029 1188 3297 1241 Severum
3314 1190 3410 1243 do-

1814 1259 2019 1307 natum
2041 1252 2240 1317 voluit,
2265 1258 2324 1305 et
2344 1264 2431 1317 ep.
2459 1253 2665 1305 XXVI.
2699 1252 2841 1304 alias
2865 1256 2959 1305 XI.
2987 1258 3030 1318 ἓ.
3058 1257 3107 1311 1.
3132 1267 3412 1314 memorat

1814 1331 2023 1390 partem
2050 1323 2331 1389 particula
2362 1325 2424 1371 de
2458 1323 2606 1386 tigno
2645 1323 2843 1373 divinae
2890 1326 3094 1392 Crucis,
3131 1331 3414 1383 Johannis

1816 1395 2319 1461 Hierosolymitani
2332 1407 2589 1458 munere,
2613 1395 2720 1445 sibi
2732 1399 2872 1467 tunc
2887 1398 2959 1447 ab
2976 1398 3177 1452 eadem
3188 1404 3412 1467 allatam,

1815 1471 1980 1533 cujus
1995 1473 2325 1532 segmentum
2345 1472 2591 1515 atomam
2617 1467 2752 1529 (sive
2774 1466 3108 1534 frustulum)
3122 1472 3308 1524 tubetto
3319 1466 3415 1525 au-

1815 1541 1956 1590 reolo
1985 1540 2295 1602 inclusum,
2312 1537 2387 1589 ad
2400 1539 2675 1589 Severum
2692 1540 3027 1602 transmisit,
3054 1542 3340 1607 reliquum
3356 1547 3415 1598 in

1818 1611 1944 1664 ade
1969 1612 2160 1662 Sancti
2176 1610 2393 1672 Felicis,
2420 1609 2491 1659 ab
2520 1622 2583 1660 se
2611 1614 2961 1674 constructa,
2987 1612 3255 1678 deposuit
3277 1630 3413 1669 cum

1817 1684 2245 1748 epigrammate,
2271 1680 2425 1745 quod
2447 1680 2658 1744 legitur
2680 1682 2847 1745 epist.
2878 1684 3119 1739 XXXII.
3135 1686 3277 1739 alias
3290 1691 3413 1741 XII.

1817 1756 1868 1819 §.
1917 1755 2004 1809 11.
2038 1755 2301 1806 Melania
2338 1752 2570 1815 familia,
2608 1754 2755 1804 teste
2780 1752 3046 1818 Palladio,
3083 1768 3206 1822 cap.
3244 1760 3411 1822 CXX,

1823 1825 2097 1876 habitabat
2132 1827 2191 1875 in
2213 1824 2363 1888 agris
2386 1824 2687 1897 aliquando
2700 1825 2919 1897 quidem
2936 1825 3418 1897 Sicilir,aliquan-

1822 1897 1889 1947 do
1904 1914 2021 1947 vero
2037 1897 2366 1961 Campaniae,
2381 1895 2479 1946 ubi
2495 1894 2655 1958 Nola,
2668 1895 2910 1959 ideoque
2922 1894 3418 1953 advenienti—Mela-

1818 1969 1933 2021 nia
1949 1974 2226 2033 cognatos
2247 1967 2513 2032 protinus
2533 1967 2851 2020 occurrisse
2864 1970 3008 2018 facile
3023 1970 3418 2039 intelligimus;

1819 2040 1975 2091 illam
2000 2040 2155 2092 enim
2194 2038 2481 2101 magniﬁce
2504 2053 2540 2087 a
2566 2039 2681 2087 suis
2703 2040 2876 2109 Roma
2902 2055 3130 2106 eousque
3150 2038 3420 2109 profectis,

1820 2117 2123 2177 exceptam
2148 2110 2334 2161 dicere
2357 2121 2492 2160 cum
2518 2109 2741 2160 Norisio
2771 2108 2867 2160 lib.
2897 2113 2937 2162 Ι.
2964 2124 3087 2176 cap.
3103 2116 3168 2165 II.
3189 2108 3421 2166 Historia:

1822 2184 2163 2247 Pelagiana,
2199 2186 2353 2234 vetat
2376 2180 2638 2232 Melania
2661 2180 3007 2246 improvisus
3039 2191 3172 2249 post
3193 2188 3422 2241 brevem

1822 2258 1947 2307 XX.
1980 2255 2205 2306 dierum
2226 2252 2718 2317 navigationemin
2737 2254 3171 2317 Neapolitanum
3194 2264 3421 2323 portum

1820 2340 1939 2379 non
1963 2326 2397 2391 pranunciatus
2420 2323 2722 2396 adventus.
2750 2326 2939 2396 Hujus
2955 2331 3176 2380 certum
3193 2335 3422 2396 tempus

1822 2411 1896 2450 ex
1918 2397 2138 2448 collatis
2167 2397 2317 2447 inter
2340 2406 2404 2445 se
2428 2393 2649 2445 Paulini
2672 2394 2814 2445 locis
2842 2397 3074 2459 patebit.
3312 2393 3331 2396 “
3381 2419 3391 2425 -

1884 2472 1951 2521 II.
1979 2467 2253 2521 Paulinus
2268 2467 2328 2518 in
2351 2465 2601 2538 adducta
2624 2466 2792 2530 epist.
2825 2468 3186 2523 XXIX.alias
3204 2473 3272 2524 X.
3291 2473 3343 2538 §.
3370 2474 3420 2529 6.

1821 2542 1919 2603 ait,
1964 2541 2224 2590 Victorem
2246 2537 2614 2598 monachum,
2632 2538 2864 2602 Sulpicii
2878 2542 3064 2592 Severi
3089 2537 3425 2607 tabellarium,

1825 2628 1930 2665 seu
1971 2611 2307 2675 tibrigerum,
2346 2612 2628 2682 ut_vocat
2662 2609 2904 2682 epistola
2936 2616 3283 2676 pracedenti
3305 2618 3426 2682 §.4.

1825 2685 2028 2738 Nolam
2049 2684 2121 2734 iis
2145 2682 2350 2733 diebus
2371 2679 2699 2743 advenisse,
2727 2681 2938 2744 quibus
2953 2684 3264 2739 Melaniaex
3276 2679 3430 2739 Palae-

1825 2757 1979 2809 stina
2006 2755 2182 2807 etiam
2217 2753 2543 2805 advenerat.
2563 2752 2737 2815 Atqui
2770 2752 2832 2803 in
2856 2756 3207 2817 pracedenti
3228 2759 3431 2812 eadem

1823 2827 2066 2895 epistola
2090 2825 2306 2887 scribit,
2342 2825 2645 2897 Victorem,
2673 2824 2983 2897 decenden-te
2996 2827 3118 2891 jam
3146 2830 3335 2897 hieme,
3346 2832 3434 2884 ni-

1825 2903 2037 2953 mirum
2061 2898 2223 2950 initio
2250 2896 2400 2948 veris
2417 2898 2490 2948 ab
2516 2908 2579 2948 se
2606 2895 2765 2948 Nola
2795 2904 3151 2963 susceptum.
3168 2905 3295 2963 Ergo
3310 2895 3431 2953 huic

1824 2971 2083 3037 tempori,
2136 2967 2491 3032 navigationi
2542 2979 2829 3031 congruo,
2858 2968 3118 3024 Melania
3151 2973 3435 3027 adventus

1823 3036 1978 3097 certo
2002 3041 2270 3106 illigatur.
2307 3039 2498 3090 Verba
2532 3036 2773 3102 Paulini,
2805 3051 3003 3092 serum
3037 3042 3263 3094 Victoris
3288 3046 3435 3098 redi-

1825 3124 1948 3169 tum
1996 3114 2068 3165 ad
2094 3110 2427 3175 Sulpicium.
2472 3110 2828 3181 excusantis,
2869 3110 2998 3163 hac
3028 3120 3167 3165 sunt
3188 3115 3248 3167 in
3271 3117 3438 3181 epist.

1825 3187 2082 3237 XXVIII.
2119 3182 2261 3235 alias
2286 3182 2381 3232 IX.
2421 3181 2471 3245 ἓ.
2524 3180 2577 3234 3.
2625 3182 2778 3255 quod
2813 3182 2886 3255 ad
2923 3188 2985 3235 te.
3023 3186 3236 3236 tardius
3258 3180 3434 3255 pacto,

1751 3258 1799 3332 Ο
1826 3258 1987 3332 rediit
2004 3256 2203 3332 (Victor)
2230 3268 2296 3332 ne
2318 3255 2550 3332 imputes
2570 3252 2943 3332 pedibusejus,
2963 3256 3060 3332 qui
3076 3272 3191 3332 non
3201 3252 3440 3323 pigritia

1828 3331 1975 3393 vitio,
2018 3327 2108 3378 sed
2142 3325 2449 3377 obedientiae
2482 3325 2666 3374 studio
2689 3325 2842 3389 apud
2871 3340 2968 3375 nos
2992 3326 3203 3379 diutius
3239 3333 3443 3383 restita

1826 3406 1977 3452 runt.
2011 3400 2219 3464 Reputa
2261 3402 2441 3446 tamen
2478 3400 2704 3461 tempus,
2729 3411 2846 3446 non
2869 3412 2976 3461 quo
3000 3398 3293 3451 dimissum
3318 3418 3439 3453 eum

1827 3473 2101 3534 indicasti,
2154 3470 2243 3520 sed
2271 3484 2379 3534 quo
2412 3469 2645 3529 misisti;
2686 3473 2732 3518 et
2768 3468 2966 3519 videbis
2988 3469 3051 3520 de
3069 3472 3279 3536 placita
3302 3476 3443 3526 inter

1825 3560 1924 3595 nos
1955 3542 2228 3594 retinendi
2272 3541 2495 3592 Victoris
2533 3539 2954 3605 necessitudine,
2995 3548 3138 3593 stare
3168 3546 3441 3597 rationem

1827 3618 1988 3667 mihi.
2041 3618 2169 3668 NON
2194 3614 2340 3664 enim
2360 3625 2438 3664 AD
2463 3625 2725 3677 HIEMBM,
2748 3618 2807 3662 ut
2829 3615 3137 3678 scripseras,
3161 3619 3317 3683 apud
3342 3635 3445 3670 nos

1829 3699 2190 3742 EXIGENDAM
2241 3697 2485 3750 ADFUI'I‘,
2522 3686 2611 3734 sed
2645 3690 2702 3734 ut
2735 3687 2983 3748 asseruit,
3008 3688 3070 3737 de
3093 3688 3444 3742 Narbonensi

1827 3764 2015 3843 (pago)
2034 3758 2127 3808 ubi
2148 3758 2315 3843 fratri
2337 3756 2734 3843 Posthumiano
2751 3763 3076 3843 occurrerat,
3099 3762 3360 3843 remissus
3367 3762 3440 3813 ad

1848 3839 1911 3897 te,
1955 3837 2081 3881 tunc
2120 3844 2155 3880 α
2192 3834 2238 3878 te
2264 3828 2464 3878 iterum
2492 3827 2760 3893 profectus
2782 3834 2872 3889 est,
2899 3844 3072 3894 quum
3093 3833 3168 3883 ad
3188 3846 3274 3885 me
3301 3834 3447 3885 dire-

1824 3908 1957 3966 ctus,
1975 3900 2670 3968 pervenirepotuisset.Jam
2686 3901 2860 3964 igitur
2872 3912 3068 3954 HIEME
3084 3915 3446 3959 DBCRDBNTB

1829 3985 2199 4035 SUSCBPTUM,
2219 3986 2419 4021 necesse
2432 3970 2836 4024 habuivnnms
2868 3984 3172 4028 usususus
3209 3976 3442 4029 detinere

1829 4047 1895 4097 Et
1910 4046 2047 4110 quia
2069 4045 2216 4094 breve
2237 4042 2481 4108 spatium
2503 4041 2803 4103 videbatur,
2816 4044 2961 4107 quod
2976 4044 3119 4095 illico
3134 4048 3447 4099 sotemnitas

1825 4117 2101 4185 paschalis
2125 4115 2477 4174 concluderet,
2513 4129 2689 4178 quum
2700 4120 2746 4162 et
2761 4114 3175 4177 inﬁrmissimus
3189 4133 3287 4183 per
3302 4119 3445 4169 idem

1830 4198 2035 4256 tempus
2058 4188 2301 4254 fuissem,
2330 4190 2389 4235 ut
2412 4185 2485 4235 ad
2517 4185 2844 4235 rescribendi
2866 4189 3146 4251 negotium
3169 4205 3285 4240 non
3310 4191 3448 4241 vale-

1831 4279 1967 4325 rem,
1993 4260 2228 4327 apposui
2253 4259 2315 4309 de
2337 4258 2520 4309 diebus
2541 4259 2733 4309 aestiuis
2757 4274 2940 4309 moras
2968 4260 3104 4325 ejus,
3120 4267 3182 4312 ut
3200 4277 3450 4328 compen-

1828 4351 2010 4387 sarem
2036 4340 2225 4392 tecum,
2249 4332 2298 4381 si
2319 4336 2533 4381 tantum
2570 4331 2630 4379 in
2653 4346 2710 4380 eo
2737 4332 2818 4380 tui
2843 4333 3096 4396 temporis
3123 4348 3445 4399 usurparem

1835 4412 2117 4474 quantum
2142 4410 2200 4454 tu
2220 4404 2284 4452 in
2306 4402 2489 4453 eodem
2526 4417 2886 4466 occupaveras
2908 4404 2971 4453 de
2994 4403 3177 4454 diebus
3206 4404 3447 4455 hibernis

1835 4480 1979 4530 unde
2000 4476 2305 4537 concedam,
2328 4480 2387 4523 ut
2402 4475 2450 4523 si
2469 4479 2739 4523 autumno
2752 4476 3053 4539 perveth
3073 4475 3149 4524 ad
3166 4490 3239 4524 un
3248 4476 3448 4526 animi-

1831 4557 1993 4609 tatem
2035 4554 2204 4609 tuam,
2246 4551 2305 4595 ut
2330 4546 2561 4595 hiemem
2584 4560 2775 4595 rursus
2797 4545 3075 4609 impendat
3107 4544 3220 4598 tibi.
3246 4549 3332 4599 Ex
3354 4547 3447 4599 his

1842 4626 2042 4690 liquet,
2084 4616 2307 4671 Paulini
2329 4615 2700 4681 epistolarum
2731 4616 3035 4690 vulgatum
3062 4617 3323 4670 ordinem
3344 4619 3447 4671 an-

185 4706 230 4756 I.
267 4705 424 4755 Dum
462 4700 747 4753 Palladius
790 4700 1092 4753 Melanium
1126 4712 1159 4753 e
1193 4699 1524 4753 Palastina
1564 4704 1734 4766 portu
1756 4685 1814 4759 D
1844 4685 1979 4751 clibi
2001 4691 2601 4766 essepraposterum,
2627 4692 2803 4766 atque
2827 4688 3140 4766 ad_eoillam
3162 4693 3445 4766 epistolam,

120 4774 485 4829 Casareensi
500 4775 743 4825 Romam
763 4774 1039 4825 continuo
1062 4772 1314 4836 venisse,
1344 4775 1605 4835 testatur,
1643 4772 1733 4823 iti-

122 4849 287 4900 neris
299 4844 739 4909 terminum,non
754 4859 973 4895 cursum
990 4856 1110 4909 pra
1126 4843 1308 4905 oculis
1317 4843 1535 4908 habuit,
1549 4847 1740 4905 quippe

123 4917 429 4985 Neapolim
446 4917 696 4982 primum
714 4915 952 4982 adpulit,
972 4915 1128 4968 unde
1141 4928 1374 4981 magno,
1392 4916 1491 4980 qui
1501 4930 1737 4964 occurre-

124 4997 279 5054 rant,
302 5001 609 5055 procerum
630 4994 1006 5053 cognatorum
1028 4986 1259 5053 agmine
1283 4987 1510 5053 stipata,
1536 4985 1738 5038 Nolam

124 5063 201 5115 ad
228 5060 535 5113 Paulinum
561 5060 811 5126 divertit,
839 5064 902 5112 ut
922 5060 1165 5124 ipsemet
1182 5064 1381 5111 auctor
1393 5061 1551 5111 estin
1568 5058 1734 5122 epist.

126 5134 346 5186 XXIX.
366 5141 370 5146 '
387 5130 529 5184 alias
564 5132 634 5183 X.
674 5131 715 5194 ἓ.
744 5129 828 5185 12.
854 5130 929 5182 ad
953 5133 1230 5183 Sanctum
1253 5132 1525 5182 Severum
1551 5128 1738 5192 Sulpi-

125 5208 313 5267 cium,
338 5205 432 5256 cui
456 5203 732 5256 Paulinus
756 5202 876 5269 'pra
901 5203 1112 5267 gaudio
1130 5202 1430 5266 exsiliens,
1459 5206 1636 5253 tanta
1658 5200 1740 5252 fe-

124 5278 308 5329 mina
333 5275 539 5328 laudes
562 5274 803 5328 miriilca
826 5287 935 5327 sua
956 5272 1285 5338 eloquentia
1309 5272 1598 5325 describit.
1630 5270 1740 5322 Sed

127 5351 306 5401 verba
344 5347 586 5407 Paulini,
622 5359 756 5412 qua
800 5346 1060 5399 Melania
1094 5346 1405 5398 adventum
1438 5346 1510 5395 ob
1543 5342 1740 5395 oculos

126 5425 381 5486 ponunt,
395 5420 505 5471 hoc
515 5420 639 5472 loco
657 5419 1061 5484 pratereunda
1079 5431 1198 5469 non
1216 5424 1335 5467 sunt
1357 5434 1368 5468 :
1384 5417 1613 5481 Reliqua
1628 5416 1742 5479 ejus

130 5496 403 5558 (Melania)
429 5492 645 5555 negotia
668 5507 732 5540 ac
755 5498 996 5556 tempora
1022 5489 1323 5552 tra-nsilibo,
1350 5495 1394 5539 et
1420 5490 1518 5538 hoc
1538 5489 1739 5552 ipsum,

128 5581 240 5631 quo
283 5575 571 5617 BEMEANS
609 5574 959 5625 NAVIGAVIT,
989 5567 1047 5612 ut
1068 5577 1290 5611 cursum
1312 5561 1484 5625 ipsius
1507 5558 1739 5621 amulcr,

129 5636 517 5700 transfretabo,
549 5650 655 5700 quo
682 5637 839 5686 citius
860 5649 1161 5685 sermonem
1185 5648 1386 5693 meum,
1412 5634 1473 5681 in
1505 5632 1619 5697 ejus
1642 5643 1745 5685 ΑΙ)-

134 5721 343 5762 VBNTU
392 5708 711 5773 exponendo
748 5708 1101 5759 determinem
1129 5723 1148 5768 ;
1177 5707 1239 5756 in
1263 5721 1369 5771 quo
1401 5718 1615 5769 magna
1647 5701 1745 5751 Dei

128 5782 328 5848 gratiae
370 5785 634 5847 spectator
667 5779 773 5844 fui.
807 5779 1097 5844 Neapolim
1119 5776 1324 5839 urbem,
1350 5776 1492 5827 brevi
1514 5774 1689 5840 spatio
1709 5788 1745 5822 a

131 5853 381 5916 Nolana,
410 5868 521 5918 qua
545 5850 808 5916 degimus,
822 5851 1054 5916 civitate,
1072 5851 1383 5901 distinctam
1406 5850 1529 5913 (sive
1551 5849 1747 5896 distan-

134 5925 278 5992 tem)
304 5925 529 5977 advecta
550 5929 641 5988 est,
665 5924 758 5976 ubi
780 5923 1025 5990 ﬁliorum
1046 5928 1407 5989 nepotumque
1423 5932 1648 5972 occursu
1658 5931 1749 5968 ea:-

1834 4779 2089 4839 quacum
2113 4764 2288 4839 Victor
2308 4762 2368 4839 in
2384 4760 2757 4839 Aquitaniam
2787 4760 2860 4813 ad
2877 4760 3130 4839 Severum
3142 4763 3356 4815 remitti
3371 4762 3448 4815 di-

1834 4834 2002 4905 citur,
2027 4839 2087 4889 in
2108 4834 2359 4899 vulgatis
2382 4834 2732 4887 editionibus
2744 4847 2862 4899 pra
2871 4835 3020 4900 poni,
3034 4849 3215 4900 quum
3242 4844 3447 4899 postpo-

1834 4910 2117 4969 nendailli
2135 4907 2228 4969 sit,
2252 4920 2383 4971 qua
2411 4907 2607 4958 statim
2632 4906 3023 4970 subsequitur,
3051 4907 3151 4960 ubi
3174 4908 3447 4962 Paulinus

1836 4990 2090 5041 Severum
2113 4980 2184 5032 de
2208 4979 2453 5041 Victore,
2478 4979 2551 5029 ab
2568 4991 2630 5030 se
2655 4983 2791 5030 tunc
2806 4991 3006 5029 recens
3021 4984 3310 5044 suscepto,
3330 4992 3444 5032 cer-

1839 5060 2041 5110 tiorem
2081 5053 2233 5105 facit.
2269 5052 2513 5114 Insuper
2552 5049 2613 5099 in
2644 5049 2753 5101 hac
2775 5049 2975 5101 eadem
2999 5050 3299 5114 posteriori
3331 5052 3449 5115 epi-

1838 5128 2001 5191 stola,
2034 5122 2297 5178 Melania
2313 5134 2387 5173 ex
2398 5121 2629 5172 Oriente
2646 5119 2843 5172 Nolam
2861 5120 3149 5174 adventus
3167 5120 3446 5173 describi-

1840 5206 1947 5262 tur,
1977 5202 2287 5264 postquam
2312 5194 2450 5244 Nola
2468 5194 2710 5264 Romam
2732 5192 2986 5255 profecta
3004 5194 3127 5256 jam
3151 5192 3352 5264 fuerat.
3379 5193 3446 5243 In

1839 5261 2010 5338 priori
2040 5270 2105 5321 ilt
2132 5278 2319 5318 sermo
2342 5264 2413 5333 de
2434 5264 2626 5326 Ruﬁni
2649 5262 2931 5338 discessu,
2972 5276 3141 5326 quem
3173 5261 3444 5338 Paulinus

1842 5332 2101 5396 Melania
2135 5338 2380 5388 comitem
2410 5338 2595 5386 vocat.
2632 5336 2819 5396 Quare
2843 5333 2971 5386 hac
2995 5347 3112 5385 non
3136 5333 3305 5397 prior,
3341 5332 3443 5385 sed

1836 5413 2119 5484 posterior
2145 5408 2342 5484 ordine
2365 5410 2422 5484 et
2446 5411 2719 5470 tempore,
2748 5406 2843 5457 illa
2868 5419 2983 5458 non
3008 5404 3306 5469 posterior,
3339 5403 3443 5456 sed

1840 5480 1993 5555 prior
2018 5480 2307 5536 censenda
2336 5483 2443 5555 est.
2471 5548 2482 5555 .
2648 5547 2662 5555 _
2712 5548 2741 5555 Α
2764 5534 2767 5539 ί

1902 5560 1993 5610 III.
2022 5556 2259 5618 Utrique
2283 5548 2560 5616 epistola,
2594 5547 2666 5600 ad
2703 5548 2953 5599 Severum
2979 5545 3149 5609 data,
3178 5546 3443 5598 subnecti

1843 5630 2014 5683 debet
2028 5617 2193 5693 epist.
2214 5625 2408 5683 XLIII,
2421 5620 2587 5693 allias
2602 5617 3292 5693 XXXV.ad_Desiderium
3308 5633 3446 5693 pres-

1842 5690 2130 5767 byterum,
2156 5697 2230 5749 ad
2254 5707 2429 5760 quem
2454 5690 2726 5767 Paulinus
2753 5690 2967 5754 scribit,
3002 5691 3445 5767 Victorem,ab_se

1843 5763 1977 5827 cum
2003 5763 2173 5837 epist.
2200 5768 2458 5821 xxvm.
2484 5763 2736 5818 aliale.
2755 5774 2829 5815 ex
2854 5764 3192 5837 prascripto
3208 5764 3445 5813 Severiin

1843 5835 2056 5899 Gallias
2079 5845 2251 5896 antea
2273 5838 2610 5897 remissum,
2636 5839 2703 5887 ut
2724 5837 2797 5885 ad
2819 5835 3102 5885 vindemiae
3127 5835 3237 5885 dies
3258 5847 3448 5886 occur-

1843 5922 2000 5979 reret,
2017 5915 2224 5970 deinde
2246 5914 2320 5967 ob
2347 5911 2571 5965 subitos
2584 5920 2779 5962 rerum
2793 5907 2987 5967 obices
3008 5907 3220 5963 lterum
3245 5905 3446 5961 Nolam
