3902 6418
132 381 240 443 113

1424 393 1605 447 VITA
1634 393 1773 450 LIB.
1806 394 1853 449 Ι.
1889 394 2044 451 CAP.
2080 398 2149 450 V.

3334 398 3438 457 114

278 494 376 584 die
397 496 486 584 14.
496 498 772 584 ianuam
794 498 1051 584 primum
1070 500 1233 584 Npltg
1267 501 1466 584 fuisse
1492 504 1604 558 Sed
1630 506 1737 584 P_a-
1760 510 1821 584 Α
1839 511 1926 584 ter
1946 513 2169 573 exacta,
2194 510 2498 584 presertim
2520 523 2656 565 vero
2678 510 2753 565 ad
2774 509 3318 584 Ambrosianum,et
3330 512 3439 584 Fri-

127 568 261 640 gius
303 570 374 622 Α.
397 570 468 622 D.
492 568 615 626 397.
650 571 675 634 ε
713 570 765 626 7.
795 584 870 625 ex
892 572 1168 625 Chifiletio
1193 575 1357 628 Parte
1378 577 1445 627 II.
1472 588 1600 640 cap.
1632 577 1731 629 IX.

126 639 235 710 has
262 640 489 693 Paulini
508 642 797 695 Natalium
821 644 1072 708 epochas
1097 646 1309 709 turbat,
1332 650 1512 710 utque
1534 639 1733 700 Natale

126 709 179 784 _i_.
203 711 479 784 ab‘Asl).
505 712 628 772 393.
659 714 952 779 avulsum,
986 716 1319 780 insequenti
1344 709 1497 771 anno
1520 719 1735 784 deligat

124 780 335 835 Natale
378 781 467 839 13.
506 797 581 837 ex
611 786 680 837 A.
722 786 790 836 D.
821 785 944 841 405.
981 787 1054 839 ad
1079 789 1147 839 Α.
1184 789 1247 839 D.
1274 787 1397 844 406.
1424 780 1733 843 transferre

121 859 392 916 conatur,
418 857 877 921 proptereaquod
900 857 962 910 in
990 859 1195 911 eodem
1219 860 1406 912 Natali
1424 860 1736 917 l3.memo-

119 929 287 978 retur
331 925 624 980 excidium
666 928 972 991 Radagaisi
1007 931 1181 996 Regis
1209 931 1546 997 Gothorum,
1577 934 1733 998 quod

122 1007 314 1061 quum
336 998 595 1051 evenerit
619 1001 690 1051 Α.
717 1001 785 1052 D.
818 1000 940 1056 405.
970 1001 1100 1054 ideo
1124 1005 1393 1067 sequenti
1419 1005 1487 1057 A.
1513 1007 1579 1057 D.
1607 1005 1730 1061 406.

120 1079 362 1141 carmen
391 1068 535 1122 illud
577 1081 614 1123 a
644 1071 879 1141 Paulino
914 1071 1215 1125 conditum
1239 1078 1418 1139 putat,
1443 1076 1734 1141 trahitque

120 1139 328 1192 Natale
350 1141 393 1191 I.
421 1153 496 1193 ex
518 1142 583 1193 A.
608 1142 674 1193 D.
707 1140 833 1198 393.
866 1142 940 1195 ad
962 1146 1030 1196 A.
1056 1145 1120 1196 D.
1157 1143 1280 1200 394.
1304 1147 1388 1198 ita
1412 1150 1482 1198 ut
1500 1139 1735 1200 Chit'ﬂe-

120 1210 205 1263 tio
239 1212 301 1263 et
331 1211 506 1277 Pagio
533 1215 865 1266 auctoribus
899 1213 1114 1265 Nicetas
1141 1227 1263 1269 non
1290 1219 1358 1269 A.
1389 1218 1457 1269 D.
1480 1217 1602 1273 397.
1629 1218 1732 1271 sed

123 1280 249 1338 398.
267 1282 436 1337 Nalm
460 1285 644 1337 Natali
661 1298 717 1338 v.
737 1286 989 1351 primum
1011 1287 1349 1341 interfuerit.
1371 1290 1587 1342 Verum
1603 1294 1734 1340 hanc

124 1355 482 1408 sententiam
520 1357 593 1408 ab
637 1355 748 1409 alio
791 1358 966 1411 etiam
1009 1362 1298 1412 recoctam
1321 1361 1588 1426 amplecti
1612 1375 1732 1415 non

120 1439 486 1495 possumus;
532 1440 716 1494 quum
751 1430 908 1483 enim
943 1433 1009 1482 Α.
1034 1433 1103 1483 D.
1135 1430 1259 1487 405.
1284 1432 1485 1486 Gothis
1510 1433 1733 1487 Italiam

121 1499 521 1572 vastantibus,
549 1500 777 1566 ipsique
801 1504 1081 1557 Romana
1134 1505 1267 1556 urbi
1301 1504 1730 1572 incubantibus,

122 1569 387 1634 Paulino,
431 1570 573 1623 alias
603 1573 694 1624 sui
726 1574 919 1639 gregis
943 1586 1101 1627 cum
1123 1575 1534 1637 intentissimo,
1558 1569 1735 1630 haud;

124 1652 425 1705 quaquam
468 1644 756 1696 vacaverit
788 1650 1067 1699 consueta
1089 1645 1182 1699 die
1204 1659 1321 1700 XIV.
1344 1648 1601 1701 Januarii
1623 1649 1733 1702 hoc

126 1723 304 1784 suum
346 1713 509 1777 pacis
544 1716 601 1767 et
619 1715 831 1778 quietis
855 1729 1003 1783 opus
1030 1730 1328 1783 peragere;
1358 1721 1732 1784 postmodum

124 1781 288 1857 illud_
307 1784 531 1850 peregit
572 1790 863 1841 transacta
893 1781 1115 1853 hieme,
1159 1781 1218 1841 et
1246 1781 1380 1844 vere
1425 1796 1731 1857 appetente

124 1853 393 1928 ejusdem
436 1857 575 1909 anni
622 1857 746 1914 405.
789 1858 1049 1925 adeoque
1094 1860 1255 1913 Italia
1296 1863 1371 1914 ab
1415 1853 1730 1928 irruptione

1837 579 2186 646 singensem,
2211 582 2413 636 smculi
2428 584 2506 635 X.
2527 595 2726 635 aevum
2746 582 3107 646 referentem,
3123 593 3238 646 quo
3248 581 3438 635 Pauli-

1833 650 1991 701 niani
2013 652 2246 705 Natales
2258 652 2343 708 12.
2358 655 2741 709 continentur.
2758 656 2929 706 Hunc
2938 654 3435 706 memoratR.P.D.

1834 721 2157 776 Bernardus
2211 725 2413 778 Pezius
2455 726 2516 778 in
2558 726 2973 778 Dissertatione
3017 724 3316 790 Isagogica
3364 724 3437 778 ad

1832 796 2059 845 tomum
2081 797 2123 847 Ι.
2150 795 2433 849 Thesauri
2455 798 2868 851 anedoctorum
2887 809 3018 862 pag.
3044 794 3132 851 27.

1897 865 1992 915 VI.
2019 865 2109 916 Ad
2124 866 2420 933 Rufinum,
2439 881 2612 932 quem
2627 867 2909 923 Baronius
2924 874 3063 918 vocat
3081 866 3437 917 individuum

1832 934 2080 986 Melania
2101 938 2366 1002 comitem,
2390 939 2713 992 redeamus.
2737 939 3170 1003 Rosweydusin
3186 938 3439 991 Historia

1833 1006 2125 1059 eremitica
2144 1020 2272 1073 pag.
2298 1009 2422 1064 144.
2447 1011 2481 1074 §
2513 1009 2601 1064 27.
2624 1010 2868 1063 Baronio
2891 1008 3437 1073 adversandipotis-

1834 1078 2044 1130 simam
2054 1079 2340 1133 rationem
2365 1081 2619 1134 desumit
2640 1094 2714 1135 ex
2739 1080 2967 1134 silentio
2982 1079 3269 1132 Pauliniin
3287 1082 3433 1141 epist.

1833 1149 2042 1202 XXIX.
2070 1150 2213 1203 alias
2236 1153 2290 1204 Χ
2333 1153 2407 1204 ad
2424 1153 2836 1218 Severum,ubi
2859 1153 2932 1205 de
2955 1151 3193 1202 Melania
3204 1151 3436 1216 copiose

1830 1220 2107 1285 loquutus
2156 1223 2429 1285 Rufinum
2472 1224 2708 1277 omnino
2753 1224 2899 1277 silet.
2946 1225 3163 1276 Verum
3210 1222 3260 1273 si
3299 1221 3436 1275 huic

1832 1299 2177 1357 argumento
2200 1294 2385 1348 ullum
2410 1296 2638 1362 pondus
2668 1297 2904 1362 inesset,
2920 1294 3274 1359 sequeretur,
3296 1294 3438 1345 cele-

1832 1364 2141 1417 berrimam
2169 1365 2462 1430 feminam,
2478 1367 2649 1418 solam
2660 1367 2736 1419 ad
2753 1365 3049 1419 Paulinum
3067 1364 3264 1430 ivisse,
3286 1378 3434 1426 quam

1832 1436 2028 1488 tamen
2050 1437 2385 1502 amplissimo
2408 1439 2667 1489 comitatu
2680 1439 2958 1492 sociatam
2977 1436 3251 1489 Paulinus
3265 1448 3437 1489 exce-

1831 1506 1945 1571 pit;
1992 1508 2091 1572 qui
2132 1510 2195 1561 in
2239 1510 2410 1562 unius
2442 1510 2690 1561 Melaniae
2723 1510 2921 1562 laudes
2945 1508 3185 1571 etl‘usus,
3211 1512 3435 1560 ceteros

1830 1579 2174 1632 nominatim
2222 1594 2523 1635 recensere
2555 1581 2832 1647 neglexit.
2866 1581 3008 1632 Cum
3038 1578 3130 1631 his
3161 1579 3436 1643 Rufinum

1832 1650 2150 1712 exstitisse,
2181 1652 2310 1715 jure
2334 1652 2532 1717 negari
2568 1666 2684 1705 non
2708 1657 2920 1717 potest.
2955 1653 3173 1704 Iterum
3197 1654 3436 1712 praestat

1831 1720 2134 1774 Paulinum
2157 1722 2357 1775 audire
2383 1724 2416 1788 §
2440 1723 2525 1779 13.
2558 1723 2863 1788 Tugurium
2887 1737 3007 1772 vero
3029 1725 3279 1771 nostrum
3289 1720 3434 1785 quod

1831 1806 1868 1842 a
1911 1795 2054 1842 terra
2099 1808 2420 1858 suspensum
2471 1795 2758 1859 caenaculo,
2802 1809 2922 1843 una
2962 1793 3174 1857 porticu
3237 1791 3436 1842 cellulis

1831 1863 2185 1927 hospitalibus
2208 1866 2543 1931 interposita,
2569 1866 2784 1930 longius
2807 1865 3046 1915 tenditur
3060 1863 3220 1929 quasi
3233 1862 3438 1913 dilata-

125 1925 447 2001 Gothorum
476 1929 601 2001 jam
627 1929 882 1983 liberata.
912 1932 970 1985 Si
993 1933 1141 1985 bene
1164 1944 1437 1999 auguror,
1467 1925 1730 1988 disertim
1755 1926 1810 2001 B
1835 1925 1950 1983 tum
1970 1936 2154 2000 gratia
2178 1925 2421 1997 Domini,
2436 1925 2551 1987 non
2566 1925 2741 1987 solum
2754 1947 3009 1990 SANC'I‘IS
3033 1925 3296 2001 quiiltam
3312 1936 3434 1997 (Me-

124 1995 238 2051 hoc
277 2000 518 2071 exponit
551 2001 821 2055 Paulinus
861 2002 1025 2056 initio
1059 1995 1276 2057 Natalis
1318 2004 1406 2061 13.
1426 1995 1595 2071 quod
1616 2020 1732 2060 una

130 2084 266 2124 cum
311 2070 400 2127 11.
435 2075 497 2125 et
539 2072 624 2128 12.
665 2087 740 2127 ex
760 2075 1161 2128 Ambrosianis
1185 2070 1478 2129 codicibus
1501 2078 1726 2143 prodiit.

126 2143 357 2196 Etenim
391 2145 640 2197 Sanctus
674 2149 839 2199 vates
883 2146 994 2199 hoc
1025 2147 1198 2200 modo
1221 2147 1440 2201 Natalis
1468 2161 1595 2202 xm.
1621 2150 1729 2201 ini-

124 2214 275 2266 tium
297 2215 629 2278 auspicatur
648 2228 777 2283 pag.
814 2216 901 2272 72.

189 2332 417 2397 pandida
441 2346 558 2393 pax,
580 2348 732 2384 vnum
754 2339 894 2395 grata
917 2337 1027 2384 vice
1062 2337 1299 2397 temporis
1318 2352 1510 2387 annum

186 2395 315 2460 Post
338 2409 519 2446 araxes
546 2411 725 2456 acus,
751 2399 1027 2460 tranquillo
1049 2395 1244 2448 lumine
1260 2401 1415 2459 ducit,

186 2459 562 2521 Signatumque
586 2461 668 2520 pio
692 2459 893 2509 Sanctis
920 2461 1102 2510 Felicis
1134 2470 1322 2510 honore

185 2522 398 2586 Saenius
427 2522 587 2582 aperit
611 2524 830 2586 populis,
856 2523 1083 2572 Gaudere
1103 2527 1293 2573 serenis

184 2583 438 2632 Mentibus
458 2599 705 2634 usransa
722 2583 826 2634 diri
845 2587 1067 2646 caligine
1089 2601 1232 2635 sum

186 2647 375 2710 Suadet
388 2660 546 2695 ovans
569 2648 725 2705 Felix,
755 2649 876 2709 quia
893 2649 1032 2709 pacis
1054 2654 1103 2696 et
1122 2652 1230 2709 ipse
1251 2653 1511 2710 patronus,

185 2709 314 2757 Cum
340 2710 563 2768 patribus
585 2711 739 2758 Paulo
751 2716 901 2771 atque
920 2713 1059 2760 Petro
1080 2716 1129 2759 et
1150 2709 1264 2760 cum
1280 2713 1520 2761 fratribus
1537 2712 1684 2769 almis

183 2772 508 2832 Martyribus,
528 2774 707 2833 Regem
723 2775 911 2834 Regum
933 2777 1174 2832 exoravit,
1199 2777 1359 2824 amico

186 2835 422 2899 Numine,
457 2836 665 2883 Romani
687 2838 963 2896 producere
986 2843 1205 2897 tempora
1226 2838 1401 2899 Regni,

130 2952 137 2955 Α
187 2897 539 3008 ἓίὶίιὲἓειὲεᾳιιθ
554 2900 718 2948 Gsus
740 2899 894 2960 ipsisj
901 2913 981 2948 am
1004 2899 1237 2949 faucibus
1252 2897 1397 2949 Urbis

122 3076 348 3128 Caussa
386 3075 543 3138 latet,
584 3088 688 3128 cur
716 3076 787 3135 is,
811 3075 912 3140 qui
929 3075 1057 3130 hinc
1090 3076 1148 3129 in
1171 3077 1359 3129 lucem
1382 3075 1636 3142 protulit,
1670 3075 1729 3128 id

121 3147 237 3199 sibi
279 3145 448 3199 licere
492 3147 793 3211 putaverit,
833 3152 902 3200 ut
941 3151 1139 3201 contra
1183 3148 1358 3201 iidem
1408 3147 1623 3200 codicis
1669 3149 1730 3200 in

121 3219 382 3283 primum
424 3231 663 3271 versum
697 3219 926 3271 tertiam
956 3221 1219 3273 voculam
1243 3220 1421 3270 laetum
1447 3219 1519 3271 de
1540 3232 1647 3271 suo
1670 3219 1729 3270 in

122 3289 400 3355 truderet,
427 3290 765 3354 primigenia
780 3291 1034 3356 explosa,
1051 3303 1227 3355 quam
1246 3305 1354 3357 ego
1376 3291 1529 3341 verni
1548 3291 1727 3343 fuisse

122 3362 266 3427 scio,
293 3372 587 3427 quamque
605 3361 746 3414 alias
762 3362 1084 3416 luculenter
1096 3363 1442 3415 confirmant
1452 3364 1727 3416 vei-battle

117 3433 185 3486 in
217 3433 475 3487 secundo
502 3446 673 3486 versu
699 3450 712 3485 :
738 3435 862 3485 Post
885 3435 1083 3484 hiemes
1105 3440 1267 3484 actas.
1294 3435 1508 3487 Eadem
1540 3433 1728 3499 primi-

121 3508 301 3571 genia
324 3504 526 3558 vocula
546 3506 716 3570 verni,
751 3507 813 3561 in
850 3518 967 3571 qua
998 3518 1117 3559 una
1138 3509 1217 3559 rei
1242 3508 1413 3558 cardo
1447 3510 1725 3570 versatur,

122 3578 270 3629 satis
294 3576 445 3631 clare
461 3578 522 3630 in
544 3578 737 3631 codice
757 3578 1136 3631 Ambrosinao
1152 3578 1727 3643 repmsentaturSed

122 3648 237 3701 hoc
269 3654 445 3713 atque
472 3650 584 3702 alia
597 3650 652 3701 id
665 3662 848 3715 genus
860 3662 1036 3717 quam
1057 3650 1307 3712 plurima
1322 3654 1573 3702 veterem
1587 3651 1727 3699 codi-

120 3732 252 3773 cem
283 3733 418 3773 cum
445 3734 594 3773 nova
615 3721 862 3774 editione
890 3721 1204 3774 conferenti
1239 3722 1402 3774 facile
1428 3724 1725 3786 patebunt.

122 3794 301 3845 Porro
344 3794 497 3842 verni
539 3799 696 3857 grata
734 3794 842 3843 vice
880 3794 1150 3859 temporis.
1188 3800 1304 3855 post
1342 3795 1538 3843 hiemes
1582 3799 1729 3843 actas

122 3865 402 3932 exprimit
441 3864 582 3917 illud
621 3865 834 3917 Horatii
871 3864 1015 3918 libro
1047 3868 1088 3916 Ι.
1124 3866 1453 3917 Carminum
1492 3865 1610 3917 Ode
1647 3878 1726 3919 Iv.

122 3937 353 3988 solvitur
366 3938 516 4002 agris
549 3938 720 3988 hiems
732 3942 892 4003 grata
924 3953 1034 3989 vice
1056 3939 1210 3988 veris.
1230 3941 1369 3991 ch
1392 3937 1725 4003 ostendunt,

123 4007 431 4061 Paulinum
461 4009 571 4061 hoc
591 4022 763 4061 suum
787 4007 977 4061 natale
1004 4020 1229 4061 carmen
1243 4021 1370 4061 xm.
1398 4021 1516 4060 non
1531 4021 1728 4061 mense

121 4080 414 4134 Januarii.
436 4086 502 4133 ut
524 4082 665 4134 alias
682 4086 1085 4144 consueverat,
1113 4081 1214 4134 sed
1242 4094 1380 4133 mox
1393 4083 1729 4142 subsequenti

119 4167 289 4202 verno
313 4158 544 4217 tenipore
558 4154 856 4219 cecinisse,
876 4153 1072 4205 statim
1095 4158 1225 4217 post
1247 4153 1502 4205 deletum
1526 4153 1732 4205 Gotho-

119 4236 258 4278 rum
300 4224 652 4289 exercitum;
695 4226 860 4289 cujus
891 4225 1085 4277 clades
1110 4224 1278 4275 hiemi
1309 4225 1566 4288 ejusdem
1593 4224 1731 4276 anni

122 4294 251 4360 405,
305 4300 606 4362 propterea
644 4297 960 4362 copulatur.
999 4298 1114 4349 Nec
1153 4308 1294 4349 sane
1334 4296 1446 4348 ullo
1472 4308 1730 4361 unquam

122 4380 282 4420 anno
298 4368 570 4421 Paulinus
587 4367 677 4421 die
689 4368 775 4423 14.
792 4368 1068 4432 Januarii,
1080 4367 1324 4433 ideoque
1334 4367 1517 4417 media
1539 4369 1728 4430 hieme,

121 4436 377 4492 dixisset
404 4444 517 4503 post
542 4440 743 4490 hiemes
758 4444 922 4491 aetas.
941 4440 1050 4492 Sed
1067 4451 1257 4504 neque
1270 4439 1388 4492 ulla
1408 4439 1515 4491 fuit
1536 4454 1729 4499 caussa,

120 4523 230 4563 cur
261 4511 533 4563 Paulinus
558 4511 631 4563 ad
664 4511 1066 4576 insequentem
1090 4514 1157 4564 A.
1184 4513 1247 4563 D.
1274 4510 1399 4565 406.
1426 4510 1535 4563 hoc
1560 4522 1731 4562 suum

90 4581 333 4635 'Natale
362 4581 447 4637 13.
493 4582 804 4636 transferre
838 4582 1155 4649 debuisset,
1180 4583 1489 4648 ipsumque
1511 4594 1733 4633 annum

118 4653 256 4751 :05;
288 4655 365 4707 ab
398 4655 807 4751 Anniversaijo
837 4654 1093 4751 carmine
1119 4666 1396 4751 “vaguum
1420 4653 1727 4716 dimittere,
1752 4676 1809 4751 Β

115 4727 259 4780 licet
283 4730 562 4779 consueta
584 4726 677 4778 die
702 4726 787 4782 13.
827 4726 1085 4779 Januarii
1115 4725 1257 4778 illud
1281 4737 1485 4777 canere
1514 4736 1731 4789 nequa-

121 4811 305 4864 quam
332 4799 591 4862 potuerit.
620 4799 894 4851 Paulinus
918 4800 1068 4850 certe
1096 4797 1322 4849 initium
1345 4797 1525 4862 hujus
1549 4798 1733 4846 Natalis

121 4870 463 4935 auspicatur
483 4870 555 4921 ab
571 4870 824 4934 Epinicio
853 4871 926 4921 ob
951 4869 1187 4934 Gothos,
1212 4873 1345 4922 ante
1373 4868 1603 4921 initium
1620 4870 1733 4919 Ve-

121 4942 205 4994 ris
226 4941 342 4994 hoc
363 4940 565 4994 eodem
588 4945 655 4995 Α.
690 4944 759 4994 D.
785 4940 907 4998 405.
938 4945 1287 5005 prostratos;
1312 4940 1556 5004 ideoque
1580 4937 1733 5004 apud

122 5012 486 5078 Dungalum,
520 5015 617 5077 qui
640 5014 861 5066 Paulini
883 5012 1110 5066 Natales
1135 5012 1223 5068 15.
1244 5012 1620 5066 enumeratin
1638 5013 1735 5062 Re-

123 5084 362 5150 sponsis
381 5085 453 5137 ad
475 5083 775 5138 Claudium
791 5086 1207 5138 Taurinensem
1226 5085 1282 5137 in
1312 5086 1617 5134 Bibliotheca
1631 5084 1732 5136 PP.

125 5156 515 5223 Lugdunensi
545 5161 701 5209 tomo
730 5158 879 5210 XIV.
920 5169 1049 5223 pag.
1075 5155 1200 5212 218.
1233 5156 1327 5208 his
1351 5155 1517 5221 plane
1544 5154 1734 5207 verbis

126 5228 503 5281 inscribitur:
549 5229 625 5279 De
668 5229 969 5279 Gothorum
1009 5229 1275 5279 exercitus
1309 5241 1433 5277 cum
1459 5241 1558 5276 suo
1582 5227 1733 5291 Rege,

126 5300 374 5351 interitu.
411 5302 497 5351 Ex
532 5298 624 5352 his
660 5304 853 5365 patere
891 5299 1154 5365 arbitror,
1189 5299 1519 5365 piissimum
1542 5302 1736 5350 vatem

128 5371 329 5425 statim
367 5383 404 5424 a
447 5371 650 5425 Gothis
674 5371 916 5425 devictis
939 5375 1233 5424 transacto
1256 5370 1349 5423 die
1374 5370 1454 5425 13.
1479 5369 1736 5422 Januarii

128 5443 332 5497 Natale
356 5455 532 5496 suum
556 5442 647 5499 13.
678 5443 803 5509 ipso
821 5457 954 5498 vere
968 5446 1105 5497 anni
1122 5441 1244 5499 405.
1264 5442 1735 5500 cecinisse.0uum

128 5528 264 5583 ergo
310 5515 514 5568 Natale
559 5529 611 5566 v.
645 5515 831 5569 ﬁxum
860 5520 1097 5568 maneat
1120 5518 1186 5568 A.
1214 5515 1274 5566 Ι).
1311 5512 1435 5569 397.
1471 5513 1667 5565 Natale
1683 5512 1736 5567 9.

129 5591 191 5641 Α.
223 5589 293 5641 D.
322 5585 449 5643 401.
480 5585 709 5652 hocque
734 5588 935 5641 Natale
967 5586 1052 5642 13.
1089 5588 1153 5640 Α.
1185 5588 1251 5638 D.
1277 5584 1400 5642 405.
1425 5586 1559 5638 hinc
1583 5588 1740 5650 patet

131 5659 337 5721 Nicetes,
352 5658 545 5722 Ruﬁni
568 5662 625 5711 et
647 5659 897 5710 Melania:
911 5658 1115 5712 Nolam
1138 5658 1450 5711 adventum
1480 5669 1553 5710 ex
1577 5659 1643 5709 A.
1668 5658 1738 5708 D.

132 5730 249 5787 397.
274 5730 441 5783 nullo
464 5732 675 5783 conatu
707 5730 899 5783 divelli
942 5742 1131 5793 posse.
1170 5731 1371 5783 Cetera
1398 5727 1737 5794 optandum,

132 5801 353 5856 Paulini
383 5801 768 5868 opera'omnia
783 5814 882 5867 per
894 5802 1085 5855 virum
1108 5801 1462 5855 industrium
1485 5804 1544 5854 et
1568 5811 1740 5853 accu-

136 5880 318 5928 ratum
344 5885 551 5927 rursus
573 5872 794 5928 editum
815 5873 988 5936 iri,ad
1008 5877 1234 5927 veteres
1257 5873 1488 5926 codices
1507 5871 1740 5937 diligen-

1829 2004 2061 2069 laniem)
2104 2018 2354 2061 PLURIMI
2403 2007 2821 2073 comitabantur,
2864 2008 2956 2057 sed
2997 2007 3162 2056 etiam
3203 2005 3436 2056 divitum

1830 2077 2053 2127 illorum
2064 2079 2304 2142 catervis,
2318 2093 2434 2129 non
2447 2079 2730 2145 incapaces
2749 2079 3031 2144 angustias
3039 2076 3285 2143 praebuit.
3303 2079 3435 2127 Inter

1828 2149 1937 2201 hos
1980 2150 2392 2214 sanctos,'idest
2433 2151 2739 2203 laudabilis
2782 2152 2919 2205 vitae
2951 2149 3237 2209 homines,
3258 2160 3434 2206 unus,

1827 2220 2099 2285 idemque
2122 2222 2431 2288 precipuus
2442 2227 2566 2275 erat
2578 2224 2845 2287 Ruﬁnus,
2869 2234 3041 2285 quem
3056 2221 3115 2272 in
3131 2221 3433 2282 praecedenti

1827 2293 2089 2357 epistola,
2112 2293 2256 2345 huic
2276 2294 2399 2357 jam
2422 2294 2710 2355 adductas,
2730 2299 2796 2346 ut
2817 2292 3199 2351 ostendimus,
3227 2295 3432 2352 postpo-

1828 2364 2038 2430 nenda,
2060 2369 2440 2417 memoratum
2454 2365 2718 2417 videmus
2735 2365 2842 2427 ;ibi
2858 2364 3014 2416 enim
3026 2361 3300 2414 Paulinus
3323 2361 3434 2410 Sul-

1827 2436 1996 2500 picio,
2035 2439 2299 2488 veterum
2323 2436 2580 2488 Hnnales
2621 2437 2694 2488 ab
2747 2448 2809 2487 se
2850 2434 3183 2499 postulanti,
3218 2431 3432 2495 quibus

1827 2507 2104 2559 nimirum
2148 2507 2209 2559 in
2260 2518 2425 2559 sacra
2465 2508 2706 2559 historia
2740 2506 2994 2559 texenda
3014 2509 3290 2566 uteretur,
3320 2503 3433 2555 hoc

1827 2574 1995 2644 pacto
2017 2578 2327 2643 respondet
2350 2593 2363 2630 :
2391 2578 2554 2630 Nunc
2576 2579 2754 2643 operis
2777 2578 2858 2627 tui
2881 2591 3072 2627 curam
3097 2589 3300 2639 gerens,
3326 2588 3433 2639 quo

1828 2655 1875 2699 te
1894 2665 1995 2714 pro
2017 2650 2251 2700 utilitate
2272 2650 2398 2713 fidei
2420 2656 2616 2701 nostra
2652 2648 3006 2714 inspiciendis
3027 2652 3074 2697 et
3096 2645 3433 2709 conferendis

1824 2721 2219 2786 praeteritorum
2246 2727 2547 2787 temporum
2570 2720 2875 2772 rationibus
2896 2718 3433 2783 oceupatumjudica-

1827 2792 1914 2853 sti,
1940 2793 2088 2857 quod
2119 2794 2181 2843 de
2214 2808 2299 2843 me
2319 2808 2432 2844 non
2458 2793 2644 2855 habui,
2682 2794 2744 2843 de
2776 2793 2985 2844 Fratris
3010 2790 3274 2841 unanimi
3296 2804 3435 2855 opu-

1829 2862 2049 2914 lentiore
2073 2864 2325 2915 thesauro
2344 2866 2528 2931 petivi,
2563 2870 2610 2915 et
2631 2865 2809 2930 ipsam
2832 2862 3242 2913 adnotationem
3264 2875 3434 2926 quam

1825 2937 2226 2987 commonitorii
2246 2938 2355 2987 vice
2376 2938 2617 2995 miseras,
2632 2936 2799 2987 literis
2835 2936 2967 2985 meis
2989 2934 3229 2983 inditam
3252 2931 3435 2982 direxi

1827 3009 1902 3058 ad
1921 3010 2187 3071 Ruﬁnum
2207 3008 2598 3074 presbyterum,
2637 3008 2849 3059 Sanctae
2881 3006 3128 3056 Melaniae
3150 3003 3432 3069 spirituali

1827 3080 1918 3129 via
1942 3073 2237 3144 GOMITBM,
2275 3095 2392 3130 vere
2414 3091 2699 3134 SANCTUM
2722 3083 2769 3128 et
2791 3078 2876 3142 pie
2901 3077 3147 3137 doctum;
3170 3079 3216 3125 et
3245 3073 3308 3123 ob
3332 3075 3431 3125 hoc

1827 3152 2030 3201 intima
2064 3152 2208 3201 mihi
2237 3151 2516 3217 affectione
2548 3150 2915 3215 conjunctum.
2952 3147 3014 3197 Si
3063 3146 3151 3196 ille
3175 3146 3291 3208 has,
3316 3160 3433 3210 quae

1826 3224 2015 3273 merito
2039 3228 2084 3273 te
2106 3228 2429 3288 permovent,
2462 3223 2523 3272 de
2546 3236 2829 3271 annorum
2849 3221 2956 3270 sive
2978 3230 3430 3288 regnorum,inon

1827 3300 2149 3359 congruente
2171 3294 2374 3344 calculo
2391 3294 2598 3344 hiantis
2623 3293 2860 3343 historia:
2881 3304 3100 3341 caussas
3116 3304 3228 3338 non
3252 3287 3433 3338 edide-

1826 3368 1917 3431 rit,
1933 3358 2031 3432 ui
2042 3373 2089 3417 et
2111 3367 2441 3417 scholasticis
2455 3372 2501 3415 et
2522 3363 2859 3415 salutaribus
2881 3362 3051 3413 literis
3069 3362 3180 3426 (saec
3188 3358 3430 3432 alaribus

1826 3430 2097 3491 emendat
2120 3438 2391 3491 Baluzius
2406 3438 2467 3489 in
2482 3438 2637 3489 notis
2665 3436 2738 3488 ad
2753 3435 3151 3501 praefationem
3164 3430 3429 3495 Salviani)

1829 3510 1999 3561 Graece
2033 3515 2080 3559 et
2123 3510 2314 3560 Latine
2357 3511 2500 3559 dives
2535 3514 2623 3573 est,
2672 3523 2854 3558 vereor
2897 3522 2963 3556 ne
2994 3505 3145 3570 apud
3167 3504 3345 3553 alium
3369 3504 3431 3551 in

1828 3582 1914 3635 his
1956 3581 2267 3646 regionibus
2300 3582 2513 3646 frustra
2535 3581 2899 3645 requiramus.
2928 3576 3080 3636 Quod
3100 3577 3147 3625 si
3166 3589 3431 3641 praesum-

1825 3653 2002 3718 ptioni
2026 3654 2087 3703 de
2109 3669 2160 3703 se
2182 3669 2309 3703 mea:
2343 3652 2671 3716 satisfecerit,
2701 3652 2887 3716 prima
2919 3649 3210 3711 occasione,
3243 3647 3291 3697 si
3324 3646 3433 3696 Do-

1826 3725 2014 3774 minus
2035 3721 3002 3787 faverit,transmittamunanimitati
3018 3724 3432 3782 tuae,utcumquc

1826 3796 1970 3845 mihi
1991 3811 2153 3860 super
2179 3798 2280 3847 hac
2303 3797 2518 3846 ratione
2540 3794 2886 3859 rescripserit.
2902 3794 3218 3854 Hucusque
3242 3788 3431 3840 Pauli-

1826 3879 1960 3931 nus,
2006 3867 2107 3928 qui
2142 3866 2213 3920 de
2237 3867 2474 3919 homine
2508 3867 2824 3931 peregrino,
2849 3878 2956 3916 nec
2980 3862 3089 3914 sibi
3117 3861 3260 3913 alias
3284 3860 3432 3931 viso,

1827 3929 1956 3990 tam
1972 3936 2288 4001 singularia
2313 3929 2549 4001 prodere
2574 3929 2691 3988 non
2721 3938 2959 4002 poterat;
2985 3932 3093 3984 Sed
3118 3931 3251 3995 quia
3273 3929 3435 3982 Rufi-

1826 4022 1960 4073 nus,
1987 4009 2194 4060 Sanctae
2218 4010 2465 4059 Melaniae
2476 4008 2716 4073 spiritali
2731 4007 2823 4056 via
2836 4015 3056 4062 conss.
3074 4012 3432 4073 nempercum

1829 4093 1898 4134 ea
1921 4071 2102 4133 redux
2136 4085 2195 4132 et
2224 4092 2386 4131 sacro
2417 4071 2618 4131 itinere
2643 4075 3179 4137 Hierosolymitano,
3214 4071 3433 4136 pridem

1829 4155 1989 4206 Nolae
2008 4152 2224 4214 fuerat;
2244 4151 2370 4203 ideo
2386 4150 2661 4202 Paulinus
2674 4150 2946 4215 pietatem
2962 4149 3021 4198 et
3032 4146 3308 4215 doctrinam
3325 4146 3435 4215 ejus

1830 4238 2023 4278 coram
2050 4212 2313 4283 miratus,
2340 4225 2613 4277 Severum
2640 4212 2799 4274 nunc
2816 4218 3065 4284 primum
3084 4216 3154 4269 de
3166 4214 3310 4267 tanti
3328 4212 3438 4266 viri

1829 4297 2102 4350 laudibus
2127 4296 2347 4348 edocet.
2365 4297 2448 4347 De
2466 4294 2711 4347 Melania
2723 4290 3171 4355 haudquaquam
3184 4286 3295 4339 hoc
3306 4300 3438 4347 prae-

1833 4375 1966 4432 stat,
2005 4369 2141 4434 quia
2165 4369 2225 4420 in
2248 4367 2511 4418 anteriori
2542 4364 2802 4431 epistola,
2825 4374 2957 4434 qua
2978 4362 3054 4413 ob
3076 4357 3437 4434 librariorum

1829 4429 2119 4493 inscitiam
2158 4452 2316 4492 nunc
2359 4443 2450 4491 est
2490 4429 2786 4502 posterior,
2825 4433 2882 4486 id
2922 4434 3046 4483 fuse
3072 4429 3437 4502 praestiterat.

1830 4512 1989 4565 Idem
2015 4511 2287 4564 Paulinus
2317 4510 2377 4561 in
2389 4497 2632 4572 epistola
2654 4497 2927 4558 XL.'alias
2951 4501 3156 4555 XXVI.
3179 4499 3229 4564 §.
3257 4497 3440 4553 6.Ru-

1832 4584 2015 4636 tinum
2038 4584 2109 4634 ab
2121 4594 2183 4634 se
2199 4593 2388 4633 coram
2400 4580 2471 4631 de
2489 4580 2663 4631 rebus
2681 4574 2959 4642 Egyptiis
2971 4572 3320 4635 consultum,
3336 4585 3437 4620 non

1833 4657 2079 4707 obscure
2102 4652 2194 4704 his
2217 4651 2409 4703 verbis
2434 4648 2737 4723 significat,
2752 4646 2963 4723 quibus
2981 4643 3189 4723 Psalmi
3318 4653 3442 4723 ver-

1835 4738 1968 4779 sum
1990 4723 2324 4788 8explanat.
2343 4721 2536 4785 Accepi
2560 4736 2595 4771 a
2620 4719 2865 4786 quodam
2890 4717 3108 4788 Sancto,
3134 4714 3438 4788 doctissimo

1830 4799 1966 4859 viro,
2012 4802 2056 4845 et
2101 4783 2386 4846 carissimo
2418 4783 2579 4853 mihi,
2619 4783 2717 4858 qui
2756 4806 2869 4841 non
2892 4789 3064 4840 solum
3091 4784 3327 4851 legendo,
3351 4783 3442 4835 sed
3476 4820 3483 4829 .

1828 4870 1991 4921 etiam
2013 4866 2414 4933 peregrinando
2441 4866 2618 4916 multa
2640 4864 2902 4938 cognovit,
2927 4860 3264 4938 Pellicanum
3288 4870 3441 4938 avem

1831 4956 1935 4992 esse
1957 4940 2021 4990 in
2043 4939 2291 5003 £gypto,
2308 4937 2505 4989 velillis
2520 4937 2689 5002 juxta
2702 4934 2949 5001 partibus
2959 4934 3242 4994 usitatum,
3255 4934 3443 5003 promi-

1832 5013 1937 5063 mis
1972 5012 2100 5062 Nilo
2119 5000 2348 5074 ﬂumini
2381 5000 2599 5060 desertis
2636 5000 2903 5070 aberrare,
2938 5003 3266 5070 serpentibus
3288 5000 3438 5074 vesci,

1829 5083 1892 5133 in
1916 5097 2049 5149 quos
2067 5072 2383 5133 dimicando
2406 5079 2769 5144 pra-valuerit.
2796 5079 2941 5142 Ergo
2962 5080 3175 5142 pugnat
3191 5079 3250 5125 ut
3263 5072 3442 5122 vincat

1833 5160 1879 5206 et
1899 5156 2038 5205 victa
2061 5154 2315 5204 moritur.
2363 5152 2571 5202 Victrix
2606 5166 2726 5201 vero
2749 5154 2795 5200 et
2817 5149 2992 5199 evadit
3014 5153 3257 5205 mortem,
3282 5150 3328 5194 et
3349 5156 3443 5193 ac-

1834 5226 2005 5292 quirit
2047 5224 2393 5275 alimoniam.
2434 5223 2585 5282 Quod
2625 5225 2805 5272 autem
2840 5219 3160 5292 nyctieorax
3180 5215 3443 5292 scriptum

1834 5285 1905 5349 est
1947 5302 2286 5363 nycttcoram
2316 5309 2422 5346 esse
2454 5295 2629 5344 verius
2677 5292 2958 5355 asserebat,
2986 5291 3150 5356 idque
3170 5285 3441 5363 probabili

1835 5357 2047 5420 ratione
2074 5367 2355 5419 videbatur
2377 5366 2666 5426 ostendere,
2680 5379 2851 5429 quum
2867 5363 3021 5413 illam
3045 5373 3196 5411 avem
3220 5358 3316 5407 hoc
3333 5357 3443 5408 loco

1836 5441 2068 5508 positam
2084 5440 2292 5504 diceret,
2310 5452 2477 5503 quam
2485 5453 2516 5486 a
2522 5436 2821 5508 ppellamus
2833 5431 3444 5508 noctuam,quiasecreto

1838 5501 2078 5562 noctibus
2106 5501 2297 5561 cantus
2316 5501 2554 5558 exerceat
2578 5512 2624 5557 et
2650 5506 2875 5568 volatus,
2891 5509 2937 5553 et
2960 5501 3277 5552 obscuritate
3300 5506 3445 5550 tene-

1839 5583 2082 5645 brarum,
2098 5598 2210 5648 qua
2232 5581 2339 5644 fere
2362 5584 2555 5629 cuncta
2573 5572 3103 5648 caligantanimalia
3121 5572 3440 5633 luminetur,

1840 5646 2121 5708 Ruﬁnum
2130 5665 2316 5721 porro,
2337 5651 2633 5717 ﬂagitante
2656 5648 2913 5721 Paulino,
2933 5646 3106 5699 etiam
3131 5647 3445 5721 Benedictio-

1836 5740 1942 5780 nes
1972 5718 2427 5780 Patriarcharum
2451 5722 2821 5789 eXposuisse;
2847 5720 3174 5783 iterumque
3190 5718 3249 5770 in
3261 5720 3443 5768 Palaes-

1837 5798 2020 5853 tinam
2043 5799 2379 5859 rediturum,
2406 5794 2609 5849 Nolam
2632 5806 2667 5848 a
2690 5792 2925 5847 Paulino
2948 5791 3286 5854 invitatum,
3312 5800 3447 5856 pos-

1838 5876 1934 5928 tea
1955 5870 2236 5926 dicemus.
