3902 6470
481 391 584 450 115

1761 394 2007 447 RUFINI
2042 392 2474 446 PRESBYTERI

3671 391 3775 447 116

1435 662 1901 761 LIBER
2001 659 2813 762 SECUNDUS.

1276 869 1380 936 DE
1479 870 1838 938 SCRIPTIS
1893 871 1940 936 A
2005 869 2301 936 RUFINO
2387 869 2634 936 ROMIE
2708 869 2967 937 EDITIS

1117 1141 1349 1194 CAPUT
1393 1142 1434 1192 Ι.

481 1271 522 1319 Ι.
546 1267 825 1318 Macarius
845 1265 1149 1316 doctrinam
1171 1263 1416 1328 Origenis
1430 1268 1618 1312 contra
1627 1263 1803 1326 fatum
1817 1262 1920 1312 sibi
1935 1264 2078 1313 aRu-

539 1339 654 1402 ﬁno
672 1343 828 1401 rogat
849 1335 1066 1399 exponi.
1081 1337 1148 1386 II.
1173 1335 1409 1384 Macarii
1423 1333 1680 1398 professio
1703 1339 1748 1383 et
1763 1335 1963 1383 studia.
1978 1336 2069 1385 III.

541 1409 721 1460 Pineti
760 1407 1060 1457 coenobium
1093 1406 1323 1455 ubinam
1367 1406 1578 1468 steterit,
1617 1405 1676 1453 in
1711 1420 1814 1468 quo
1843 1404 2097 1467 Ruﬁnus‘

547 1479 729 1542 Ursejo
749 1478 942 1528 Abbati
963 1477 1221 1541 Regulam
1254 1475 1450 1526 Basilii
1478 1477 1669 1538 Maqni
1691 1475 1958 1525 latinitate
1989 1476 2076 1525 do-

539 1551 708 1600 navit.
734 1551 826 1600 IV.
862 1549 1030 1598 Varia
1046 1549 1108 1598 de
1132 1549 1232 1598 hac
1255 1547 1456 1609 Regula
1479 1546 1852 1611 proferuntur.
1879 1548 1947 1598 V.
1983 1547 2074 1596 Li-

541 1621 699 1670 brum
721 1621 966 1686 primum
989 1617 1314 1682 Apologetici
1341 1617 1393 1668 S.
1423 1617 1704 1681 Pamphili
1727 1632 1826 1681 pro
1852 1616 2075 1681 Origene

542 1693 775 1753 Ruﬁnus
801 1691 1046 1740 Macario
1068 1693 1372 1754 nuncupat.
1397 1690 1492 1740 VI.
1529 1689 1786 1752 Ejusdem
1808 1689 2074 1752 Apologe-

543 1764 634 1814 tici
653 1777 900 1814 examen.
915 1764 1036 1813 VII.
1061 1761 1250 1825 Ruﬁni
1273 1761 1585 1810 Dissertatio
1606 1775 1705 1824 pro
1740 1761 1978 1823 Origene.

545 1855 624 1904 Eo
655 1852 887 1904 tandem
910 1850 1258 1910 accedimus,
1282 1849 1436 1902 unde
1461 1848 1666 1900 Rufino
1691 1861 1918 1899 summa
1941 1849 2078 1900 invi-

483 1924 578 1978 dia
599 1925 863 1986 conﬂata,
881 1936 1014 1986 qua
1043 1922 1195 1974 illius
1219 1933 1432 1973 nomen
1458 1921 1611 1986 apud
1631 1926 1918 1986 posteros,
1936 1919 2075 1971 dere

482 1996 607 2060 ipsa
631 2007 833 2058 parum
872 1993 1162 2055 sollicitos,
1202 2005 1548 2056 magnopere
1585 1992 1925 2043 labefactare
1949 1991 2076 2043 visa

483 2068 590 2120 est.
615 2068 854 2117 Romam
869 2077 1004 2116 cum
1024 2064 1265 2114 Melania
1285 2063 1544 2115 nondum
1555 2063 1878 2126 advenerat,
1897 2075 2074 2126 quum

484 2137 761 2187 Macarius
775 2135 1028 2200 quidam,
1044 2136 1128 2187 vir
1149 2136 1472 2200 primarius,
1493 2135 1815 2186 monachus
1831 2139 2000 2194 certe,
2013 2138 2079 2184 ut

484 2213 684 2274 postea
706 2208 974 2272 probabo,
1003 2212 1201 2258 contra
1221 2205 1658 2257 mathematicos
1693 2219 1796 2257 seu
1829 2206 1950 2256 Fati
1977 2205 2080 2256 ad-

485 2284 752 2342 sertores,
800 2279 1136 2342 scripturus,
1182 2283 1240 2329 et
1281 2278 1342 2328 in
1388 2277 1753 2340 quibusdam,
1801 2281 2078 2340 tanquam

482 2351 1002 2411 arduis,hasitans,
1020 2349 1288 2402 navimin
1307 2350 1528 2400 somnis
1549 2349 1834 2414 adspexit,
1853 2349 2080 2400 eminus

482 2435 580 2488 per
592 2434 748 2474 mare
771 2421 1204 2485 adventantem,
1230 2433 1362 2484 qua
1384 2425 1611 2486 portum
1637 2433 1944 2484 occupans,
1974 2431 2080 2470 no-

2102 1142 2159 1213 Α
2174 1137 2346 1213 etiam
2378 1137 2596 1213 Vicaria
2620 1139 2883 1213 absolute
2905 1139 3316 1213 dicebatur,_ex
3339 1139 3647 1213 Sirmpndq
3680 1141 3782 1191 ibi-

2177 1209 2308 1261 dem
2329 1210 2388 1261 in
2407 1211 2580 1262 notis.
2599 1212 2857 1264 Prafecti
2867 1213 3130 1276 praetorio
3142 1211 3319 1264 Italia
3332 1217 3433 1261 tres
3452 1211 3664 1261 Vicarii
3678 1214 3782 1260 fue-

2174 1283 2354 1332 runt.l
2387 1284 2685 1343 Roma,ll.
2702 1283 2900 1344 Italia,
2915 1285 3006 1334 III.
3025 1283 3248 1335 Africa.
3269 1283 3776 1344 Primidispositioni

2176 1355 2464 1414 Picenum,
2492 1354 2734 1419 Valeria,
2755 1355 3082 1419 Campania,
3107 1355 3301 1414 Brutii,
3337 1359 3395 1408 et
3418 1354 3780 1406 Avellinates

2175 1426 2467 1485 suberant,
2494 1439 2567 1478 ex
2583 1426 2715 1478 Cod.
2744 1427 3142 1478 Theodosiano
3164 1426 3261 1476 lib.
3287 1426 3470 1478 Ix.tit.
3498 1426 3784 1489 xxx.qui-

2174 1497 2282 1546 bus
2306 1509 2581 1558 equorum
2607 1511 2752 1548 usus
2775 1497 2872 1548 lib.
2890 1499 2956 1547 V.
2973 1501 3032 1549 et
3053 1497 3089 1548 l.
3117 1496 3472 1548 LXVIll.lib.
3497 1497 3622 1547 XII.
3639 1497 3778 1547 tit.I.

2175 1566 2244 1617 de
2269 1567 2706 1630 Decurionibus,
2722 1569 2818 1619 ubi
2847 1569 3084 1620 consule
3107 1567 3532 1618 Gothofredum.
3561 1567 3697 1628 Adi,
3728 1568 3780 1619 si

2174 1637 2351 1698 lubet,
2373 1638 2733 1690 Blondellum
2759 1639 2830 1691 de
2854 1640 3102 1690 Primatu
3119 1651 3247 1703 pag.
3273 1638 3398 1692 917.
3429 1643 3488 1689 et
3511 1640 3772 1688 Norisium

2175 1708 2232 1758 in
2260 1709 2497 1760 Dissert.
2533 1709 2603 1762 de
2630 1710 2856 1774 Synodo
2881 1712 2945 1760 V.
2973 1723 3095 1774 cap.
3122 1711 3192 1760 Χ.
3221 1711 3340 1760 Hac
3365 1709 3548 1774 prima
3570 1711 3775 1761 Roma

2185 1780 2400 1829 V-icaria
2417 1781 2652 1833 functus
2668 1781 2853 1833 fuerat
2876 1782 3180 1831 Macarius:
3206 1781 3358 1832 unde
3375 1781 3779 1844 habemus,cur

2175 1850 2450 1902 Paulinus
2467 1852 3071 1903 Secundinianinavim
3087 1854 3158 1904 ab
3175 1865 3242 1904 eo
3254 1852 3672 1916 deprecaretur.
3689 1853 3782 1900 Vir

2174 1923 2293 1983 ﬁde,
2316 1923 2634 1982 eruditione,
2657 1923 2947 1987 nobilitate,
2973 1928 3018 1973 et
3039 1924 3145 1972 vita
3175 1923 3354 1973 clarus
3377 1922 3590 1973 dicitur
3610 1933 3648 1974 a
3663 1924 3785 1974 Ru-

2179 1994 2292 2044 fino
2319 1994 2412 2045 lib.
2438 1997 2475 2043 Ι.
2500 1995 2713 2046 Invect.
2741 1995 2858 2057 qui,
2889 2007 2972 2054 eo,
3001 1995 3079 2045 uti
3107 1993 3381 2056 diximus,
3407 1993 3582 2044 etiam
3603 1998 3782 2056 atque

2175 2065 2346 2116 etiam
2371 2071 2624 2128 rogante,
2641 2065 2832 2116 Sancti
2850 2065 3125 2128 Pamphili
3139 2068 3195 2116 et
3211 2065 3472 2128 Origenis
3483 2064 3782 2126 Opuscuia

2177 2136 2232 2186 in
2259 2136 2501 2187 latinum
2526 2149 2850 2188 sermonem
2874 2137 3169 2197 convertit,
3192 2136 3378 2187 eidem
3404 2136 3650 2186 Macario
3677 2135 3784 2185 tri-

2177 2206 2305 2270 plici
2329 2206 2560 2272 prologo
2583 2208 2876 2271 inscripta,
2896 2208 2996 2258 ubi
3013 2209 3193 2256 virum
3222 2207 3613 2256 desideriorum
3635 2212 3684 2254 et
3712 2206 3784 2269 fi-

2177 2278 2504 2327 delissimum
2531 2291 2814 2330 FRATREM
2837 2278 3109 2343 appellat:
3129 2291 3243 2341 quo
3258 2277 3534 2328 vocabulo
3553 2279 3781 2336 ejusdem

2180 2361 2376 2400 secum
2388 2349 2758 2414 professionis
2771 2362 2976 2413 nempe
2991 2350 3346 2410 monachum,
3364 2353 3507 2400 tunc
3520 2348 3707 2400 fuisse
3723 2351 3785 2396 de

2180 2421 2388 2480 signat.
2415 2422 2576 2472 Certe
2593 2420 2876 2484 idispsum
2894 2421 3083 2484 prodit
3099 2420 3190 2471 his
3205 2420 3396 2471 verbis
3411 2421 3714 2470 Gennadius
3726 2421 3782 2467 in

483 2492 1017 2574 dos‘difﬂcultatu'm
1041 2491 1549 2574 absolveret.‘Quid
1578 2491 1781 2574 plura
1803 2491 1912 2574 Vix
1939 2491 2078 2574 dum
2101 2500 2155 2572 B
2180 2490 2446 2574 Catalogo
2462 2491 3124 2574 cap._XXVIII._Ma‘carius
3146 2491 3446 2574 monachus
3481 2489 3784 2574 scripsit'i-n

480 2564 716 2628 Ruﬁnus
737 2563 1021 2626 adparuit,
1049 2563 1326 2612 Macarius
1346 2563 1418 2614 ab
1441 2577 1509 2615 eo
1532 2567 1918 2626 percontatur,
1940 2562 2078 2626 quid

481 2636 554 2688 de
575 2638 934 2698 argumento,
951 2634 1100 2696 qued
1124 2645 1298 2684 manu
1322 2635 1603 2693 versabat,
1622 2633 1860 2685 sentiret
1878 2634 2077 2696 Orige-

483 2719 616 2767 nes;
638 2705 737 2769 huj
746 2717 931 2768 usque
947 2703 1264 2756 doctrinam
1291 2705 1400 2756 sibi
1424 2709 1548 2756 orat
1563 2705 1790 2768 exponi.
1804 2707 1992 2766 Quum
2007 2702 2082 2754 la-

486 2778 605 2829 bori
631 2789 692 2829 se
717 2775 1037 2828 subducere
1060 2776 1308 2838 Ruﬁnus,
1335 2779 1393 2827 et
1416 2775 1665 2838 quadam
1689 2789 1763 2827 ex
1796 2779 1954 2839 parte
1971 2774 2082 2826 tale

481 2848 698 2913 aliquid
721 2847 908 2913 operis
933 2848 1005 2898 ab
1029 2848 1237 2898 Sancto
1260 2845 1552 2910 Pamphilo
1573 2851 1824 2911 martyre
1846 2846 1905 2897 in
1929 2850 2080 2910 Apo-

481 2919 723 2985 logetico
748 2932 854 2970 suo
879 2919 1266 2982 conscriptum
1279 2919 1405 2982 subj
1416 2923 1674 2982 ungeret,
1687 2917 1843 2969 hunc
1864 2921 2079 2968 eundem

481 2992 764 3044 Macarius
813 2989 922 3041 sibi
957 2989 1018 3040 in
1061 2989 1304 3041 latinum
1353 3002 1682 3041 sermonem
1715 2989 1874 3052 verti,
1902 2989 2080 3040 semel

482 3063 804 3126 iterumque
815 3061 1382 3126 flagitavit.Quamvis
1397 3065 1591 3112 autem
1605 3060 1660 3112 id
1676 3072 1734 3111 se
1747 3064 1968 3121 prastilu
1978 3067 2078 3108 tum

479 3136 756 3186 abnueret
779 3133 1511 3198 Rufinus,proptereaquod
1523 3133 1594 3181 ad
1619 3132 1853 3181 latinum
1877 3146 2080 3180 sermo-

481 3219 604 3255 nem
619 3203 908 3253 tricennali
924 3203 1047 3268 jam
1069 3218 1202 3268 pene
1225 3204 1444 3254 incuria
1457 3203 1756 3267 torpuisset,
1777 3202 2080 3266 haudqua-

481 3287 657 3339 quam
681 3279 868 3326 tamen
879 3273 1018 3337 quin
1035 3274 1276 3325 Macario
1290 3273 1663 3335 auscultaret,
1689 3273 1872 3326 facere
1896 3277 2076 3334 potuit.

483 3349 668 3408 Quare
710 3344 782 3396 de
817 3343 1002 3394 Sancti
1030 3345 1314 3409 Pamphili
1337 3345 1671 3410 Apologetico
1692 3357 1793 3408 pro
1817 3345 2077 3408 Origene,

483 3429 620 3468 mox
643 3415 714 3467 de
723 3415 884 3466 libris
895 3416 1230 3465 Periarchon
1244 3417 1304 3467 in
1322 3416 1565 3468 latinum
1579 3427 1901 3467 sermonem
1915 3422 2078 3464 trans-

485 3486 730 3539 ferendis
754 3486 1049 3550 cogitavit,
1066 3486 1367 3549 interjecta
1390 3487 1616 3552 propria
1638 3489 2080 3536 dissertaliuncula

483 3558 544 3607 de
571 3556 962 3606 adulteratione
1009 3557 1273 3606 librorum
1301 3557 1566 3621 Origenis,
1604 3562 1670 3608 ut
1701 3557 1774 3608 ab
1797 3569 1883 3614 eo,
1909 3569 2079 3620 quem

482 3627 630 3680 male
653 3627 852 3680 audire
875 3627 1167 3690 didicerat,
1189 3628 1461 3680 invidiam
1483 3628 1828 3680 amoliretur.
1845 3631 1957 3677 Hac
1977 3631 2081 3677 bre-

481 3699 630 3752 viter
650 3699 877 3764 prafari
900 3699 1092 3751 visum
1109 3704 1216 3756 est,
1241 3702 1550 3762 antequam
1574 3699 1903 3751 distinctius
1927 3705 1984 3751 et
2007 3699 2080 3751 la-

483 3770 598 3822 tius
642 3769 868 3833 singula
911 3781 1329 3834 percurramus.
1380 3770 1592 3822 Eadem
1629 3773 1821 3821 narrat
1850 3771 2081 3832 Ruﬁnus

483 3840 777 3892 Invectiva
805 3843 845 3891 Ι.
873 3840 956 3892 uti
980 3839 1152 3904 vulgo
1178 3840 1526 3900 inscribitur,
1553 3841 1748 3892 verius
1770 3841 2084 3892 inscriben-

481 3911 556 3962 da
599 3910 885 3975 Apologia,
932 3911 1004 3963 ad
1047 3911 1441 3973 Apronianum
1484 3917 1684 3963 contra
1726 3914 1891 3975 epist.
1937 3913 2080 3964 XLI.

480 3981 620 4034 alias
654 3983 822 4034 LXV.
849 3982 1028 4044 (Nunc
1051 3983 1352 4041 LXXXIV.)
1388 3983 1442 4034 S.
1475 3983 1811 4047 Hieronymi
1835 3982 1908 4034 ad
1925 3985 2084 4035 Pam-

481 4052 771 4104 machium
795 4057 852 4104 et
872 4053 1182 4104 Oceanum.

545 4125 618 4174 ll.
643 4123 928 4174 Admonet
947 4135 1039 4174 me
1061 4122 1346 4188 hiclocus,
1367 4127 1702 4187 priusquam
1720 4123 1963 4176 ulterius
1975 4140 2085 4186 pro-

483 4193 643 4254 cedo,
677 4197 742 4244 ut
761 4193 968 4256 raptim
993 4205 1162 4255 agam
1189 4194 1258 4244 de
1287 4194 1396 4246 hoc
1426 4195 1686 4258 Macario,
1721 4195 2084 4260 quandoqui-

483 4264 614 4315 dem
639 4263 794 4314 omni
818 4275 940 4314 avo
969 4263 1360 4316 memoranda
1385 4266 1794 4317 controversia
1807 4266 2084 4331 originem

483 4333 746 4399 prabuit.
764 4334 1125 4398 Rosweydus
1150 4334 1211 4384 in
1235 4335 1386 4386 notis
1410 4335 1482 4386 ad
1517 4338 1570 4388 S.
1604 4335 1904 4388 Paulinum
1933 4340 2084 4390 recte

483 4405 728 4467 monuit,
760 4405 938 4456 alium
977 4405 1051 4456 ab
1083 4417 1150 4456 eo
1173 4418 1291 4456 non
1318 4405 1513 4466 videri,
1539 4407 1611 4458 ad
1635 4420 1807 4470 quem
1829 4407 2084 4461 Nolauus

482 4476 726 4528 antistes
746 4475 974 4540 scripsit
991 4475 1294 4540 epistolam
1311 4477 1643 4528 XLIX.alias
1653 4482 1917 4530 XXVI.ubi
1935 4481 2081 4528 illum

484 4547 654 4598 enixe
667 4545 1018 4610 sollicitat,ut
1029 4547 1244 4598 auxilio
1255 4560 1384 4600 esse
1399 4548 1536 4600 velit
1547 4549 1714 4600 Secun
1722 4551 1953 4600 diniano
1966 4565 2086 4599 nau-

483 4617 702 4680 fragam
714 4617 911 4669 navim
926 4630 1059 4669 cum
1083 4619 1366 4670 mercibus
1391 4633 1462 4672 ex
1487 4621 1823 4672 Sardiniaad
1834 4621 2028 4679 vectis,
2050 4634 2084 4672 a

483 4693 852 4752 procuratore
864 4689 1262 4742 Posthumiani
1282 4691 1574 4742 Senatoris
1587 4691 1982 4756 repostulanti,
1995 4695 2082 4754 qui

485 4771 616 4810 eam
640 4760 700 4810 in
723 4759 1050 4811 Brutiorum
1073 4759 1263 4813 littore
1287 4767 1674 4826 occupaverat
1693 4780 1703 4810 :
1719 4763 1936 4827 quique
1957 4763 2082 4828 judi

485 4843 613 4882 cem
637 4831 1048 4896 provincialem
1071 4831 1484 4895 declinaturus,
1515 4835 1753 4886 Romam
1781 4835 2085 4900 aufugerat

485 4901 679 4953 Palam
702 4904 809 4965 est,
828 4902 984 4953 hunc
999 4903 1270 4956 eumdem
1280 4917 1412 4956 esse
1430 4905 1757 4966 Macarium,
1772 4917 1941 4968 quem
1971 4906 2085 4958 Pal-

485 4971 674 5024 ladius
700 4972 761 5023 in
785 4973 1035 5024 Historia
1051 4975 1329 5026 Lausiaca
1343 4987 1467 5037 cap.
1495 4986 1703 5027 CXXIII.
1717 4975 1865 5027 inter
1888 4988 1988 5027 eos
2004 4990 2083 5028 re.

485 5047 700 5102 censet,
725 5044 825 5107 qui
848 5045 1148 5096 Pinian'um
1175 5045 1432 5098 Melania
1449 5047 1696 5108 junioris
1712 5046 1999 5112 maritum,
2026 5048 2084 5099 in

485 5116 812 5180 Campania
828 5121 886 5168 et
914 5117 1117 5170 Sicilia
1141 5118 1294 5181 agris
1312 5121 1600 5179 agentem,
1615 5129 1795 5168 sacra
1809 5120 2086 5171 exercita-

485 5185 656 5238 tionis
669 5198 880 5238 caussa
893 5187 1327 5240 conveniebant.
1341 5187 1605 5238 Similiter
1614 5189 1776 5236 etiam
1793 5190 1961 5248 inquit
1973 5193 2082 5238 Pal-

483 5255 688 5320 ladius,
715 5257 943 5322 quidam
953 5259 1194 5321 nomine,
1211 5258 1487 5308 Macarius
1497 5273 1562 5308 ea:
1582 5258 1890 5310 Vicaria.1n
1906 5263 2078 5309 codice

483 5329 682 5380 Graco
693 5327 901 5393 legitur
934 5325 1034 5382 ἀπὸ
1067 5330 1287 5395 βικαρίας
1307 5341 1514 5392 nempe
1527 5329 1979 5392 Eaevicarius,seu
1992 5331 2076 5384 vi-

483 5399 636 5451 caria
651 5401 986 5464 prafectura
1000 5400 1330 5453 defunctus.
1352 5399 1514 5450 Hanc
1527 5401 1763 5464 phrasin
1773 5403 1889 5451 aliis
1918 5418 2078 5452 exem-

482 5470 592 5534 plis
615 5469 862 5523 illustrat
887 5471 1247 5534 Rosweydus
1284 5470 1343 5521 in
1369 5470 1737 5523 Onomastico
1759 5485 1888 5538 pag.
1919 5473 2074 5529 1059.

482 5541 636 5592 unde
663 5547 898 5607 apparet
920 5542 1118 5606 lapsus
1148 5541 1460 5592 Abrahami
1485 5543 1678 5595 Ortelii
1703 5545 1764 5595 in
1786 5545 2077 5598 Thesauro

481 5613 886 5677 geographico,
903 5614 1000 5665 ubi
1017 5611 1248 5663 Palladii
1274 5613 1569 5677 Vicaria-m,
1586 5613 1776 5666 locum
1789 5621 2075 5678 quempiam

481 5696 617 5735 esse
641 5684 1016 5747 existimavit,
1029 5695 1206 5747 quum
1222 5684 1524 5737 sitnomen
1547 5685 1735 5738 officii.
1754 5687 2079 5753 Orteliilap-

480 5768 610 5806 sum
635 5755 883 5806 correxit
905 5754 1213 5808 Bollandus
1237 5769 1364 5821 pag.
1391 5755 1479 5812 90.
1509 5759 1641 5809 tom.
1671 5759 1994 5811 I.Januarii.
2028 5763 2077 5812 A

479 5824 712 5878 Sidonio
735 5826 830 5876 lib.
852 5828 893 5876 Ι.
917 5826 1086 5889 epist.
1111 5829 1204 5880 III.
1237 5828 1565 5878 Vicarianus
1579 5845 1738 5895 apecc,
1753 5831 1825 5882 ab
1841 5830 1965 5883 aliis
1986 5832 2077 5881 Vi-

477 5897 738 5945 carianus
773 5898 949 5948 lionOr
973 5915 985 5956 ;
1013 5905 1068 5951 et
1108 5900 1404 5951 Vicariana
1427 5901 1667 5963 dignitas
1689 5903 1941 5968 passim;
1975 5910 2076 5956 aut

2109 3865 2158 3940 C

2181 2561 2305 2610 urbe
2335 2563 2506 2610 Roma
2529 2562 2784 2610 adversus
2808 2563 3210 2610 Mathematicos
3226 2561 3423 2609 librum
3451 2575 3463 2611 :
3491 2561 3550 2608 in
3568 2575 3678 2624 quo
3704 2559 3786 2608 la-

2179 2631 2655 2681 boreorientalium
2676 2633 2916 2694 quaesivit
2939 2633 3132 2682 solatia
3149 2634 3786 2696 scripturarum,nempe

2178 2702 2434 2765 Origenis
2459 2707 2515 2754 et
2541 2703 2834 2767 Pamphili.
2860 2705 2984 2754 Huc
3009 2703 3282 2754 alluserat
3305 2705 3358 2754 S.
3393 2703 3786 2765 Hieronymus

2179 2773 2237 2823 in
2252 2773 2618 2837 Apologetico
2630 2776 2678 2824 II
2705 2780 2901 2826 contra
2912 2774 3352 2834 Ruﬁnuszrgo
3366 2775 3475 2823 nisi
3491 2775 3551 2822 de
3566 2774 3788 2822 Oriente

2179 2844 2420 2905 venisses,
2445 2844 2846 2893 eruditissimus
2870 2847 2956 2894 vir
2980 2845 3194 2894 hae-reret
3210 2846 3392 2894 adhuc
3413 2846 3468 2893 in
3479 2850 3554 2894 ter
3567 2845 3786 2894 Mathe-

2180 2917 2420 2975 maticos,
2446 2920 2491 2962 et
2527 2917 2770 2966 homines
2801 2916 3246 2980 Christianiquid
3268 2921 3458 2966 contra
3471 2918 3653 2978 fatum
3679 2917 3785 2965 dis-

2178 2991 2425 3046 sererent,
2444 2987 2780 3047 ignorarent.
2796 2987 2969 3038 Paulo
2986 2988 3222 3039 inferius
3246 2988 3462 3049 navim,
3484 2999 3616 3051 qua
3638 2989 3786 3036 Rull-

2182 3071 2321 3109 num
2345 3058 2669 3116 adveverat,
2685 3059 2745 3110 in
2765 3059 2985 3110 somnis
3000 3071 3035 3110 a
3052 3058 3292 3111 Macario
3307 3059 3512 3118 visam,
3531 3060 3784 3114 irridens;

2187 3131 2301 3178 ’l'ua
2321 3131 2694 3192 navis,iuquit,
2713 3131 2968 3179 Romana
2992 3131 3112 3178 urbi
3135 3130 3466 3186 reuelatione,
3491 3129 3786 3193 promissa,

2179 3200 2353 3248 alliud
2387 3200 2682 3264 pollicetur,
2709 3207 2755 3249 et
2779 3201 2934 3250 aliud
2959 3200 3146 3264 efficit.
3179 3202 3688 3250 Mathematicorum
3712 3218 3790 3251 uc-

2180 3277 2331 3320 nerat
2354 3273 2550 3320 solvere
2579 3273 2911 3334 quaestiones,
2937 3278 2984 3321 et
2997 3272 3149 3321 solvit
3159 3272 3330 3334 fidem
3345 3273 3704 3322 Chistianoru
3715 3289 3787 3324 m.

2183 3346 2402 3395 Rursus
2426 3344 2594 3406 epist.
2633 3344 2824 3394 XCVI.
2850 3343 2991 3395 alias
3016 3345 3165 3394 XVI.
3201 3343 3380 3405 (Nunc
3407 3343 3688 3404 CXXVII.)
3714 3345 3789 3396 ad

2183 3415 2536 3479 Principiam,
2551 3427 2790 3479 carpens
2809 3414 2932 3465 Rufi
2943 3429 3014 3464 nu
3025 3428 3078 3464 ill
3093 3420 3148 3465 et
3167 3414 3476 3466 Macarium
3493 3417 3605 3462 licet
3619 3417 3790 3464 utrius

2179 3501 2290 3550 que
2308 3499 2618 3550 suppresso
2633 3489 2836 3534 nomine
2855 3501 2866 3536 :
2894 3488 3036 3536 Tunc
3053 3487 3315 3534 librorum
3329 3488 3436 3552 περὶ
3453 3481 3618 3552 ἀρχῶν
3634 3486 3791 3548 infa-

2180 3559 2282 3607 mis
2305 3557 2696 3620 interpretatio:
2715 3563 2840 3606 tunc
2853 3557 3149 3621 discipulus
3161 3557 3336 3621 ὄλϐιος,
3352 3562 3397 3606 et
3413 3573 3526 3606 vere
3541 3558 3794 3606 nominis

2175 3628 2320 3676 suisi
2345 3627 2404 3675 in
2430 3626 2588 3676 talem
2612 3627 2935 3689 magistrum
2961 3643 3074 3677 non
3098 3628 3415 3692 impcgisset,
3433 3632 3560 3676 tunc
3575 3635 3791 3677 nostro—

2177 3715 2300 3748 rum
2313 3702 2598 3750 διδακτικῶν
2611 3698 3057 3762 contracdictio,el
3069 3699 3475 3749 Pharisaeorum
3490 3699 3711 3749 turbata
3723 3707 3792 3749 est

2177 3769 2507 3821 schola.Sub
2523 3769 2750 3820 nomine
2774 3768 2932 3826 ὄλϐιος
2955 3769 3108 3833 quod
3139 3769 3350 3818 beatum
3386 3771 3642 3830 significat
3677 3771 3793 3820 Ma-

2181 3841 2365 3890 carius
2386 3840 2543 3901 latet,
2578 3840 2676 3903 qui
2694 3841 2888 3892 Grace
2904 3840 3055 3892 idem
3081 3845 3266 3901 sonat,
3281 3845 3336 3891 et
3352 3841 3578 3892 Sanctis
3601 3841 3792 3894 adnu-

2186 3917 2438 3964 meratur
2459 3911 2611 3976 apud
2637 3911 2973 3962 Bollandum
3003 3916 3139 3964 tom.
3172 3914 3212 3964 Ι.
3255 3912 3512 3963 Januarii
3535 3924 3664 3976 pag.
3699 3914 3790 3968 90.

2187 3983 2423 4035 Nomine
2435 3996 2567 4034 vero
2590 3983 3098 4032 Mathematicorum
3110 3996 3177 4034 eo
3199 3988 3451 4048 tempore
3475 3996 3596 4034 non
3610 3985 3791 4035 Astro-

2185 4055 2354 4116 nomi,
2371 4054 2469 4105 sed
2495 4055 2863 4118 Haruspices,
2880 4054 3252 4118 Genethliaci,
3271 4060 3656 4118 etquosnunc
3685 4059 3792 4107 As-

2185 4125 2412 4188 ιιοιιιοῃοε
2430 4125 2760 4188 judiciarios
2786 4125 3049 4189 dicimus,
3082 4128 3472 4188 accipiebantur,
3490 4129 3580 4186 qui
3594 4133 3786 4187 passim

2184 4197 2334 4260 apud
2354 4195 2708 4247 Christianos
2728 4197 2978 4260 pessime
2997 4196 3328 4259 audiebant,
3352 4197 3506 4260 quod
3528 4199 3734 4252 omnia
3756 4213 3791 4251 a

2185 4269 2323 4318 Fato
2349 4269 2406 4318 et
2430 4266 2616 4317 Stellis
2641 4267 2989 4330 derivantes,
3013 4268 3267 4319 divinam
3286 4267 3710 4332 providentiam
3737 4277 3788 4322 et.

2183 4337 2428 4390 liberum
2452 4337 2702 4390 hominis
2717 4339 3017 4390 arbitrium
3034 4341 3264 4403 penitus
3280 4338 3787 4392 elevarent.iiorum

2186 4409 2413 4460 fallaces
2437 4408 2822 4461 divinationes
2843 4415 2900 4462 et
2917 4411 3092 4475 impia
3109 4411 3504 4474 deliramenta,
3530 4414 3728 4473 quibus
3745 4421 3790 4463 et

2184 4481 2306 4544 ipse
2333 4479 2642 4544 aliquando
2672 4480 2858 4533 fuerat
2880 4481 3164 4536 addictus.
3184 4482 3368 4546 rejicit
3385 4483 3440 4534 Ξ..
3465 4485 3793 4543 Augustinus

2185 4551 2241 4602 in
2265 4551 2728 4604 confessionibus
2744 4552 2841 4604 lib.
2859 4554 2980 4604 VII.
3004 4566 3127 4616 cap.
3145 4555 3235 4604 VI.
3255 4553 3610 4617 eosdemque
3624 4559 3792 4617 explo-

2184 4623 2267 4674 dit
2283 4622 2379 4674 lib.
2407 4624 2474 4674 V.
2501 4623 2572 4675 de
2595 4624 2966 4688 Civ.Deicap.
2994 4627 3034 4675 Ι.
3061 4627 3120 4676 et
3133 4627 3200 4675 Il.
3227 4624 3313 4675 Ad
3331 4624 3593 4689 haccap.
3612 4627 3786 4677 XLV.

2184 4695 2255 4746 de
2278 4694 2522 4746 diversis
2549 4695 2990 4758 quastionibus,
3029 4709 3130 4748 eos
3159 4695 3449 4758 eleganter
3471 4695 3564 4747 his
3597 4698 3792 4748 verbis

2185 4765 2366 4829 pingit
2390 4781 2402 4816 :
2432 4766 2561 4815 Non
2585 4781 2667 4815 eos
2691 4766 3038 4830 appellarunt
3063 4767 3466 4816 Malhematicos
3491 4769 3791 4830 ueteresqui

2182 4851 2331 4885 nunc
2356 4837 2721 4900 appellantur,
2745 4839 2836 4887 sed
2849 4838 2966 4888 illos
2977 4839 3074 4902 qui
3091 4845 3391 4902 temporum
3411 4852 3671 4888 numeros
3683 4855 3792 4888 mo-

2183 4914 2242 4956 tu
2265 4907 2380 4956 caeli
2407 4923 2471 4957 ac
2493 4908 2732 4957 siderum
2752 4910 3196 4974 pervestigarunt.
3213 4909 3481 4959 Adversus
3495 4924 3580 4958 eos
3602 4917 3788 4960 autem

2183 4978 2279 5040 qui
2303 4993 2453 5026 nunc
2472 4978 2818 5042 appellantur
2840 4981 3228 5043 Mathematici,
3243 4980 3465 5029 volentes
3484 4985 3636 5029 actus
3663 4997 3789 5030 nos-

2185 5058 2292 5101 tros
2323 5053 2634 5116 corporibus
2655 5054 2934 5104 caelestibus
2955 5055 3192 5116 subdere,
3218 5061 3264 5104 et
3295 5070 3392 5105 nos
3430 5056 3655 5105 vendere
3677 5057 3792 5106 stel-

2185 5123 2268 5186 lis,
2294 5123 2842 5190 ipsumquepretium,
2861 5142 2966 5190 quo
2991 5128 3298 5190 condimur,
3323 5127 3525 5176 anobis
3548 5128 3790 5191 accipere

2183 5194 2328 5243 nihil
2363 5194 2570 5245 brevius
2607 5201 2652 5245 et
2687 5198 2863 5246 verius
2886 5198 2993 5248 dici
3020 5204 3201 5261 potest,
3227 5213 3396 5263 quam
3428 5214 3510 5248 eos
3535 5213 3651 5248 non.
3675 5216 3787 5249 res-

2105 5282 2158 5354 “
2181 5265 2552 5354 pondereLni's'i
2573 5269 2797 5354 afcceptis
2836 5269 3340 5354 constellationibus.
3526 5283 3788 5354 consona

2182 5336 2353 5387 habet
2375 5336 2470 5388 lib.
2499 5340 2565 5388 II.
2591 5339 2860 5390 Doctrina
2881 5339 3204 5392 Christiana
3225 5354 3348 5405 cap.
3375 5342 3527 5392 XXI.
3545 5343 3614 5392 In
3640 5341 3786 5394 libro

2179 5411 2372 5458 autem
2387 5410 2480 5460 1x.
2499 5409 2632 5460 Cod.
2652 5409 2935 5462 Theodos.
2953 5410 3174 5475 integer
3195 5411 3397 5464 titulus
3414 5413 3462 5462 Χ
3475 5413 3562 5462 Vl.
3579 5419 3654 5461 est
3670 5429 3787 5463 con-

2182 5482 2267 5528 tra
2308 5479 2600 5531 maleficos
2641 5485 2699 5532 et
2740 5481 3194 5533 mathematicos.
3232 5485 3294 5533 In
3333 5482 3668 5535 istiusmodi
3707 5497 3787 5535 er-

2178 5563 2250 5611 go
2285 5549 2550 5602 homines
2580 5551 2676 5602 fati
2714 5551 3040 5604 adsertores
3077 5554 3348 5604 scribenti
3383 5555 3627 5605 Mai-ario
3657 5569 3784 5612 Stiu-

2176 5621 2360 5684 pellas
2385 5623 2515 5673 tulit
2538 5623 2780 5674 Rufinus
2797 5623 2972 5673 labore
2983 5625 3333 5674 orientalium
3351 5626 3776 5688 scripturarum,

2178 5697 2241 5744 ut
2267 5693 2346 5744 ait
2361 5693 2710 5754 Gennadius,
2730 5707 2938 5758 nempe
2962 5695 3612 5759 latinainterpretatione
3630 5703 3668 5744 Α
3679 5711 3783 5760 po~

2175 5762 2346 5827 logia
2370 5764 2561 5816 Sancti
2590 5765 2866 5830 Pamphili
2891 5779 2990 5832 pro
3015 5767 3276 5832 Origene,
3303 5771 3361 5818 et
3392 5766 3573 5830 hujus
3603 5780 3777 5832 opere

2177 5834 2248 5886 de
2283 5835 2595 5900 Principiis.

2237 5909 2332 5959 III.
2357 5907 2588 5961 Celebre
2609 5913 2732 5960 erat
2753 5922 2818 5961 eo
2850 5915 3100 5970 tempore
3125 5909 3182 5961 in
3208 5921 3344 5973 agro
3368 5911 3626 5964 Romano
3651 5925 3774 5965 me-
