3902 6450
482 353 588 412 119

1770 347 2021 401 RUFINI
2054 346 2496 400 PRESBYTERI

3679 344 3790 402 ιω

476 466 768 521 Benedicti
788 465 1009 531 Regula
1034 478 1170 519 cum
1192 464 1432 535 aliorum
1453 423 1683 535 Patrum
1707 472 1846 512 xxv.
1876 460 2080 535 Regulis
2105 462 2161 535 Α
2182 458 2547 535 ad_Ursejum
2573 457 3130 535 accessit_operib‘us
3174 457 3370 535 Sancti
3405 457 3622 535 Basilii

479 528 1085 600 committituritoties
1119 533 1425 587 Menardus
1460 531 1660 583 eadem
1697 530 2082 593 segmentaad
2105 528 2161 535 ’“
2183 529 2305 584 337.
2344 529 2592 582 Colonia
2635 529 2787 594 apud
2820 528 3170 581 Eucharium
3211 528 3578 600 Cervicorum
3606 529 3788 581 latine

481 612 769 673 utranque
811 607 1005 659 Basilii
1045 606 1338 670 Regulam,
1381 607 1439 654 et
1460 602 1533 654 ad
1557 603 2084 673 interpretationem

479 672 683 743 Rufini
703 691 922 731 summa
956 676 1253 741 diligentia
1270 674 1544 738 exegerit,
1570 673 1724 724 unde
1740 672 1960 736 liquido
1981 685 2083 735 ap-

480 756 662 817 paret,
706 749 950 802 dubitari
985 761 1104 799 non
1141 758 1333 811 posse,
1359 747 1501 808 quin
1530 744 1875 817 Anianensis
1896 744 1955 794 in
1978 756 2084 817 sua

482 814 796 875 Concordia
816 819 1013 881 Rufini
1035 818 1501 880 interpretatione
1534 828 1680 867 usus
1705 814 1893 878 fuerit,
1928 814 2082 878 quod

482 892 789 945 Menardus
813 890 1102 954 pracipue
1131 888 1407 954 proditad
1431 900 1555 951 cap.
1582 887 1676 937 III.
1692 886 1727 949 ἓ
1751 885 1800 940 3.
1820 885 2077 950 pag.115.

478 963 820 1017 Benedictus
851 959 1206 1013 Anianensis
1230 971 1346 1023 quo
1380 957 1701 1022 promptius
1728 957 1854 1009 hac
1889 957 2081 1008 Rufini

479 1032 872 1098 interpretatio
898 1034 1134 1096 pateret,
1159 1042 1286 1082 eam
1312 1041 1417 1081 suo
1442 1027 2083 1098 CodiciRegularumin-

481 1097 678 1157 seruit.
717 1104 887 1154 Hunc
911 1102 1123 1155 Fabius
1148 1100 1384 1153 Cbisius
1406 1099 1557 1163 apud
1582 1097 1759 1151 Ubios
1786 1100 2081 1159 Apostolica

480 1175 642 1227 Sedis
657 1172 1101 1238 Apocrisiarius,
1128 1176 1187 1224 et
1204 1174 1405 1235 postea
1426 1180 1698 1221 summus
1718 1170 1943 1217 Pontifex
1966 1170 2081 1217 Ale-

479 1246 702 1299 xander
724 1246 843 1297 VII.
861 1245 1034 1308 jussu
1058 1242 1187 1305 viri,
1214 1240 1562 1295 saculorum
1576 1239 1869 1291 memoria
1880 1241 2082 1301 dignis-

482 1317 632 1378 simi,
675 1314 967 1367 Francisci
1017 1312 1333 1365 Cardinalis
1377 1310 1673 1363 Barberini
1728 1310 1971 1363 senioris
2007 1323 2081 1362 ex

481 1386 836 1441 membranis
878 1384 1321 1437 Coloniensibus
1348 1382 1698 1446 descriptum
1722 1384 1789 1435 A.
1828 1383 1893 1432 D.
1920 1380 2077 1436 1643.

483 1459 642 1511 misit
662 1457 736 1509 ad
750 1460 963 1509 Lucam
980 1454 1363 1514 Holstenium,
1382 1455 1549 1517 cujus
1564 1452 1795 1504 tandem
1813 1464 1950 1504 cura
1966 1469 2081 1513 pro-

481 1530 589 1581 diit
608 1530 806 1581 Roma
829 1526 983 1591 apud
1000 1525 1243 1577 Vitalem
1274 1524 1637 1575 Mascardum
1661 1525 1726 1574 A.
1761 1524 1825 1574 D.
1856 1522 1990 1578 1661
2019 1523 2080 1574 in

482 1600 536 1655 4·
560 1605 617 1652 et
650 1612 785 1650 mox
809 1596 1037 1649 Parisiis
1060 1594 1215 1659 apud
1247 1594 1606 1647 Ludovicum
1644 1594 1875 1646 Billaine
1916 1596 1982 1645 A.
2010 1595 2077 1645 D.

482 1668 640 1725 1663.
666 1669 728 1720 in
751 1669 823 1723 4ο.
849 1666 1102 1719 Eandem
1129 1664 1427 1730 Regulam,
1452 1677 1487 1716 a
1505 1664 1709 1727 Rufino
1725 1665 1783 1716 in
1800 1662 2081 1716 Italiavul-

482 1746 677 1805 gatam
707 1739 898 1791 Sancti
921 1737 1212 1789 Benedicti
1235 1749 1365 1789 avo
1387 1738 1847 1788 antonomastice
1868 1735 2081 1787 dictam

2183 601 2351 653 editis
2395 604 2463 653 A.
2509 603 2575 653 D.
2624 600 2781 655 1531.
2828 601 2889 652 in
2925 600 3078 651 folio.
3113 613 3186 651 ex
3209 599 3790 664 interpretationibus

2181 674 2270 723 Jo.
2296 671 2616 736 Argyropili
2640 708 2653 729 ,
2692 672 2917 736 Georgii
2965 671 3325 735 Trapezuntii
3373 675 3431 723 et
3472 672 3790 736 Raphaelis

2188 743 2552 795 Volaterrani.
2585 743 2849 795 Accessit
2871 742 3043 794 etiam
3066 740 3301 805 Regula
3317 743 3509 794 Sancti
3538 743 3792 795 Benedi-

2181 813 2277 877 cti,
2302 814 2724 865 Commentario
2747 813 3051 865 illustrata
3067 826 3165 877 per
3187 811 3512 865 Jobannem
3533 817 3791 863 Cardine-

2180 885 2291 937 lem
2318 897 2353 936 a
2368 886 2803 938 Turrecremata
2824 897 2954 949 pag.
2980 884 3103 939 537.
3128 883 3399 935 editionis
3421 885 3791 938 Coloniensis

2180 956 2333 1021 apud
2364 957 2680 1008 Geruinum
2710 956 3008 1009 Calenium
3032 957 3097 1007 A.
3130 956 3195 1006 D.
3224 954 3381 1009 1575.
3404 955 3466 1007 in
3485 955 3641 1008 folio.
3659 958 3794 1009 Pro-

2181 1040 2313 1089 sper
2362 1026 2683 1079 Stellartius
2731 1028 2792 1079 in
2821 1027 2985 1088 libro,
3031 1026 3125 1077 cui
3149 1025 3391 1077 titulus:
3426 1027 3791 1077 Fundamina

2179 1102 2229 1149 et
2250 1098 2445 1162 regule
2462 1098 2715 1147 omnium
2736 1098 3017 1159 ordinum,
3043 1096 3195 1148 edito
3220 1096 3394 1146 Duaci
3414 1112 3511 1161 per
3525 1098 3792 1149 Baithan-

2179 1184 2354 1218 sarem
2406 1169 2668 1220 Bellerum
2705 1170 2771 1220 A.
2819 1170 2885 1220 D.
2930 1165 3085 1222 1626.
3113 1168 3171 1218 in
3195 1167 3267 1222 4⁸.
3295 1180 3424 1233 pag.
3461 1167 3584 1223 138.
3609 1169 3790 1222 aliam

2181 1240 2370 1292 Basilii
2386 1241 2643 1305 regulam
2655 1239 2866 1291 attulit.
2885 1239 2995 1291 Sed
3011 1241 3198 1291 Lucas
3223 1238 3561 1292 Holstenius
3585 1241 3649 1292 in
3667 1243 3792 1303 epi-

2181 1312 2329 1363 stola
2361 1313 2475 1363 MS.
2522 1310 2596 1363 ad
2642 1311 2884 1363 Fabium
2927 1310 3186 1361 Chisium
3209 1308 3302 1362 die
3335 1323 3397 1362 v1
3432 1312 3593 1363 Junii
3621 1314 3690 1363 A.
3719 1314 3790 1364 D.

2182 1382 2339 1437 1643.
2365 1387 2602 1434 exarata
2626 1385 2889 1445 testatur,
2914 1393 3248 1445 germanam
3261 1394 3574 1445 veramque
3585 1383 3792 1447 Rufini

2179 1454 2707 1518 interpretationem
2727 1465 2847 1525 pra
2869 1452 3227 1525 ceterisieam
3250 1453 3793 1525 sereperissetqua

2179 1525 2443 1577 laudatur
2464 1525 2523 1576 in
2550 1523 2863 1576 Concordia
2890 1522 3179 1575 Benedicti
3216 1523 3581 1589 Anianensis,
3615 1522 3793 1589 cujus

2180 1596 2371 1648 Codici
2396 1595 2745 1659 Regularum
2767 1607 3029 1647 seorsum
3044 1594 3333 1646 inseritur.
3353 1596 3500 1648 Hinc
3523 1596 3593 1648 ad
3622 1612 3793 1646 mem-

2183 1670 2393 1720 branas
2420 1667 2807 1729 Colonienses,
2821 1667 2953 1719 olim
2967 1678 3039 1717 ex
3050 1678 3123 1718 au
3133 1667 3409 1731 tographo
3425 1668 3622 1720 Sancti
3637 1671 3794 1717 Maxi-

2182 1739 2322 1790 mini
2353 1739 2705 1791 Trevirensis
2738 1738 3076 1802 descriptas,
3103 1737 3201 1788 ubi
3240 1737 3545 1790 Rufiniana
3566 1738 3793 1804 Regula

484 1812 663 1899 fuisse
684 1811 945 1893 Regulam
980 1809 1165 1899 Sancti
1188 1808 1385 1899 Basilii
1399 1812 1572 1899 notat
1600 1807 1953 1899 Htaeftenusl
1958 1812 2080 1858 tum
2106 1824 2160 1899 B
2185 1812 2368 1899 primo
2388 1808 2513 1899 loco
2533 1809 2847 1899 legebatur,
2863 1807 3220 1899 adlam‘ussu'n
3238 1813 3797 1899 expressamﬁﬂolste-

485 1883 632 1948 quod
683 1884 812 1947 ejus
850 1892 1096 1942 summa,
1130 1884 1283 1931 teste
1306 1880 1531 1942 Rufino,
1554 1879 1611 1930 in
1632 1879 1860 1930 Oriente
1884 1879 2083 1929 obser-
2106 1879 2160 1899 ν
2185 1882 2317 1933 nius
2343 1880 2600 1944 vulgavit
2623 1881 2680 1931 in
2700 1885 2836 1932 tom.
2863 1882 2903 1932 I.
2928 1879 3151 1931 Codicis
3175 1879 3547 1943 Regularum:
3566 1881 3787 1932 Statula

489 1959 736 2015 varetur,
764 1958 887 2006 tum
912 1951 1087 2016 quod,
1110 1951 1235 2016 ipso
1250 1951 1580 2014 interprete,
1603 1962 1719 2001 non
1736 1950 1859 2001 sine
1878 1961 2087 2013 magno

478 2025 747 2083 omnium
771 2023 998 2089 plausu,
1011 2022 1357 2074 Occidentali
1370 2021 1641 2073 Ecclesia
1654 2020 1906 2085 primum
1925 2020 2089 2071 inno-

486 2096 714 2159 tuisset,
734 2096 793 2146 in
817 2093 1107 2159 plerisque
1129 2093 1303 2144 etiam
1338 2091 1710 2143 monasteriis
1743 2104 1857 2142 usu
1881 2090 2089 2143 deinde

490 2164 736 2230 recepta,
762 2164 1252 2229 quemadmodum
1275 2162 1432 2214 illam
1452 2163 1645 2214 statim
1659 2175 1766 2215 sua
1781 2174 1919 2215 cura
1933 2176 2091 2216 rece-

490 2243 653 2303 ptum
688 2237 771 2287 iri.
805 2237 1043 2300 Ursejus
1081 2235 1289 2299 Rufino
1323 2234 1710 2299 spoponderat
1754 2234 1913 2286 viros
1959 2246 2092 2286 san-

489 2308 784 2361 ctissimos
807 2307 956 2359 hanc
980 2318 1098 2370 pra
1121 2306 1305 2357 oculis
1318 2305 1597 2357 habuisse
1611 2309 1988 2367 constat;non
2011 2320 2088 2355 so-

489 2381 611 2433 lum
627 2380 780 2433 enim
797 2380 1045 2444 Magnus
1058 2377 1405 2429 Benedictus
1422 2390 1546 2429 eam
1560 2376 1997 2441 perfamiliarem
2010 2381 2095 2427 ha-

492 2452 635 2516 buit,
652 2450 1066 2516 disclpulisque
1090 2448 1213 2501 suis
1241 2448 1665 2500 commendavit
1689 2461 1811 2512 cap.
1839 2449 2090 2501 LXXIII.

494 2535 618 2576 sua
646 2520 902 2587 Regula,
924 2520 1024 2573 ubi
1042 2519 1288 2584 plurima
1304 2532 1377 2570 ex
1402 2519 1508 2571 hac
1531 2519 1848 2581 Rufiniana
1871 2524 2093 2572 mutua-

496 2597 619 2645 tum
642 2605 751 2645 nos
775 2592 941 2644 docet
962 2590 1316 2643 Anianensis
1333 2590 1644 2642 Concordia
1664 2604 1679 2653 ;
1696 2589 1806 2642 Sed
1825 2593 2096 2651 Gregorius

491 2664 842 2717 Turonensis
856 2664 918 2715 in
938 2661 1189 2714 Historia
1216 2662 1567 2712 Francorum
1592 2661 1689 2713 lib.
1708 2675 1767 2714 x.
1784 2675 1910 2728 cap.
1927 2677 2095 2717 xxix.

492 2738 739 2788 testatur
761 2734 1107 2787 celebratam
1132 2732 1194 2783 in
1216 2731 1578 2782 Monasteriis
1602 2743 1637 2782 a
1657 2734 1866 2786 Sancto
1888 2736 2097 2789 Aredio

491 2804 787 2859 institutis.
815 2807 952 2858 Eam
986 2802 1186 2855 laudat
1203 2804 1548 2864 Anonymus
1570 2801 1631 2853 in
1643 2802 1775 2855 Vita
1795 2806 1980 2857 sancti
1999 2811 2099 2857 Lu-

493 2876 666 2943 gendi
711 2876 810 2940 qui
854 2874 1047 2929 floruit
1068 2872 1233 2925 initio
1259 2872 1462 2924 saculi
1484 2874 1578 2943 VI.
1600 2872 1657 2924 in
1680 2874 1839 2926 Actis
1863 2877 2099 2930 Sancto-

491 2942 623 3002 rum
674 2946 904 3000 Ordinis
949 2943 1306 2997 Benedictini
1341 2942 1562 2996 Saculo
1618 2945 1663 2995 I.
1710 2945 1972 3010 pag.576.
2000 2949 2101 3001 ubi

494 3020 669 3073 etiam
693 3030 823 3083 pag.
849 3014 973 3071 253.
1013 3014 1164 3067 alius
1188 3018 1389 3066 auctor
1413 3014 1628 3078 scribit,
1654 3016 1925 3069 Sanctum
1956 3020 2100 3071 Dro-

492 3096 761 3144 ctoveum
784 3088 857 3141 ad
878 3084 1226 3139 Basilianam
1250 3084 1529 3149 Regulam
1553 3098 1587 3137 a
1608 3088 1779 3138 Beato
1800 3088 2084 3142 Germano

491 3162 880 3214 informatum.
907 3155 1132 3210 Saculo
1148 3158 1269 3208 VII.
1296 3157 1568 3208 Sanctum
1585 3157 1917 3211 Filibertum
1934 3160 2086 3213 hanc

492 3233 679 3298 ipsam
693 3230 940 3282 lectione
950 3227 1187 3280 assidua
1202 3227 1534 3292 frequentas
1543 3241 1620 3291 se,
1639 3230 1804 3281 testis
1819 3236 1909 3283 est
1919 3239 2091 3282 auctor

493 3304 625 3367 ejus
648 3302 798 3353 Vita
822 3300 882 3352 in
908 3298 1131 3352 Saculo
1155 3301 1221 3350 II.
1251 3312 1364 3364 pag
1406 3298 1627 3353 819.51:
1651 3313 1718 3352 ea
1742 3302 2091 3367 Smaragdus

495 3372 822 3426 testimonia
849 3371 1062 3437 profert
1083 3371 1143 3422 in
1154 3371 1576 3423 Commentario
1588 3370 1662 3422 ad
1675 3373 1951 3435 Regulam
1977 3380 2094 3424 San-

496 3445 574 3498 cti
596 3442 905 3505 Benedicti,
930 3442 1291 3505 eandemque
1324 3445 1603 3495 memorat
1628 3444 1999 3496 Innocentius
2023 3447 2090 3498 II.

498 3518 770 3568 Summus
795 3514 1056 3567 Pontifex
1091 3514 1244 3578 apud
1275 3514 1612 3566 Gratianum
1644 3515 1860 3567 Caussa
1889 3518 2091 3569 XVIII.

498 3590 714 3650 Quast.
741 3588 807 3638 II.
827 3598 949 3650 cup.
977 3586 1180 3638 XXVI.
1204 3586 1293 3638 Ad
1314 3585 1440 3638 hac
1462 3588 1666 3636 auctor
1682 3586 2092 3649 prafationisin

498 3668 671 3721 opera
718 3658 781 3709 G.
829 3657 889 3707 L.
937 3656 1128 3707 Sancti
1162 3655 1354 3707 Basilii
1384 3655 1617 3705 Parisiis
1639 3655 1922 3719 impressa
1941 3657 2091 3722 apud

498 3727 809 3778 Michaelem
834 3727 1107 3777 Sonnium
1130 3728 1196 3779 A.
1223 3728 1287 3777 D.
1315 3725 1471 3781 1617.
1498 3726 1558 3778 in
1582 3726 1715 3778 folio
1740 3727 1822 3778 sic
1841 3727 2095 3793 loquitur

497 3797 568 3850 de
613 3798 849 3861 Regula,
885 3809 1060 3861 quam
1094 3796 1336 3859 Rufinus
1380 3796 1709 3859 expressit:
1737 3803 1906 3848 exstat
1928 3801 2095 3848 etiam

496 3868 843 3921 asceticorum
866 3868 1127 3918 librorum
1150 3869 1373 3932 epitome
1397 3868 1474 3917 vel
1502 3874 1634 3917 certe
1654 3869 1987 3932 Regularum
2002 3870 2095 3933 fu-

495 3938 608 3991 sius
651 3939 1044 4004 exposita-rum,
1086 3952 1253 4003 quam
1292 3937 1561 3987 latinitate
1601 3938 1825 3988 donavit
1853 3940 2094 4001 Rufinus

495 4010 850 4075 Aquileensis,
874 4026 937 4059 ac
961 4009 1162 4061 librum
1189 4009 1251 4059 de
1273 4009 1543 4059 Institutis
1570 4011 1969 4060 monachorum
1994 4027 2095 4075 ap-

496 4081 726 4145 pellavit,
750 4096 912 4146 eoque
927 4079 1157 4132 Coloniae
1180 4096 1298 4131 una
1313 4095 1435 4130 cum
1447 4080 1627 4130 ceteris
1640 4081 1836 4143 Rufini
1850 4083 2096 4146 ope-ribus

496 4152 717 4202 seorsim
738 4151 941 4209 edetur,
963 4150 1259 4215 praisertim
1296 4166 1468 4215 quum
1492 4151 1740 4201 ordinem
1765 4153 2095 4215 Regularum

499 4238 613 4272 non
622 4227 838 4286 servet,q
849 4236 966 4270 uem
979 4221 1172 4271 Basilii
1183 4236 1346 4282 opera
1356 4237 1467 4285 pra
1476 4236 1529 4270 se
1540 4220 1739 4282 ferunt.
1758 4225 1934 4272 Isthac
1944 4226 2096 4274 editio

499 4292 853 4345 Coloniensis
872 4304 1168 4354 nunquam
1194 4291 1321 4343 visa
1335 4296 1439 4343 est.
1473 4293 1684 4343 Fronto
1710 4293 1959 4346 Ducaus
1994 4295 2098 4346 ibi-

497 4364 628 4416 dem
651 4368 810 4415 torno
824 4363 892 4414 II.
917 4364 1128 4427 pagina
1149 4359 1235 4416 28.
1255 4361 1359 4413 col.
1377 4361 1429 4415 2.
1448 4362 1507 4413 in
1531 4362 1685 4414 notis
1714 4362 1787 4415 ad
1818 4365 2096 4429 Regulam

498 4434 684 4489 fusius
705 4434 1057 4498 disputatam
1072 4433 1315 4485 inseruit
1329 4432 1763 4486 emendationes
1773 4434 1966 4489 latina
1986 4454 2096 4487 ver-

498 4506 677 4557 sionis
714 4505 907 4567 Rufini
957 4517 1025 4556 ex
1071 4503 1301 4555 duobus
1328 4504 1459 4555 Mss.
1484 4503 1778 4556 codicibus
1804 4507 2092 4561 Puteanis.

496 4575 861 4628 Rufinianam
873 4574 1151 4640 Regulam
1166 4574 1385 4640 primus
1403 4575 1554 4638 typis
1570 4574 2091 4641 vulgavitJohannes

496 4647 837 4699 Franciscus
847 4647 1078 4697 Brixian
1086 4660 1152 4696 us
1163 4646 1485 4698 monachus
1496 4647 1961 4711 Congregationis
1974 4656 2092 4700 San-

497 4722 606 4771 cta
646 4717 893 4769 Justina
930 4716 991 4768 in
1024 4716 1166 4768 libro
1187 4716 1280 4767 cui
1309 4716 1513 4768 titulus
1541 4733 1553 4768 :
1580 4718 1822 4777 Quatuor
1839 4722 2087 4786 primum

495 4786 805 4853 approbata
846 4786 1111 4851 religiosis
1138 4786 1433 4850 quibusque
1461 4788 1657 4837 viventi
1691 4792 1900 4855 regulae.
1936 4794 2095 4844 Vene-

496 4859 562 4907 tis
586 4859 740 4923 apud
757 4858 958 4907 Lucam
982 4858 1290 4908 Antonium
1311 4858 1570 4908 Junctam
1595 4860 1661 4912 A.
1688 4861 1935 4919 0.1500.
1958 4863 2018 4916 in
2037 4864 2091 4918 4ο

494 4930 659 4981 Hanc
681 4929 990 4982 editionem
1014 4933 1217 4994 postea
1239 4935 1575 4981 renovatam
1594 4931 1844 4985 vidimus
1862 4935 2092 4986 Parisiis

494 5001 649 5065 apud
692 5001 1189 5060 JohannemPetit
1214 4998 1371 5056 1519.
1398 5001 1458 5053 in
1474 5001 1547 5061 4ο,
1573 5002 1670 5054 ubi
1694 5008 1888 5056 tamen
1911 5006 2011 5068 qui
2032 5007 2091 5056 in

494 5072 789 5125 codicibus
817 5074 953 5125 Mss.
979 5076 1069 5123 est
1098 5072 1331 5137 Ursejus,
1361 5073 1635 5125 mendose
1656 5075 1973 5138 appellatur
1991 5077 2093 5126 Ur-

492 5144 693 5207 sarius,
708 5144 950 5196 fortasse
969 5145 1239 5204 Ursacius,
1253 5143 1550 5195 dicendus.
1567 5145 1882 5198 Monachus
1898 5150 2094 5197 Brixia-

491 5227 606 5267 nus
648 5214 945 5266 adnotavit
972 5215 1032 5266 in
1063 5216 1194 5280 fine,
1240 5214 1392 5267 hanc
1437 5214 1692 5277 regulam
1718 5216 1778 5267 in
1804 5230 1911 5268 suo
1935 5216 2093 5270 fonte

490 5286 645 5350 apud
670 5287 903 5339 Gracos
924 5286 1277 5351 ampliorem,
1293 5290 1353 5339 et
1376 5286 1435 5337 in
1447 5285 1647 5337 ordine
1680 5288 2091 5341 accuratiorem

490 5355 705 5421 haberi,
748 5370 990 5422 eamque
1023 5373 1075 5408 se
1097 5374 1221 5409 cum
1245 5358 1372 5408 aliis
1394 5356 1630 5422 ejusdem
1655 5357 1847 5407 Basilii
1870 5360 2092 5412 diversis

491 5428 824 5487 tractatibus,
849 5429 1054 5481 Rufino
1080 5430 1410 5494 interprete,
1430 5427 1756 5491 propediem
1772 5430 1990 5482 Latinis
2010 5435 2094 5483 do-

489 5503 781 5552 naturum.
805 5500 1105 5553 Addamus
1129 5499 1528 5554 testimonium
1544 5499 1803 5551 Damiani
1825 5501 1896 5553 de
1917 5507 2091 5554 Sancta

490 5570 662 5622 Maria
708 5571 770 5623 in
814 5573 1149 5635 prafatione
1186 5583 1423 5635 operum
1469 5570 1663 5622 Sancti
1702 5571 1870 5624 Basili
1896 5575 2091 5630 Grace

487 5639 776 5693 editorum
798 5644 1056 5696 Venetiis
1076 5642 1231 5707 apud
1249 5641 1605 5705 Stephanum
1633 5641 1704 5694 de
1733 5642 1900 5698 Sabio
1928 5650 1996 5698 A.
2023 5648 2087 5700 D.

487 5709 645 5766 1535.
689 5712 920 5779 in—folio,
954 5715 1052 5767 ubi
1077 5715 1385 5778 Casparem
1409 5714 1796 5767 Contarenum
1820 5717 2090 5771 Cardine-

485 5780 598 5835 lem
627 5782 946 5848 alloquens,
978 5784 1524 5849 RegulamaRufino
1554 5786 1913 5851 translatam,
1934 5790 2092 5855 freg-

482 5861 666 5906 menta
689 5860 746 5909 et
767 5856 1106 5907 diminutum
1137 5855 1371 5907 libellum
1393 5855 1655 5922 appellat.
1684 5860 1827 5913 Cum
1850 5862 2091 5927 epistola

2117 4606 2172 4687 Ι)

2186 1952 2581 2002 monachorum
2606 1952 2794 2003 Sancti
2821 1952 3015 2003 Basilii
3041 1949 3295 2014 Episcopi
3328 1952 3673 2003 Caesariensis
3697 1952 3792 2003 in-

2188 2024 2457 2075 scribitur
2505 2024 2565 2074 in
2603 2026 2936 2087 pervetusto
2962 2023 3157 2075 codice
3187 2025 3561 2075 membraneo
3583 2024 3794 2076 Biblio-

2189 2095 2374 2147 theca
2430 2096 2655 2147 Sancta
2680 2094 2877 2145 Crucis
2910 2094 2971 2145 in
2996 2094 3357 2147 Hierusalem
3392 2095 3451 2146 in
3487 2094 3620 2146 folio
3656 2107 3791 2159 pag.

2189 2166 2309 2221 177.
2342 2178 2460 2218 una
2482 2178 2614 2217 cum
2652 2165 2886 2230 prologo
2926 2165 3112 2216 Sancti
3157 2166 3354 2229 Rufini
3390 2165 3685 2231 presbyteri
3718 2166 3794 2217 ad

2188 2238 2505 2291 Ursacium.
2533 2237 2769 2289 Carolus
2795 2237 3054 2290 Cointius
3079 2238 3139 2290 in
3168 2236 3489 2290 Annalibus
3513 2236 3796 2291 Ecclesia-

2192 2309 2348 2360 sticis
2394 2311 2745 2361 Francorum
2788 2314 2943 2361 tomo
2976 2320 3057 2362 VI.
3092 2312 3160 2361 A.
3199 2311 3264 2361 D.
3292 2308 3473 2373 8‘21.§
3495 2307 3582 2363 28.
3608 2320 3797 2374 agens

2190 2380 2263 2432 de
2300 2379 2580 2431 IIolstenii
2622 2380 2972 2444 Regularum
3019 2380 3231 2439 codice,
3271 2379 3500 2441 labitur,
3552 2384 3794 2445 putans,

2191 2451 2464 2511 Chisium,
2487 2451 2738 2513 nonnisi,
2752 2456 3060 2514 postquam
3074 2451 3145 2502 ad
3170 2451 3564 2516 pontificatum
3574 2453 3797 2500 adsuen-

2193 2521 2393 2585 disset,
2410 2520 2804 2585 apographum
2822 2522 3162 2585 suum,olim
3188 2521 3437 2574 Colonia
3460 2523 3795 2585 descriptum,

2192 2606 2322 2644 cum
2345 2592 2642 2645 Holstenio
2671 2593 3207 2646 communicavisse.
3230 2593 3375 2645 Illud
3398 2593 3551 2645 enim
3579 2596 3797 2653 jamdu-

2194 2664 2354 2726 dum,
2401 2663 2618 2716 scilicet
2646 2666 2713 2715 A.
2740 2665 2811 2733 D,
2832 2662 2987 2719 1643.
3020 2664 3562 2729 communicaverat,
3593 2669 3664 2717 ut
3682 2677 3797 2717 nos

2196 2747 2268 2786 ex
2304 2735 2444 2799 ipsis
2490 2734 2769 2786 IIolstenii
2811 2734 3069 2799 epistolis
3098 2736 3211 2788 hac
3233 2736 3304 2789 de
3338 2749 3398 2789 re
3432 2735 3506 2787 ad
3528 2736 3795 2789 Chisium

2197 2805 2424 2868 scriptis
2467 2803 2819 2867 collegimus.
2860 2805 3136 2868 Regulam
3159 2805 3503 2859 Basilianam
3526 2819 3563 2859 a
3581 2807 3796 2871 Rufino

2197 2875 2560 2939 explicatam,
2585 2875 2719 2927 etin
2750 2874 2945 2927 Galliis
2968 2881 3102 2929 ante
3118 2880 3185 2929 A.
3216 2879 3283 2928 D.
3310 2876 3433 2932 651.
3465 2878 3644 2941 quos.
3665 2878 3797 2931 Gis-

2196 2945 2364 2998 lenus
2400 2945 2770 2998 Atheniensis
2792 2946 2851 2998 in
2885 2946 3077 3011 Belgio
3101 2948 3209 2999 sibi
3233 2948 3437 3001 Sedem
3462 2948 3650 3013 elegit,
3678 2961 3798 3001 usu

2197 3021 2500 3080 receptam,
2546 3016 2680 3069 illuc
2708 3017 2950 3069 fortasse
2974 3017 3207 3083 pertulit
3228 3020 3283 3071 S.
3318 3020 3571 3079 Maurus,
3598 3019 3798 3083 Magni

2187 3088 2478 3140 Benedicti
2501 3088 2839 3153 discipulus,
2871 3093 2928 3140 et
2940 3090 2993 3141 S.
3027 3089 3233 3142 Aredio
3257 3090 3519 3155 aqualis,
3540 3094 3609 3142 ut
3622 3097 3799 3140 monet

2187 3158 2445 3211 Cointius
2488 3159 2548 3210 in
2571 3164 2707 3214 tom.
2737 3161 2832 3210 III.
2858 3162 2927 3212 A.
2953 3161 3017 3210 D.
3042 3159 3167 3215 651.
3197 3160 3296 3225 §7.
3323 3161 3421 3224 qui
3447 3162 3619 3212 etiam
3652 3173 3799 3213 mox

2197 3234 2523 3282 accuratam
2559 3235 2614 3282 et
2648 3231 2937 3296 egregiam
2970 3231 3220 3295 profecto
3243 3233 3509 3298 analysin
3531 3232 3799 3297 ejusdem

2198 3299 2430 3365 Regula
2455 3300 2708 3365 exhibet,
2738 3301 2890 3355 unde
2902 3302 3067 3353 nobis
3086 3302 3173 3353 vir
3184 3303 3550 3356 doctissimus
3564 3317 3665 3368 per
3677 3306 3802 3357 sin-

2189 3371 2325 3436 gula
2367 3372 2542 3424 eundi
2576 3371 2827 3424 laborem
2860 3373 3090 3425 ademit.
3132 3375 3269 3427 Hac
3294 3375 3365 3428 de
3392 3376 3573 3440 primo
3588 3376 3798 3440 Opere.

2191 3441 2341 3506 quod
2384 3455 2419 3493 a
2458 3442 2686 3505 Rufino,
2729 3443 2790 3494 in
2820 3444 3042 3495 Italiam
3064 3457 3315 3507 reverso,
3333 3447 3611 3511 scriptum
3634 3459 3799 3498 com-

2194 3513 2462 3576 perimus.
2507 3514 2616 3565 Sed
2662 3514 2944 3565 Macarius
2969 3514 3042 3566 ad
3064 3514 3205 3568 alias
3228 3517 3654 3570 lucubrationes
3690 3518 3798 3571 de-

2191 3596 2307 3636 nuo
2330 3597 2437 3636 nos
2464 3587 2645 3635 vocat.
2690 3585 2859 3649 Apud
2882 3586 3215 3639 Gratianum
3244 3588 3372 3641 hac
3396 3588 3585 3641 Basilii
3610 3590 3798 3655 Regu-

2191 3656 2262 3719 la,
2288 3656 2535 3704 instituta
2572 3657 2963 3706 monachorum
3002 3657 3174 3723 dicta,
3205 3672 3276 3711 ex
3304 3660 3501 3721 Rufini
3522 3660 3798 3722 interpre-

2194 3728 2408 3779 tatione
2428 3725 2696 3778 laudatur
2716 3725 2801 3781 26.
2830 3730 2892 3790 Q.
2920 3729 3037 3779 VII.
3057 3741 3180 3792 cap.
3212 3731 3353 3782 VIII.
3382 3734 3526 3783 Item
3549 3732 3697 3784 Dist.
3724 3735 3793 3785 II.

2193 3810 2314 3862 cap.
2363 3799 2403 3848 Ι.
2453 3796 2523 3849 de
2568 3798 2771 3850 Panit.
2817 3800 2980 3850 Nunc
3015 3798 3086 3852 de
3108 3801 3671 3867 PamphiliApologia
3692 3815 3795 3867 pro

2194 3870 2437 3934 Origene
2461 3880 2724 3934 agamus.

2254 3942 2323 3992 V.
2356 3942 2495 3992 Eam
2540 3941 2777 4004 Rufinus
2820 3941 2879 3994 In
2915 3942 3148 3992 Macarii
3185 3944 3420 3996 nomine
3461 3956 3798 4009 comparere

2196 4012 2394 4064 voluit.
2422 4010 2531 4063 Sed
2555 4012 2691 4076 quia
2728 4012 3031 4080 Origenem
3060 4016 3109 4079 ej
3120 4028 3303 4079 usque
3327 4016 3620 4068 studiosos
3645 4018 3799 4069 male

2194 4083 2391 4136 audire
2415 4088 2678 4145 noverat,
2702 4082 2979 4139 invidiam
3009 4088 3082 4138 ab
3105 4099 3166 4138 se
3187 4088 3408 4139 amoliri
3438 4093 3684 4140 conatus
3709 4092 3800 4141 est

2196 4154 2471 4219 proamio
2494 4154 2565 4204 ad
2595 4155 2925 4219 Macarium,
2953 4158 3133 4206 virum
3164 4158 3575 4219 desideriorum,
3612 4164 3683 4211 ut
3715 4173 3800 4213 se-

2194 4226 2307 4277 mel
2351 4229 2409 4276 et
2454 4224 2665 4277 iterum
2710 4233 2894 4291 vocat,
2939 4240 3148 4293 nempe
3198 4230 3442 4281 alterum
3468 4230 3790 4283 Danielem.

2194 4297 2321 4349 Non
2351 4296 2628 4348 diffltetur
2650 4297 2792 4360 quin
2816 4299 2923 4350 sibi
2946 4311 3039 4351 res
3066 4299 3461 4364 ipsao/I‘ensam
3485 4302 3799 4351 mamimam

2195 4372 2465 4432 comparet
2508 4381 2712 4428 eorum,
2770 4368 2865 4431 qui
2897 4384 2948 4418 se
2983 4370 3127 4419 laesos
3147 4377 3345 4434 putant
3388 4371 3455 4421 ab
3494 4385 3573 4429 eo,
3611 4373 3713 4436 qui
3739 4373 3799 4423 de

2201 4438 2424 4502 Origene
2460 4452 2573 4488 non
2615 4438 2832 4503 aliquid
2876 4440 3014 4490 male
3045 4442 3284 4493 senserit.
3332 4442 3399 4491 Et
3452 4457 3797 4508 quamquam

2198 4526 2306 4561 non
2327 4526 2487 4560 suam
2509 4512 2573 4561 de
2595 4513 3002 4577 eosententiam,
3024 4514 3113 4562 sed
3138 4515 3323 4563 Sancti
3353 4515 3615 4579 martyris
3626 4517 3799 4566 Pam-

2194 4582 2336 4648 phili
2359 4583 2601 4632 Macario
2612 4583 2907 4633 sciscitanti
2924 4584 3251 4649 explicaret,
3275 4585 3354 4637 ait
3365 4590 3576 4645 tamen,
3595 4600 3661 4639 se
3681 4601 3799 4640 non

2196 4655 2505 4719 ambigere,
2529 4655 2762 4717 futuros,
2782 4656 2878 4719 qui
2900 4661 2944 4704 et
2968 4657 3027 4705 in
3049 4672 3106 4705 eo
3147 4657 3287 4706 laesos
3309 4672 3362 4706 se
3392 4663 3599 4723 putent,
3623 4660 3674 4708 si
3699 4660 3799 4710 ali-

2191 4727 2324 4790 quid
2346 4741 2445 4790 pro
2466 4742 2522 4775 eo
2546 4732 2591 4774 et
2626 4726 2804 4775 alieno
2835 4742 3075 4776 sermone
3111 4727 3367 4792 proferat.
3408 4731 3570 4794 Ipsos
3602 4735 3799 4783 tamen

2191 4796 2480 4862 deprecari
2526 4809 2587 4849 se
2623 4797 2721 4859 ait,
2768 4797 2916 4847 nihil
2952 4805 3281 4864 prasunzpto
3327 4799 3403 4850 vel
3439 4800 3797 4866 prajudicato

2191 4868 2379 4918 animo
2402 4883 2556 4931 agere
2580 4884 2598 4928 ;
2638 4868 2727 4918 sed
2762 4870 3028 4932 quoniam
3052 4870 3125 4920 ad
3150 4871 3425 4936 Judicium
3461 4872 3557 4922 Dei
3581 4875 3799 4923 venturi

2188 4953 2394 4999 sumus,
2440 4953 2553 4987 non
2585 4939 2864 5003 refugiant
2897 4942 3031 4990 scire
3063 4943 3210 5006 quod
3243 4956 3428 4993 verum
3452 4949 3539 5007 est,
3573 4959 3640 4993 ne
3661 4945 3798 5008 forte

2192 5010 2501 5074 ignorantes
2537 5010 2874 5074 delinquant,
2899 5013 3311 5075 considerantes,
3336 5015 3470 5078 quia
3507 5014 3661 5077 falsis
3691 5017 3798 5066 eri-

2192 5080 2586 5130 minalionibus
2605 5088 2873 5146 percutere
2885 5083 3123 5147 fratrum
3140 5085 3496 5148 infirmorum
3525 5088 3797 5136 conscien-

2194 5158 2288 5212 tas,
2321 5152 2383 5201 in.
2412 5153 2687 5202 Christum
2711 5169 2927 5217 peccare
2948 5164 3036 5203 est.
3062 5155 3132 5205 Et
3166 5155 3283 5206 ideo
3318 5157 3642 5221 (subjungit
3678 5160 3796 5210 Ru-

2191 5222 2363 5285 ﬂnus)
2387 5238 2500 5272 non
2525 5225 2919 5274 accommodent
2941 5226 3384 5276 criminatoribus
3407 5243 3599 5277 aurem
3612 5243 3794 5287 suam,

2192 5308 2285 5344 nec
2306 5292 2373 5342 ab
2407 5294 2514 5344 alio
2548 5296 2759 5344 discant
2781 5295 3003 5345 alterius
3025 5297 3211 5359 fidem,
3234 5299 3477 5347 maxime
3501 5313 3670 5362 quum
3706 5315 3795 5349 eo-

2192 5378 2316 5413 ram
2339 5366 2579 5429 «aperiri
2617 5367 2685 5415 sit
2719 5366 2893 5430 copia,
2919 5372 2965 5415 et
2997 5367 3107 5416 oris
3129 5369 3215 5417 sui
3256 5368 3532 5431 confessio,
3558 5370 3698 5432 quid
3721 5371 3795 5420 vel

2193 5436 2426 5499 qualiter
2464 5438 2861 5502 uniusquisque
2892 5438 3090 5499 credat,
3127 5440 3384 5490 ostendat.
3408 5441 3496 5491 Sic
3518 5441 3665 5489 enim
3688 5442 3794 5490 scri

2189 5512 2345 5572 ptum
2370 5513 2439 5558 est
2466 5525 2478 5560 :
2507 5510 2640 5573 quia
2664 5509 2817 5558 corde
2832 5510 3069 5558 creditur
3088 5511 3160 5559 ad
3184 5510 3476 5575 justitiam,
3495 5527 3585 5560 ore
3613 5519 3792 5561 autem

2190 5580 2448 5642 confessio
2468 5580 2536 5642 fit
2562 5581 2634 5630 ad
2656 5580 2905 5629 salutem:
2931 5586 2976 5629 et
3005 5596 3071 5630 ea:
3096 5581 3263 5631 verbis
3284 5583 3397 5630 suis
3424 5583 3795 5647 unusquisque

2182 5650 2596 5715 justificabitur,
2638 5656 2770 5700 eleae
2799 5652 2968 5701 verbis
3009 5653 3123 5701 suis
3164 5652 3627 5703 condemnabitur.
3653 5656 3791 5706 Hac

2190 5723 2486 5787 prafatus,
2504 5727 2561 5774 et
2598 5722 2809 5775 lectore
2834 5724 2895 5774 in
2940 5723 3029 5787 iis,
3075 5735 3206 5787 qua
3253 5724 3483 5789 Origeni
3506 5726 3792 5777 contraria

2190 5795 2343 5860 apud
2370 5794 2533 5847 illum
2551 5794 2942 5859 inveniuntur,
2980 5796 3160 5847 misso
3197 5795 3271 5848 ad
3302 5795 3505 5845 brevem
3528 5797 3791 5847 Assertio-

2188 5881 2331 5929 nem,
2378 5871 2443 5919 ut
2470 5871 2651 5927 vocat,
2677 5866 2739 5917 de
2781 5867 3188 5917 Adultcralione
3232 5866 3495 5918 librorum
3542 5868 3788 5935 Origenis
