3902 6408
82 351 195 410 121

1368 357 1562 411 VITA.
1609 357 1745 412 LIB.
1778 358 1849 411 ΙῙ.
1884 358 2039 412 CAP.
2076 362 2118 413 Ῑ.

3297 362 3421 420 122’

326 470 521 551 Sancti
554 470 836 537 Pamphili
856 471 1178 551 ⁸Αροιοείφ
1201 472 1401 551 statim
1429 473 1694 551 subjecit,
1718 478 1774 551 Α
1799 474 2049 551 Eusebio
2062 480 2213 551 post
2235 476 2597 551 Pamphilum
2615 476 2889 551 martyrio
2901 482 3257 551 earonatum,
3273 480 3405 530 com'

76 541 251 594 Fidei
274 554 402 595 sua
434 545 716 595 tesseram
748 542 974 608 profert.
1005 549 1207 596 contra
1230 546 1549 610 pracipuas
1572 546 1699 599 ha-
1718 541 1774 551 ”
1799 546 2033 609 positos.
2061 547 2208 599 Hinc
2229 541 2462 613 factum,
2488 553 2554 600 ut
2568 541 2812 613 quinque
2833 549 3065 613 [priores
3084 549 3212 602 libri
3236 541 3405 603 modo

74 624 250 665 reses
273 614 509 678 Origeni
529 615 809 678 impactas
832 615 1066 668 omnino
1089 621 1465 681 pugnantem.

148 683 202 739 1.
240 686 314 738 Se
360 685 594 738 credere
642 686 961 751 profitetur,
1005 688 1152 751 quod
1197 688 1402 739 Sancta
1453 688 1695 738 Trinitas

68 761 347 806 coctor-na
361 757 429 807 sit
451 763 499 807 et
528 758 697 807 unius
730 762 961 819 natura,
994 758 1268 823 uniusque
1294 759 1514 809 virtutis
1534 764 1696 825 atque

71 826 418 879 substantia.

141 898 200 954 2.
235 899 395 960 Quod
420 900 592 951 Filius
623 898 720 951 Dei
751 899 813 949 in
844 899 1138 951 novissimo
1162 905 1395 966 tempore
1428 902 1589 952 homo
1611 901 1695 964 fa-

69 978 196 1020 ctus
241 976 332 1032 est,
380 976 425 1021 et
464 986 565 1037 pro
605 971 832 1036 peccatis
876 972 1076 1021 nostris
1117 985 1308 1035 passus
1344 978 1527 1022 estzet
1549 973 1611 1025 in
1633 988 1696 1022 ea

71 1042 207 1107 ipsa
250 1057 434 1107 carne,
476 1044 539 1091 in
572 1057 684 1109 qua
703 1057 896 1107 passus
924 1048 1016 1107 est,
1040 1044 1339 1093 resurrexit
1363 1060 1399 1094 a
1421 1045 1694 1105 mortuis;

69 1118 306 1179 propter
347 1114 493 1179 quod
524 1119 571 1164 et
608 1115 1015 1165 resurrectionis
1048 1129 1196 1179 spem
1229 1116 1478 1166 humano
1510 1116 1695 1181 generi

73 1184 295 1235 tribuit.

140 1254 196 1311 3.
236 1256 436 1308 Carnis
482 1256 704 1322 (inquit)
729 1257 1172 1307 resurrectionem
1206 1272 1318 1307 non
1344 1273 1441 1321 per
1472 1258 1693 1324 aliquas

68 1327 402 1392 prastiigas,
422 1327 563 1377 sicut
584 1328 840 1378 nonnulli
862 1328 1295 1384 calumniantur,
1319 1328 1582 1390 dicimus;
1604 1330 1694 1379 sed

73 1400 228 1449 hanc
255 1400 435 1464 ipsam
455 1413 695 1462 carnem,
712 1399 775 1448 in
798 1413 909 1462 qua
933 1414 1081 1449 nunc
1102 1400 1353 1462 vivimus,
1366 1406 1691 1451 resurrectu-

74 1485 207 1519 ram
250 1471 538 1530 credimus,
564 1485 679 1521 non
702 1470 875 1520 aliam
892 1486 996 1536 pro
1024 1471 1157 1532 alia,
1179 1486 1274 1521 nec
1293 1486 1488 1537 corpus
1512 1472 1688 1537 aliud,

72 1556 255 1606 quam
301 1543 470 1606 hujns
510 1542 695 1592 carnis
735 1543 984 1593 dicimus.
1018 1542 1139 1594 Sive
1158 1558 1281 1607 ergo
1303 1558 1497 1608 corpus
1516 1559 1691 1594 resur-

73 1618 359 1664 recturum
382 1613 632 1675 dicimus,
653 1614 950 1664 secundum
974 1614 1290 1678 Apostolum
1313 1615 1565 1677 dicimus,
1591 1617 1689 1667 hoc

70 1684 230 1734 enim
268 1686 492 1735 nomine
532 1698 658 1734 usus
697 1690 769 1735 est
811 1685 924 1737 ille:
968 1686 1075 1750 sive
1097 1700 1318 1735 carnem
1342 1687 1595 1750 dicimus,
1617 1702 1690 1737 se-

74 1755 332 1805 cundum
365 1756 712 1808 traditionem
734 1756 963 1821 symboli
985 1746 1322 1821 ebnﬁtemur.
1347 1757 1523 1808 Stulta
1546 1746 1694 1808 enim

75 1827 401 1879 adinventio
423 1828 713 1879 calumnia
735 1834 824 1890 est,
846 1844 1040 1894 corpus
1063 1829 1376 1878 humanum
1400 1829 1556 1879 aliud
1578 1846 1686 1894 pu-

78 1904 201 1948 tare
244 1913 355 1948 esse
400 1915 572 1964 quam
617 1916 853 1952 carnem.
902 1900 1022 1952 Sive
1062 1915 1184 1965 ergo
1226 1916 1356 1951 curo
1390 1903 1687 1952 secundum

73 1984 438 2019 communem
461 1971 642 2035 ﬁdem,
664 1973 772 2022 sive
808 1987 1003 2034 corpus
1039 1973 1336 2022 secundum
1380 1973 1693 2038 Apostolum

73 2041 287 2091 dicitur
312 2043 460 2108 quod
496 2049 750 2108 resurget,
796 2044 877 2093 ita
920 2044 1250 2093 credendum
1274 2050 1363 2109 est,
1388 2044 1525 2095 sicut
1544 2046 1695 2111 Apo-

71 2112 245 2163 stolas
268 2113 514 2176 deﬁnivit
529 2130 549 2175 ;
574 2115 711 2179 quia
728 2115 874 2179 quod
899 2120 1135 2179 resurget
1159 2115 1222 2164 in
1246 2115 1440 2165 virtute
1458 2123 1696 2180 resurget

72 2188 121 2233 et
146 2188 210 2235 in
228 2185 431 2251 gloria,
453 2193 501 2237 et
526 2187 935 2253 ineorruptibile
954 2193 1191 2251 resurget
1215 2193 1262 2237 et
1285 2187 1570 2251 spirituale
1585 2204 1698 2238 cor-

75 2270 200 2320 pns,
251 2258 393 2322 quia
438 2259 718 2323 corruptio
762 2259 1226 2320 incorruptionem
1260 2273 1372 2308 non
1390 2260 1693 2324 possidebit.

77 2326 267 2378 Salvis
290 2344 417 2392 ergo
439 2329 525 2379 his
545 2331 909 2396 prarogativis
930 2330 1110 2393 futuri
1136 2331 1377 2396 carparis
1398 2331 1474 2381 vel
1492 2333 1693 2392 carnis,

75 2399 399 2452 resurrectio
443 2402 622 2451 carnis
655 2402 921 2452 credendu
951 2407 1022 2451 est
1047 2402 1251 2466 integre
1271 2406 1431 2466 atque
1454 2402 1692 2467 perfecte,

80 2474 135 2519 ut
175 2476 226 2521 et
262 2478 475 2523 natura
517 2474 702 2523 carnis
721 2473 908 2525 eadem
931 2478 1187 2537 servetur,
1213 2479 1261 2524 et
1285 2474 1696 2537 incorruptione

77 2542 395 2605 spiritualis
439 2546 681 2609 corporis
716 2551 885 2595 status
910 2549 957 2594 et
982 2544 1161 2609 gloria
1186 2560 1298 2594 non
1326 2544 1694 2609 infringatur,

75 2614 152 2662 sic
196 2614 354 2663 enim
393 2616 656 2681 scriptum
687 2622 775 2668 est.
803 2616 895 2669 Sic
918 2616 989 2669 de
1012 2616 1125 2668 fide
1150 2629 1256 2668 sua
1278 2615 1524 2668 Ruﬁnus
1548 2617 1699 2668 circa

80 2684 446 2751 Trinitatem,
508 2687 983 2750 Incamationem,
1046 2690 1105 2741 et
1150 2699 1454 2752 corporum
1495 2688 1699 2739 Resur-

82 2756 423 2823 rectionem,
450 2759 660 2823 quibus
683 2758 899 2811 nullam
918 2758 1318 2811 difﬁcultatem
1336 2758 1467 2823 jure
1485 2765 1700 2816 moveri

159 2840 260 2881 sse
292 2831 585 2883 consentit
622 2829 1018 2883 Tillemontius
1063 2835 1218 2882 tomo
1259 2831 1383 2881 XII.
1456 2840 1545 2894 ag.
1570 2828 1692 2884 206.

81 2840 322 2943 ginnas
352 2893 549 2943 omnia
576 2892 670 2943 his
693 2893 886 2943 verbis
909 2891 1140 2943 claudit.
1163 2893 1365 2942 Haecin
1388 2841 1692 2943 Ilierosolu-

128 2891 322 2952 uﬁnus
352 2893 549 2945 omnia
576 2892 670 2944 his
693 2893 886 2946 verbis
909 2891 1140 2944 claudit.
1163 2893 1284 2942 Hac
1303 2893 1365 2941 in

1442 2892 1697 2956 ierosoly-

83 2962 188 3013 mis
215 2962 283 3014 in
322 2962 558 3014 Ecclesia
597 2964 693 3015 Dei
716 2980 753 3015 a
778 2964 974 3016 Sancto
1000 2963 1279 3014 Sacerdote
1302 2978 1417 3028 ejus
1440 2963 1698 3014 Johanne

79 3033 476 3098 pradicantur.
518 3036 639 3085 Hac
685 3050 784 3085 nos
808 3051 933 3086 cum
958 3036 1076 3099 ipso
1105 3035 1338 3086 dicimus
1360 3041 1407 3085 et
1433 3040 1693 3085 tenemus.

81 3106 221 3158 Post
245 3105 522 3157 emissam
545 3106 655 3159 hoc
684 3108 849 3173 pacto
887 3106 1041 3159 Fidei
1066 3118 1192 3159 sua
1211 3106 1469 3172 regulam
1491 3118 1691 3157 eorum

80 3176 181 3240 qui
207 3180 414 3230 contra
437 3178 697 3243 credunt,
718 3178 1185 3231 communionem
1205 3177 1458 3241 damnat,
1487 3189 1687 3229 secum

77 3260 215 3301 vero
241 3248 628 3303 sentientibus
672 3262 872 3316 pacem
903 3250 1246 3315 adprecatur
1269 3264 1285 3298 :
1308 3249 1480 3312 siquis
1496 3254 1689 3313 praeter

79 3320 185 3370 hac
237 3319 317 3370 vel
354 3321 543 3381 credit,
588 3322 666 3372 vel
708 3322 869 3381 docet,
909 3322 987 3371 vel
1040 3338 1076 3371 a
1121 3320 1275 3370 nobis
1318 3320 1475 3370 aliter
1521 3320 1685 3385 credi,

78 3406 255 3456 quam
290 3394 661 3456 eaposuimus,
696 3398 873 3458 putat,
898 3393 1196 3443 anathema
1226 3392 1311 3443 sit.
1335 3391 1542 3442 Nostra
1562 3406 1687 3455 ergo

78 3462 237 3512 Fidei
274 3462 657 3515 documentum
679 3463 852 3530 siquis
895 3464 1087 3515 habere
1117 3465 1244 3522 vult,
1269 3462 1457 3514 habeat
1478 3478 1545 3512 ea:
1582 3463 1684 3511 his.

82 3533 141 3585 Si
163 3533 393 3598 quidem
408 3540 505 3586 aut
528 3536 769 3600 legimus,
794 3540 890 3585 aut
915 3536 1082 3600 hujus
1105 3536 1231 3599 ﬁdei
1253 3535 1689 3598 nostrafacimus

80 3606 373 3667 rationem,
426 3607 718 3657 secundum
774 3607 1093 3672 Apostolum
1148 3607 1431 3669 probantes
1476 3606 1685 3666 omnia,

81 3678 232 3742 quod
257 3676 459 3728 bonum
472 3684 544 3729 est
562 3683 805 3739 tenentes,
821 3678 888 3729 ab
913 3679 1064 3728 omni
1084 3678 1251 3742 specie
1282 3677 1433 3727 mala
1447 3691 1542 3726 nos
1571 3676 1689 3726 obs-

79 3752 327 3801 tinentes.
354 3749 421 3800 Et
444 3751 491 3799 si
524 3749 621 3814 qui
644 3750 787 3800 hanc
805 3750 1051 3814 regulam
1079 3754 1406 3814 sequuntur,
1438 3763 1558 3814 pax
1587 3762 1686 3798 su-

81 3838 177 3887 per
197 3821 344 3882 illos,
382 3825 429 3871 et
456 3836 618 3887 super
647 3821 812 3871 Israel
833 3822 949 3883 Dei,
981 3836 1158 3872 amen.

144 3896 245 3945 VI.
294 3892 398 3944 His
435 3894 679 3959 peractis
722 3893 1099 3958 subsequitur
1120 3891 1389 3957 Apologia
1407 3890 1687 3956 Pamphili

84 3965 357 4029 martyris
376 3979 476 4029 pro
499 3964 742 4029 Origene,
756 3965 1044 4028 interprete
1062 3964 1287 4027 Rufino,
1310 3963 1690 4027 quemadmo-

84 4036 225 4089 dum
253 4035 316 4088 in
340 4035 686 4088 editionibus
708 4035 956 4100 vulgatis
978 4035 1329 4099 inscribitur,
1354 4046 1689 4099 quanquam

85 4121 151 4161 ea
172 4107 434 4175 primum
452 4107 755 4160 dumtaxat
776 4106 1212 4166 librum,etloca
1234 4104 1514 4157 nonnulla
1524 4118 1597 4156 ex
1620 4104 1690 4156 11·-

84 4179 153 4232 lis
176 4192 290 4233 sex
333 4178 491 4231 libris
540 4179 845 4242 separatim
870 4178 1139 4243 decerpta
1161 4177 1448 4237 continet,
1475 4177 1689 4240 quibus

84 4249 369 4316 Pamphili
393 4250 727 4316 Apologiam
752 4250 1086 4302 constitisse
1110 4249 1404 4314 proditum
1426 4252 1535 4300 est.
1565 4252 1691 4297 Mar-

87 4324 176 4385 tyr
216 4321 479 4373 invictus
522 4333 648 4373 eam
684 4322 965 4374 Casarea
991 4320 1333 4384 Palastina,
1359 4319 1428 4371 in
1463 4330 1689 4371 carcere

87 4393 327 4446 clausus
368 4403 502 4444 cum
542 4391 669 4445 aliis
700 4393 858 4445 Fidei
882 4391 1316 4444 Confessoribus
1340 4391 1586 4455 scripsit,
1624 4393 1690 4442 ut

86 4464 393 4526 Eusebius,
418 4463 695 4529 Pamphili
715 4464 775 4516 in
798 4463 999 4516 eodem
1024 4475 1250 4516 carcere
1279 4463 1489 4522 socius,
1510 4467 1689 4515 testa-

87 4538 179 4588 tur
223 4536 288 4587 in
330 4535 474 4587 libro
521 4534 591 4586 de
636 4535 985 4600 Martyribus
1010 4533 1337 4587 Palastina
1362 4545 1485 4598 cap.
1512 4535 1608 4585 XI.
1635 4539 1691 4585 et

88 4607 327 4660 Photius
376 4606 501 4659 cod.
547 4606 791 4658 CXVIII.
816 4609 984 4672 cujus
1008 4607 1134 4659 hac
1157 4610 1295 4657 sunt
1319 4606 1521 4656 verba:
1549 4606 1686 4655 Lecti

86 4684 207 4728 sunt
241 4676 524 4742 Pamphili
547 4677 812 4742 martyris
851 4682 898 4728 et
938 4675 1156 4726 Eusebii
1180 4690 1281 4740 pro
1313 4674 1538 4740 Origene
1560 4676 1685 4725 libri

88 4763 208 4810 sex,-
260 4763 497 4813 quorum
538 4760 815 4812 QUINQUE
850 4753 977 4799 sunt
1002 4764 1039 4798 a
1060 4745 1355 4811 Pamphilo
1381 4747 1445 4796 in
1465 4762 1689 4806 carcere,

86 4826 343 4884 praesente
394 4821 557 4869 etiam
591 4818 818 4870 Eusebio
839 4819 1113 4872 elaborati.
1141 4819 1380 4872 SEXTUS
1404 4833 1525 4868 vero
1548 4824 1695 4882 post-

90 4906 259 4955 quam
274 4891 394 4956 jam
422 4897 638 4957 martyr
669 4892 833 4953 ferro,
857 4892 1111 4957 privatus
1133 4891 1264 4951 vita,
1278 4890 1352 4940 ad
1376 4890 1533 4940 unice
1556 4889 1696 4940 desi-

92 4963 339 5013 deratum
380 4963 552 5013 Deum
596 4963 887 5027 migrarat,
928 4962 996 5012 ab
1027 4961 1255 5013 Eusebio
1294 4966 1365 5011 est
1398 4960 1689 5011 absolutus.

92 5034 327 5086 Photius
358 5038 546 5085 totum
570 5047 717 5098 opus
741 5038 1016 5093 recenset,
1053 5033 1289 5098 perinde
1311 5046 1379 5085 ac
1403 5038 1694 5097 utrunque

90 5111 383 5158 auctorem
407 5105 661 5167 haberet,
689 5106 987 5170 utiturque
1013 5105 1205 5157 verbis
1229 5106 1287 5157 in
1306 5105 1694 5157 multitudinis

92 5189 331 5229 numero
359 5176 671 5241 usurpatis,
698 5177 874 5229 aiunt.
892 5176 1124 5238 addunt,
1141 5181 1585 5239 commemorant,
1599 5182 1694 5225 etc.

92 5248 151 5299 In
186 5248 305 5300 ﬁne
349 5247 555 5300 iterum
607 5248 839 5301 scribit:
879 5248 1125 5313 Origenis
1146 5254 1328 5298 autem
1350 5248 1692 5314 Apologiam,

91 5324 147 5366 ut
173 5319 421 5368 diximus
456 5318 784 5384 Pamphilus
824 5324 870 5370 et
907 5319 1164 5371 Eusebius
1186 5321 1464 5370 communi
1488 5335 1694 5370 carcere

91 5388 283 5439 inclusi
326 5389 779 5455 conscripserunt.
833 5394 1084 5457 Uterque
1130 5404 1334 5456 operas
1369 5391 1614 5443 contulit
1634 5391 1693 5443 in

78 5454 389 5514 'condenda
409 5454 751 5526 hujusmodi
775 5454 1062 5529 Apologia,
1077 5454 1253 5529 quam
1265 5464 1435 5529 opido
1445 5462 1695 5516 elabora-

97 5535 204 5583 tam
225 5536 285 5585 et
305 5532 540 5598 longam
565 5532 765 5597 fuisse,
792 5534 1101 5597 discimus,
1128 5548 1202 5587 ex
1226 5535 1474 5588 Eusebio
1490 5534 1548 5586 in
1564 5537 1689 5585 Hist.

99 5602 491 5657 Eeclesiastica
525 5603 622 5656 lib.
678 5606 770 5658 Vl.
823 5618 946 5672 cap.
985 5607 1218 5659 XXXV.
1264 5611 1323 5659 et
1358 5620 1430 5659 ex
1465 5608 1694 5658 Socrate

97 5674 184 5728 lib.
209 5678 302 5729 III.
327 5687 454 5741 cap.
473 5677 599 5729 VII.
624 5688 693 5729 ac
716 5677 889 5730 etiam
912 5690 986 5731 ex
1020 5678 1147 5743 ipso
1169 5677 1389 5742 Photio,
1415 5677 1517 5743 qui
1538 5689 1691 5729 nono

100 5746 299 5801 Christi
319 5746 538 5801 saculo
574 5749 753 5801 totam
776 5748 933 5813 legit.
959 5749 1137 5803 Iidem
1160 5755 1425 5804 auctores
1449 5762 1557 5802 nos
1590 5748 1688 5801 do-

101 5824 237 5883 cent,
281 5820 528 5885 quinque
573 5821 789 5885 priores
830 5821 1009 5875 libros
1049 5834 1167 5875 non
1190 5823 1263 5875 ab
1286 5835 1404 5875 uno
1428 5821 1688 5883 Eusebio,

104 5891 197 5944 sed
237 5904 273 5946 a
312 5891 613 5958 Pamphilo
658 5893 838 5948 simul
866 5898 926 5948 et
951 5894 1217 5958 Eusebio,
1238 5900 1451 5946 sextum
1473 5895 1547 5948 ab
1569 5905 1687 5947 uno

1716 3212 1765 3287 C

1716 4632 1771 4706 D

1797 617 2108 681 Pamphilo,
2131 619 2304 671 modo
2328 620 2556 670 Eusebio
2580 621 3084 673 indiscriminatim
3097 622 3405 675 tribueren-

1797 689 1906 745 tur,
1932 694 2113 737 sextus
2135 701 2320 741 unum
2345 703 2571 754 semper
2590 691 2883 740 Eueebium
2906 697 3201 744 auctorem
3214 700 3403 754 pratu-

1795 756 1961 810 lerit:
2000 760 2179 822 primo
2214 765 2409 812 tamen
2455 774 2639 813 unum
2680 763 3059 827 Pamphilum,
3086 775 3203 815 non
3223 764 3398 816 etiam

1797 829 2113 881 Eusebium
2150 836 2443 884 auctorem
2482 833 2748 897 habente,
2787 837 2850 884 ut
2874 839 3073 897 postea
3095 836 3401 887 constabit.

1794 900 2056 953 Universi
2069 903 2257 965 operis
2281 909 2689 967 argumentum
2706 904 3084 957 fuitdefensio
3106 908 3349 967 Origenis
3372 922 3400 956 a

1794 971 1994 1022 multis
2018 973 2539 1036 criminationibus,
2557 975 2771 1038 quibus
2794 975 2920 1039 ejus
2945 976 3206 1028 doctrina
3227 976 3403 1042 impe-

1795 1042 2054 1107 tebatur;
2093 1044 2354 1097 nonnulli
2377 1046 2530 1097 enim
2556 1046 2912 1110 Origenianis
2938 1047 3165 1111 scriptis
3188 1047 3400 1100 intelli-

1793 1114 1998 1178 gendis
2043 1116 2312 1181 impares,
2338 1116 2434 1181 alii
2462 1119 2688 1169 mentes
2714 1117 3010 1182 gravitate,
3033 1118 3201 1170 multi
3221 1119 3398 1171 etiam

1795 1185 2033 1239 sinistro
2055 1187 2264 1239 affectu
2307 1188 2599 1253 prarepti,
2631 1189 2693 1240 in
2725 1188 3027 1252 Origenem
3053 1189 3396 1252 ferebantur;

1791 1257 1873 1308 ita
1887 1261 1953 1308 ut
1963 1258 2137 1309 etiam
2152 1271 2447 1311 sacrarum
2467 1259 2761 1312 literarum
2784 1260 3079 1312 studiosos
3095 1262 3404 1322 Origeniana

1793 1328 1980 1390 Opera
2004 1329 2333 1382 lectitantes
2356 1344 2459 1393 pro
2476 1331 2765 1383 hareticis
2776 1331 3217 1395 conclamarent,
3236 1346 3403 1393 quan-

1791 1410 1967 1462 quam
1986 1400 2129 1453 alias
2151 1400 2496 1454 innocentia
2523 1408 2580 1454 et
2593 1403 2821 1467 pietatis
2844 1403 3014 1455 laude
3038 1403 3405 1467 conspicuos.

1792 1468 2027 1523 Plurimi
2077 1473 2313 1537 insuper
2363 1473 2735 1525 damnatores
2772 1474 3037 1537 Origenis
3070 1486 3189 1525 non
3212 1472 3402 1525 solum

1790 1542 2102 1611 quicquam
2126 1557 2200 1595 ex
2224 1545 2353 1608 ejus
2378 1545 2647 1610 operibus
2672 1558 2976 1609 nunquam
3000 1545 3276 1610 legerant,
3295 1544 3400 1597 sed

1789 1610 2047 1677 linguam
2072 1616 2349 1679 Graecam,
2368 1628 2484 1680 qua
2503 1616 2782 1681 Origenes
2808 1617 3132 1681 scripserat,
3163 1616 3399 1681 penitus

1789 1683 2150 1746 ignorabant.
2179 1688 2295 1739 Nec
2325 1687 2563 1740 deerant
2585 1689 2684 1751 qui
2701 1700 2876 1752 quum
2893 1701 2965 1739 ex
2988 1689 3114 1751 ejus
3137 1687 3400 1739 lucubra-

1797 1755 2072 1818 tionibus,
2098 1771 2348 1822 omnem,
2372 1771 2488 1822 qua
2510 1757 2820 1824 pollebant,
2848 1758 3230 1811 eruditionem
3253 1758 3399 1811 hau-

1797 1825 2035 1888 sissent,
2075 1842 2150 1881 ne
2183 1829 2238 1881 id
2264 1830 2438 1882 ceteri
2461 1830 3008 1892 animadverterent,
3056 1830 3398 1894 doctrinam,

1793 1900 2205 1964 auctoremque
2230 1899 2405 1951 simul
2428 1901 2603 1952 verbo
2625 1904 2684 1952 et
2711 1901 2926 1965 scripto
2960 1901 3397 1954 execrabantur.

1795 1968 1887 2020 Sic
1923 1969 2255 2034 Pamphilus
2307 1973 2368 2023 in
2399 1972 2678 2038 Apologia
2700 1986 2825 2034 sua,
2850 1985 3042 2038 quam,
3069 1976 3135 2024 ut
3162 1972 3399 2025 Photius

1796 2041 2057 2103 testatur,
2076 2042 2522 2094 Confessoribus
2537 2043 2609 2094 ad
2620 2042 2851 2095 metalla
2864 2042 3190 2096 Palastina
3202 2046 3402 2092 damna-

1797 2110 1895 2172 tis,
1922 2110 2165 2171 direxit;
2194 2118 2493 2178 propterea
2516 2115 2666 2178 quod
2684 2115 3015 2167 rumoribus
3039 2119 3096 2166 et
3122 2116 3403 2163 maledictis

1794 2181 1857 2234 in
1899 2182 2209 2247 Origenem
2242 2185 2510 2237 excitatis
2544 2186 2740 2238 faciles
2763 2199 2934 2238 aures
2956 2185 3401 2239 adcommodare

1795 2252 2143 2306 viderentur.
2190 2256 2429 2307 Constat
2474 2268 2641 2320 porro
2678 2258 2799 2308 tota
2821 2257 3237 2322 propemodum
3259 2255 3401 2307 locis

1796 2323 2035 2389 integris
2080 2329 2140 2377 et
2170 2326 2516 2378 testimoniis
2553 2327 2814 2391 Origenis
2839 2332 3048 2393 prater
3076 2326 3401 2388 exordium,

1797 2395 1953 2457 quod
1996 2399 2086 2447 est
2126 2396 2305 2448 veluti
2338 2397 2578 2462 epistola
2626 2398 2699 2449 ad
2745 2398 3254 2462 Confessoresjam
3278 2410 3404 2449 me-

1796 2470 2075 2519 moratos.
2122 2468 2262 2520 Hac
2303 2468 2363 2519 in
2396 2470 2794 2533 antecessum;
2826 2470 2897 2521 de
2919 2469 3012 2522 his
3036 2470 3198 2522 enim
3220 2468 3401 2522 infra-

1799 2549 1989 2589 sermo
2035 2537 2225 2591 adhuc
2262 2544 2536 2591 recurret.
2568 2542 2635 2591 In
2667 2542 2774 2592 hac
2802 2540 3103 2606 Pamphilii
3126 2540 3406 2606 Apologia

1796 2613 2149 2661 memoratur
2184 2610 2328 2663 liber
2349 2611 2611 2676 Origenis
2640 2612 2711 2663 de
2735 2612 3005 2671 Oratione,
3041 2612 3141 2677 qui
3165 2612 3401 2665 tandem

1798 2682 1999 2805 fggcei
2017 2681 2226 2806 priogdiit
2248 2682 2456 2734 Oxonii
2492 2696 2525 2735 e
2563 2683 2785 2735 theatro
2817 2683 3199 2737 Sbeldoniano
3224 2686 3296 2736 A.
3330 2685 3398 2735 D.

1946 2790 1957 2802 .
2003 2765 2067 2802 n-
2143 2763 2180 2803 ο.

1946 2790 1957 2802 .
1982 2763 2180 2803 IIl-’12“.

1862 2824 1983 2873 VII.
2020 2824 2268 2875 Rufinus
2305 2825 2672 2878 translationi
2708 2825 3004 2891 Apologia
3039 2826 3092 2878 S.
3121 2824 3399 2890 Pamphili

1797 2905 1833 2945 a
1875 2906 1939 2945 se
1968 2894 2269 2957 absoluta,
2316 2896 2783 2949 dissertationem
2817 2897 3101 2961 adjunxit,
3141 2908 3317 2960 quam
3340 2895 3402 2948 in

1796 2964 2032 3030 prologo
2053 2965 2429 3017 brevissimum
2453 2967 2689 3017 libellum
2714 2970 3107 3031 vocat,estque
3130 2966 3400 3030 ejusdem

1797 3035 2093 3101 Apologia
2117 3049 2269 3101 pars,
2305 3038 2379 3090 ab
2402 3051 2516 3090 uno
2539 3038 2747 3091 Rufino
2772 3043 2962 3090 tamen
2990 3037 3310 3103 composita
3342 3041 3404 3090 et

1792 3108 2038 3160 Macario
2057 3108 2268 3173 pariter
2283 3112 2636 3173 nuncupata.
2661 3112 2727 3161 In
2749 3110 2859 3160 hac
2880 3107 3122 3171 Rufinus
3147 3120 3231 3171 ea,
3263 3118 3399 3171 qua

1795 3178 1856 3231 in
1890 3178 2248 3242 Origenianis
2277 3178 2437 3231 libris
2462 3179 2743 3245 Pamphili
2775 3179 3072 3245 Apologia
3112 3177 3398 3232 contraria

1793 3250 2185 3312 inveniuntur,
2204 3251 2276 3301 ab
2300 3250 2589 3304 hareticis
2611 3251 2789 3303 fuisse
2818 3255 3105 3316 corrupta,
3121 3250 3296 3303 variis
3311 3262 3394 3302 ar-

1791 3322 2086 3386 gumentis
2125 3322 2396 3373 ostendit.
2435 3324 2678 3374 Ruﬁnus
2724 3323 2883 3375 istud
2926 3322 3271 3388 opusculum
3322 3320 3394 3373 de

1790 3392 2198 3443 Adulteratione
2237 3393 2499 3445 librorum
2529 3395 2814 3459 Origenis,
2837 3395 2895 3446 in
2920 3394 3066 3446 duas
3087 3399 3278 3459 partes
3303 3405 3395 3445 se-

1792 3465 1923 3516 cuit.
1956 3467 2023 3516 In
2046 3465 2232 3529 prima
2260 3464 2562 3517 ostendere
2585 3466 2787 3518 nititur
2817 3466 2946 3531 ejus
2974 3467 3148 3518 libros
3171 3467 3244 3517 ab
3270 3467 3396 3517 Ha-

1791 3536 1982 3587 reticis
2032 3534 2217 3588 fuisse
2261 3541 2580 3602 corruptos.
2647 3537 2810 3588 Hanc
2853 3539 2911 3588 in
2955 3550 3078 3589 rem
3132 3535 3397 3601 exempla

1791 3607 2092 3670 utriusque
2118 3606 2451 3663 Clementis,
2478 3608 2720 3659 Romani
2746 3609 2802 3659 et
2816 3607 3187 3659 Alexandrini
3209 3609 3397 3669 produ-

1792 3678 1888 3740 cit,
1917 3682 1977 3729 et
2011 3678 2265 3742 Dionysii
2283 3678 2493 3743 pariter
2512 3678 2907 3743 Alexandrini,
2926 3691 3174 3742 quorum
3212 3680 3399 3739 scripta

1790 3748 2032 3801 eandem
2056 3750 2241 3801 aleam
2267 3749 2579 3801 subierant.
2612 3751 2680 3801 In
2702 3749 2882 3802 altera
2911 3753 3070 3815 parte
3093 3749 3397 3813 Origenem

1790 3821 1982 3884 ipsum
2001 3821 2322 3873 etiamnum
2345 3822 2737 3886 superstitem,
2765 3823 2825 3873 in
2848 3821 3027 3874 literis
3052 3821 3175 3873 suis
3201 3820 3399 3872 decor-

1791 3892 2054 3954 ruptione
2088 3905 2327 3957 operum
2366 3905 2627 3957 suorum,
2666 3898 3051 3957 conquestum
3090 3891 3394 3958 pertendit.

1794 3964 2011 4014 Harum
2044 3963 2218 4014 etiam
2248 3961 2542 4014 literarum
2575 3967 2795 4027 partem
2830 3963 3086 4024 adducit,
3108 3962 3397 4028 pracipue

1792 4044 1968 4096 quam
1994 4033 2222 4097 scripsit
2243 4034 2315 4084 ad
2339 4033 2758 4085 Alexandrinos
2779 4040 2971 4083 contra
2991 4048 3093 4097 eos,
3111 4034 3207 4097 qui
3237 4031 3398 4081 libros

1791 4104 1904 4168 ejus
1927 4103 2109 4153 adhuc
2132 4119 2189 4154 eo
2213 4105 2418 4154 vivente
2439 4104 2900 4156 adulteraverunt.
2935 4104 3024 4157 Ad
3046 4104 3176 4157 hac
3201 4104 3399 4155 obser-

1791 4179 1888 4226 vat
1909 4175 2209 4228 nonnullis
2233 4176 2499 4229 Patribus
2523 4175 2743 4227 Latinis
2767 4181 2823 4228 et
2846 4177 3061 4229 Gracis
3095 4173 3398 4228 idemillud

1792 4246 2168 4299 infortunium
2208 4249 2506 4301 accidisse.
2555 4248 2658 4299 His
2695 4248 2995 4313 expositis,
3034 4248 3162 4300 hac
3200 4246 3398 4299 addit:

1793 4318 1854 4368 Si
1877 4334 2001 4383 ergo
2032 4325 2078 4369 et
2113 4320 2364 4383 Origenes
2401 4321 2535 4369 talia
2572 4320 2641 4370 ab
2676 4320 2934 4369 haereticis
2958 4324 3004 4369 et
3029 4318 3320 4376 malevolis,
3351 4332 3403 4366 se

1790 4404 1894 4439 esse
1917 4405 2241 4454 perpessum,
2267 4392 2328 4440 in
2346 4391 2573 4456 epistola
2594 4406 2717 4451 sua,
2741 4391 2973 4455 propria
2995 4405 3113 4439 voce
3124 4387 3405 4451 conqueri-

1791 4465 1899 4519 tur,
1924 4467 1971 4509 et
1996 4462 2180 4511 multis
2199 4462 2328 4511 aliis
2348 4462 2628 4512 catholicis
2648 4462 2783 4511 viris
2807 4466 2919 4511 tam
2939 4461 3090 4521 vivis,
3117 4473 3289 4525 quam
3310 4458 3404 4507 de-

1788 4530 1990 4593 functis
2027 4534 2213 4583 eadem
2254 4533 2583 4593 aciederunt,
2618 4532 2922 4596 similesque
2940 4530 3165 4593 fraudes
3185 4530 3400 4592 scriptis

1794 4617 1984 4652 eorum
2006 4604 2311 4667 probantur
2329 4603 2525 4663 illata;
2548 4618 2667 4667 qua
2682 4603 2897 4651 tandem
2921 4602 3101 4651 animi
3114 4601 3401 4651 obstinatio

1792 4679 1880 4734 est,
1904 4674 1967 4723 in
1990 4674 2186 4738 aquati
2209 4689 2399 4725 caussa
2422 4689 2536 4723 non
2558 4674 2754 4739 aquati
2779 4675 2865 4723 uti
2888 4675 3076 4735 venia;
3100 4674 3190 4723 sed
3214 4688 3282 4722 ea:
3304 4672 3402 4721 eis-

1796 4745 1915 4793 dem
1941 4745 2316 4805 accidentibus,
2334 4744 2461 4795 aliis
2483 4746 2846 4796 excusationis
2866 4746 3243 4808 reverentiam,
3269 4743 3397 4793 aliis

1794 4814 2095 4878 infamiam
2118 4818 2523 4870 criminationis
2544 4817 2855 4868 intendere?
2888 4820 2973 4870 Ita
3008 4816 3272 4874 Ruﬁnus,
3297 4813 3400 4879 qui

1794 4899 1983 4951 neque
2006 4888 2145 4940 illud
2174 4890 2321 4949 silet,
2346 4890 2657 4942 acerrimos
2689 4889 2951 4955 Origenis
2984 4888 3184 4941 hostes
3209 4888 3404 4955 Orige-

1794 4959 1886 5010 nis
1910 4971 2039 5011 esse
2061 4958 2394 5025 plagiarios,
2420 4962 2531 5013 hoc
2556 4960 2773 5013 scilicet
2806 4964 2974 5025 pacto
3008 4960 3149 5011 satis
3178 4961 3400 5014 cavisse

1793 5036 2061 5085 ratosne
2100 5043 2207 5083 sua
2232 5032 2382 5085 furta
2404 5033 2805 5095 detegerentur
2831 5049 2841 5081 :
2871 5031 3015 5090 Quin
3041 5031 3221 5095 potius
3247 5032 3402 5097 (sub-

1790 5103 1999 5169 jungit)
2043 5104 2340 5166 aperienda
2384 5109 2454 5153 est
2496 5104 2594 5153 hoc
2622 5103 2685 5153 in
2721 5104 2831 5153 loco
2857 5102 3051 5152 veritas
3075 5102 3260 5167 latens,
3287 5118 3400 5154 non

1793 5174 1940 5224 enim
1985 5174 2232 5240 possibile
2273 5180 2346 5226 est
2371 5180 2485 5225 tam
2526 5175 2722 5239 iniquo
2734 5174 2947 5238 judicio
2965 5175 3046 5223 uti
3069 5188 3397 5238 quemquam

1796 5246 2102 5307 hominum,
2148 5251 2207 5297 ut
2239 5246 2302 5298 de
2320 5261 2487 5298 causa
2516 5245 2716 5312 aequali
2739 5260 2851 5296 non
2876 5245 3154 5311 aequaliter
3173 5245 3389 5297 sentiat.

1795 5316 1899 5367 Sed
1917 5319 2062 5384 quod
2085 5323 2324 5369 auctores
2352 5317 2800 5369 obtrectationum
2822 5317 2939 5381 ejus
2962 5317 3022 5366 hi
3044 5320 3188 5378 sunt,
3215 5317 3312 5379 qui
3323 5317 3400 5367 vel

1793 5388 1857 5437 in
1902 5389 2115 5440 ecclesia
2156 5389 2435 5455 disputare
2476 5388 2638 5439 latius
2669 5387 2854 5450 solent,
2900 5385 2976 5436 vel
3028 5385 3191 5435 etiam
3234 5385 3398 5437 libros

1792 5459 2032 5522 scribere,
2069 5464 2167 5528 qui
2193 5468 2361 5512 totum
2388 5461 2454 5511 de
2479 5460 2708 5525 Origene
2738 5459 2816 5509 vel
2840 5458 3141 5522 loquuntur
3167 5457 3246 5507 vel
3266 5460 3396 5508 scri-

1794 5532 1943 5584 bunt.
1976 5534 2057 5584 Ne
2102 5548 2225 5599 ergo
2261 5533 2443 5599 plures
2480 5533 2724 5598 ipsorum
2744 5532 2901 5597 furta
2931 5535 3273 5594 cognoscant,
3298 5532 3396 5595 qui

1794 5606 1997 5672 utique,
2022 5607 2070 5657 si
2093 5607 2301 5673 ingrati
2312 5607 2371 5655 in
2388 5606 2712 5669 magistrum
2724 5616 2835 5652 non
2847 5604 3029 5665 essent,
3042 5615 3394 5667 nequaquam

1792 5677 2082 5728 criminose
2119 5672 2448 5740 viderentur,
2484 5691 2656 5741 neque
2693 5672 3052 5739 simpliciores
3070 5687 3307 5740 quosque
3329 5675 3396 5727 ab

1791 5749 1907 5813 ejus
1936 5748 2153 5802 lectione
2175 5752 2506 5802 deterrerent.
2532 5748 2640 5799 His
2665 5750 2898 5809 tangere
2918 5742 3103 5798 voluit
3126 5745 3396 5812 Hierony-

1790 5833 1971 5885 mum,
1998 5825 2065 5875 ut
2094 5827 2248 5877 recte
2270 5822 2491 5876 monuit
2513 5824 2797 5884 Grynaus
2818 5816 2877 5869 in
2899 5821 3060 5871 tomo
3088 5819 3130 5871 I.
3157 5830 3395 5885 operum

1792 5892 2053 5959 Origenis
2096 5907 2227 5962 pag.
2273 5894 2394 5953 781.
2428 5892 2714 5957 editionis,
2751 5900 2926 5957 quam
2948 5894 3154 5957 postea
3172 5902 3394 5946 memo-
