3902 6412
485 320 589 375 123

483 515 813 566 quanquam
836 501 1325 564 Hieronymuslib.
1354 502 1418 550 II.
1446 499 1744 561 Apologus
1776 511 1904 560 pag.
1943 498 2068 550 417.

485 578 724 637 utraque
736 578 933 624 contra
951 586 1127 623 unum
1152 570 1528 635 Epiphaniam
1552 570 1624 619 ab
1652 570 1855 619 Ruian
1881 571 2077 629 prodita

481 645 909 709 interpretatur:
935 645 1174 706 Denique
1211 643 1434 705 quidam
1471 657 1537 689 ese
1576 641 1724 705 ipsis,
1750 641 1861 702 qui,
1900 655 1967 701 se,
1996 654 2077 686 ve-

484 715 561 764 lut
580 716 979 779 euangelizandi
1014 715 1368 763 necessitatem
1398 728 1491 776 per
1513 727 1693 761 omnes
1721 716 1891 774 gentes
1917 717 1960 758 et
1982 726 2078 773 per

482 801 663 835 omnes
688 787 920 848 linguas,
949 786 1135 834 habere
1160 789 1313 848 putat
1339 785 1400 833 de
1427 785 1649 847 Origene
1674 784 1813 831 male
1839 782 2074 844 loquens,

481 873 573 905 sea:
598 858 771 906 millia
795 858 1056 905 libr0rum
1081 858 1194 920 ejus
1210 872 1261 905 se
1296 856 1489 919 legisse,
1511 855 1923 918 quamplurima
1954 852 2075 913 fra-

479 933 623 975 trum
646 928 989 975 multitudine
1013 928 1279 987 audiente,
1299 926 1565 989 confessus
1590 932 1677 985 est,
1706 926 1801 988 qui
1824 926 1870 972 si
1898 924 2077 985 utique

484 1004 538 1045 ut
582 999 688 1061 ipse
712 1000 878 1047 dicere
902 1000 1046 1061 solet,
1072 1014 1169 1062 pro
1194 998 1568 1061 cognoscendis
1594 996 1752 1045 malis
1778 997 1907 1057 ejus,
1940 996 2077 1057 ipsos

481 1068 691 1131 legebat,
735 1070 976 1132 sufficere
1014 1075 1263 1132 poterant
1306 1070 1353 1117 ei
1395 1070 1567 1117 decem
1616 1068 1740 1115 libri
1778 1067 1849 1114 ad
1883 1081 2077 1127 cogno-

476 1140 746 1199 scendum,
795 1146 891 1190 aut
942 1141 1137 1203 viginti
1173 1146 1303 1188 certe
1348 1140 1423 1188 vel
1469 1140 1947 1204 quamplurimum
1975 1138 2075 1184 tri-

476 1211 649 1274 ginta.
699 1212 804 1261 Sese
841 1212 1018 1261 millia
1055 1219 1231 1261 autem
1278 1212 1437 1261 libros
1472 1213 1651 1275 legere,
1678 1226 1781 1259 non
1804 1209 1923 1270 jam
1957 1207 2076 1257 velle

476 1297 781 1343 cognoscere
804 1290 891 1345 est,
916 1285 1005 1333 sed
1028 1290 1191 1332 totam
1223 1300 1351 1347 pene
1388 1286 1555 1332 vitam
1591 1298 1745 1331 suam
1774 1280 2076 1343 disciplinis

477 1353 589 1415 ejus
611 1360 656 1402 et
690 1355 883 1403 studiis
918 1356 1114 1404 dedere.
1154 1356 1426 1413 Quomodo
1471 1370 1593 1417 ergo
1638 1354 1822 1401 merito
1862 1353 1950 1399 iste
1973 1366 2074 1398 au-

478 1424 706 1473 diendus
750 1433 837 1485 est,
884 1443 1056 1490 quum
1095 1443 1177 1475 eos
1213 1427 1412 1490 culpat,
1438 1428 1535 1489 qui
1575 1425 1947 1473 instructionis
1970 1439 2074 1470 sua:

477 1509 667 1543 caussa
686 1512 957 1559 perpauca
980 1499 1110 1559 ejus,
1136 1499 1283 1546 salva
1311 1498 1436 1558 ﬁdei
1455 1497 1659 1557 regula,
1684 1503 1841 1559 atque
1870 1496 2070 1556 integra

474 1565 661 1627 pietate
687 1567 957 1629 legerunt?
1004 1571 1125 1619 Hoc
1162 1568 1284 1619 loco
1318 1570 1641 1632 perspicum
1668 1574 1775 1627 est,
1800 1582 1831 1616 (ι
1864 1567 2072 1616 Rufino

474 1639 853 1700 Epiphanium
888 1642 1056 1704 carpi,
1085 1642 1156 1692 de
1181 1655 1295 1704 quo
1322 1642 1403 1691 sic
1430 1637 2068 1703 Hieronymusinlibdl.

476 1708 769 1771 Apologize
792 1711 845 1760 in
878 1712 1152 1763 Ruﬁnum
1176 1727 1295 1774 p-tg.
1325 1710 1445 1765 403.
1479 1712 1557 1761 Ne
1583 1726 1660 1759 me
1688 1711 1868 1758 milsas
1893 1710 1965 1758 ad
1979 1724 2071 1757 sea:

479 1779 658 1867 millia
698 1779 961 1830 librorum
1005 1784 1117 1845 ejus
1166 1784 1460 1847 (Origenis)
1498 1798 1629 1846 quos
1658 1783 1834 1842 legisse
1859 1781 2065 1829 beatam
2091 1796 2143 1867 Β

478 1850 688 1913 Papam
712 1853 1089 1916 Epiphanium
1119 1856 1432 1903 criminaris
1461 1853 1789 1905 Rursuslib.
1818 1852 1907 1903 lll.
1936 1865 2062 1915 pagi.

480 1919 600 1974 461.
651 1923 736 1971 hic
780 1930 850 1972 est
877 1925 960 1973 ille
985 1927 1184 1974 delirus
1209 1942 1386 1991 senae,
1412 1928 1507 1989 qui
1532 1941 1622 1974 seu:
1663 1925 1802 1971 mille
1829 1924 2071 1985 Origenis

479 1991 655 2053 libros,
704 1999 747 2042 tc
777 2003 1043 2057 prazsente,
1085 1999 1353 2056 cantavit;
1398 1998 1495 2061 qui
1540 1997 1785 2043 omnium
1829 1997 2067 2055 gentium

476 2061 681 2124 linguis
698 2066 1131 2128 prtedicalioncm
1144 2070 1244 2116 sibi
1268 2076 1449 2117 contra
1467 2068 1743 2130 Origenem
1766 2067 2069 2129 injunctam

476 2139 647 2196 putat,
685 2137 781 2199 qui
823 2138 937 2186 ideo
979 2154 1099 2187 eum
1144 2139 1243 2200 legi
1275 2140 1530 2202 prohibet,
1558 2154 1623 2186 ne
1657 2138 1755 2185 alii
1785 2139 1897 2199 ejus
1917 2136 2070 2198 furta

473 2214 806 2278 cognoscant.
854 2212 918 2259 In
953 2212 1115 2274 epist.
1147 2211 1400 2278 XXXlX.
1428 2211 1567 2260 alias
1594 2210 1762 2259 LXII.
1790 2222 1917 2271 pag.
1945 2207 2066 2261 337.

473 2276 543 2325 ad
562 2277 955 2342 Theophilum,
984 2282 1175 2345 arguit
1194 2276 1516 2333 Johauncm
1534 2282 2066 2340 Hicrosolymitaimm,

472 2348 621 2409 quod
636 2350 946 2413 Epiphanio
968 2354 1254 2416 objecerit,
1288 2368 1378 2400 sea:
1405 2353 1557 2400 milia
1581 2352 1841 2399 librorum
1873 2351 2066 2414 Orige-

473 2420 561 2468 nis
587 2420 657 2469 ab
674 2422 874 2473 eodem
894 2424 1163 2487 perlecta:
1182 2426 1286 2473 Sea:
1308 2426 1478 2472 millia
1506 2424 1751 2485 Origenis
1771 2431 1935 2471 tomos
1957 2440 2061 2470 non

470 2496 674 2553 poterat
712 2495 1001 2555 quisquam
1046 2497 1225 2558 legere,
1265 2512 1395 2558 quos
1420 2496 1505 2543 ille
1530 2511 1637 2542 non
1665 2495 1896 2557 scripsit,
1925 2494 2064 2554 fuci—

474 2560 680 2624 liusque
714 2565 864 2612 credo
899 2570 1065 2613 testem
1102 2568 1265 2629 hujus
1289 2566 1568 2623 sermonis,
1603 2576 1767 2627 quam
1794 2572 2061 2614 auctorem

472 2646 575 2678 esse
600 2636 899 2685 mentitum.
923 2638 1308 2699 Hieronymus
1340 2640 1530 2687 tamen
1553 2638 1718 2700 epist.
1746 2637 1885 2686 XLI.
1921 2638 2062 2687 alias

476 2703 641 2752 LXV.
656 2704 727 2755 ad
754 2707 1174 2759 l’ammachium
1201 2712 1257 2760 et
1280 2712 1572 2760 Oceanum
1600 2721 1725 2770 pug.
1753 2706 1873 2760 346.
1901 2708 1971 2758 de
1996 2710 2061 2759 ii-

474 2773 591 2823 bris
623 2776 694 2825 ab
728 2776 969 2839 Origene
1006 2782 1232 2843 scriptis
1257 2781 1361 2830 hac
1394 2781 1599 2829 habet:
1626 2778 1770 2826 Mille
1804 2784 1923 2825 cleo
1950 2796 2061 2827 am-

468 2843 608 2906 plius
654 2852 925 2909 tractatus,
964 2866 1093 2913 quos
1116 2852 1173 2899 in
1209 2851 1444 2899 Ecclesia
1469 2850 1742 2911 loquutus,
1767 2848 1949 2899 edidi].
1977 2851 2061 2897 ln-

471 2918 823 2968 numerabiles
860 2930 1109 2985 pra-terea
1138 2922 1571 2981 commentarios,
1591 2937 1721 2983 quos
1748 2921 1855 2983 ipse
1878 2923 2059 2985 appel-

470 2986 542 3034 lat
585 2995 767 3047 tomos,
808 2999 851 3039 cl
886 3009 1017 3057 quos
1052 3010 1197 3043 nunc
1226 3000 1490 3057 pra’tereo,
1520 3009 1581 3039 ne
1620 2993 1801 3040 videar
1835 3009 2056 3056 operum

468 3058 579 3121 ejus
612 3062 843 3113 indicem
870 3070 1058 3114 tezeere.
1103 3068 1234 3123 Quis
1262 3070 1503 3113 nostrum
1530 3070 1680 3111 tanta
1706 3071 1861 3125 potest
1889 3065 2068 3126 legere,

468 3140 675 3194 quanta
722 3135 810 3184 ille
853 3137 1167 3200 conscripsit
1192 3139 1217 3186 ?
1249 3138 1412 3186 Petro
1436 3135 1718 3186 llalloixio
1744 3136 1801 3185 in
1828 3138 2068 3195 ()rigzene

1764 318 2005 368 RUFINI
2041 316 2477 367 PRESBYTERI

484 434 638 483 rabo.
681 428 777 491 Ea,
817 443 949 494 quae
1002 428 1770 503 sequuntur,7Epiphanium
1818 433 2081 503 carpunt,
2105 434 2166 503 Α

3670 311 3773 367 124

2806 426 3035 478 CAPUT
3070 427 3137 476 II.

2180 543 2218 592 Ι.
2255 542 2486 603 Ruﬁnus
2510 541 2673 589 latine
2698 540 2848 588 vertit
2871 540 3077 603 priores
3106 538 3265 588 libros
3289 539 3423 587 duos
3448 539 3699 601 Origenis
3716 539 3778 586 de

2242 612 2553 675 Principiis.
2602 614 2667 663 ΙΙ.
2716 613 2974 673 Ejusdem
3017 612 3274 660 versionis
3311 617 3635 672 conspectus.
3677 611 3777 660 IIl.

2244 684 2420 731 Totius
2467 685 2641 747 operis
2679 684 2818 733 idea.
2867 685 2959 733 IV.
3003 682 3397 731 Benedictiones
3420 682 3777 730 Patriarcha-

2239 770 2359 803 rum
2389 756 2579 803 Pontio
2614 754 2849 804 Paulino
2872 753 3075 802 duobus
3100 754 3248 801 libris
3271 754 3547 817 explanat.
3573 753 3644 802 V.
3672 753 3781 800 Ru-

2237 828 2339 888 fini
2380 831 2423 873 et
2474 825 2701 875 Paulini
2735 828 2834 873 hac
2867 829 2928 871 de
2970 840 3024 873 re
3072 824 3296 887 epistolae
3344 824 3616 871 amabam.
3677 823 3773 872 VI.

2238 898 2515 945 Editiones
2563 902 2607 944 et
2659 897 2857 944 σοάῖοεε
2888 896 3149 943 librorum
3197 896 3258 941 de
3303 893 3776 943 Benedictionibus

2238 969 2703 1018 Patriarcharum.
2748 969 2868 1017 VII.
2914 969 3145 1029 Rufinus
3184 966 3307 1014 libri
3346 966 3490 1014 tertii
3512 971 3559 1013 et
3585 966 3775 1028 quarti

2240 1041 2482 1103 Origenis
2510 1041 2571 1087 de
2602 1040 2901 1103 Principiis
2934 1041 3221 1087 versionem
3249 1036 3485 1085 absolvit.

2238 1140 2276 1187 Ι.
2310 1138 2589 1188 Macarius
2615 1137 2955 1201 scriptorum
2976 1136 3348 1188 Orientalium
3374 1134 3627 1185 maxime
3651 1134 3773 1184 avi-

2177 1212 2304 1273 dus,
2352 1224 2531 1273 quum
2578 1210 2635 1262 in
2681 1210 2870 1260 Sancti
2896 1211 3177 1273 Pamphili
3208 1209 3471 1273 Apologia
3508 1207 3691 1258 libros
3714 1205 3776 1254 de

2176 1284 2471 1346 Principiis
2493 1282 2805 1334 identidem
2829 1283 3128 1332 memorari
3154 1283 3541 1341 observasset,
3567 1279 3641 1329 ab
3666 1279 3775 1327 Ru-

2173 1358 2283 1418 [inc
2301 1356 2598 1419 flagitavit,
2618 1354 2673 1404 ui
2700 1367 2797 1405 eos
2826 1355 3097 1405 Romanis
3124 1350 3776 1402 auribuszidcommoda—

2176 1434 2273 1476 ret.
2312 1428 2584 1489 Quocirca
2610 1426 2840 1487 Ruﬁnus
2874 1426 2931 1475 in
2956 1425 3043 1474 his
3076 1438 3299 1487 quoque
3322 1423 3565 1470 Macario
3602 1422 3773 1470 obse—

2174 1504 2481 1559 quuturus,
2533 1497 2737 1547 latinos
2767 1496 2893 1546 fecit
2919 1496 3092 1546 libros
3118 1495 3210 1546 1V.
3228 1494 3488 1557 Origenis
3515 1494 3589 1543 de
3613 1493 3768 1540 Prin-

2172 1572 2344 1633 t‘v'piis,
2378 1570 2499 1621 sive
2543 1570 2611 1619 de
2648 1568 3022 1623 Polt’stutibus,
3050 1571 3113 1617 ut
3134 1566 3243 1615 dici
3270 1578 3439 1628 posse
3464 1564 3524 1614 in
3545 1563 3772 1628 promi,”

2172 1642 2539 1691 existimavit.
2598 1642 2758 1691 [Iane
2804 1645 2997 1689 tamen
3030 1639 3350 1689 versionem
3405 1648 3521 1687 uno
3572 1637 3773 1685 tenore

2174 1714 2621 1776 haudquaquam
2647 1710 2893 1761 absolvit
2920 1722 2932 1757 :
2968 1710 3065 1759 sed
3095 1716 3399 1771 postquam
3424 1706 3770 1770 procemium

2173 1786 2405 1847 duosque
2422 1781 2823 1848 prioreslibros
2853 1782 2985 1831 latio
3011 1778 3635 1843 donasset,amicorum
3667 1776 3769 1825 im-

2176 1856 2341 1919 pulsu
2355 1856 2414 1905 in
2430 1856 2555 1905 aliis
2568 1853 2996 1905 conscribendis
3015 1865 3242 1915 operam
3259 1850 3464 1914 posuit,
3479 1854 3543 1899 ut
3569 1852 3773 1912 postea

2173 1929 2445 1977 dicemus.
2471 1928 2607 1977 Ilaec
2621 1926 2927 1987 Rufinian”.
2954 1922 3267 1985 translatio,
3297 1927 3412 1973 tota
3438 1922 3660 1983 quanta
3686 1922 3772 1968 est

2172 2004 2392 2062 prostat
2412 2000 2559 2049 inter
2586 1998 2735 2047 varia
2763 2008 2932 2058 opera
2958 1996 3239 2057 Origenis,
3268 1995 3459 2045 studio
3492 1993 3769 2062 Constantii

2172 2060 2459 2121 iiierothei
2503 2067 2769 2119 Canonici
2809 2066 3084 2129 regularis
3112 2066 3299 2115 Sancti
3327 2063 3663 2121 Salvatoris,
3691 2060 3768 2111 la-

2174 2143 2287 2192 tiue
2329 2142 2479 2193 edita
2518 2140 2742 2190 Venetiis
2788 2138 2938 2201 apud
2982 2138 3245 2186 [nuarum
3295 2136 3567 2185 Soru'dum
3610 2133 3773 2184 A.D.

2174 2214 2326 2267 1514.
2374 2216 2428 2261 in
2469 2212 2618 2275 folio,
2663 2210 2814 2262 unde
2850 2224 2974 2261 eam
3010 2223 3139 2260 cum
3188 2208 3409 2269 ceteris,
3435 2212 3499 2257 ut
3520 2206 3767 2259 videtur.

2170 2286 2433 2333 Erasmus
2477 2283 2653 2334 traxit
2701 2282 2759 2333 in
2791 2296 2962 2331 suum
2990 2282 3232 2345 priorem
3261 2283 3477 2330 tomum
3503 2276 3768 2340 Origenis

2168 2360 2436 2418 ()perum,
2469 2367 2713 2417 quorum
2756 2352 2949 2403 latin-ae
2994 2351 3610 2411 editioniimmortuus,
3638 2360 3767 2397 eam

2168 2426 2580 2477 absolvendum
2614 2424 2843 2487 reliquit
2869 2426 3035 2474 Beato
3076 2424 3351 2473 Rhenuno
3375 2420 3592 2469 Basilca:
3615 2420 3771 2481 apud

2167 2499 2490 2547 l"robenium
2520 2500 2584 2547 Α.
2616 2498 2679 2546 Ι).
2718 2495 2874 2549 1536.
2904 2496 3130 2545 duobus
3158 2495 3324 2545 tomis
3349 2493 3408 2543 in
3450 2492 3601 2542 folio.
3627 2492 3767 2541 1183C

2166 2570 2338 2620 editio
2363 2568 2775 2619 auctiorlucem
2801 2567 3296 2630 atlspexitanilem
3322 2564 3585 2615 similiter
3609 2555 3767 2624 apud

2164 2641 2485 2689 [νυδυυῑυπτ
2530 2642 2596 2691 Α.
2644 2641 2714 2690 D.
2778 2639 2932 2691 1551.
2960 2643 3015 2689 et
3042 2637 3410 2701 postmodum
3436 2639 3500 2686 Α.
3531 2635 3594 2685 D.
3630 2632 3767 2688 1557

2163 2713 2331 2761 variis
2378 2710 2644 2773 operibus
2671 2709 3034 2773 locupletata,
3063 2721 3195 2772 (11120
3216 2707 3551 2759 Laurentius
3579 2707 3769 2755 llum—

2164 2784 2343 2833 fridus
2387 2782 2591 2844 aliique
2635 2782 2694 2831 in
2721 2782 2955 2831 latinum
2984 2792 3306 2831 sermonem
3328 2776 3763 2829 transtulerant.

2163 2854 2298 2904 lude
2352 2852 2589 2903 sublatis
2636 2854 2937 2907 erroribus.
2978 2858 3035 2903 et
3074 2852 3291 2915 passim
3313 2850 3521 2900 additis
3546 2847 3769 2899 notulis

2161 2925 2364 2974 iterum
2391 2924 2819 2987 exprimendam
2851 2923 3069 2974 curavit
3094 2926 3179 2974 Jo.
3206 2923 3453 2973 Jacobus
3478 2923 3769 2983 Grynaeus

2169 2997 2383 3044 linsilew
2428 2995 2577 3057 apud
2622 2995 2909 3042 Eusebium
2952 2995 3299 3057 Episcopium
3321 2997 3385 3044 Α.
3425 2993 3488 3043 D.
3518 2989 3679 3044 1571.
3708 2991 3765 3039 in

2174 3067 2318 3117 lolio.
2348 3070 2483 3118 llaec
2510 3066 2680 3117 editio
2700 3066 2892 3129 primis
2910 3071 3153 3128 quatuor
3171 3069 3423 3129 praestat.
3441 3063 3767 3112 Hierotheus

2175 3140 2230 3188 in
2276 3138 2548 3202 prooemio
2593 3150 2825 3187 suarum
2852 3137 3320 3197 Castigationum,
3341 3147 3485 3199 quas
3511 3134 3767 3185 Antonio

466 3203 807 3278 defensolib.
836 3208 930 3257 IV.
963 3220 1089 3269 pag.
1122 3206 1241 3259 354.
1266 3206 1710 3278 haudquaquam
1734 3208 2061 3260 incredibile
2092 3206 2139 3278 ρ
2166 3207 3767 3269 Contarcnol’atriarchmYenotiarumnuncupatas,1ibris

466 3275 709 3337 videtur,
748 3288 881 3326 eum
922 3292 1014 3325 sea:
1054 3278 1231 3324 millia
1259 3277 1519 3325 librorum
1546 3278 1863 3341 scripsisse,
1892 3281 2061 3331 modo

462 3347 1127 3409 recenseantursingulte
1154 3347 1607 3412 Homilize,purvi
1636 3352 1928 3409 tractatus,
1956 3351 2063 3400 ditt-

461 3416 597 3479 logi,
621 3416 899 3479 epistolae,
916 3417 1225 3481 Apologise,
1244 3432 1358 3469 non
1380 3424 1573 3470 autem
1591 3419 1716 3470 libri
1731 3422 2064 3481 grandiores

464 3491 528 3538 ut
558 3501 713 3538 nunc
744 3488 915 3550 vulgo
940 3490 1309 3541 intelligimus
1337 3511 1346 3536 :
1376 3504 1557 3553 quum
1584 3492 1917 3541 Theodorus
1950 3494 2061 3542 Mo-

462 3564 813 3621 psuestenus
848 3573 1021 3624 supra
1055 3562 1225 3609 dt’t't’m
1252 3562 1429 3609 millia
1459 3562 1730 3612 librorum
1769 3564 2064 3626 SCFiDSlS>e

461 3630 719 3680 tradatur
758 3630 912 3693 apud
951 3631 1241 3693 Pelagium
1280 3636 1347 3693 II,
1388 3634 1716 3684 Pontiﬁcem
1743 3634 1799 3683 in
1825 3635 2061 3697 epistola

466 3700 541 3752 ad
585 3700 770 3751 Etiam
814 3702 1247 3768 Aquilojensem
1272 3707 1328 3755 et
1353 3705 1523 3755 etiam
1555 3704 2060 3768 apudFucundum

460 3760 1046 3825 Hormianensem’lib’.
1076 3776 1218 3825 VIII.
1247 3787 1371 3839 cap.
1398 3779 1438 3826 Ι.
1467 3760 1612 3837 Quid
1645 3777 1794 3837 quod
1820 3776 2063 3839 ipsemet

462 3842 829 3905 Epiphanius.
858 3844 953 3907 qui
979 3846 1197 3896 Haeresi
1221 3846 1305 3899 64.
1337 3850 1545 3909 scripta
1568 3848 1824 3907 Origenis
1843 3849 2062 3909 infinita

461 3914 639 3964 fuisse
684 3918 945 3975 testatur,
980 3922 1180 3980 postea
1202 3920 1251 3979 ξ.
1279 3918 1473 3968 LXIII.
1502 3918 1662 3967 illum
1688 3934 1779 3965 seu
1806 3920 1981 3968 millia
2005 3921 2061 3970 li-

458 3987 690 4037 brorum
715 3988 1016 4051 scripsisse
1042 3990 1388 4041 affirmavit?
1426 3990 1686 4040 Concinit
1717 3994 1916 4041 auctor
1940 3993 2060 4055 epi-

458 4057 633 4121 taphii
660 4058 939 4122 Origenis,
968 4062 1521 4125 pervetustus,quod
1552 4062 1922 4123 postmodum
1942 4078 2061 4126 pro-

459 4129 739 4180 feremus:
777 4130 857 4180 ait
879 4133 1051 4193 enim,
1076 4133 1381 4195 Origenem
1423 4137 1503 4183 tot
1526 4132 1703 4184 libros
1737 4135 2054 4199 scripsisse,

458 4204 602 4262 quot
623 4199 955 4252 hominibus
980 4202 1124 4265 legio
1150 4206 1538 4254 constat.Eam
1568 4218 1671 4255 sex
1696 4204 1947 4256 millibus
1970 4220 2059 4269 pe-

458 4270 664 4331 ditum,
699 4273 755 4321 et
778 4274 1059 4323 sexcentis
1085 4274 1375 4335 equitibus
1400 4276 1729 4326 constitisse
1746 4278 2054 4337 exploratum

458 4347 563 4395 est.
592 4345 1069 4397 Dissertationem
1096 4360 1261 4397 suam
1296 4346 1387 4397 his
1413 4347 1618 4399 deinde
1643 4349 1823 4399 verbis
1844 4349 2058 4401 claudit

458 4417 702 4468 Rufinus
728 4433 739 4468 :
789 4419 1045 4480 Sufﬁcere
1077 4419 1182 4467 ha’c
1222 4419 1293 4467 ad
1327 4420 1712 4467 ostendendum
1739 4422 1971 4482 qualiter
1995 4423 2056 4469 de.

459 4489 703 4551 Origenis
733 4489 883 4538 libris
912 4490 1249 4538 sentiendum
1277 4491 1361 4552 sit,
1388 4498 1547 4555 puto;
1584 4492 1729 4554 quod
1758 4494 1935 4540 omnis
1960 4493 2055 4555 qui

2167 3281 2501 3331 I’eriarchon
2536 3281 2863 3343 praeposuit,
2901 3280 3045 3329 hanc
3077 3280 3146 3329 de
3175 3284 3294 3329 toto
3320 3278 3611 3329 volumine
3637 3290 3769 3327 sen-

2167 3354 2401 3403 tentiam
2450 3352 2877 3416 pronunciavit:
2906 3352 2967 3399 In
3002 3366 3059 3399 eo
3098 3350 3574 3411 vetulenehiridio,
3599 3350 3769 3413 prin-

2161 3426 2305 3487 cipia
2333 3424 2653 3473 Christianae
2680 3423 2969 3483 Religionis
2992 3422 3239 3481 contulit;
3258 3422 3318 3469 de
3351 3421 3599 3469 ornnibus
3620 3435 3766 3483 pras-

2161 3496 2352 3557 eipuis,
2402 3496 2462 3542 de
2510 3496 2633 3555 Deo,
2682 3495 2741 3541 de
2776 3494 2937 3542 Patre
2970 3494 3223 3555 videlicet,
3259 3493 3413 3550 Filio,
3447 3509 3506 3540 ac
3542 3490 3761 3555 Spiritu

2163 3561 2394 3628 Sancto,’
2412 3566 2472 3614 de
2502 3566 2705 3613 divinis
2731 3564 3010 3627 mentibus,
3041 3566 3101 3613 de
3128 3564 3350 3624 mundo,
3376 3564 3439 3612 de
3476 3564 3695 3621 anima,
3722 3568 3768 3611 et

2161 3639 2220 3685 (le
2241 3638 2365 3686 aliis
2397 3638 2734 3699 disputatur:
2782 3635 2974 3700 quibus
2999 3636 3301 3685 tractandis
3329 3635 3413 3684 his
3436 3634 3661 3697 contigit
3682 3633 3767 3682 ob-

2160 3710 2455 3756 seuriorem
2479 3709 2796 3756 sententiam
2817 3708 2952 3770 ﬁeri,
2981 3707 3054 3755 vel
3082 3707 3225 3770 quod
3250 3706 3477 3754 materia
3508 3721 3569 3754 ea
3594 3705 3684 3763 sit,
3710 3711 3764 3752 ut

2159 3781 2234 3827 ait
2284 3781 2531 3841 Rufinus,
2570 3779 2624 3826 in
2655 3794 2764 3842 qua
2791 3784 2890 3826 toto
2917 3785 3144 3840 tempore
3170 3779 3283 3826 vitae
3315 3794 3420 3825 sua:
3444 3777 3765 3825 desudantes

2156 3850 2489 3914 philosophi,
2528 3850 2847 3897 invenerunt
2886 3849 3028 3896 nihil
3056 3864 3067 3899 ε
3100 3848 3175 3897 vel
3218 3849 3354 3896 illud
3381 3848 3652 3896 Horatian
3668 3863 3762 3894 um

2158 3924 2324 3971 evenit
2352 3938 2366 3970 :
2393 3922 2581 3972 Brevis
2606 3934 2733 3971 esse
2758 3921 2951 3971 laboro
2980 3922 3263 3971 obscurus
3286 3922 3375 3970 tio.

2220 3997 2285 4044 ll.
2325 3993 2689 4056 Perspicuum
2730 3998 2836 4053 est,
2878 3993 3022 4043 inter
3047 3993 3237 4043 omnia
3257 4004 3425 4055 opera
3448 3983 3765 4050 Adumnotii,

2158 4066 2526 4115 notissimum
2555 4064 2729 4114 fuisse
2754 4064 2859 4114 hoc
2885 4063 2945 4110 de
2969 4064 3284 4126 Principiis,
3313 4067 3378 4113 ut
3409 4067 3569 4112 llOt'tt
3589 4065 3765 4111 Petrus

2160 4136 2354 4187 Daniel
2389 4134 2632 4186 Iluetius
2670 4135 2725 4185 in
2756 4134 3111 4197 Origenianis
3140 4134 3216 4185 lib
3264 4136 3355 4184 III.
3375 4135 3613 4196 cap.III.
3638 4142 3760 4184 sect.

2160 4211 2195 4258 Ι.
2225 4210 2274 4271 §.
2302 4206 2351 4259 “2.
2385 4220 2511 4270 pag.
2538 4203 2660 4258 926.
2682 4207 2746 4256 In
2770 4205 2862 4256 illo
2887 4206 3035 4257 enim
3064 4206 3335 4267 Origenes
3352 4204 3629 4268 principia
3653 4221 3763 4254 ore-

2156 4279 2476 4329 dendorum
2502 4279 2561 4327 in
2583 4276 2854 4339 religione
2868 4276 3116 4327 stabilire
3134 4282 3387 4327 conatur.
3405 4275 3513 4325 Sed
3528 4279 3761 4325 omnium

2157 4365 2272 4400 una
2288 4351 2395 4399 fuit
2421 4349 2722 4410 sententia,
2748 4349 2857 4399 hos
2886 4348 3062 4399 librOs
3088 4360 3313 4397 summa
3334 4347 3690 4397 obscuritate
3710 4352 3764 4397 et

2158 4422 2494 4472 difﬁcultate
2532 4421 2804 4471 laborare.
2852 4421 3011 4482 Ruﬁn
3026 4435 3083 4467 us
3108 4420 3247 4483 ipse.
3277 4430 3465 4482 praeco
3485 4416 3629 4468 alias
3648 4419 3765 4470 Ori-

2158 4494 2453 4557 uenisdioc
2480 4494 2697 4544 sincere
2721 4492 3018 4555 profitetur
3050 4490 3540 4554 subsequentibus
3566 4490 3761 4541 verbis

458 4575 567 4608 non
591 4561 960 4643 contentionis,
985 4563 1074 4609 sed
1098 4562 1333 4610 veritatis
1355 4563 1595 4610 studium
1621 4564 1769 4624 gerit,
1788 4563 1945 4626 facile
1971 4564 2054 4611 his
2080 4572 2136 4643 Ῐ)
2161 4568 2219 4617 in
2245 4564 2473 4628 prologo
2498 4564 2569 4614 ad
2596 4563 2903 4615 Macarium
2930 4582 2940 4612 :
2979 4565 3116 4613 Sunt
3145 4578 3325 4611 revera
3354 4562 3491 4610 alias
3516 4567 3560 4610 ct
3586 4562 3763 4611 obscu-

458 4636 565 4679 tam
595 4631 920 4679 evidentibus
937 4634 1319 4681 assertionibus
1344 4635 1669 4696 adquiescat.
1700 4635 1906 4693 Quodsi
1932 4635 2053 4697 quis

455 4704 961 4752 ineontentionesua
974 4711 1312 4766 permaneat;
1325 4722 1421 4754 nos
1438 4707 1590 4755 talem
1613 4707 2047 4756 consuetudinem

460 4789 571 4822 non
608 4773 897 4833 habemus;
922 4776 1205 4835 deﬁnitum
1231 4778 1377 4825 enim
1394 4784 1463 4826 est
1478 4779 1629 4841 apud
1653 4778 2052 4841 nos,siquando

458 4859 582 4892 eum
625 4844 963 4908 (Origeneui)
1003 4847 1240 4908 legimus,
1270 4851 1564 4897 secundum
1600 4850 1785 4899 Sancti
1817 4849 2054 4913 Apostoli

457 4917 945 4977 commonitionem,
973 4921 1141 4967 tenere
1165 4935 1280 4982 qua
1314 4921 1411 4968 bon
1432 4937 1453 4969 ι
1472 4926 1618 4982 sunt,
1646 4922 1691 4969 si
1722 4920 1855 4983 quid
1876 4927 2055 4969 autem

458 4988 738 5037 inventum
763 4988 928 5049 fuerit
953 4991 1011 5038 in
1051 4992 1151 5051 his,
1179 4993 1323 5055 quod
1348 5008 1467 5041 cum
1496 4994 1618 5041 Fide
1646 4993 1923 5042 Catholica
1944 5008 2053 5041 non

454 5065 731 5118 consonat,
770 5060 866 5109 hoc
890 5067 935 5110 et
968 5061 1032 5110 ab
1058 5063 1313 5111 haereticis
1336 5064 1680 5126 suspicamur
1704 5065 1985 5123 insertum,
2012 5069 2055 5112 et

457 5134 567 5179 tam
593 5130 656 5179 ab
682 5130 827 5180 illius
849 5147 1021 5195 sensu,
1050 5149 1216 5196 quam
1248 5152 1283 5184 α
1306 5141 1486 5183 nostra
1514 5135 1640 5184 Fide
1664 5135 1893 5184 dicimus
1924 5136 2058 5184 alie-

454 5215 616 5252 num:
643 5204 703 5250 in
734 5219 840 5266 quo
865 5206 1075 5253 etiamsi
1098 5206 1369 5268 fallimur,
1409 5207 1569 5270 nihil,
1596 5212 1653 5253 ut
1678 5207 1893 5270 Opinor,
1918 5209 2059 5271 peri-

456 5272 563 5320 culi
606 5274 920 5335 hujusmodi
944 5290 1121 5324 errore
1158 5278 1493 5325 imiurrimus
1519 5293 1532 5326 :
1558 5293 1690 5326 nam
1726 5282 1771 5325 et
1801 5278 1925 5341 ipsi,
1950 5279 2057 5326 Deo

448 5342 691 5407 juvan-te,
734 5362 1113 5408 permanemus
1138 5348 1287 5395 illarsi
1316 5348 1534 5395 vitando
1569 5364 1649 5407 ea,
1682 5364 1798 5411 qua
1820 5355 2058 5413 suspecta

460 5414 713 5463 habemus
738 5424 783 5464 et
810 5418 1196 5481 improbamus.
1216 5419 1279 5466 Et
1304 5425 1633 5468 accusatores
1657 5422 1917 5469 Fratrum
1946 5436 2059 5469 non

459 5487 800 5535 inveniemur
830 5490 981 5551 apud
1002 5490 1191 5549 Deum,
1223 5490 1357 5551 quia
1381 5491 1592 5539 Diaboli
1626 5492 1921 5555 proprium
1956 5508 2060 5541 esse

462 5557 559 5605 hoc
587 5572 719 5620 opus
743 5560 944 5607 dicitur
958 5561 1489 5622 accusaudifratres;
1510 5563 1652 5610 unde
1677 5569 1722 5611 et
1742 5562 1995 5611 Diabolus
2026 5580 2059 5611 a

459 5628 807 5676 crirninumlo
834 5646 1023 5677 nomen
1040 5638 1252 5689 accepit.
1280 5631 1459 5679 Simul
1482 5638 1527 5681 et
1554 5634 1934 5682 maledicorum
1952 5650 2064 5682 sen-

459 5700 699 5757 tentiam,
732 5717 848 5761 qum
875 5718 909 5745 ri
943 5718 1103 5763 regno
1141 5703 1233 5751 Dei
1257 5709 1467 5766 separat
1506 5719 1607 5765 eos,
1633 5706 1729 5769 qui
1767 5705 1889 5753 tales
1914 5712 2057 5765 sunt,

460 5770 813 5819 declinamus.
842 5772 932 5820 Sic
957 5774 1216 5824 Rutilius.

2160 4638 2364 4686 rissimi
2388 4643 2434 4683 et
2467 4636 2781 4698 dif/iciliimi
2806 4650 2817 4686 :
2842 4636 2902 4683 de
2924 4635 3075 4683 rebus
3097 4635 3243 4683 enim
3281 4632 3560 4681 ibitalibus
3577 4634 3762 4697 dispu-

2156 4715 2245 4769 tul,
2266 4709 2326 4755 in.
2351 4707 2543 4771 quibus
2556 4707 2867 4770 philosophi
2889 4707 3040 4755 omni
3062 4722 3161 4754 sua
3186 4711 3331 4753 aetate
3352 4709 3657 4766 consumta,
3688 4706 3763 4751 in-

2156 4782 2333 4830 venire
2364 4785 2655 4843 potuerunt
2690 4778 2851 4829 nihil.
2889 4778 2987 4826 Hic
3028 4792 3146 4826 vero
3169 4784 3345 4826 noster
3374 4783 3647 4839 quantum
3675 4792 3763 4839 po-

2156 4854 2272 4910 tuit,
2303 4852 2360 4898 id
2381 4851 2503 4913 egit,
2532 4856 2587 4898 ut
2620 4849 2884 4899 Creatoris
2908 4850 3085 4912 ﬁdem,
3111 4854 3153 4896 et
3178 4854 3555 4895 creaturarum
3590 4848 3760 4895 ratio-

2157 4939 2292 4979 nem,
2326 4937 2492 4985 quam
2518 4922 2597 4969 illi
2623 4922 2693 4969 ad
2718 4922 3037 4984 impietatem
3075 4923 3373 4978 traxerant,
3405 4918 3477 4965 ad
3506 4918 3759 4981 pietatem

2155 4997 2487 5041 converteret.
2534 4992 2639 5042 Sed
2690 4991 2830 5041 illud
2865 4994 2953 5041 est
2982 4990 3183 5041 auditu
3216 4988 3518 5040 molestius
3554 5001 3757 5040 omnes

2159 5064 2537 5129 posteriorum
2584 5062 2927 5113 sazculorum
2970 5061 3274 5112 haereticos
3321 5073 3395 5111 ex
3416 5059 3527 5111 hoc
3555 5060 3757 5111 eodem

2161 5135 2470 5191 volumine,
2504 5138 2698 5187 Grazcc
2739 5139 2930 5185 tamen
2965 5132 3194 5195 scripto,
3232 5137 3431 5183 contra
3456 5132 3757 5184 veritatem

2160 5220 2315 5257 arma
2345 5206 2643 5257 sumsisse.
2673 5206 2955 5256 Nimirum
2980 5204 3328 5265 Origenesin
3341 5204 3448 5253 hoc
3467 5216 3638 5266 opere
3668 5208 3759 5251 hu-

2160 5291 2359 5329 manas
2386 5279 2637 5327 rationes
2657 5282 2710 5328 et
2739 5275 3152 5339 philosophiam
3179 5274 3526 5326 Platonicam
3550 5276 3755 5339 magis,

2160 5363 2334 5414 quam
2359 5351 2514 5401 verbi
2532 5350 2632 5399 Dei
2656 5349 2849 5410 scripti
2874 5354 2929 5398 et
2946 5348 3133 5397 traditi
3156 5347 3555 5397 auctoritatem
3574 5364 3758 5408 sequu-

2163 5428 2272 5481 tus,
2305 5424 2524 5471 tentare
2548 5420 2737 5483 potius
2762 5420 3001 5469 fortasse
3024 5418 3218 5479 voluit,
3238 5430 3540 5479 quousque
3560 5423 3759 5481 posset

2164 5494 2265 5542 hac
2290 5492 2558 5542 methodo
2596 5490 2898 5555 perveniri,
2927 5502 3099 5551 quam
3122 5492 3441 5551 exprimere
3466 5488 3603 5550 quid
3640 5489 3757 5553 ipse

2163 5577 2293 5614 vere
2318 5565 2569 5613 sentiret.
2607 5571 2789 5623 ignare
2814 5560 3013 5611 hostes
3032 5560 3359 5623 Origeuisin
3384 5559 3543 5609 libris
3570 5565 3760 5608 l‘t-riur—

2160 5636 2311 5685 chon
2336 5634 2643 5685 aruucndis
2670 5632 3033 5694 potissimum
3060 5631 3403 5680 insudurunt
3428 5634 3755 5691 :eosdnuqm

2164 5705 2493 5768 Pamphilus
2522 5708 2737 5766 martyr
2760 5704 2819 5754 in
2845 5702 3118 5766 Apologia
3143 5714 3541 5764 saepenumero
3565 5703 3757 5766 appel-

2160 5778 2259 5835 lat,
2280 5778 2576 5840 propterea
2591 5774 2743 5838 quod
2766 5772 3027 5837 Origenis
3054 5772 3366 5823 adversarii
3390 5770 3449 5821 in
3474 5771 3580 5822 hes
3613 5786 3758 5823 unos

2160 5847 2526 5913 potissimum
2552 5845 2906 5898 accusandos
2922 5845 3334 5896 incumberent.
3354 5845 3435 5895 De
3450 5844 3683 5908 Dydimi
3704 5846 3758 5895 iu
