3902 6428
75 371 181 426 125

1357 371 1532 420 VITA.
1566 370 1698 420 LIB.
1736 369 1804 420 ΙΙ.
1841 369 1993 420 CAP.
2031 373 2098 421 II.

3278 374 3380 429 1‘26

70 498 175 536 eos
200 486 646 538 Commentariis
662 484 1030 548 postmodum
1052 483 1268 547 loquar.
1288 483 1680 556 Ensebiuslib.
1709 486 1762 556 Α
1789 484 1875 532 clo
1909 482 2150 536 solis
2181 483 2336 535 luna:
2367 484 2452 537 19.
2478 484 2666 536 littera
2697 485 3086 538 DominicaliC
3113 501 3126 536 :
3153 488 3387 549 Ruﬁn-us

71 559 166 607 VI.
197 558 351 609 I-Iist.
384 558 602 609 Eccles.
640 569 762 620 cap.
793 557 997 606 XXIV.
1035 567 1134 606 eos
1161 560 1405 606 testatur
1429 555 1684 606 Alexan-

69 629 219 680 dria)
260 629 443 680 fuisse
479 629 854 692 conscriptos,
903 627 1176 678 nimirum
1201 630 1333 678 ante
1363 630 1430 677 Α.
1461 629 1506 676 D
1563 627 1684 680 231.

72 700 227 762 Quid
268 702 565 764 speciatim
616 701 725 763 ipsi
771 699 1124 759 contineant,
1162 699 1412 750 breviter
1449 699 1688 750 adnotat

70 771 321 822 Photius
339 772 466 822 cod.
494 773 684 822 CVIII.
713 772 870 832 Ruﬁn
885 785 943 817 us
973 771 1481 833 Hieronymusque
1507 774 1687 820 certa-

74 843 180 892 tim
195 843 418 893 latinos
431 843 821 896 reddiderunt;
837 842 1168 904 Hieronymi
1185 846 1374 891 tamen
1391 841 1686 891 translatio

69 915 422 977 jamdudum
437 915 666 974 interiit,
682 926 870 976 neque
882 914 1118 964 Graecus
1135 914 1318 963 codex
1335 912 1581 976 amplius
1599 925 1687 962 re-

75 987 321 1050 peritur,
339 986 546 1037 saltem
568 987 626 1036 in
653 985 1010 1036 bibliothecis
1034 987 1291 1048 Europae.
1313 988 1494 1044 Quare
1521 985 1686 1034 nobis

76 1057 360 1108 standum
381 1061 468 1108 est
482 1057 954 1108 versionilatinaz.
974 1058 1354 1118 cujusauctor
1374 1057 1618 1106 ltuiinus
1634 1059 1685 1102 in

75 1128 317 1193 prologo
333 1130 404 1180 ad
433 1129 743 1180 Macarium
772 1128 996 1180 fatetur.
1035 1141 1096 1177 se
1134 1129 1418 1191 praecipue
1445 1127 1686 1185 cavisse,

75 1215 148 1252 ne
161 1213 253 1263 ea,
281 1214 416 1262 quae
433 1202 490 1251 in
508 1200 667 1251 libris
691 1199 953 1262 Origenis
977 1199 1356 1263 discrepantia
1380 1199 1686 1250 inveniun-

77 1279 170 1322 tur
194 1277 377 1335 atque
423 1272 728 1330 contraria,
772 1272 1058 1334 proferret,
1108 1276 1270 1322 ratus
1313 1271 1440 1321 haec
1486 1271 1684 1321 eadem

75 1357 192 1394 non
214 1345 291 1393 ab
323 1345 570 1407 Origene
601 1343 825 1406 scripta,
855 1343 954 1392 sed
993 1343 1065 1393 ab
1101 1342 1387 1394 haereticis
1412 1341 1689 1406 superad-

77 1415 213 1475 dita,
236 1414 734 1478 quemadmodum
754 1428 815 1465 se
835 1415 1063 1464 abunde
1080 1415 1404 1464 ostendisse
1421 1417 1690 1462 arbitratur

79 1491 135 1537 et
179 1487 242 1537 in
292 1487 668 1550 Apologetico
714 1486 1008 1548 Pamphili,
1058 1491 1115 1536 et
1154 1487 1211 1536 in
1257 1500 1362 1537 suo
1394 1485 1584 1536 libello
1630 1487 1690 1532 dc

79 1558 495 1607 Adulterutione
550 1559 808 1606 librorum
858 1558 1120 1620 Origenis.
1173 1559 1317 1608 Hinc
1352 1558 1470 1607 ait:
1509 1557 1689 1605 Sicubi

77 1645 198 1691 ergo
239 1646 342 1677 nos
380 1631 436 1676 in
475 1629 626 1678 libris
661 1630 773 1691 ejus
799 1629 1013 1692 aliquid
1058 1634 1245 1677 contra
1271 1629 1328 1677 id
1362 1629 1686 1689 invenimus,

78 1700 219 1764 quod
235 1701 306 1749 ab
337 1701 451 1764 ipso
479 1702 535 1748 in
558 1701 736 1749 ceteris
762 1700 886 1749 locis
917 1701 1002 1764 pie
1021 1701 1081 1748 de
1108 1701 1365 1748 Tri-nitate
1387 1701 1566 1762 fuerat
1596 1700 1686 1747 de-

75 1772 326 1830 ﬁnitum,
353 1772 491 1820 velut
522 1772 889 1820 adulterat-um.
917 1773 1031 1833 hoc,
1061 1777 1104 1819 et
1151 1772 1411 1829 alienum,
1436 1777 1529 1818 aut
1551 1787 1690 1835 pra)—

1789 557 1847 606 in
1863 556 2101 619 epistola
2114 556 2184 606 ad
2202 556 2500 606 Paulinum
2517 557 2822 616 Nolanum,
2843 570 2972 620 quae
2985 559 3042 608 in
3054 562 3271 616 vulgatis
3287 563 3392 608 edi-

1791 629 2041 679 tionibus
2055 629 2219 692 prie-it
2235 628 2441 678 librum
2462 631 2525 678 ΙΙ.
2540 629 2610 678 de
2628 630 3130 681 Benedictzionibus
3148 631 3390 682 Patriar-

1789 700 2050 761 charum,
2084 698 2335 762 idipsum
2370 700 2461 748 his
2498 700 2685 749 verbis
2720 700 2972 750 adstruit.
2999 716 3010 750 :
3041 702 3183 757 Quia
3206 708 3386 749 autem

1789 771 2484 832 Quaelragesimzediebusin
2503 772 2825 819 monasterio
2840 773 3018 820 Pinet-i
3039 774 3244 834 positus
3266 774 3372 821 haec

1787 844 1975 906 scripsi
1992 845 2063 890 ad
2089 850 2149 892 te.
2170 846 2228 893 In
2244 843 2574 906 praefatione
2592 844 2661 894 ad
2675 844 2884 894 librum
2903 847 2941 893 Ι.
2964 844 3282 896 luculenter
3296 846 3382 895 af-

1789 917 1994 978 firmat,
2014 929 2074 966 se
2090 914 2322 965 Paulino
2340 915 2811 976 gratillcaturum,
2828 916 2885 964 in
2899 915 3099 965 eodem
3119 917 3383 967 coenobio

1786 987 1927 1038 illud
1941 1000 2087 1050 opus
2103 999 2170 1038 eo
2184 991 2437 1047 tempore
2450 987 2998 1050 conscripsisse,quo
3011 989 3208 1045 Origeni
3231 994 3387 1036 trans-

1779 1058 2021 1110 ferendo
2038 1070 2264 1121 operam
2281 1058 2455 1107 dabat
2474 1074 2483 1106 :
2504 1059 2778 1114 Quantum
2799 1073 2919 1118 ergo
2937 1059 3008 1106 vel
3037 1058 3377 1107 mediocritas

1789 1131 2150 1192 intelligentia?
2185 1135 2373 1177 nostrae
2402 1130 2547 1188 valet,
2566 1131 2645 1176 vel
2680 1134 2881 1192 tempus
2903 1130 3160 1191 indulget,
3203 1130 3276 1177 vel
3301 1131 3382 1178 hi-

1787 1204 1994 1260 sinunt,
2022 1202 2116 1264 qui
2151 1202 2406 1262 rescripta-
2431 1201 2502 1248 acl
2529 1201 2809 1262 O-riqenem
2832 1216 2917 1264 per
2931 1207 3382 1264 urgent,quanta,

1789 1279 2034 1321 restanta
2066 1274 2183 1337 pati
2200 1273 2389 1335 potuit,
2420 1272 2682 1334 brevitate,
2715 1287 2814 1335 pro
2847 1288 2903 1319 eo
2929 1287 3129 1330 amore,
3147 1288 3252 1334 quo
3269 1288 3388 1320 eon-

1789 1346 1947 1406 fidere
1966 1360 2062 1391 nos
2081 1343 2173 1391 tibi
2189 1345 2386 1392 deomn
2397 1342 2513 1391 ibus
2529 1343 2698 1406 jubes,
2716 1344 2829 1391 sine
2843 1343 3158 1406 prrejudicio
3176 1357 3380 1402 eorum,

1790 1417 1884 1478 qui
1906 1416 2095 1463 melius
2111 1415 2325 1477 aliquid
2341 1416 2783 1477 scntireposmmt,
2803 1415 2937 1477 quid
2954 1415 3104 1462 nobis
3121 1415 3180 1461 de.
3195 1416 3292 1462 hoc
3306 1415 3387 1462 in-

1791 1489 1941 1534 terim
1961 1487 2213 1549 Capi/ulc
2242 1487 2487 1534 videatur
2518 1487 2899 1548 exprimimus,
2936 1498 3143 1547 nempe
3169 1485 3236 1536 de
3262 1498 3382 1548 cap.

1795 1561 1977 1608 XLIX.
2004 1559 2467 1614 libriGeneseos;
2496 1558 2800 1612 ubiJacob,
2829 1557 2946 1607 sive
2968 1557 3141 1606 Israel
3169 1558 3385 1604 Pati-iar-

1791 1631 1914 1692 eba,
1942 1630 2011 1680 de
2039 1630 2281 1688 singulis
2296 1629 2536 1678 Iiliorum
2552 1632 2790 1680 ventura
2807 1628 3082 1691 preedicit,
3097 1640 3227 1690 qua:
3243 1630 3386 1678 Pau-

1791 1701 1939 1751 linus
1966 1702 2072 1751 sibi
2097 1715 2128 1750 a
2153 1702 2355 1751 Ruﬁno
2382 1700 2650 1762 explicari
2668 1700 3074 1763 postulaverat.

1855 1775 1944 1823 III.
1960 1774 2234 1833 Origenes
2248 1773 2306 1821 in
2325 1773 2515 1835 praefat
2527 1772 2696 1822 ioneli
2708 1773 2937 1822 brorum
2953 1773 3246 1818 Periarehon
3262 1785 3389 1818 oeco-

75 1843 434 1902 termisimus,
465 1849 562 1891 aut
590 1843 882 1892 secundum
921 1860 1034 1891 eam
1073 1845 1315 1906 regulam
1339 1843 1683 1907 protulimus,
1792 1846 2044 1896 nomium
2059 1846 2233 1895 totius
2249 1844 2433 1906 operis
2447 1844 2825 1894 delineavitse
2839 1843 3391 1893 dicturumailirmaus

78 1929 245 1976 quam
262 1913 334 1962 ab
352 1915 467 1978 ipso
489 1915 798 1978 frequenter
823 1915 1131 1962 invenimus
1157 1917 1512 1977 afﬁrmatum.
1529 1915 1682 1963 ϐαρ(νὶ

80 1985 299 2035 codicis
330 1985 474 2046 loca,
495 1987 569 2036 ab
595 1985 846 2048 antiquis
870 1987 1204 2036 auctoribus
1229 1987 1482 2046 recitata,
1506 1987 1563 2036 in
1583 1987 1689 2035 Ru-

81 2057 174 2106 tini
204 2057 478 2108 versione
509 2057 813 2108 desiderari
831 2057 1236 2108 animadvertit
1262 2059 1524 2108 lIuetius.
1545 2057 1684 2106 Illud

79 2129 341 2178 maxima
354 2128 732 2180 admiratione
747 2128 985 2193 dignum
1006 2128 1280 2179 Tillemon
1291 2130 1368 2180 tio
1395 2129 1685 2180 videturin

81 2201 351 2250 tomoIII.
387 2212 512 2263 pag.
563 2198 686 2252 578.
711 2200 844 2250 edit.
875 2201 940 2250 II.
972 2200 1402 2263 Hieronymum.
1425 2201 1686 2264 Origenis

80 2270 410 2334 palamjam
427 2272 636 2322 factum
650 2271 987 2322 acerrimum
1016 2271 1262 2332 hostem,
1282 2271 1469 2322 adhuc
1496 2277 1688 2322 tamen

81 2344 133 2391 in
159 2343 339 2406 epist.
374 2344 463 2393 LI.
497 2343 641 2393 alias
685 2344 846 2392 CLIII
886 2343 1061 2405 (Nunc
1095 2343 1373 2403 LXXXV.)
1409 2356 1508 2406 pro
1535 2342 1687 2393 solu-

85 2414 233 2465 tione
246 2414 565 2476 cujusdam
583 2427 676 2476 gra
687 2414 775 2464 vis
789 2417 845 2464 et
857 2414 1164 2477 praecipuae
1183 2415 1686 2476 quaestionis,Pau-

82 2485 264 2536 linum
295 2485 588 2536 Nolanum
604 2485 837 2535 misisse
859 2485 929 2535 ad
969 2485 1142 2535 libros
1168 2486 1527 2546 Periarchon,
1555 2501 1687 2548 quos

85 2572 274 2620 nuper,
299 2557 506 2618 inquit,
527 2557 881 2606 Pammachio
909 2563 1088 2604 nostro
1103 2557 1336 2619 jubente,
1365 2559 1684 2620 interpreta-

82 2634 161 2676 lus
183 2643 333 2678 sum.
359 2629 603 2678 Ruﬁnus
623 2631 679 2678 in
704 2629 1049 2690 Prologoait,
1070 2642 1130 2678 se
1149 2629 1206 2678 in
1222 2629 1330 2679 hoc
1346 2629 1535 2679 studio
1563 2643 1688 2680 ver-

85 2699 239 2750 tendi
276 2699 460 2750 libros
486 2699 764 2763 Origenis,
793 2699 950 2761 sequi
979 2701 1306 2763 exemplum
1333 2701 1686 2764 Hieronymi,

85 2771 178 2833 qui
217 2771 409 2822 multa
446 2784 617 2835 opera
655 2771 997 2832 Adamantii,
1046 2776 1244 2823 ornate
1270 2772 1685 2835 magniﬁcoque

87 2843 382 2905 praefatus.
417 2841 786 2893 transtulerat
820 2842 874 2893 in
901 2843 1162 2905 latinum,
1190 2843 1246 2891 in
1290 2843 1483 2906 quibus
1515 2859 1683 2908 quum

87 2914 383 2978 aliquanta
425 2914 749 2978 offendicula
789 2915 1147 2962 inveniantur
1172 2916 1230 2962 in
1267 2916 1458 2972 (irarco,
1494 2916 1567 2962 ita
1591 2916 1686 2964 eli—

89 2987 250 3034 mavit
266 2986 878 3050 omniainlerpretando
895 2991 1052 3049 atque
1071 2987 1342 3049 purgavit,
1366 2991 1416 3034 ut
1445 2987 1587 3035 nihil
1623 2987 1686 3035 il-

82 3059 141 3106 lis
165 3059 317 3122 quod
349 3075 383 3105 α
425 3058 552 3106 Fide
598 3063 778 3106 nostra
813 3059 1084 3120 discrepet,
1121 3057 1323 3105 latinus
1357 3059 1512 3106 lector
1542 3059 1686 3107 inve-

84 3130 211 3177 nial.
259 3127 377 3180 Sed
415 3128 524 3178 alia
574 3128 787 3179 ibidem
819 3141 1110 3192 expressa,
1149 3130 1545 3192 praetereunda
1568 3143 1683 3182 non

82 3204 246 3252 sunt:
273 3200 394 3249 Nos
419 3215 560 3262 ergo,
587 3200 774 3262 inquit
799 3201 1062 3256 Rufinus.
1101 3216 1215 3249 rem
1237 3201 1301 3249 ab
1345 3202 1431 3250 illo
1468 3203 1681 3265 quidem

78 3271 466 3334 (Hieronymo)
497 3276 717 3335 captam
742 3273 1017 3335 sequimur
1051 3278 1095 3321 ct
1118 3272 1432 3335 probatam:
1459 3276 1548 3322 sed
1575 3291 1680 3324 non

78 3344 236 3404 requis
261 3342 576 3404 eloquentiae
601 3341 819 3402 viribus,
868 3343 1004 3391 tanti
1041 3344 1145 3390 viri
1181 3359 1378 3392 ornare
1399 3361 1686 3408 possumus

79 3413 248 3473 dicta;
283 3414 432 3462 unde
477 3428 674 3476 vereor,
723 3428 785 3462 ne
812 3415 939 3462 vitio
987 3429 1100 3462 meo
1136 3415 1271 3463 illud
1297 3418 1524 3478 accidat,
1557 3425 1616 3466 ut
1642 3419 1686 3466 is

80 3486 155 3531 vir
188 3501 355 3549 quem
393 3485 480 3534 ille
527 3486 757 3533 alterum
789 3492 900 3548 post
940 3487 1215 3549 Apostolus
1241 3488 1478 3536 Ecclesia:
1507 3489 1686 3538 docto-

84 3557 459 3610 rem-,seientiae
488 3572 549 3606 ac
572 3557 848 3620 sapientiae
871 3559 1062 3605 merito
1087 3559 1468 3621 comprobavit,
1496 3561 1687 3624 inopia

81 3629 343 3677 sermonis
357 3630 529 3676 nostri
552 3628 702 3692 longe.
725 3644 826 3677 esse
851 3629 1084 3692 inferior
1107 3631 1370 3680 videatur.
1404 3633 1538 3683 Post
1562 3633 1687 3684 haec

85 3700 382 3763 prologum
409 3700 626 3751 claudit
648 3714 769 3752 suae
819 3701 1228 3761 translationis,
1276 3704 1686 3766 exscriptorem

83 3769 474 3833 lectoremque
518 3772 840 3823 obtestatus
879 3773 937 3820 in
976 3780 1254 3835 conspectu
1286 3774 1382 3822 Dei
1417 3776 1614 3837 Putris,
1642 3781 1687 3823 ct

85 3844 224 3905 Filii,
271 3851 317 3891 et
370 3844 610 3905 Spir-itus
635 3843 842 3898 Sancti,
878 3859 970 3907 per
993 3844 1172 3905 futuri
1196 3848 1348 3906 regni
1393 3847 1571 3909 ﬁdem,
1595 3862 1689 3910 per

85 3915 569 3962 resun'eetionisea:
591 3915 818 3963 mort-uis
842 3922 1263 3978 sae-ramentum,
1287 3931 1382 3979 per
1405 3917 1561 3965 illum
1593 3918 1687 3980 qui

86 3991 426 4048 praeparatus
443 3991 513 4034 est
540 3985 761 4035 Diabolo
784 3992 828 4034 et
851 3987 1068 4049 Angelis
1100 3987 1230 4049 ejus,
1254 3988 1452 4050 ignem,
1478 3989 1552 4037 sie
1576 4005 1686 4038 non

88 4057 235 4104 illum
265 4058 444 4106 locum
474 4062 671 4106 aeterna
697 4058 984 4106 hereditate
1009 4059 1290 4122 possideat,
1327 4059 1499 4107 ubiest
1539 4062 1688 4122 ﬂetus

87 4132 125 4173 et
154 4130 365 4177 stridor
381 4129 648 4192 dentium,
674 4129 985 4191 etubiignis
999 4145 1179 4177 eorum
1209 4145 1316 4178 non
1346 4131 1691 4193 emtinguetur

87 4205 126 4246 et
160 4201 357 4248 vermis
383 4216 568 4248 eorum
593 4214 694 4249 non
735 4203 1012 4262 morietur,
1040 4217 1104 4248 ne
1138 4201 1305 4250 addat
1341 4203 1570 4265 aliquid,
1598 4220 1689 4252 nec

89 4272 295 4330 auferat
337 4286 428 4320 nec
456 4272 587 4319 imm
599 4277 697 4320 utet
733 4287 747 4329 ;
771 4274 858 4321 sed
883 4273 1121 4333 conferat
1146 4289 1269 4321 eum
1293 4275 1690 4337 exemplaribus

91 4343 224 4390 unde
275 4344 667 4406 conscripserat
709 4351 751 4391 et
805 4344 1037 4392 emendet
1080 4345 1152 4393 ad
1177 4345 1403 4404 (iterant,
1434 4352 1478 4394 ct
1504 4347 1691 4394 t‘listin-

87 4422 228 4477 gnat,
275 4423 320 4464 et
352 4415 756 4463 iuemendutum
785 4415 859 4462 vel
903 4416 1280 4464 indistinctum
1313 4418 1540 4464 rmiieem
1576 4434 1683 4465 non

90 4487 289 4544 habeat,
353 4503 417 4534 ne
451 4501 706 4535 sensuum
751 4487 1062 4549 difficultas,
1111 4487 1156 4533 si
1201 4488 1482 4536 distinctus
1528 4491 1690 4536 coclea:

94 4575 192 4606 non
231 4559 321 4616 sit,
356 4559 588 4621 majores
636 4558 973 4606 obseiu-itigites
1014 4558 1295 4620 legentibus
1326 4565 1548 4620 generet.
1585 4562 1693 4611 Ru-

92 4630 1017 4717 finus-huiusc‘emodiqverborum
1046 4631 1358 4712 sententiis
1407 4644 1522 4682 non
1550 4645 1687 4683 sane
1722 4647 1770 4717 1)

94 4701 321 4753 fortuito
370 4701 603 4764 prolatis
640 4701 857 4752 diluere
901 4702 1086 4752 voluit
1130 4703 1418 4765 praecipua
1466 4708 1521 4754 et
1566 4716 1688 4754 om-

95 4773 246 4822 nium
297 4774 552 4836 pessima
589 4773 878 4837 dogmata,
927 4773 995 4823 de
1030 4773 1241 4835 quibus
1289 4775 1561 4836 Origenes
1595 4786 1688 4823 ac-

95 4845 416 4893 cusabatur.
466 4843 526 4894 Id
577 4844 973 4895 'l‘illemontius
1019 4846 1231 4908 optime
1272 4845 1509 4894 adnotat.
1553 4850 1686 4895 tom.

97 4913 211 4964 XII.
260 4928 392 4978 pag.
441 4913 562 4968 211.
615 4917 751 4967 Πεῡο
803 4917 1031 4978 Ruﬁnus
1076 4917 1278 4966 diebus
1312 4916 1691 4978 Quadragesi-

95 4997 198 5036 une
258 4987 549 5038 scribebat
600 4987 656 5038 in
717 4987 1064 5038 monasterio
1116 4987 1300 5034 Pineti
1353 4990 1418 5037 A.
1480 4991 1542 5038 D.
1586 4988 1689 5041 398

94 5057 245 5118 quod
295 5061 546 5108 testatur
595 5058 652 5109 in
699 5059 1139 5122 praelatiuncula
1171 5058 1300 5108 libri
1345 5061 1434 5108 Ill.
1474 5059 1688 5110 l’eriar-

93 5127 255 5188 chon,
300 5129 359 5180 in
404 5143 520 5192 qua
564 5131 874 5180 Macen-ium
909 5132 990 5180 sic
1031 5131 1344 5192 alloquitur
1395 5145 1518 5192 pag.
1566 5131 1686 5185 711.

95 5199 224 5249 tomi
255 5202 294 5250 I.
325 5213 563 5263 operum
595 5201 857 5262 Origenis
896 5201 1166 5251 editionis
1200 5201 1430 5265 Grynaei
1462 5216 1472 5250 :
1499 5203 1601 5260 Qui
1629 5203 1691 5250 le-

91 5271 180 5328 gis.
211 5287 416 5319 memor
440 5280 544 5320 esto
579 5273 682 5320 mei
717 5274 772 5321 in
817 5275 923 5322 tuis
960 5275 1158 5322 sant-tis
1183 5273 1537 5332 orationibus,
1570 5281 1688 5323 utet

95 5356 194 5387 non
230 5343 371 5405 ef/ici
396 5358 704 5392 mereamur
726 5344 1058 5393 mmulatores
1096 5345 1349 5408 Spiritus.
1381 5345 1690 5408 Super-iores

92 5411 217 5460 duos
232 5415 572 5463 Pc-riarchon
590 5415 802 5476 libellos,
819 5422 862 5464 te
877 5433 981 5465 non.
1003 5418 1174 5464 solum
1193 5417 1482 5475 insistente,
1502 5433 1682 5464 verum.

94 5485 246 5532 etiam
264 5494 488 5549 cogente,
505 5487 686 5535 diebus
705 5490 1140 5551 Quadragesimw
1161 5490 1534 5550 interpretatus
1546 5506 1682 5537 sum.

94 5555 187 5601 Sed
211 5559 476 5619 quoniam
502 5560 608 5607 illis
633 5560 812 5607 diebus
837 5563 997 5608 etiam
1035 5568 1108 5616 tu,
1129 5561 1366 5623 religiose
1381 5561 1554 5621 frater
1577 5563 1687 5608 Ma-

95 5628 274 5686 I‘ari,et
295 5631 526 5679 vicinius
543 5631 807 5690 monebas,
831 5638 875 5679 et
893 5633 1131 5695 amplius
1150 5632 1389 5690 vam/uis,
1409 5634 1572 5679 etiam.
1596 5649 1686 5694 ego

95 5699 324 5761 “mplius
353 5702 634 5765 operabar.
652 5705 809 5753 Duos
831 5708 1028 5765 postea
1046 5703 1292 5766 reliquos
1311 5703 1483 5753 libros
1500 5707 1688 5753 tardius

96 5769 353 5835 absolvit,
373 5775 510 5838 quia
535 5777 866 5839 Romam,et
891 5775 1196 5838 quidemin
1213 5780 1531 5826 extremam
1547 5777 1686 5824 urbis

99 5847 308 5901 partem
326 5846 630 5910 Macarius,
657 5860 689 5896 a
706 5861 819 5910 quo
837 5849 1165 5911 urgebatur,
1183 5851 1312 5909 post
1329 5860 1501 5910 pasca
1522 5862 1685 5896 seces-

100 5921 257 5978 serat,
284 5918 437 5980 quod
463 5932 531 5970 eo
555 5932 708 5970 anno
734 5920 856 5973 398.
881 5921 1120 5983 contigit
1140 5920 1231 5971 die
1258 5919 1320 5973 18
1350 5918 1557 5981 Aprilis
1573 5921 1683 5980 Cy-

1707 3224 1754 3298 C

1791 1916 1860 1966 de
1875 1920 1990 1967 Deo
2009 1919 2186 1977 Patre,
2204 1917 2340 1966 I-‘ilio
2351 1921 2406 1965 et
2420 1917 2626 1978 Spiritu
2641 1915 2943 1972 Sancto,de
2957 1914 3183 1973 Anima,
3202 1916 3260 1961 de
3278 1916 3390 1961 Dia-

1788 1989 1949 2046 bolis,
1980 1989 2050 2038 de
2079 1988 2309 2051 Mundo,
2336 1988 2405 2038 de
2451 1989 2738 2050 Scriptura
2777 1990 2964 2046 Sacra,
3011 1986 3081 2037 de
3136 1984 3386 2046 Angelis,

1788 2061 1971 2122 deque
2000 2059 2363 2114 C(Blestibus.
2385 2072 2460 2109 an
2486 2059 2600 2108 sint
2621 2059 2893 2108 animata.
2919 2061 2984 2108 In
3010 2057 3161 2107 lib.I.
3183 2056 3300 2116 agit
3318 2055 3388 2106 de

1791 2133 1904 2181 Deo
1929 2132 2279 2194 incorporeo.
2305 2131 2375 2181 de
2407 2130 2629 2181 Christo
2673 2131 2915 2191 ejusque
2940 2128 3290 2188 nominibus,
3317 2127 3385 2176 de

1787 2203 1996 2264 Spiritu
2017 2203 2324 2261 Sancto,de
2337 2203 2642 2252 animabus
2659 2201 3056 2259 rationalibus,
3082 2199 3268 2260 deque
3292 2211 3388 2247 an-

1787 2275 1943 2336 gelis.
1967 2278 2029 2325 In
2046 2275 2188 2324 libro
2202 2277 2267 2324 II.
2289 2273 2653 2336 persequitur
2669 2275 3078 2334 argumentum
3101 2270 3170 2320 de
3183 2272 3384 2324 Mundo,

1788 2348 1857 2397 de
1902 2353 2103 2397 natura
2151 2358 2436 2408 corporea,
2481 2344 2552 2394 de
2597 2346 2734 2402 Deo,
2770 2344 2840 2392 de
2865 2342 3275 2398 incarnatione,
3313 2340 3384 2389 de

1788 2421 1995 2483 Spiritu
2009 2421 2234 2477 Sancto,
2250 2418 2318 2467 de
2331 2416 2637 2467 animabus
2650 2414 2946 2465 hominum
2962 2412 3382 2475 pecudumque,

1787 2493 1855 2542 de
1872 2489 2091 2553 angelis
2119 2492 2170 2539 et
2187 2489 2380 2538 anima.
2410 2487 2635 2546 Christi,
2655 2486 2725 2535 de
2751 2485 3163 2536 resurrectione
3181 2495 3384 2553 corpo-

1787 2577 1933 2623 rum,
1957 2552 2139 2623 deque
2165 2559 2350 2623 pcenis
2369 2558 2546 2620 hujus
2570 2557 2701 2607 vitm
2724 2562 2779 2606 et
2804 2558 2931 2618 post
2949 2555 3144 2605 vitam.
3162 2555 3224 2602 1n
3243 2552 3386 2601 libro

1788 2638 1879 2686 III.
1901 2635 2181 2694 disceptat
2199 2632 2267 2681 de
2310 2630 2485 2680 libero
2513 2629 2773 2686 arbitrio;
2809 2627 2879 2677 de
2903 2625 3145 2676 diabolis
3164 2627 3221 2675 et
3250 2636 3386 2686 pec-

1787 2707 1946 2765 catis,
1976 2705 2043 2754 de
2073 2702 2359 2765 Sapientia
2387 2701 2510 2762 Dei,
2537 2699 2604 2750 de
2629 2698 3062 2756 tentationibus,
3087 2697 3157 2746 de
3184 2695 3386 2745 mundi

1787 2777 2063 2842 principio
2091 2778 2144 2825 et
2174 2774 2303 2834 line,
2339 2777 2395 2823 et
2421 2771 2490 2821 de
2511 2783 2738 2821 summo
2765 2771 3009 2842 bonan
3023 2768 3164 2842 libro
3187 2766 3385 2842 I‘V._d.e

1788 2836 2208 2906 sacris'litteris,
2225 2844 2294 2894 de
2317 2844 2536 2894 ratione
2557 2842 2684 2892 illas
2714 2839 3160 2903 intelligendi,et
3185 2837 3254 2888 de
3267 2836 3383 2887 Tri-

1787 2921 1981 2970 nitate.
1997 2920 2270 2968 Erasmus
2285 2927 2416 2977 quae
2452 2914 2595 2964 dura
2619 2913 2981 2970 videbantur,
3002 2910 3124 2960 suis
3147 2908 3383 2959 monitis

1786 2992 1858 3042 ad
1872 3003 2026 3042 oram
2044 2988 2261 3052 positis,
2277 2985 2599 3048 castigavit.
2628 2982 2971 3034 Hierotheus
2984 2993 3114 3031 vero
3129 2993 3263 3052 suas
3279 2981 3382 3038 ipse

1788 3050 2199 3124 Castigationes
2238 3057 2532 3120 praemisit.
2563 3057 2708 3106 Ante
2732 3059 3044 3124 utrumque
3098 3050 3381 3124 Didymus

1784 3121 2208 3184 Alexandrinus
2223 3131 2279 3178 in
2293 3125 2793 3188 eosdemOrigenis
2807 3124 2962 3173 libros
2978 3123 3227 3172 Com-men
3239 3121 3386 3167 tur-iu.

1784 3203 2137 3270 apologetica
2150 3201 2394 3251 scribere
2407 3212 2552 3262 opus
2565 3197 2937 3270 habuit,teste
2951 3195 3178 3270 Socrate
3191 3193 3386 3242 lib.lV.

1785 3266 1906 3338 cap.
1931 3277 2090 3325 XXV
2108 3285 2238 3336 qua:
2266 3272 2651 3332 Hieronymus
2676 3268 2771 3318 lib.
2794 3271 2858 3318 ll.
2883 3269 2941 3317 in
2959 3266 3228 3316 Rufinum
3256 3276 3382 3338 pag.

1788 3336 1906 3402 'l-ib’.
1948 3348 2117 3395 breves
2164 3343 2632 3392 eommentariotos
2669 3339 2935 3404 adpellat.
2968 3339 3072 3388 His
3104 3336 3389 3401 praecipue

1788 3433 1976 3472 czeeus
2002 3418 2090 3469 ille
2116 3417 2397 3480 Didymus
2415 3415 2470 3464 in
2499 3427 2560 3464 se
2584 3412 2779 3464 odium
2799 3410 3113 3461 multorum
3130 3407 3390 3480 attraxit,

1789 3493 1937 3542 unde
1950 3479 2355 3554 posterioribus
2371 3486 2599 3537 saeculis
2619 3498 2734 3534 una
2747 3496 2880 3534 cum
2894 3483 3138 3554 Origene
3155 3479 3394 3554 proscri-

1790 3567 1921 3625 ptus
1934 3552 2090 3611 estin
2110 3559 2339 3623 Synodo
2353 3560 2419 3609 V.
2439 3557 2703 3618 aliisque,
2721 3560 2784 3605 ut
2801 3553 3056 3605 ostendit
3069 3552 3325 3602 Norisius
3340 3554 3391 3625 in

1789 3622 2223 3684 Dissertationis
2243 3643 2366 3681 suae
2385 3643 2506 3692 cap.
2527 3630 2645 3678 VII.
2671 3625 3143 3687 ErroresOrigeni
3160 3622 3394 3688 impacti

1789 3707 2093 3755 exstabant
2113 3702 2470 3767 praecipuein
2495 3701 2605 3751 hoc
2631 3699 2872 3762 operede
2894 3697 3208 3760 Principiis,
3236 3694 3391 3757 quod

1791 3777 1891 3826 fuit
1921 3778 2078 3828 velut
2105 3777 2352 3836 isagoge,
2389 3773 2506 3822 sive
2535 3771 2880 3822 introductio
2903 3769 2976 3819 ad
3002 3767 3387 3830 Theologiam.

1792 3849 1983 3908 Nobis,
2010 3853 2075 3897 ut
2113 3847 2251 3908 dixi,
2278 3849 2474 3895 Greece
2520 3843 2796 3905 scriptum
2840 3854 2954 3891 non
2982 3843 3259 3902 superest,
3289 3840 3393 3899 Sy-

1790 3919 2014 3981 nopsim
2032 3920 2226 3967 tamen
2255 3917 2454 3966 recitat
2483 3915 2719 3964 Photius
2745 3912 2867 3963 cod.
2898 3913 3087 3962 CVIII.
3115 3912 3391 3972 tanquam

1789 3991 1993 4052 operis,
2010 3988 2222 4040 szeculo
2248 3999 2416 4046 nono,
2433 3999 2546 4048 quo
2560 3985 2768 4044 iloruit,
2783 3986 3021 4030 exstantia
3037 3997 3048 4031 :
3064 3984 3392 4052 ejusdemque

1791 4050 2107 4123 fragmenta
2133 4062 2439 4109 occurrunt
2463 4056 2586 4107 cod.
2611 4053 3153 4105 CCXXXV.adhzec
3179 4050 3396 4123 in_Phi-

1792 4120 2004 4194 localia,
2020 4137 2074 4183 et
2087 4132 2142 4181 in
2155 4132 2183 4180 J
2195 4127 2468 4178 ustiniani
2485 4126 2842 4189 imperatoris
2860 4123 3097 4186 epistola
3110 4120 3262 4183 apud
3279 4122 3393 4168 Lab-

1792 4207 1963 4257 beum
1983 4208 2136 4255 tomo
2151 4204 2215 4252 V.
2233 4199 2611 4251 Conciliorum
2625 4211 2750 4262 pag.
2767 4194 2887 4250 672.
2904 4198 3118 4245 Locum
3138 4194 3308 4244 etiam
3322 4203 3391 4241 ex

1791 4279 1984 4329 codice
2015 4277 2126 4326 MS.
2147 4274 2327 4325 adfert
2357 4268 2978 4322 NicolausFullerusin
3014 4264 3394 4317 Miseellaneis

1796 4349 2127 4409 theologicis
2155 4346 2248 4397 lib.
2278 4345 2370 4396 1V.
2397 4357 2519 4406 cap.
2548 4343 2694 4392 XIII.
2716 4341 3056 4392 Universum
3080 4337 3395 4409 opusaRuf

1789 4424 1898 4482 ﬁne
1924 4406 2096 4471 latine
2121 4429 2482 4481 expressum,
2510 4415 2812 4473 habemus,
2840 4412 2937 4473 qui
2963 4409 3102 4482 illud
3127 4422 3227 4482 pro
3249 4406 3392 4482 vi_r_i_li

1792 4479 2059 4552 Correxit,
2087 4479 2387 4540 declarans
2410 4488 2468 4536 in
2504 4492 2748 4547 utroque
2772 4481 3201 4552 Prologolibril.
3229 4479 3392 4528 etIII.

1791 4579 1850 4614 se
1876 4563 2069 4613 omnia
2087 4559 2414 4618 sustulisse,
2442 4569 2572 4618 quae
2596 4555 2871 4606 doctrina)
2898 4551 3166 4603 ECCIGSliB
3193 4556 3394 4597 contra-

1793 4637 1870 4685 ria
1887 4635 2242 4684 videbantur.
2260 4629 2445 4681 Nihilo
2467 4634 2658 4678 tamen
2673 4626 2861 4676 secius
2877 4626 2934 4675 in
2952 4637 3018 4676 eo
3036 4622 3281 4684 legimus
3300 4636 3394 4668 au-

1790 4707 1960 4757 daces
1975 4704 2204 4768 quidem
2220 4701 2658 4763 singularesque
2671 4697 3003 4758 sententias,
3020 4707 3149 4759 quae
3163 4708 3320 4755 quum
3334 4707 3392 4739 ex

1793 4777 2096 4828 traditione
2115 4773 2500 4824 ecclesiastica
2519 4772 2743 4822 eductae
2756 4783 2870 4821 non
2891 4770 3026 4827 sint,
3044 4770 3316 4828 generatim
3331 4769 3394 4813 ab

1791 4849 2061 4899 omnibus
2080 4845 2437 4907 rejiciuntur.
2450 4857 2663 4906 magna
2675 4843 2933 4905 Origenis
2944 4841 3281 4891 auctoritate
3299 4850 3395 4889 ne-

1789 4933 2078 4984 quaquam
2097 4920 2388 4969 obstante.
2409 4919 2463 4966 Is
2487 4917 2544 4967 in
2558 4917 2664 4966 hoc
2679 4928 2844 4978 opere
2857 4915 3116 4984 funditus
3130 4914 3395 4984 evertenda

1792 4983 2047 5052 suscepit
2067 4987 2708 5051 Valentini,Marcionis,
2723 4987 3083 5048 aliorumque
3100 4983 3392 5035 haeretico-

1790 5075 1916 5112 rum
1952 5061 2164 5121 deliria,
2192 5061 2308 5122 qui,
2337 5064 2400 5110 ut
2425 5074 2673 5106 caussam
2695 5057 2827 5104 mali
2862 5055 3250 5115 ostenderent,
3285 5055 3392 5101 duo

1789 5133 2064 5196 principia
2081 5129 2810 5193 excogitaverunt,totidem
2826 5127 3392 5186 aDiInuS,duplicisqu0

1790 5210 1844 5254 et
1857 5205 2001 5255 inter
2016 5218 2076 5252 se
2088 5203 2333 5253 diversae
2345 5206 2567 5252 natura:
2585 5201 2847 5250 homines
2861 5203 3088 5250 exstare
3104 5199 3392 5254 commenti,

1792 5289 1937 5326 unos
1963 5276 2146 5335 reipsa
2174 5275 2376 5326 bonos.
2395 5272 2536 5322 alios
2561 5271 2748 5332 reipsa
2777 5269 2978 5319 malos.
3002 5267 3277 5329 Origenes
3294 5265 3389 5316 lib.

1793 5351 1831 5398 l.
1852 5361 1976 5410 cap.
2004 5348 2069 5396 V.
2108 5346 2204 5394 Vl.
2231 5349 2288 5394 et
2327 5346 2468 5394 VIII.
2497 5347 2696 5392 contra
2723 5341 2942 5398 statuit,
2972 5339 3157 5388 solum
3187 5339 3388 5396 Deum,

1789 5422 1994 5470 natura
2011 5430 2115 5467 sua
2131 5417 2345 5466 bonum
2364 5420 2420 5465 et
2437 5413 2854 5464 immutabilem
2872 5423 3019 5468 esse,
3046 5421 3392 5469 omnemque

1789 5495 2107 5540 creaturam
2134 5487 2263 5537 boni
2290 5488 2345 5536 et
2367 5484 2501 5535 mali
2528 5496 2813 5546 capacem,
2853 5479 3158 5531 mutationi
3206 5479 3391 5526 obno-

1789 5563 1964 5612 xiam.
1991 5558 2305 5610 Itationalis
2331 5561 2607 5606 creaturae
2635 5551 3143 5624 imperfectionem,
3167 5553 3229 5598 ut
3260 5548 3390 5598 mali

1787 5647 2074 5693 caussam,
2098 5631 2374 5692 assignat.
2393 5631 2525 5678 Eam
2553 5640 2654 5677 sua
2673 5626 2932 5675 libertate
2959 5622 3105 5672 male
3132 5626 3390 5693 utentem

1787 5705 2112 5767 expropriie
2146 5702 2378 5762 originis
2406 5697 2767 5763 perfectione,
2799 5707 2902 5746 sua
2918 5695 3086 5767 culpa
3106 5692 3388 5767 decidere,

1786 5764 2056 5828 Ostendit.
2085 5772 2337 5825 Subinde
2364 5771 2456 5822 lib.
2488 5773 2579 5822 lll.
2607 5782 2728 5831 cap.
2760 5771 2798 5820 l.
2828 5766 3031 5818 statuit
3056 5779 3154 5830 pro
3181 5764 3386 5816 funda-

1786 5853 1978 5899 mento
1995 5848 2238 5896 liberum
2255 5844 2574 5896 arl‘iitriuin.
2596 5840 2746 5904 quod
2765 5840 2978 5891 ratione
2991 5843 3049 5889 et
3079 5836 3384 5901 Scripturis

1786 5919 1965 5970 solide
1979 5919 2325 5980 comprobat.
2345 5917 2612 5966 omnibus
2632 5913 2766 5963 locis
2781 5913 3154 5976 respondens,
3169 5908 3381 5972 quibus
