3902 6402
481 345 587 401 127

1784 346 2029 403 RUFINI
2059 343 2504 401 PRESBYTER!

3700 338 3799 396 128

480 459 743 539 haretici
762 461 1100 539 abutuntur,
1125 462 1345 539 utilium
1366 463 1645 539 evertant.
1670 459 1780 539 sed
1801 460 1911 513 hoc
1932 465 2086 539 errat
2113 465 2167 539 Α
2187 460 2336 539 infra
2355 458 2713 539 _vide_bimus.
2755 457 2981 539 Scilicet
3015 454 3090 507 ad
3120 452 3725 539 Ruﬁnum.reilgjionis
3736 458 3797 539 et

483 531 640 595 quod
659 531 753 583 lib.
790 534 857 584 II.
880 546 1004 599 cap.
1035 537 1058 586 Ι
1087 540 1145 587 et
1157 536 1300 585 VIII.
1320 537 1712 584 creaturarum
1726 532 2082 596 inaequalita-

484 605 603 655 tem
643 615 745 666 pro
795 604 1000 657 effectu
1023 617 1217 657 earum
1240 604 1429 655 meriti
1451 603 1675 668 accipit.
1712 604 1938 655 Etenim
1960 605 2086 667 ipso

483 680 718 726 auctore
762 673 858 727 lib.
902 678 944 727 Ι.
980 688 1104 741 cap.
1141 678 1287 727 VIII.
1312 679 1371 727 et
1393 675 1489 726 lib.
1517 678 1585 727 II.
1612 688 1735 739 cap.
1761 678 1829 726 II.
1853 680 1913 727 et
1935 677 2081 727 VIII.

487 744 1331 810 Deusantecorporaquendam
1357 759 1666 798 numerum
1692 749 1959 808 aequalium
1979 750 2088 796 ani-

483 828 706 869 marum
736 818 962 874 creavit,
982 830 1115 881 qum
1128 831 1311 881 quum
1334 830 1433 883 pro
1458 819 1662 883 majori
1677 823 1837 883 parte
1852 831 2085 881 peccas-

484 891 630 949 sent,
660 888 977 939 secundum
990 894 1355 953 peccatorum
1366 901 1698 941 mensuram
1707 927 1719 949 ,
1732 889 2089 953 qualitatem-

482 969 614 1021 que,
633 957 691 1009 in
724 959 898 1011 variis
921 962 1258 1024 corporibus
1274 962 1347 1013 ad
1363 961 1422 1012 id
1440 962 1667 1026 creatis,
1688 966 1755 1013 ut
1769 964 1967 1011 easdem
1992 978 2085 1023 pu-

480 1028 620 1086 niat,
642 1028 1142 1083 velutcarceribus
1158 1032 1548 1092 includantur,
1565 1033 1645 1084 ita
1659 1038 1725 1083 ut
1734 1045 1808 1084 ex
1825 1036 2089 1094 spiritibus

478 1099 655 1165 puris,
671 1101 1045 1166 Angelorum,
1066 1105 1389 1167 Astrorum,
1407 1108 1582 1169 atque
1595 1103 1892 1155 hominum
1908 1107 2090 1153 διιὶωω

481 1170 730 1222 evadant
747 1172 1050 1238 ;Origenes
1065 1174 1218 1226 enim
1238 1179 1452 1236 censet,
1468 1174 1718 1238 Angelos
1728 1175 1921 1227 anima
1929 1183 1973 1224 et
1986 1191 2090 1224 cor-

480 1253 616 1307 pore
632 1243 1018 1297 subtilissima
1041 1250 1322 1309 constare,
1339 1252 1396 1298 et
1413 1259 1514 1311 pro
1531 1247 1652 1298 suis
1669 1259 1959 1311 quemque
1982 1262 2090 1297 me-

480 1312 609 1365 ritis
623 1314 783 1367 varia
794 1316 1109 1370 ministeria
1125 1318 1334 1370 subire.
1351 1319 1518 1370 Putat
1533 1323 1691 1370 astra
1700 1330 1831 1370 esse
1846 1321 2086 1381 animata,

482 1384 872 1451 pulchrosque
895 1400 1171 1453 carceres,
1196 1389 1696 1453 spiritibusminus
1712 1390 1843 1450 reis,
1862 1402 2039 1453 quam
2052 1392 2089 1442 ii

484 1460 624 1506 sunt
638 1457 737 1520 qui
762 1458 1041 1511 Mundum
1053 1460 1378 1513 inferiorem
1390 1460 1606 1523 colunt,
1623 1460 1959 1513 destinatos.
1998 1461 2091 1512 Vi-

482 1526 684 1579 deatur
707 1527 805 1580 lib.
832 1531 874 1581 I.
891 1543 1013 1596 cap.
1037 1532 1269 1583 VII.lib.
1286 1533 1491 1597 II.cap.
1510 1532 1605 1583 VI.
1621 1532 1847 1584 Primus
1859 1534 2085 1581 omnium

484 1597 811 1661 spirituum,
828 1603 929 1664 qui
953 1602 1026 1653 ab
1047 1602 1211 1654 initio
1237 1602 1474 1655 caritate
1497 1603 1818 1667 perfectiori
1840 1604 2092 1655 adhaesit

483 1670 619 1731 Deo,
642 1672 855 1724 meruit
865 1672 1051 1725 eidem
1063 1674 1336 1739 conjungi
1347 1674 1731 1727 excellentiori
1744 1675 1937 1739 modo,
1957 1692 2027 1725 nu
2035 1692 2091 1725 n-

484 1750 663 1801 quam
685 1740 1064 1805 imposterum
1088 1744 1427 1797 avellendus
1450 1761 1463 1797 :
1484 1749 1659 1808 atque
1670 1746 1795 1799 haec
1808 1749 1898 1799 est
1918 1749 2089 1796 anima

481 1811 1918 1902 ξεδιὶίὲξξΐὶεξιίιςιθξεξνῖερῑιῖηξιξφαξψρρεεεξξηιάθ
1936 1819 2084 1902 δεῖξις)
2113 1826 2169 1902 Β

484 1880 546 1933 in
572 1882 807 1955 malum
853 1890 911 1938 et
956 1886 1027 1939 de
1070 1886 1222 1939 malo
1265 1888 1327 1939 in
1367 1880 1692 1941 bonum’ex
1718 1888 1812 1941 lib.
1840 1902 1963 1955 cap.
1989 1891 2082 1943 III.

487 1953 1075 2027 felicitasbeatorum
1104 1972 1202 2011 eos
1221 1960 1623 2024 impeccabiles
1657 1973 1776 2013 non
1799 1953 1993 2027 efficit,
2020 1976 2094 2015 ne

484 2022 642 2076 ﬂiam
658 2025 1050 2093 sibimetipsis,
1062 2030 1257 2094 potius
1274 2022 1448 2093 quam
1462 2032 1575 2082 Deo
1587 2022 2091 2083 tribuant.Ceterum

490 2095 824 2148 Damonem
840 2098 1032 2162 ipsum
1052 2100 1360 2165 aliquando
1381 2101 1739 2153 inimicitiam
1752 2103 1854 2155 Dei
1870 2106 2094 2163 abjectu-

492 2177 639 2230 rum,
661 2168 903 2232 ejusque
924 2169 1135 2221 malam
1158 2171 1520 2224 voluntatem
1544 2172 1902 2225 destructum
1920 2175 2005 2235 iri,
2026 2178 2093 2227 ut

490 2237 645 2287 Deus
662 2239 735 2289 sit
759 2243 916 2291 totus
940 2240 999 2292 in
1022 2242 1314 2304 omnibus,
1343 2244 1515 2295 tradit
1538 2242 1635 2295 lib.
1661 2246 1702 2296 Ι.
1738 2258 1858 2309 οη).
1874 2246 1968 2297 VI.
1992 2249 2092 2296 Hoc

491 2309 683 2379 tamen
696 2321 814 2361 non
830 2314 1176 2365 eventurum
1188 2313 1305 2365 nist
1316 2320 1449 2377 post
1460 2315 1692 2379 longam
1706 2320 2003 2366 saeculorum
2021 2333 2093 2367 se-

431 2423 437 2428 .
489 2378 649 2458 riam,
685 2381 820 2443 quia
841 2383 1323 2458 post_hunc_aiius
1352 2386 1460 2437 erit
1483 2378 1757 2458 Mundus,
1786 2387 2091 2452 pluresque

487 2447 601 2512 alii,
613 2451 1104 2514 quemadmodum
1121 2454 1315 2519 plures
1330 2462 1458 2508 ante
1478 2447 1939 2509 fuerunt.Nullum
1953 2447 2087 2509 enim

492 2520 598 2594 fuit
620 2524 853 2586 tempus
876 2523 999 2576 sine
1016 2526 1251 2589 Mundo,
1265 2538 1455 2590 neque
1467 2526 1649 2579 ullum
1679 2528 1786 2580 erit
1813 2541 2088 2594 unquam,

492 2603 566 2665 ne
587 2593 745 2665 D‘eus
768 2594 941 2645 ociari
957 2595 1238 2648 videatur.
1265 2598 1403 2649 Haec
1422 2597 1517 2648 lib.
1540 2600 1608 2650 II.
1636 2611 1755 2665 cap.
1784 2601 1825 2651 Ι.
1851 2593 2017 2652 III.V.
2033 2605 2092 2653 et

493 2663 593 2734 Vi.
616 2661 923 2734 Qrigenem
942 2678 1016 2716 ex
1032 2665 1283 2718 Platonis
1293 2667 1669 2733 philosophia,
1686 2661 1860 2734 quam
1876 2672 2090 2734 optime

406 2796 411 2801 l
491 2731 705 2804 calluit,
722 2734 827 2786 has
838 2736 1138 2798 opiniones
1150 2731 1414 2791 hausisse
1424 2731 1792 2792 discimus'ex
1802 2731 2087 2804 lib.II.cap.

492 2803 645 2875 XXI.
671 2805 824 2856 Certe
847 2819 921 2859 ex
945 2808 1071 2869 ejus
1088 2809 1310 2872 Gorgia.
1325 2810 1598 2875 Origenes
1614 2811 1764 2864 inter
1778 2817 1965 2866 cetera
1978 2803 2089 2866 hoc

491 2874 815 2950 speciosum
830 2878 1171 2944 principium
1188 2874 1484 2945 didicerat,
1507 2895 1708 2935 omnes
1733 2897 1937 2950 pinnas
1956 2899 2088 2939 esse

490 2946 876 3019 medicinales,
902 2955 962 3002 et
986 2963 1087 3013 pro
1111 2951 1225 3003 fine
1248 2952 1459 3005 habere
1479 2946 1886 3008 correctionem
1912 2957 2085 3019 illius,

489 3017 706 3089 quieas
737 3020 908 3072 subit.
934 3022 1056 3074 Hoc
1079 3022 1311 3087 quidem
1335 3025 1521 3089 pmnis
1545 3027 1779 3079 aeternis
1797 3017 2088 3078 adcommoé

488 3086 681 3169 (latius
708 3090 984 3169 Origenes
1027 3086 1272 3169 censuit,
1296 3086 1455 3148 ratus
1480 3096 1591 3169 hoc
1619 3103 1786 3163 pacto
1802 3099 2092 3169 justitiam

489 3159 590 3223 Dei
614 3173 749 3236 cum
772 3162 906 3236 ejus
928 3163 1185 3236 bonitate
1206 3167 1266 3218 in
1289 3159 1656 3220 concordiam
1690 3159 1852 3221 facile
1885 3170 2091 3236 redigi;

488 3220 645 3294 quod
663 3220 924 3305 eruimus
945 3248 1017 3286 ex
1040 3234 1136 3287 lib.
1163 3238 1255 3290 IV.
1283 3250 1403 3302 cap.
1428 3240 1491 3290 II.
1519 3238 1668 3291 Nihil
1684 3220 1911 3303 profert,
1921 3220 2093 3305 'du‘a'd
2121 3220 2171 3295 Ο

490 3312 672 3374 sacrm
683 3303 982 3366 scriptum
1000 3308 1325 3360 testimonio
1340 3309 1532 3374 aliquo
1545 3310 1883 3363 confirmare
1901 3303 2000 3362 non
2021 3317 2095 3362 vi-

489 3371 711 3436 deatur,
759 3379 952 3428 tamen
998 3391 1396 3443 saepenumero
1427 3371 1489 3431 in
1512 3394 1749 3433 sensum
1772 3382 2091 3436 violentum

490 3447 672 3517 tracto
706 3446 845 3498 Tres
867 3448 1156 3514 scripturas
1174 3464 1385 3504 sensus
1399 3452 1615 3517 optime
1632 3452 1952 3517 distinguit,
1970 3458 2093 3505 litte-

488 3515 666 3568 ralem
690 3529 792 3570 seu
814 3522 1271 3581 grammaticum.
1300 3515 1609 3586 figuratum
1637 3537 1741 3576 seu
1767 3515 2090 3585 allegat-lenm

488 3589 869 3653 anagogicum
883 3604 986 3642 seu
997 3593 1364 3658 mysticum,J
1372 3594 1670 3647 udteorum
1683 3601 1740 3647 et
1753 3600 2091 3648 haereticorum

490 3670 708 3712 errores
720 3662 1100 3728 ostendit,qui
1111 3664 1284 3716 nimis
1299 3666 1619 3718 secundum
1636 3667 1881 3719 litteram
1893 3685 2093 3729 expres-

491 3730 685 3803 siones
704 3730 980 3796 figuratas
1003 3737 1344 3801 acceperint,
1362 3741 1420 3787 et
1439 3739 1607 3787 etiarn
1630 3737 1877 3801 illorum,
1911 3742 2010 3803 qui
2032 3754 2093 3793 se

490 3800 705 3874 ubique
726 3804 1004 3867 mysteria
1027 3800 1286 3858 invenire
1297 3807 1698 3871 opinabantur.
1718 3809 1824 3861 Sed
1842 3800 1896 3862 in
1915 3800 2093 3874 hujus

490 3871 645 3947 modi
680 3874 1003 3947 regularum
1027 3876 1405 3941 applicatione
1435 3891 1836 3943 saepenumero
1862 3871 2093 3947 fallitur,

490 3942 629 3995 dum
654 3946 853 3997 sensui
878 3948 1121 4012 mystico
1134 3949 1306 4000 nimis
1322 3942 1537 4014 tribuit,
1550 3956 1607 4002 et
1626 3951 1900 4004 literalem
1920 3942 2093 4006 nimis

489 4015 740 4088 negligit.
768 4017 840 4069 Hi
866 4025 1005 4072 sunt
1030 4021 1303 4085 praecipui
1328 4033 1550 4074 errores
1571 4023 1851 4088 Origenis,
1868 4024 1946 4077 ita
1958 4039 2096 4079 con-

490 4086 699 4159 firmati
714 4093 770 4140 et
783 4089 886 4142 fixi
918 4092 1160 4156 inopere
1186 4092 1257 4144 de
1284 4093 1600 4157 Principiis,
1628 4098 1697 4146 ut
1726 4086 1853 4158 ejus
1885 4109 2093 4159 corpus

491 4162 559 4230 et
571 4158 810 4211 formam
834 4164 1190 4216 constituant
1232 4165 1445 4216 Verum
1471 4169 1661 4216 tamen
1679 4171 1769 4217 est
1787 4169 1860 4219 ab
1882 4158 2095 4230 Origene

491 4228 655 4282 aliter
669 4230 797 4284 haec
808 4244 925 4284 non
942 4235 1381 4298 proponi,quam
1394 4236 1743 4300 dubitanter,
1757 4243 1813 4290 et
1826 4228 2098 4301 veluil'opi-

490 4301 710 4363 niones,
725 4315 873 4366 quas
886 4305 1100 4367 judicio
1115 4306 1345 4359 lectoris
1357 4309 1661 4361 submittit.
1683 4311 1869 4363 Primo
1890 4314 2098 4372 exponit

492 4372 687 4426 Finem
703 4375 972 4430 Ecclesim
983 4378 1568 4444 Catholicamquidque
1584 4384 1901 4444 generatim
1916 4385 2099 4433 illado-

492 4449 642 4517 ceat;
660 4446 732 4498 de
748 4449 954 4500 ceteris
972 4452 1250 4514 tanquam
1263 4450 1334 4503 de
1345 4452 1713 4517 opinionibus
1727 4457 2097 4516 problemaiicls

493 4516 633 4590 agit.
642 4518 790 4570 circa
801 4532 946 4583 quas
964 4533 1102 4572 suas
1118 4516 1496 4585 cogitationes
1509 4536 1720 4589 magna
1732 4526 1980 4590 quadam
1996 4541 2100 4574 mo-

492 4586 676 4661 destia
691 4591 1117 4654 proponitJiaac
1130 4605 1246 4644 una
1256 4597 1556 4647 excusatio
1567 4586 1773 4649 adduci
1787 4601 1977 4661 potest
1990 4611 2100 4645 sen-

2188 532 2466 584 doctrinm
2491 531 2642 581 fama
2664 529 3068 594 perceiebrem,
3081 526 3222 580 viris
3240 526 3346 591 piis
3362 530 3421 578 et
3434 524 3684 578 eruditis
3694 537 3795 577 un-

2188 604 2360 667 dique
2385 602 2830 664 confluentibus,
2873 602 2941 652 ut
2962 599 3394 663 scripturarum,
3412 600 3471 648 et
3489 599 3795 667 auctorum

2188 666 2552 727 orientalium
2579 674 2896 734 thesauros,
2924 672 2998 721 ab
3019 683 3086 721 eo
3116 681 3314 721 secum
3338 666 3796 719 communicatos

2188 747 2551 809 mirarentur,
2569 745 2618 796 is
2633 743 2870 808 Regula
2886 742 3079 795 Sancti
3096 740 3303 804 Basilii,
3319 738 3618 805 Apologia;
3635 739 3798 789 Pam-

2188 817 2346 883 phili,
2394 829 2519 869 sua:
2565 815 2952 867 dissertationi
2973 814 3046 865 de
3066 810 3794 883 Adulterationeiibrorum

2191 879 2466 952 Origenis,
2491 889 2549 939 et
2570 886 2730 939 libris
2750 887 2845 938 IV.
2858 884 3220 948 Periarchon,
3240 879 3795 948 superaddiditduos

2190 959 2365 1011 libros
2399 958 2471 1011 de
2495 958 2997 1011 Benedictionibus
3023 955 3498 1013 Patriarcharum,
3522 964 3678 1016 quos
3704 965 3795 1003 ro-

2191 1035 2332 1095 gatu
2356 1030 2539 1081 Pontii
2550 1030 2768 1081 Paulini
2788 1034 3172 1092 cognomento
3193 1027 3420 1089 Nolani,
3434 1024 3703 1077 nondum
3715 1029 3798 1095 ta-

2191 1093 2327 1153 men
2349 1102 2598 1166 episcopi,
2614 1101 2714 1153 sed
2729 1105 2957 1153 tantum
2964 1098 3280 1164 presbyteri,
3295 1096 3559 1148 confecit.
3583 1093 3797 1156 Iampri-

2191 1172 2324 1225 dem
2355 1178 2649 1237 receptum
2687 1174 2793 1235 est,
2820 1175 2887 1223 ut
2906 1173 3100 1232 verba,
3126 1181 3260 1234 quas
3279 1168 3458 1221 Iacob
3476 1167 3653 1219 morti
3672 1178 3799 1231 pro-

2190 1245 2387 1297 ximus
2414 1256 2536 1308 cap.
2550 1245 2747 1295 XLIX.
2765 1244 3056 1295 Geneseos
3069 1239 3303 1305 protulit
3322 1238 3633 1291 duodecim
3645 1237 3797 1297 filiis,

2192 1316 2433 1369 totidem
2455 1316 2732 1368 Tribuum
2754 1315 3102 1371 auctoribus,
3118 1312 3330 1375 quibus
3346 1310 3535 1363 omnis
3558 1310 3798 1361 Ebrmus

2191 1386 2437 1452 populus
2460 1387 2765 1438 constabat
2788 1384 3186 1435 Benedictiones
3208 1396 3309 1434 In.
3333 1381 3797 1431 Patriarcharum

2193 1459 2473 1520 dicantur,
2490 1469 2842 1521 quanquam,
2855 1461 3063 1521 praeter
3078 1455 3359 1517 Rufinum,
3376 1454 3794 1510 Ambrosiuscap.

2193 1531 2259 1581 ll.
2289 1530 2361 1582 de
2384 1529 2585 1581 eodem
2610 1532 2971 1593 argumento,
2986 1529 3046 1579 et
3061 1521 3798 1577 TheodoritusinGenesim

2192 1614 2316 1665 cap.
2336 1601 2535 1653 ultimo
2546 1602 3012 1659 observent,eum
3028 1597 3259 1650 titulum
3271 1595 3506 1647 minime
3518 1607 3799 1665 congruere

2191 1662 2302 1736 ipsi
2326 1672 2585 1736 orationi,
2621 1685 2720 1734 per
2738 1683 2911 1734 quam
2932 1670 3111 1721 Jacob
3133 1666 3426 1719 maledicit
3459 1664 3686 1736 Ruben.
3715 1662 3797 1713 Si-

2189 1735 2399 1807 meoni,
2416 1757 2482 1794 ac
2494 1742 3037 1803 Levi.Quamobrem
3051 1739 3395 1803 prophetiam
3415 1735 3799 1807 potius,qusm

2191 1814 2607 1865 benedictionem
2657 1812 2961 1864 dicendam
2997 1823 3126 1862 esse
3167 1809 3510 1861 Ambrosius
3548 1806 3802 1858 affirmat

2191 1888 2423 1950 Rufinus
2432 1898 2506 1937 ex
2520 1887 2565 1938 U
2575 1886 2668 1935 rbe
2679 1883 3158 1948 epistolam,nunc
3169 1880 3239 1932 de
3245 1880 3631 1950 pertitam,scri
3639 1882 3801 1938 pserst

2193 1948 2611 2010 ad‘Pautinum.
2625 1957 2693 2007 In
2715 1956 2866 2007 eaob
2882 1953 3161 2005 nuncium
3176 1952 3248 2002 ad
3268 1964 3329 2003 se
3356 1948 3661 2001 Concordia
3677 1959 3804 2011 per-

2192 2030 2377 2081 latum
2389 2028 2459 2080 de
2480 2028 2641 2079 obitu
2657 2027 2878 2087 matris,
2895 2030 2962 2077 ut
2975 2024 3123 2076 infra
3137 2022 3345 2074 clarius
3359 2018 3635 2084 explicari
3652 2018 3803 2070 vide-

2194 2101 2408 2163 bimus,
2447 2111 2509 2150 se
2548 2099 2727 2149 Romae
2770 2098 2831 2146 in
2870 2102 2998 2145 aestu
3019 2093 3416 2145 sollicitudinis.
3442 2097 3489 2142 et
3510 2092 3575 2139 in
3597 2090 3802 2138 incerto

2196 2185 2476 2221 morarum
2503 2168 2838 2234 esse,amico
2852 2167 3086 2219 Paulino
3097 2165 3463 2225 indicaverat,
3483 2163 3632 2212 illum
3652 2164 3801 2209 etiam

2192 2243 2476 2303 hortatus,
2494 2245 2561 2291 ut
2572 2240 2789 2291 Graecis
2804 2238 3009 2291 litteris
3020 2236 3411 2298 perdiscendis
3426 2247 3626 2296 cperam
3642 2233 3803 2303 daret,

2192 2313 2346 2378 quod
2363 2301 2609 2365 Rufinus
2633 2311 2945 2363 Clementis
2966 2308 3208 2361 Romani
3235 2306 3524 2378 Pontificis
3550 2301 3802 2378 transla-

2192 2376 2427 2443 tionem,
2452 2396 2488 2435 a
2505 2382 2742 2433 Paulino
2766 2382 3071 2453 digestam,
3084 2392 3200 2453 non
3206 2379 3378 2453 valde
3387 2376 3803 2453 probaret._1issc

2192 2470 2266 2510 ex
2288 2454 2510 2508 Paulini
2532 2454 2669 2518 epis.
2696 2443 2893 2505 XLVI.
2927 2443 3070 2503 alias
3104 2451 3322 2502 XLVII.
3348 2459 3462 2513 qua
3484 2443 3805 2518 Rufinilit-

2192 2534 2361 2590 teras,
2388 2515 2724 2591 quanquam
2746 2524 2937 2586 breves,
2966 2522 3075 2574 sibi
3097 2534 3307 2586 magno
3317 2518 3609 2584 refrigerio
3624 2515 3803 2591 fuisse

2191 2588 2518 2664 respondet,
2534 2598 2584 2661 ej
2595 2608 2778 2658 usque
2797 2593 3176 2646 sollicitudine
3192 2606 3255 2645 se
3265 2592 3534 2644 affectum
3547 2588 3803 2664 significat

2192 2658 2420 2734 sperare
2446 2658 2815 2738 tameniliius
2837 2677 2956 2738 pra;
2966 2666 3152 2717 sentia
3176 2677 3237 2716 se
3260 2664 3451 2715 denuo
3474 2658 3803 2738 exhilaran-

2190 2729 2363 2795 dum:
2393 2742 2623 2791 Graecas
2644 2737 2830 2789 littera
2841 2729 3070 2788 discere
3096 2749 3158 2788 se
3180 2748 3295 2788 non
3318 2746 3507 2799 posse,
3531 2730 3645 2783 nisi
3670 2729 3801 2778 diu-

2188 2815 2300 2869 tius
2322 2811 2514 2864 Ruﬁni
2538 2811 2803 2860 consortio
2812 2809 3149 2873 perfruatur,
3174 2812 3233 2860 et
3243 2807 3536 2872 pleniorem
3556 2806 3689 2869 ejus
3713 2814 3802 2850 co-

2184 2887 2342 2951 piam
2365 2884 2594 2943 habeat,
2619 2886 2688 2933 ut
2708 2880 2859 2933 illius
2884 2882 3089 2946 opibus
3109 2880 3369 2931 ditescat.
3393 2875 3646 2931 Subinde
3684 2873 3800 2951 epi-

2190 2946 2355 3008 ὲιοιω
2366 2954 2523 3006 hunc
2543 2952 2717 3005 finem
2738 2956 2981 3013 imponit:
3000 2953 3064 3002 In
3080 2957 3462 3014 temporesane,
3475 2962 3581 3014 quo
3595 2946 3803 3009 scripta

2196 3030 2302 3078 haec
2334 3026 2719 3084 scribebantur,
2740 3025 2925 3075 cecidit
2943 3024 3041 3074 sub
3067 3019 3802 3086 oeulisincidens,pr0posita

2196 3098 2427 3155 lectione,
2445 3096 2760 3161 Capitulum
2772 3096 2911 3145 illud
2926 3111 2993 3145 ea:
3005 3095 3209 3156 Genesi,
3229 3094 3372 3158 quod
3392 3093 3431 3143 J
3433 3092 3569 3142 udas
3588 3089 3802 3140 aJacob

2199 3169 2528 3220 benedicitur
2548 3167 2763 3231 (XLIX.
2788 3165 2863 3227 8.)
2879 3167 2945 3216 Et
2971 3168 3106 3231 quia
3129 3166 3393 3216 Dominus
3410 3161 3806 3230 opportunissi-

2200 3256 2350 3291 mam
2378 3241 2518 3289 hanc
2554 3240 2885 3289 occasiorem
2923 3238 3155 3299 dederat,
3194 3237 3411 3301 pulsare
3443 3240 3555 3300 post
3595 3240 3804 3297 tempus

2192 3315 2332 3379 fores
2357 3312 2437 3361 tui
2461 3310 2635 3360 cordis
2657 3310 2878 3375 placuit.
2907 3310 3068 3372 Ergo,
3100 3310 3147 3358 si
3169 3324 3252 3358 me
3275 3322 3448 3370 amas,
3471 3307 3641 3379 immo
3666 3307 3805 3370 quia

2193 3378 2427 3434 multum
2444 3397 2618 3442 amas,
2643 3397 2791 3445 rogo,
2808 3386 2864 3429 ut
2881 3381 3080 3429 scribas
3101 3380 3263 3444 mihi,
3280 3386 3340 3429 ut
3356 3378 3609 3442 intelligis
3622 3378 3805 3441 ipsam

2194 3455 2658 3509 Patriarcharum
2683 3452 3120 3502 benedictionem:
3137 3452 3244 3501 etsi
3265 3466 3375 3515 qua
3392 3452 3502 3516 ipse
3521 3449 3622 3498 scis
3646 3449 3710 3497 in
3727 3448 3801 3497 eis

2195 3528 2375 3578 ardua
2398 3540 2575 3584 sensu,
2609 3529 2655 3573 et
2683 3524 2855 3587 digna
2878 3524 3189 3583 eoinitione,
3232 3523 3366 3573 scire
3398 3535 3483 3571 me
3504 3520 3646 3569 velis.
3678 3518 3805 3585 Spe-

2193 3599 2401 3650 cialiter
2422 3602 2599 3647 tamen
2611 3596 2673 3645 de
2685 3595 2932 3660 Capitula
2955 3594 3046 3644 illo
3065 3596 3311 3645 Geneseos
3326 3593 3505 3656 (XLIV,
3524 3597 3574 3641 11
3588 3631 3602 3655 ,
3621 3605 3804 3640 secun-

2195 3674 2313 3719 dum
2342 3668 2499 3730 LXX.)
2530 3668 2587 3716 in
2616 3681 2722 3730 quo
2752 3667 2847 3725 ait,
2872 3666 3109 3729 alligans
3125 3663 3594 3729 advitempulium
3618 3676 3803 3721 suum,

2194 3747 2240 3791 et
2266 3740 2340 3791 ad
2362 3740 2603 3790 cilicium
2625 3738 2840 3801 pullum
2856 3738 3024 3786 asinae
3041 3737 3293 3800 επιεικᾳαί
3313 3749 3445 3785 suus
3466 3736 3512 3783 is
3541 3733 3805 3798 pullussit

2196 3812 2271 3862 vel
2309 3812 2432 3876 quis
2477 3811 2645 3860 asinae
2676 3807 2898 3874 pullus?
2942 3808 3009 3858 Et
3034 3823 3133 3857 cur
3162 3823 3293 3857 suus
3315 3807 3388 3856 ad
3420 3806 3597 3863 vitem,
3634 3806 3807 3855 asinae

2196 3898 2315 3933 vero
2342 3882 2524 3947 pullus
2565 3881 2637 3931 ad
2671 3881 2913 3929 cilicium
2950 3879 3201 3942 alligetur
3222 3883 3247 3930 ?
3280 3881 3365 3930 Ita
3387 3877 3681 3941 Paulinus,
3707 3878 3807 3940 qui

2195 3955 2440 4008 eandem
2453 3952 2839 4017 quaestionem
2854 3951 2963 4002 sibi
2975 3963 3009 4002 a
3019 3951 3291 4000 Desiderio
3309 3952 3597 4012 presbytero
3608 3951 3805 3999 dudum

2197 4026 2548 4089 pronositam
2599 4023 2814 4074 indicat
2850 4022 3013 4087 epist.
3041 4023 3236 4074 XLIII.
3257 4022 3395 4073 alias
3419 4020 3657 4072 XXXV.
3684 4021 3728 4085 ξ.
3754 4017 3804 4074 3.

2259 4098 2325 4148 V.
2352 4094 2626 4159 Quamvis
2654 4093 2905 4155 Ruﬁnus,
2928 4097 2993 4146 ut
3015 4093 3232 4145 dictum
3257 4099 3377 4151 est,
3401 4091 3562 4144 libris
3589 4092 3807 4144 Periar-

2196 4168 2348 4219 chon
2377 4164 2671 4217 vertendis
2683 4165 2927 4223 Operam
2952 4164 3129 4228 daret,
3143 4165 3331 4228 paruit
3364 4167 3558 4215 tamen
3574 4163 3810 4214 amicis-

2197 4240 2343 4290 simo
2366 4237 2557 4300 capiti,
2581 4235 2909 4299 librumque
2937 4236 3181 4297 primum
3202 4234 3719 4288 JacobeiVaticinii
3738 4235 3803 4287 de

2195 4308 2657 4359 Benedictionibus
2695 4306 2849 4355 Judc
2893 4306 2965 4358 ad
3010 4307 3270 4357 Paullum
3301 4306 3527 4365 direxit,
3564 4306 3807 4369 epistola

2196 4380 2496 4431 modestiae
2536 4382 2594 4428 et
2641 4378 2810 4429 bonm
2848 4376 3029 4442 frugis
3059 4379 3226 4441 plena
3250 4378 3435 4430 eidem
3465 4377 3806 4440 praemissa;

2197 4452 2352 4502 unde
2375 4447 2654 4501 nonnulla
2672 4448 2785 4499 huc
2799 4450 3140 4501 transferam
3155 4466 3167 4501 :
3182 4450 3394 4508 Quanto
3405 4448 3582 4511 magis
3596 4448 3807 4514 inquit,

2198 4536 2292 4585 ego
2307 4536 2390 4571 me
2416 4521 2509 4570 tibi
2532 4534 2723 4569 excuso
2745 4525 2794 4568 et
2815 4521 2998 4569 minus
3022 4520 3280 4569 idoneum
3296 4521 3369 4570 ad
3403 4521 3809 4584 responsionem

2199 4608 2405 4653 eorum,
2431 4607 2551 4657 qua:
2564 4591 2870 4645 sciscitaris.
2886 4592 3138 4654 adﬁrmo,
3162 4597 3309 4641 tanto
3326 4597 3383 4640 tu
3400 4591 3703 4640 instantius
3716 4607 3811 4654 per

493 4651 823 4718 tentiar'um',
849 4673 983 4724 quin
1006 4663 1135 4726 ejus
1160 4667 1361 4727 utique
1388 4672 1541 4717 sunt.
1567 4667 1655 4717 Ab
1678 4667 1769 4718 his
1788 4651 1946 4719 enim
1967 4666 2095 4719 alite
2118 4651 2175 4725 D
2200 4651 2454 4723 centuriis,
2501 4668 2545 4711 et
2589 4662 2911 4725 difﬁciliora
2935 4651 3228 4726 perquiris,
3252 4679 3314 4713 ac
3337 4662 3474 4712 velut
3500 4662 3632 4711 lenti
3666 4651 3810 4713 bovis

490 4730 723 4801 fuerunt
742 4743 887 4793 quas
910 4733 1033 4797 ipse
1056 4735 1289 4787 omnino
1308 4736 1629 4799 damnavit,
1655 4743 2009 4801 conquestus
2024 4740 2097 4789 ab

490 4800 780 4853 hmreticis
804 4804 1015 4867 scripta
1030 4816 1136 4856 sua
1158 4813 1424 4869 corrupta
1436 4806 1634 4870 fuisse,
1649 4800 2004 4859 utdiscimus
2024 4822 2097 4861 ex

492 4872 747 4938 epistola,
773 4886 947 4938 quam
973 4876 1219 4929 Rufinus
1240 4878 1520 4931 latinitate
1544 4879 1798 4931 donavit.
1829 4880 1939 4932 Sed
1972 4886 2095 4932 tan-

492 4942 624 4996 dem
644 4944 905 5009 Origenis
922 4960 1095 5012 opera
1108 4950 1307 5002 multis
1322 4951 1615 5002 erroribus
1640 4951 1849 5003 infecta
1861 4966 2099 5013 perman-

494 5020 712 5081 serunt,
735 5021 858 5070 tum
882 5018 1009 5079 illis,
1024 5033 1169 5085 quos
1183 5021 1516 5074 dubitanter
1532 5022 2099 5086 ipsemetproposue-

494 5092 600 5159 rat,
627 5096 750 5139 tum
768 5088 857 5147 iis,
874 5103 1019 5153 quos
1034 5092 1285 5145 hmretici
1299 5098 1499 5159 postea
1511 5091 1712 5144 dolose
1730 5092 2099 5146 inseruerunt

494 5158 730 5223 Utrique
752 5160 825 5212 ob
845 5164 1096 5215 auctoris
1125 5158 1336 5216 famam
1356 5165 1678 5215 Sectatores
1698 5162 1976 5227 plurimos
1995 5177 2099 5216 na-

493 5230 589 5301 cti,
616 5230 846 5284 saeculis
874 5236 1316 5298 insequentibus
1339 5246 1584 5301 magnos
1609 5234 1887 5300 strepitus
1912 5238 1972 5288 in
1996 5237 2099 5288 Ec-

492 5300 665 5353 clesia
688 5303 1038 5358 excitarunt.

556 5373 647 5424 IV.
685 5375 767 5426 Ex
799 5374 910 5435 his,
937 5388 1071 5441 qum
1091 5376 1357 5441 superius
1394 5374 1533 5434 dixi,
1556 5380 1731 5438 patet,
1754 5376 2021 5439 Ruﬁnum
2039 5379 2097 5431 in

493 5443 680 5493 Pineto
694 5459 811 5497 non
828 5447 1013 5499 solum
1026 5447 1201 5500 libros
1220 5446 1551 5498 Pcriarchon
1562 5484 1574 5508 ,
1595 5447 1694 5498 Sed
1707 5452 1765 5499 et
1778 5447 1920 5499 alios
1936 5448 2099 5501 lucu-

492 5515 693 5568 brasse
712 5518 861 5570 intra
885 5518 1024 5579 illud
1047 5519 1238 5584 ipsum
1265 5520 1510 5583 tempus,
1531 5530 1665 5582 quo,
1686 5518 2098 5584 Hierosolymis

492 5587 695 5651 redux,
720 5589 781 5641 in
806 5591 1080 5643 Romanis
1102 5589 1362 5655 partibus
1387 5593 1649 5641 moratus
1663 5593 1769 5652 est,
1781 5590 2099 5645 nimiruma

493 5671 627 5710 vere
646 5661 782 5711 anni
794 5658 994 5715 397.ad
1007 5664 1367 5712 Autumnum
1380 5660 1514 5712 anni
1532 5661 1896 5725 insequentis
1909 5660 2096 5716 398.in

495 5730 662 5793 cujus
688 5729 820 5785 ilne.
844 5731 1063 5784 scilicet
1077 5730 1169 5784 die
1189 5745 1327 5784 xxv.
1349 5732 1692 5785 Novembris
1715 5732 1853 5786 obiit
1868 5733 2099 5786 Siricius

495 5800 774 5854 Pontifex.
799 5803 888 5855 Ab
912 5801 1022 5854 hoc
1044 5802 1196 5855 enim
1220 5803 1408 5857 adhuc
1429 5804 1760 5870 superstite,
1785 5804 1964 5858 literis
1988 5806 2101 5859 for-

491 5872 684 5937 matis,
706 5871 782 5926 de
800 5884 961 5926 more
981 5873 1249 5941 acceptis,
1272 5876 1506 5941 Ruﬁnus
1526 5877 1712 5931 Roma
1731 5875 2019 5943 discessit,
2035 5883 2102 5932 ut

2199 4736 2328 4783 vitio
2360 4733 2705 4799 deprehenso,
2747 4739 3052 4782 cunctantes
3074 4749 3258 4783 armos
3279 4740 3325 4783 et
3349 4738 3644 4783 retrorsum
3663 4740 3809 4799 terga

2198 4807 2453 4861 cedentia,
2473 4803 2707 4855 stimulis
2718 4803 3171 4868 pertiniacoribus
3191 4805 3429 4869 perfodis
3448 4804 3723 4857 Aitetiam
3738 4805 3810 4858 de

2198 4889 2259 4929 re
2281 4877 2432 4942 ipsa:
2447 4874 2591 4941 quod
2608 4874 2789 4939 utique
2808 4878 2853 4923 et
2877 4875 2974 4924 otii
2999 4882 3045 4925 et
3068 4876 3325 4941 temporis
3348 4891 3459 4925 non
3476 4890 3677 4938 parum
3694 4892 3811 4941 qua:

2197 4949 2288 5008 rit,
2312 4953 2374 5007 et,
2390 4953 2446 4995 ut
2470 4946 2690 5009 fidelius
2713 4946 2912 5009 dicam,
2938 4948 3083 5012 quod
3104 4953 3331 4997 mentem
3353 4947 3566 5010 Spiritu
3611 4946 3809 4997 Sancto

2198 5019 2575 5068 illuminatam
2600 5018 2844 5076 deposcit.
2873 5018 3202 5071 Notandum
3219 5024 3309 5071 est
3325 5030 3507 5083 porro,
3521 5017 3594 5070 de
3618 5020 3810 5071 seRu-

2197 5090 2401 5155 finum,
2431 5089 2751 5142 Christiano
2778 5101 2955 5154 more,
2986 5091 3043 5141 in
3062 5091 3290 5155 scriptis
3313 5090 3695 5147 suis.modeste
3719 5094 3813 5139 ad-

2198 5162 2435 5215 modum
2451 5166 2509 5214 et
2521 5160 2771 5213 demisse
2788 5161 2999 5225 ubique
3018 5163 3374 5214 sentireiioc
3387 5161 3555 5214 video
3571 5163 3811 5212 animad-

2204 5246 2432 5286 versum
2450 5234 2624 5285 eliam
2645 5230 2979 5284 Tillemonio
3001 5238 3143 5293 tom;
3169 5246 3272 5286 χιι.
3298 5238 3399 5285 art.
3427 5231 3513 5287 84.
3539 5245 3673 5298 pag.
3701 5233 3811 5289 2210

2199 5306 2470 5357 Paulinus
2483 5303 2720 5356 vixdum
2733 5308 2965 5368 accepta
2981 5305 3175 5368 Rufini
3190 5304 3587 5369 explicatione,
3602 5317 3705 5369 per
3720 5306 3810 5357 Ce-

2198 5377 2395 5425 realem
2420 5389 2491 5427 ex
2514 5375 2665 5427 Urbe
2688 5374 2830 5424 Nola
2854 5377 3094 5426 Romam
3113 5379 3492 5428 revertentem
3510 5376 3813 5441 rescripsit

2197 5448 2498 5512 epistolam
2522 5445 2743 5497 XLVII.
2769 5445 2912 5497 alias
2938 5447 3184 5499 XLVIII.
3212 5448 3272 5499 in
3297 5448 3553 5498 Pinetum
3573 5448 3625 5499 ei
3646 5447 3813 5501 defe-

2196 5519 2449 5571 rendam.
2476 5521 2542 5571 In
2568 5519 2675 5570 hac
2705 5523 3011 5583 postquam
3036 5520 3300 5581 Rufinum
3323 5523 3605 5583 rogasset,
3634 5531 3709 5571 ne
3731 5532 3809 5571 ex

2200 5590 2361 5643 Italia
2385 5598 2721 5641 remeaturus
2745 5592 2815 5643 ad
2834 5591 3526 5653 Orientem,eoinvisitato
3542 5589 3813 5643 discede-

2198 5666 2319 5725 ret;
2362 5663 2534 5714 etiam
2568 5663 2836 5727 postulat,
2867 5668 2925 5711 ut
2950 5662 3374 5711 Benedictionem
3413 5672 3518 5714 xii.
3558 5661 3813 5711 Patriar-

2198 5734 2431 5785 charum
2448 5735 2619 5797 cujus
2646 5735 2869 5800 (inquit)
2887 5734 3005 5799 iam
3025 5734 3365 5800 principium
3390 5732 3811 5797 mihi,ea:posita

2198 5807 2345 5858 circa
2383 5820 2676 5873 personam
2719 5807 2874 5858 Juds:
2903 5805 3212 5871 prophetia,
3252 5804 3471 5871 triplici,
3508 5809 3568 5853 ut
3593 5805 3815 5869 jussum

2197 5884 2286 5943 est,
2309 5878 2750 5944 interpretatione
2773 5878 3086 5944 conscriptis
3105 5877 3349 5943 paginis,
3364 5875 3599 5937 edidisti,
3611 5890 3711 5942 per
3728 5891 3811 5927 re-
