3902 6436
91 364 192 422 129

1361 365 1556 419 VITA.
1585 367 1717 418 LIB.

1867 367 2022 421 CAP.
2057 370 2129 423 II.
3300 384 3408 442 130

88 478 265 555 liquos
277 476 433 541 filios
448 476 795 555 distributum
831 475 1071 555 digneris
1089 490 1372 555 exponere,
1388 482 1447 526 ut
1462 477 1573 555 ipse
1589 494 1690 555 per
1711 483 1763 555 Α
1787 481 2000 555 scripto.
2016 480 2290 555 Equidem
2314 480 2495 547 ipsum
2512 483 2864 548 scriptorium
2874 493 3242 542 atramentum
3268 511 3411 547 acer-

87 556 132 600 εε
151 550 298 612 ﬁam
312 550 558 627 οοηροίμε
580 547 837 627 veru-ari,”
864 554 916 627 ﬁt
933 562 1147 627 magnae
1178 548 1372 627 gratiae
1409 564 1471 627 ac
1510 549 1693 627 laudis
1711 547 1763 555 ”
1791 553 1948 627 bitate
1969 568 2071 603 sua
2093 554 2274 618 plures
2299 569 2475 627 versus
2496 547 2670 606 erosos
2694 572 2758 608 ac
2789 564 3195 627 transparentes
3222 568 3409 618 reddi-

88 629 361 671 auctorem
407 620 655 681 habeam,
672 620 720 668 si
745 620 831 669 his
862 620 1174 683 (Desiderio
1206 621 1559 685 presbytero)
1596 622 1694 685 qui

88 692 149 741 de
184 706 271 741 me
311 707 487 756 supra
518 706 600 740 me
647 690 1009 755 (judicantes)
1047 697 1269 755 propter
1313 692 1488 755 operis
1535 692 1693 754 (difﬂ-

88 761 381 826 cultatem)
430 761 821 812 consulendum
862 775 946 811 me
987 767 1350 826 putaverunt,
1382 762 1576 813 divina
1604 778 1697 828 po-

88 834 191 886 tius
214 843 262 884 et
293 842 386 884 tuo
423 833 645 898 spiritu,
676 847 844 897 quam
864 833 928 881 de
943 847 1058 882 meo
1073 848 1230 882 sensu
1253 834 1458 898 inepta,
1483 850 1696 899 respon-

88 907 261 956 deam.
283 904 531 957 Ruﬁnus
556 904 1026 968 Quadragesimm
1050 903 1256 957 diebus
1293 917 1366 956 ex
1407 905 1596 955 Pineto
1620 906 1696 958 ad

88 978 392 1029 Paulinum
422 976 580 1027 misit
610 988 743 1040 quae
778 977 1191 1040 postulaverat,
1231 988 1439 1042 nempe
1485 976 1696 1030 librum

88 1050 155 1100 Il.
180 1049 242 1099 in
265 1046 671 1097 Benedictiones
701 1047 1054 1110 reliquorum
1092 1060 1172 1098 x1.
1212 1048 1691 1101 Patrlarcharum.

88 1121 212 1171 Hoc
256 1124 444 1171 totum
490 1130 637 1183 opus
682 1124 966 1170 memorat
991 1120 1325 1185 Gennadius
1370 1120 1431 1169 in
1470 1119 1697 1173 Catalo-

88 1204 162 1256 go
217 1189 312 1241 his
348 1189 540 1241 verbis
585 1200 707 1254 cap.
755 1191 913 1241 XVII
981 1189 1232 1238 disseruit
1280 1190 1602 1256 (Ruﬁnus)
1649 1196 1695 1241 et

88 1261 508 1311 benedictionem
538 1259 699 1309 Jacob
721 1275 882 1324 super
926 1260 1282 1310 Patriarchas
1306 1261 1527 1326 triplici,
1564 1262 1696 1311 idest

92 1334 368 1392 historico,
393 1330 612 1393 morati,
635 1337 681 1380 et
704 1333 926 1395 mystico
963 1346 1141 1382 sensu.
1174 1336 1250 1383 At
1271 1344 1427 1383 error
1451 1332 1695 1396 supinus

94 1404 329 1469 irrepsit
356 1407 416 1456 in
459 1402 663 1454 Isidori
686 1404 1025 1467 Catalogum
1057 1415 1181 1465 cap.
1206 1404 1301 1454 IV.
1330 1404 1430 1454 ubi
1466 1403 1595 1455 haec
1623 1403 1698 1456 le-

87 1481 340 1541 guntur:
363 1474 637 1526 Paulinus
658 1473 931 1540 presbyter
956 1473 1214 1539 explicuit
1236 1475 1298 1524 in
1320 1475 1699 1525 benedictioni-

88 1547 182 1597 bus
203 1547 496 1598 Patriarch
506 1561 668 1596 arum
705 1546 911 1611 triplici
941 1546 1309 1610 intelligentiae
1330 1561 1535 1612 genere,
1561 1546 1699 1596 libel-

91 1619 205 1669 lum
222 1620 356 1670 satis
371 1616 902 1669 succinctabrevitate
916 1619 1290 1682 compositum.
1321 1620 1466 1670 Cum
1490 1618 1697 1669 Isidoro

94 1691 232 1742 facit
253 1690 552 1754 Honorius,
579 1689 651 1741 de
668 1701 825 1741 more
839 1689 1003 1741 illum
1019 1692 1358 1741 exscribens
1368 1688 1464 1740 lib.
1484 1692 1554 1741 II.
1572 1702 1695 1755 cap.

95 1763 321 1814 CXVII.
348 1761 553 1826 Viden,
580 1760 817 1810 Paulino
842 1760 1066 1813 cuidam
1087 1760 1389 1826 presbytero
1410 1762 1570 1826 Opus
1594 1762 1696 1813 tri-

92 1835 209 1899 bui,
236 1834 393 1897 quod
415 1832 658 1894 Rufinus
673 1836 877 1898 rogatu
900 1835 1095 1897 magni
1120 1832 1272 1883 illius
1302 1833 1488 1884 Pontii
1513 1834 1696 1885 Mero-

92 1908 168 1972 pii
192 1906 435 1967 Paulini,
453 1912 655 1971 postea
667 1906 868 1957 Nolani
894 1906 1166 1971 episcopi,
1185 1907 1524 1970 scripserat?
1539 1906 1694 1959 Idem

94 1979 361 2043 Isidorus,
386 1990 636 2041 cumque
661 1990 728 2030 eo
771 1979 1065 2031 Aubertus
1105 1979 1337 2031 Mirmus
1360 1978 1421 2029 in
1464 1978 1697 2031 scholiis

98 2052 255 2103 hunc
276 2049 585 2100 Paulinum
603 2049 975 2114 presbyterum
999 2061 1134 2100 cum
1165 2048 1426 2113 ejusdem
1449 2049 1700 2102 nominis

93 2124 326 2173 diacono
365 2126 423 2173 et
446 2122 666 2173 notario
704 2121 898 2172 Sancti
921 2121 1209 2172 Ambrosii
1234 2120 1695 2185 Mediolanensis,

94 2193 420 2259 improvide
457 2193 833 2245 miscuerunt.
872 2194 1057 2255 Error,
1095 2196 1285 2256 quoad
1310 2206 1457 2258 opus
1479 2194 1697 2257 Rufini,

94 2265 356 2318 suboluit
370 2264 646 2316 Casimiro
662 2265 887 2316 Oudino
910 2264 970 2314 in
995 2263 1396 2329 supplemento
1416 2264 1702 2317 Bellarmi-

94 2340 275 2390 niauo
298 2348 432 2402 pag.
465 2335 552 2391 61.
584 2342 643 2388 et
681 2334 1046 2387 Tillemontio
1070 2340 1206 2387 tom.
1249 2337 1374 2401 XII,
1421 2349 1548 2401 pag.
1574 2335 1697 2391 196.

94 2412 316 2462 Auctor
339 2415 412 2460 de
452 2409 575 2459 XII.
601 2407 1006 2471 Scriptoribus,
1043 2407 1262 2459 Isidoro
1284 2410 1343 2460 et
1366 2406 1699 2459 Hildefonso

95 2484 223 2546 subj
232 2480 721 2545 ectus,ignorasse
736 2479 1255 2543 videtm,quisnam
1265 2486 1396 2529 esset
1408 2479 1698 2543 Paulinus,

94 2554 166 2605 ad
205 2564 383 2617 quem
421 2551 664 2614 Rufinus
700 2549 914 2603 librum
938 2551 1164 2612 direxit,
1190 2551 1269 2603 ait
1300 2552 1457 2603 enim
1480 2563 1602 2616 cap.
1631 2551 1699 2602 V.

103 2625 175 2689 Ty
183 2625 424 2674 rannius
434 2624 555 2689 Ruf
550 2623 897 2688 inusseripsit
911 2623 1538 2679 adounuoutPaulinum
1552 2638 1702 2688 pres-

94 2695 345 2760 byterum
373 2696 437 2745 de
480 2693 929 2745 benedictionibus
973 2694 1454 2755 Patriarcharum,
1500 2694 1703 2759 triplici

95 2768 455 2833 intelligentia
500 2765 700 2816 librum
734 2766 864 2816 satis
904 2766 1252 2827 succinctum,
1282 2772 1330 2815 et
1361 2765 1513 2815 clara
1535 2765 1702 2816 brevi-

99 2845 203 2890 tate
217 2838 593 2904 compositum.
626 2839 764 2890 Mox
782 2836 1055 2901 Rufinum
1080 2836 1370 2902 suggillet,
1396 2836 1551 2901 quod
1571 2849 1703 2905 sex-

98 2916 219 2964 tam
248 2909 611 2976 prophetiam
646 2909 718 2962 de
740 2909 865 2959 Dan
898 2922 1019 2961 non
1055 2909 1129 2961 ad
1151 2909 1572 2974 Antichristum,
1600 2908 1704 2961 sed

97 2984 171 3036 ad
206 2983 519 3034 Dominum
541 2985 806 3034 nostrum
828 2980 1085 3034 retulerit
1109 2999 1121 3032 :
1174 2981 1262 3031 hic
1285 2985 1465 3031 autem
1493 2981 1703 3045 inquit,

88 3055 260 3120 juxta
299 3055 588 3120 mysticum
636 3068 853 3104 sensum
893 3069 957 3103 ea
984 3069 1102 3119 quae
1144 3052 1208 3103 de
1242 3052 1368 3103 Dan
1396 3052 1512 3117 ﬁlio
1543 3052 1702 3104 Jacob

91 3128 298 3192 scripta
314 3132 461 3188 sunt,
486 3140 601 3176 non
622 3131 756 3175 recte
799 3124 862 3175 de
885 3125 1121 3175 Domino
1154 3129 1337 3175 nostro
1389 3126 1705 3190 interpreta-

95 3204 205 3265 tur,
230 3199 366 3248 dum
386 3197 579 3265 procul
623 3195 786 3247 dubio
814 3196 889 3247 ad
914 3197 1315 3247 Antichrislum
1329 3197 1515 3247 eadem
1536 3197 1705 3261 perti-

94 3286 220 3321 nere
262 3275 582 3320 sanctorum
620 3268 853 3319 Patrum
897 3268 1089 3334 probat
1110 3270 1350 3319 assertio.
1374 3268 1482 3319 Sed
1505 3280 1706 3330 quam-

99 3342 185 3394 vis
209 3341 322 3394 hoc
354 3340 691 3393 vaticinium
713 3351 748 3392 a
769 3339 1082 3399 nonnullis,
1110 3352 1258 3404 quos
1284 3343 1565 3392 recenset.
1591 3341 1701 3391 Be-

99 3413 373 3467 nedictus
397 3413 655 3465 Pererius
678 3416 799 3464 tom
835 3413 930 3464 IV.
956 3413 1016 3463 in
1051 3412 1322 3465 Genesim
1345 3423 1469 3477 cap.
1501 3411 1702 3463 XLIX.

102 3485 174 3538 de
198 3484 562 3539 Antichristo
584 3484 913 3549 accipiatur,
939 3489 1158 3537 certum
1174 3488 1471 3536 esttamen
1485 3483 1548 3535 in
1561 3481 1706 3535 alias

102 3557 429 3610 sententias
460 3570 497 3609 a
520 3558 783 3609 Patribus
816 3556 988 3621 trahi,
1021 3568 1272 3621 quorum
1293 3561 1421 3609 octo
1445 3556 1706 3608 Pererius

102 3629 374 3681 adducit:
398 3628 494 3680 alii
517 3628 674 3681 enim
700 3627 773 3682 de
796 3627 1074 3694 Samsone,
1092 3628 1187 3682 alii
1206 3628 1383 3683 etiam
1419 3627 1492 3681 de
1514 3627 1708 3678 Mcssia

100 3701 574 3767 interpretantor.

170 3773 268 3825 VI.
296 3773 420 3824 Hoc
436 3784 584 3837 opus
594 3771 783 3837 Rufini
805 3772 1122 3836 inversum,
1146 3771 1475 3835 confusum,
1498 3781 1607 3823 nec
1623 3773 1709 3823 ta-

104 3856 244 3897 men
261 3847 451 3897 totum
462 3843 835 3896 Constantius
860 3843 1207 3896 Hierotheus
1237 3844 1346 3896 sub
1370 3841 1515 3895 falso
1543 3841 1708 3894 titulo

106 3914 362 3966 Homilic
385 3917 435 3966 Χ
443 3916 550 3977 VII,
576 3916 638 3965 in
664 3916 926 3974 Genesim,
950 3928 1169 3980 proque
1192 3914 1334 3967 fastu
1360 3912 1708 3976 Adamantii,

105 3989 335 4053 primus
346 3988 609 4053 vulgavit
619 4000 751 4039 cum
769 3987 1132 4053 Origenianis
1146 3986 1428 4053 Operibus
1442 3986 1504 4037 in
1515 3988 1709 4035 Novum

110 4062 559 4112 Testamentum
577 4060 1068 4125 postHomiliasin
1086 4060 1343 4112 Psalmos
1357 4058 1580 4113 ΐοισιν.
1593 4058 1709 4111 edi-

111 4133 289 4185 tionis
315 4133 556 4185 Venettn
578 4133 728 4197 apud
751 4132 1021 4182 Lazarum
1046 4132 1323 4184 Soardum
1365 4132 1430 4183 Α.
1457 4133 1522 4183 D.
1550 4129 1708 4185 1516.

110 4203 274 4270 Opus
297 4203 506 4256 deinde
523 4217 630 4256 suo
644 4205 879 4256 Auctori
900 4204 1253 4270 restitutum,
1273 4203 1374 4255 sed
1386 4202 1561 4269 priori
1588 4202 1711 4256 edi-

112 4278 270 4330 tione
281 4276 563 4341 ignorata,
578 4276 859 4326 Johannes
871 4276 1132 4325 Heroldus
1147 4278 1363 4325 inseruit
1375 4275 1713 4325 Orthodoaco-

111 4349 345 4415 graphis
376 4348 663 4412 Theologiw
706 4353 1055 4398 sacrosancte
1098 4352 1254 4400 tomo
1294 4349 1364 4398 II.
1402 4358 1534 4412 pag.
1554 4346 1694 4402 14⁸23

111 4420 271 4474 unde
297 4423 405 4471 huc
430 4419 790 4482 transferam,
815 4432 949 4484 quas
993 4419 1255 4469 Ileroldus
1296 4419 1368 4471 de
1394 4419 1615 4483 Codice,
1641 4430 1716 4470 ex

112 4505 231 4559 quo
242 4505 394 4556 opus
405 4491 545 4544 illud
569 4492 891 4556 descripsit,
904 4491 1065 4543 initio
1081 4490 1375 4557 praefatur,
1401 4495 1539 4544 sunt
1561 4491 1717 4543 enim

112 4564 269 4617 lectu
292 4563 545 4616 maxime
564 4562 773 4628 digna:
799 4562 1055 4627 Georgius
1087 4563 1375 4626 Pictorius,
1412 4563 1506 4614 Vir
1524 4562 1716 4614 claris-

111 4636 289 4686 simus
311 4636 463 4701 apud
473 4635 800 4700 Ensisheym
819 4635 1058 4685 medicus
1077 4634 1349 4696 excellens,
1374 4640 1538 4699 utque
1561 4635 1623 4685 de
1646 4633 1717 4683 li-

1730 3236 1779 3314 C

1794 624 1967 698 derat,
1992 630 2051 698 ut
2072 625 2495 698 emistigmatibus
2523 632 2739 678 tantum
2771 629 2874 696 legi
2897 624 3125 698 possent,
3151 638 3263 688 nisi
3300 640 3407 691 sive

1792 697 2008 774 regione
2031 696 2091 744 in
2113 696 2256 774 facie
2277 698 2500 746 alterius
2520 700 2740 764 paginae
2762 696 2944 754 versus
2978 696 3153 756 versui
3190 724 3407 774 respon-

1794 768 1951 828 deret,
1977 773 2105 817 tunc
2144 769 2403 833 utrinque
2434 771 2615 833 major
2654 772 2890 824 instabat
2913 774 3081 831 labor.
3121 768 3408 832 Accedebat

1793 845 1840 888 et
1864 840 1961 911 hoc
1990 840 2137 911 quod
2154 839 2230 888 vel
2251 839 2440 903 pluvia
2466 841 2763 909 irrorante,
2780 861 2892 911 qua
2927 848 3062 899 olim
3084 850 3410 903 adservaba-

1795 915 1901 971 tur,
1930 909 2320 971 bibliothecam,
2356 912 2432 961 vel
2456 912 2590 962 dum
2624 914 2728 964 huc
2751 909 2912 982 atque
2937 920 3067 971 illuc
3087 923 3162 972 ad
3185 930 3410 975 ostentw

1795 983 1996 1030 tionem
2030 982 2215 1058 veteris
2260 985 2604 1058 monumenti
2637 987 2927 1054 perfertur,
2970 991 3031 1040 in
3056 996 3408 1058 marginibus

1795 1053 2275 1114 totusmadefactus
2294 1054 2462 1116 fuerit
2492 1055 2638 1117 liber,
2666 1066 2825 1120 atque
2840 1053 3219 1116 membranula
3243 1071 3408 1117 tener5

1794 1124 1963 1188 rima,
1982 1124 2144 1202 quasi
2166 1124 2378 1189 glutino
2396 1133 2657 1202 concreta,
2672 1130 2817 1202 quod
2829 1130 2996 1194 ferme
3012 1135 3232 1200 singula
3242 1138 3404 1202 folia,

1794 1209 1907 1270 non
1927 1212 1960 1243 ν
1971 1195 2039 1243 isi
2051 1195 2444 1270 lacerarentur,
2459 1198 2566 1270 disj
2572 1200 2705 1270 ungi
2722 1207 2817 1250 aut
2830 1204 3040 1266 aperiri
3051 1195 3281 1270 possent.
3304 1195 3407 1260 Sed

1794 1266 1962 1315 ethoc
1995 1266 2139 1315 taedii
2165 1266 2422 1338 devorare
2443 1268 2611 1329 volui,
2645 1277 2705 1319 ut
2748 1274 2929 1335 quatis
2974 1266 3161 1338 quatis
3197 1278 3406 1329 oblatus

1795 1341 1987 1411 esset,a
2002 1352 2085 1411 me
2110 1337 2493 1388 describeretur
2517 1340 2648 1389 liber
2670 1357 2683 1393 :
2709 1343 2807 1406 qui
2826 1337 3048 1408 quidem
3064 1349 3228 1411 ﬁnem
3243 1365 3407 1400 suum

1796 1422 1907 1458 non
1933 1409 2105 1474 habet,
2126 1425 2307 1474 pauca
2327 1416 2514 1469 tamen
2529 1413 2965 1479 deessesuspicor.
2991 1409 3268 1471 Adhortor
3300 1423 3409 1472 ila-

1794 1495 1897 1544 que
1917 1481 2182 1531 studiosos
2208 1496 2390 1557 omnes
2411 1484 2683 1557 {utquod
2706 1486 2834 1535 huic
2863 1488 3000 1538 deest
3020 1492 3238 1556 scripto,
3263 1508 3404 1557 qua-

1796 1565 2025 1616 cumque
2049 1551 2323 1602 occasione
2348 1553 2407 1601 in
2432 1552 2756 1604 bibliothecis
2788 1559 2979 1608 venari
2994 1551 3176 1622 velint,
3202 1551 3407 1613 iit-tan-

1796 1622 1916 1697 dem
1928 1628 1975 1672 et
1988 1624 2195 1697 integer
2206 1624 2567 1689 theologisque
2581 1640 2768 1676 minus
2779 1643 3008 1679 mancus
3019 1630 3206 1695 offerri
3219 1635 3404 1697 possit.

1799 1693 1961 1745 Idem
1982 1708 2130 1759 opus
2153 1695 2215 1746 in
2240 1696 2364 1747 suis
2390 1698 2779 1750 Monumentis
2805 1693 3147 1754 Sanctorum
3172 1693 3405 1757 Patrum

1798 1765 2390 1840 Orthodoxographis,
2439 1768 2671 1819 Heroldo
2710 1776 2905 1823 tamen
2951 1776 3261 1840 exscripta,
3300 1790 3408 1829 nec

1796 1838 2113 1914 nominato,
2137 1850 2466 1914 comparere
2483 1840 2663 1914 jussit
2691 1842 2975 1893 Johannes
3009 1838 3406 1914 JacobusGry-

1798 1910 2198 1962 naeusBasilem
2217 1909 2371 1974 apud
2387 1911 2697 1963 Henricum
2723 1914 2873 1966 Petri
2889 1918 2957 1967 A.
2975 1920 3043 1969 D.
3072 1916 3230 1972 1569.
3264 1909 3401 1971 tom.

1799 1981 1867 2031 II.
1894 1992 2021 2045 pag.
2041 1980 2196 2036 1065.
2222 1983 2574 2048 Iterumque,
2614 1983 2718 2035 sed
2736 1986 3026 2049 prioribus
3051 1987 3404 2043 editionibus

1797 2053 2010 2115 pariter
2034 2052 2332 2117 ignoratis,
2354 2052 2535 2105 edidit
2551 2056 2895 2108 Laurentius
2915 2057 2987 2111 de
3010 2059 3066 2111 la
3089 2061 3260 2113 Barre
3270 2074 3406 2113 cum

1798 2122 1925 2174 aliis
1939 2124 2128 2187 Ruﬁni
2142 2123 2638 2176 lucubrationibus
2653 2127 2884 2179 Parisiis
2895 2130 3050 2193 apud
3069 2124 3405 2185 Michaelem

1800 2195 2081 2247 Sonnium
2104 2199 2171 2247 A.
2196 2197 2263 2248 D.
2287 2194 2444 2251 1580.
2467 2197 2528 2247 in
2553 2196 2705 2263 folio,
2733 2201 3015 2264 suppletis
3053 2202 3405 2257 editionibus

1800 2267 2021 2316 Heroldi
2067 2271 2127 2319 et
2172 2267 2410 2332 Grynaei.
2449 2268 2562 2320 Sed
2587 2271 2863 2333 peculiari
2899 2272 3407 2328 animadversione

1799 2336 2044 2399 dignum
2066 2341 2183 2409 est,
2217 2339 2489 2389 Barreum
2512 2352 2632 2390 non
2667 2339 2874 2404 solum,
2915 2344 3080 2406 quasi
3103 2357 3406 2409 nunquam

1798 2413 1972 2460 antea
1982 2408 2278 2480 vulgatam
2295 2408 2548 2480 edidisse
2558 2411 2749 2474 Rufini
2763 2413 3067 2476 epistolam
3083 2427 3188 2467 seu
3201 2408 3409 2480 prmia-

1803 2480 2021 2532 tionem
2041 2478 2220 2531 librii.
2247 2479 2636 2531 adPautinum
2661 2481 2969 2548 Nolanum,
3006 2497 3185 2549 quam
3202 2478 3407 2541 tamen

1800 2551 2066 2601 Heroldus
2090 2551 2425 2623 etGrynaus
2447 2551 2668 2623 pridem
2694 2552 3020 2620 ediderant;
3061 2556 3165 2609 sed
3187 2557 3247 2610 in
3275 2560 3405 2623 ejus

1801 2623 2075 2675 extremis
2085 2623 2317 2675 duabus
2330 2622 2499 2675 lineis
2522 2622 2793 2677 lacunam
2818 2627 3066 2680 eandem
3081 2629 3408 2694 reliquisse,

1801 2706 1934 2759 qum
1958 2698 2151 2746 exstat
2183 2694 2245 2745 in
2279 2694 2523 2758 Heroldi,
2562 2695 2886 2760 Gryneique,
2912 2699 3284 2765 editionibus,
3309 2702 3410 2754 ubi

1804 2767 2002 2839 statim
2014 2766 2077 2818 in
2091 2765 2245 2839 calce
2261 2766 2587 2839 Ruﬁnianm
2602 2767 2864 2839 epistolas
2879 2775 3013 2835 post
3029 2773 3272 2825 verbum
3278 2789 3411 2839 pro-

1802 2837 2097 2903 babuntur,
2134 2837 2361 2891 lacuna
2394 2838 2606 2890 indicio
2637 2838 2853 2905 relicto,
2888 2842 3267 2908 subsequitur
3279 2837 3410 2898 'vox

1802 2908 2197 2961 mutila....mis
2219 2909 2437 2973 ceteris,
2460 2909 2521 2960 in
2544 2910 2803 2975 margine
2816 2924 2953 2964 vero
2974 2912 3105 2967 hmc
3127 2915 3412 2969 adnotan-

1804 2984 1920 3034 tur:
1946 2982 2034 3031 hic
2056 2982 2246 3030 desunt
2278 2980 2569 3031 nonnulla.
2598 2983 2841 3034 Barreus
2878 2983 2977 3048 ait,
3004 2997 3068 3037 se
3100 2985 3409 3040 Ruﬂniana

1806 3053 2018 3119 scripta
2026 3052 2246 3104 eruisse
2258 3066 2319 3101 ex
2329 3051 2577 3116 reliquiis
2595 3052 2913 3103 venerabilis
2929 3057 3241 3106 monasterii
3254 3058 3411 3108 Mon-

1806 3126 1872 3174 tis
1926 3124 2042 3175 Dei.
2092 3125 2385 3175 Consonat
2427 3124 2866 3176 vetustissimus
2889 3129 3074 3178 codex
3105 3128 3404 3181 Cmsareus

1803 3195 1958 3249 mille
1980 3199 2041 3248 et
2081 3195 2351 3247 ducentis
2402 3194 2615 3247 abhinc
2648 3196 2819 3248 annis
2854 3195 3033 3251 literis
3062 3200 3406 3265 majusculis

1804 3273 1865 3321 et
1879 3269 2100 3332 absque
2112 3266 2473 3332 singularum
2488 3280 2695 3319 vocum
2710 3267 3100 3335 distinctione,
3114 3275 3406 3338 exaratos,

1803 3339 1958 3404 apud
1980 3338 2353 3392 Lambecium
2376 3339 2438 3389 in
2462 3339 2903 3392 Commentariis
2943 3342 3016 3394 de
3056 3342 3410 3396 Bibliotheca

1804 3414 2069 3465 Cassarea
2103 3413 2241 3464 tom.
2277 3412 2345 3462 II.
2389 3422 2521 3476 pag.
2548 3408 2672 3466 800.
2713 3412 2821 3463 Hic
2844 3412 2998 3465 enim
3024 3414 3207 3466 codex
3230 3414 3408 3468 libros

1804 3486 1871 3536 II.
1890 3483 2082 3547 Rufini
2105 3483 2178 3535 de
2192 3482 2661 3534 Benedictionibus
2684 3483 2959 3549 continet,
2984 3497 3104 3538 una
3117 3499 3251 3538 cum
3274 3486 3414 3540 dua-

1804 3556 1917 3608 bus
1927 3556 2051 3621 jam
2073 3553 2245 3606 dictis
2266 3553 2497 3605 Paulini
2527 3559 2575 3604 et
2595 3554 2782 3617 Ruﬁni
2803 3556 3066 3621 epistolis
3087 3559 3409 3624 ammbtnis,

1804 3639 1924 3679 non
1963 3626 2291 3690 separatim,
2330 3625 2433 3677 sed
2466 3625 2632 3678 initio
2666 3625 2840 3678 simul
2872 3627 3113 3692 positis:
3163 3642 3412 3694 quarum

1805 3698 2196 3765 posterioriad
2232 3696 2539 3748 Paulinum
2563 3697 2646 3750 uti
2681 3701 2771 3750 est
2798 3698 2861 3749 in
2894 3700 3158 3753 Cmsareo
3185 3702 3410 3760 Codice.

1807 3770 1973 3823 deest
1986 3770 2279 3835 integrum
2294 3767 2515 3833 folium,
2527 3781 2667 3821 mox
2681 3780 2717 3821 a
2731 3768 2847 3822 ﬂne
2862 3773 3249 3836 postverbum
3277 3788 3413 3839 pro-

1808 3842 2097 3891 babuntur.
2146 3841 2365 3891 Folium
2411 3854 2565 3906 vero,
2604 3840 2761 3905 quod
2785 3846 2917 3907 post
2948 3842 3215 3897 lacunam
3238 3857 3275 3897 a
3296 3846 3414 3898 ﬂne

1808 3912 2191 3980 princedentis
2202 3912 2318 3963 folii
2337 3911 2595 3976 proxime
2608 3913 3005 3977 subsequitur,
3019 3916 3220 3981 incipit
3231 3918 3414 3979 imper-
3496 3946 3503 3955 ι

1809 3984 1977 4037 iectas
2014 3983 2173 4036 vocis
2212 3982 2419 4035 ultima
2451 3982 2752 4048 syllaba....
2781 3985 3095 4051 misceteris,
3115 3988 3259 4039 utin
3284 3988 3414 4039 aliis

1811 4056 1997 4108 tribus
2027 4054 2378 4107 editionibus
2403 4054 2527 4118 jam
2549 4054 2819 4108 adductis
2851 4056 3048 4119 ;unde
3081 4056 3327 4121 lacunas,
3350 4059 3414 4110 in

1810 4140 2013 4181 omnes
2052 4130 2251 4191 postea
2278 4125 2505 4177 codices
2535 4125 2783 4191 diﬂ‘usm,
2813 4126 2972 4192 origo
3009 4132 3068 4180 et
3095 4129 3414 4193 antiquitas

1812 4206 1984 4267 patet.
2034 4201 2280 4251 Tantam
2302 4197 2517 4251 codicis
2541 4200 2895 4251 vetustatem
2935 4198 3150 4252 frustra
3190 4202 3414 4254 elevare

1812 4277 2053 4327 conatur
2075 4270 2310 4324 Carolus
2336 4272 2530 4324 Caesar
2551 4270 2925 4325 Baudelotius
2946 4271 3008 4325 in
3041 4286 3150 4327 sua
3170 4274 3417 4329 utilitate

1812 4345 2087 4400 itinerum
2119 4347 2258 4396 tom.
2288 4344 2355 4395 II.
2374 4355 2503 4409 pag.
2524 4342 2642 4397 127.
2662 4343 2797 4395 edit.
2832 4346 2873 4396 Ι.
2902 4347 2988 4396 Ex
3004 4345 3096 4397 his
3112 4349 3420 4412 consequi-

1814 4416 2134 4481 tur,merito
2146 4414 2399 4481 explodij
2409 4415 2663 4467 udicium
2676 4416 2963 4467 Francisci
2980 4416 3414 4482 Sacchlni,quem

1817 4488 1926 4541 sub
1938 4487 2106 4537 amici
2128 4487 2361 4537 Romani
2375 4485 2607 4538 nomine
2623 4486 2875 4550 appellat
2889 4487 3089 4536 Fronto
3107 4490 3333 4538 Ducteus
3354 4489 3413 4541 in

1814 4561 1972 4611 notis
1993 4558 2067 4610 ad
2097 4558 2264 4623 epist.
2291 4556 2375 4611 47.
2399 4556 2621 4608 Paulini
2646 4568 2776 4621 pag.
2795 4556 2918 4611 833.
2955 4557 3227 4611 editionis
3251 4558 3416 4612 Plan-

1816 4631 2054 4684 tinianm
2077 4632 2144 4681 A.
2187 4630 2254 4680 D.
2300 4625 2458 4683 1629.
2495 4629 2556 4679 in
2601 4627 2675 4682 8°.
2702 4627 2803 4678 ubi
2826 4640 2861 4679 a
2883 4629 3164 4683 Sacchino
3196 4633 3419 4686 censeri

112 4697 363 4784 ter-atare;
377 4697 1134 4784 universalioptimemcritus,
1158 4721 1332 4772 quum
1346 4697 1714 4784 proculdubio
1740 4709 1796 4784 D
1819 4704 1916 4767 ait,
1954 4699 2185 4784 ‘Paulini
2233 4699 2521 4784 epistolas.
2554 4697 2825 4784 Ruﬁnum
2868 4715 2981 4783 non
3033 4703 3417 4784 essePaulini,

113 4780 347 4831 nonnisi
363 4778 439 4829 vel
449 4779 661 4844 ingenii
673 4780 903 4830 summis
926 4778 1195 4829 laboribus
1219 4784 1315 4829 aut
1325 4780 1446 4830 eris
1466 4780 1717 4845 impensa

110 4851 329 4915 insani,
352 4850 587 4901 libellum
605 4851 751 4902 hunc
764 4851 955 4915 Rufini
970 4849 1287 4901 bibliothecae
1295 4866 1420 4914 suae,
1447 4857 1717 4917 tanquam

112 4925 438 4974 thesaurum
478 4929 738 4989 parasset,
778 4938 891 4988 qua
933 4928 1005 4973 est
1047 4922 1110 4972 in
1153 4923 1333 4974 literas
1368 4922 1536 4974 bonas
1558 4928 1718 4987 atque

110 5011 247 5060 erga
278 4995 482 5045 amicos
507 4995 867 5056 humanitate,
892 4994 1127 5045 Domino
1152 4995 1383 5045 Henrico
1406 4995 1570 5060 Petri,
1594 4994 1718 5059 jam

111 5082 403 5117 sacrorum
424 5067 723 5117 Auctorum
751 5066 1122 5117 bibliothecam
1155 5067 1349 5132 edenti,
1380 5068 1545 5117 etiam
1575 5068 1720 5116 hunc

112 5138 357 5189 libellum
373 5143 557 5203 sponte
584 5138 772 5189 obtulit
795 5155 811 5189 :
836 5139 933 5205 qui
956 5139 1180 5203 quidem
1202 5139 1581 5189 Romanorum
1600 5153 1720 5187 ma-

104 5209 344 5275 Jusculis
366 5209 552 5274 literis,
589 5210 659 5259 iis
694 5210 932 5276 quidem,
956 5210 1152 5277 quibus
1183 5210 1477 5262 Pandectas
1500 5209 1721 5260 Floren-

116 5284 366 5334 tinorum
402 5283 628 5348 scriptas
650 5282 908 5349 vidimus,
922 5285 1039 5333 sine
1061 5282 1406 5333 distinctione
1438 5281 1571 5347 ulla,
1597 5287 1720 5332 ante

115 5354 266 5406 mille
276 5368 340 5404 ac
352 5354 476 5420 plus
498 5369 694 5416 annos,
716 5357 950 5420 scriptus
973 5359 1107 5418 erat,
1136 5355 1451 5405 venerandae
1472 5353 1721 5419 antiqui-

117 5428 243 5478 tatis
275 5441 511 5491 gemma,
548 5428 801 5479 mehercle
830 5428 1085 5494 pretiosa.
1120 5428 1282 5478 Hunc
1319 5442 1456 5487 vero,
1496 5431 1554 5475 ut
1576 5426 1719 5488 solet,

118 5499 377 5564 temporis
395 5499 631 5563 injuria,
657 5500 982 5566 incuriaque
996 5499 1370 5550 Barbarorum
1383 5499 1572 5548 misere
1588 5497 1724 5547 lace-

119 5572 281 5634 ravit,
323 5572 524 5636 quippe
568 5586 741 5636 quum
791 5572 854 5622 de
891 5572 1265 5622 Benedictione
1288 5571 1461 5631 Judse,
1495 5570 1723 5634 mystica

120 5647 389 5693 tractatur
428 5644 710 5708 sententia,
760 5649 860 5695 tres
897 5644 1115 5710 pagella:
1156 5644 1383 5693 rescissis
1419 5658 1481 5692 ac
1501 5643 1724 5707 perdita

120 5713 532 5777 desiderantur;
558 5723 759 5780 quarta
789 5716 884 5767 etsi
905 5716 1137 5781 supersit
1162 5715 1358 5777 lacera,
1378 5730 1485 5779 quo
1516 5714 1625 5764 loco
1650 5728 1726 5763 re-

120 5787 377 5852 ponenda
396 5788 487 5852 sit,
511 5790 610 5838 via:
633 5794 799 5853 potest
827 5788 1092 5840 divinari.
1128 5787 1265 5838 Erat
1299 5786 1529 5852 proinde
1553 5800 1729 5835 mem-

127 5858 362 5911 branula
378 5867 495 5910 tam
511 5865 713 5926 tenera,
730 5866 792 5911 ut
814 5862 1131 5912 teneriorem
1145 5876 1229 5910 me
1239 5859 1431 5910 vidisse
1441 5858 1727 5923 afﬁrmare

129 5946 236 5984 non
284 5932 504 5985 ausim:
552 5933 699 5999 quod
739 5933 961 6000 quidem
1003 5937 1152 5984 tanto
1178 5931 1304 5998 plus
1332 5930 1526 5982 damni
1546 5929 1727 5981 attulit

1820 4774 1966 4840 quod
1985 4772 2140 4823 stilus
2160 4771 2338 4835 magis
2367 4770 2646 4837 affectatae
2673 4786 2710 4821 a
2730 4773 2995 4837 quopiam
3016 4774 3421 4826 adsimililudi.

1814 4860 1941 4897 nem
1963 4844 2212 4909 Paulini,
2228 4859 2260 4909 q
2270 4858 2400 4893 uam
2421 4844 2696 4910 genuinus
2708 4844 2791 4909 ips
2798 4844 2987 4896 iusmet
2998 4846 3228 4897 Paulini
3238 4847 3423 4898 videa-

1819 4924 1928 4969 tur.
1944 4918 2085 4969 Hinc
2095 4916 2298 4969 eadem
2314 4916 2491 4968 habet
2504 4916 2823 4969 Sacchinus
2842 4917 2905 4969 in
2916 4918 3049 4971 Vita
3063 4919 3256 4971 Sancti
3271 4920 3422 4972 Pau-

1818 4988 1922 5040 lini
1946 5000 2075 5053 pag.
2102 4986 2227 5043 179.
2253 4986 2364 5040 Sed
2388 4987 2548 5040 enim
2586 5000 2721 5041 vero
2754 4987 2933 5053 hujus
2958 5001 3223 5043 censurae
3262 4989 3425 5042 falla-

1820 5060 1970 5112 ciam
2012 5064 2072 5113 et
2113 5059 2412 5113 levitatem
2461 5060 2603 5112 satis
2630 5059 2934 5113 revincunt
2967 5062 3093 5126 jam
3122 5062 3425 5115 memorati

1821 5132 2067 5193 codices,
2098 5131 2171 5183 ad
2208 5130 2431 5183 Paulini
2481 5135 2713 5185 etatem
2756 5133 3018 5197 proxime
3062 5133 3425 5198 accedentes,

1819 5204 1902 5257 ita
1925 5209 1991 5256 ut
2014 5202 2330 5256 Cotelerius
2358 5202 2652 5267 injudicio
2678 5202 2749 5255 de
2762 5203 2922 5256 libris
2947 5205 3426 5270 Recognitionum

1823 5289 1953 5342 pag.
1974 5274 2096 5330 484.
2111 5275 2245 5327 edit.
2259 5276 2328 5327 II.
2360 5274 2561 5327 fucum
2574 5276 2932 5328 Ducmanum
2948 5289 3176 5342 passus,
3194 5275 3427 5326 Paulini

1823 5361 1912 5413 ep.
1941 5348 2162 5400 XLVII.
2190 5360 2304 5396 non
2333 5361 2437 5395 esse
2453 5346 2694 5395 indubia:
2716 5348 3058 5397 auctoritatis
3079 5347 3429 5413 pronuncia-

1823 5420 1984 5472 verit.
2001 5419 2110 5471 Sed
2122 5420 2382 5470 Brunum
2393 5417 2703 5470 audiamus
2721 5418 2780 5470 id
2804 5418 3160 5471 refellentem
3182 5418 3424 5472 Dissert.

1827 5497 1863 5543 Ι.
1890 5491 1962 5543 de
1991 5490 2261 5556 Epistolis
2296 5491 2348 5542 S.
2376 5488 2597 5540 Paulini
2633 5490 2683 5553 ἓ.
2720 5489 2806 5544 47.
2856 5502 2986 5555 pag.
3042 5489 3164 5545 113.
3214 5489 3342 5542 Non
3364 5506 3430 5542 ea

1825 5579 1967 5628 sum,
1999 5563 2206 5627 inquit,
2239 5562 2662 5628 perspicacitate,
2686 5568 2745 5612 ut
2783 5562 2919 5625 quid
2933 5562 3269 5613 discriminis
3288 5563 3432 5614 inter

1827 5652 1951 5687 eum
1966 5636 2177 5697 scilicet,
2198 5640 2243 5684 et
2258 5634 2485 5685 Paulini
2496 5634 2699 5695 stilum,
2715 5634 2961 5683 interesse
2976 5635 3121 5686 mihi
3131 5641 3396 5702 appareat
3414 5654 3425 5688 :

1830 5710 2004 5775 mihiq
2014 5725 2075 5759 ue
2084 5709 2241 5773 facile
2252 5708 2648 5772 per-suaderem,
2667 5722 2781 5757 non
2804 5707 2961 5757 aliud
2985 5707 3047 5758 de
3066 5708 3174 5759 illis
3195 5709 3431 5775 epistolis

1830 5781 2120 5832 dubitandi
2134 5780 2415 5831 nonnullis
2436 5780 2602 5844 fuisse
2619 5779 3062 5845 fundamentum,
3086 5796 3257 5846 quam
3292 5797 3433 5847 prc-

1829 5860 2141 5920 conceptum
2164 5855 2227 5903 in
2249 5854 2514 5917 Ruﬁnum
2529 5854 2735 5904 odium.
2769 5852 3264 5913 Quibusdamenim
3285 5854 3432 5905 vide-

1831 5934 1922 5977 tur
1932 5942 2047 5978 non
2055 5928 2290 5993 potuisse
2314 5925 2542 5976 innoxie
2564 5926 2768 5987 amari,
2793 5939 2860 5976 ea:
2876 5940 2981 5991 quo
2993 5930 3111 5976 orta
3128 5932 3431 5977 controver-
