3894 6422
552 350 649 404 131

1812 370 1819 377 ·
1844 345 2091 397 RUFINI
2131 346 2566 399 PRESBYTERI

3753 340 3843 396 132

552 462 639 510 sia
653 463 917 524 Ruﬁnum
943 460 1008 508 ab
1034 460 1365 523 Hieronymo
1399 458 1724 536 abalienavit
1749 472 1760 504 :
1787 472 1940 520 cujus
1964 463 2143 506 tamen
2171 466 2225 536 Α
2253 470 2471 511 DIBBUS
2504 468 2996 521 QUADRAGBSIME
3020 458 3399 518 interpretatus
3420 470 3559 504 sum.
3581 454 3691 535 Sed
3717 469 3841 517 quo-

553 548 747 582 caussa
770 533 1063 595 Augustini
1084 537 1130 579 et
1152 531 1378 580 Paulini
1393 530 1451 577 in
1470 534 1758 592 utrumque
1773 530 2015 577 amicitia
2032 530 2145 576 nul-

553 604 665 652 lum
697 620 855 668 passa
891 610 961 651 est
1000 603 1397 650 detrimentum.
1429 600 1531 648 Sed
1553 616 1619 648 ea:
1641 616 1809 664 supra
1834 600 2013 648 allatis
2038 600 2147 647 luce

554 676 771 733 clarius,
823 676 923 723 has
967 672 1214 735 epistolas
1250 687 1284 719 a
1309 671 1547 719 Paulino
1586 677 1766 719 nostro
1792 672 1862 719 ad
1885 673 2143 732 Rufinum

550 746 717 807 fuisse
760 746 999 807 scriptas.
1052 745 1139 792 Sic
1173 743 1414 803 Brunus,
1442 743 1609 805 cujus
1636 743 1787 793 dicta
1810 743 2021 792 nostris
2047 743 2143 791 Ob-

552 816 966 866 servationibus
982 814 1229 863 roborari
1247 814 1531 864 videmus.
1552 814 1895 863 Sacchinum
1915 821 2143 873 praeterea

550 888 887 937 nominatim
913 885 1115 935 refellit
1137 884 1536 935 Tillemoutius
1563 889 1696 935 tom.
1724 886 1871 934 XIV.
1901 883 2071 947 pag.7
2080 883 2145 934 10

548 958 954 1008 Recensionem
973 955 1064 1005 sui
1080 955 1292 1005 codicis
1310 958 1440 1018 post
1460 955 1699 1005 allatum
1719 955 2007 1018 specimen
2019 955 2148 1005 cha-

550 1028 798 1085 racteris,
817 1026 908 1076 his
936 1026 1126 1076 verbis
1151 1026 1367 1076 claudit
1400 1026 1741 1076 Lambecius
1769 1042 1780 1075 :
1811 1026 1989 1089 Operae
2016 1040 2141 1089 pre-

542 1099 681 1146 tium
720 1098 953 1160 profecto
998 1096 1248 1157 facturus
1278 1102 1365 1154 est,
1402 1097 1447 1143 si
1495 1097 1616 1159 quis
1641 1098 2144 1158 przestantissimum

544 1170 765 1229 hunc,et
795 1168 1101 1215 veneranda
1126 1171 1371 1214 vetustate
1393 1182 1493 1214 sua
1506 1167 1899 1215 admirandum
1917 1168 2145 1216 Culltt‘elll.

543 1258 578 1291 a
602 1242 775 1304 capite
798 1254 966 1302 usque
989 1238 1061 1286 ad
1082 1237 1273 1286 calcem
1297 1253 1417 1285 cum
1440 1238 1708 1300 impressis
1729 1239 2145 1286 editionibusac—

545 1318 728 1361 cura-le
751 1309 1049 1359 contulerit.
1080 1308 1414 1358 Edmundus
1440 1309 1753 1359 Martenius
1784 1309 1843 1358 in
1876 1309 2142 1361 Itinere].

544 1384 816 1435 litterario
867 1384 1028 1430 Parte
1067 1382 1134 1429 II.
1172 1392 1297 1441 pag.
1344 1379 1463 1432 138.
1498 1384 1761 1441 testatur,
1804 1380 1862 1430 in
1900 1380 2145 1431 Abbatia

548 1452 908 1504 Murbacensi
922 1451 975 1500 in
988 1450 1203 1500 Alsatia
1215 1450 1388 1499 alium
1401 1464 1706 1514 superesse
1718 1452 1841 1513 Ruﬁ
1852 1468 1879 1498 η
1892 1454 1908 1499 i
1921 1456 2006 1499 cod
2019 1456 2138 1499 ieem

545 1526 614 1575 de
635 1521 1096 1573 Benedictionibus
1120 1534 1216 1570 xu.
1246 1523 1718 1581 Patriarcharum,
1748 1522 1903 1573 mille
1934 1523 2141 1573 abhinc

543 1596 711 1647 annis
738 1594 1033 1656 scriptum,
1068 1605 1241 1655 quem
1266 1594 1487 1643 utinam
1513 1594 1599 1644 vir
1619 1593 1827 1644 doctus
1849 1599 2142 1645 cumcuius

543 1667 902 1719 contulisset.
949 1664 1111 1725 Quod
1143 1669 1332 1714 tamen
1368 1665 1683 1715 Martenius
1716 1678 1832 1716 non
1859 1666 2007 1729 fecit,
2033 1666 2142 1716 hoc

544 1752 671 1789 meo
693 1741 894 1799 rogatu
918 1735 1242 1785 faciendum
1260 1736 2000 1787 curavitEminentissimus
2021 1741 2140 1786 Car-

542 1810 750 1860 dinalis
778 1809 994 1866 Firaus,
1021 1819 1202 1868 quum
1227 1811 1383 1855 esset
1403 1808 1678 1858 Romanae
1695 1810 1851 1858 Sedis
1874 1812 2139 1868 Apocrisa-

540 1883 662 1933 rius
707 1878 858 1942 apud
895 1878 1169 1939 Helvetios,
1199 1890 1446 1940 quaeque
1472 1877 1530 1927 in
1555 1878 1750 1928 codice
1775 1880 2143 1929 Murbacensi

539 1953 803 2003 lacunam
817 1948 1283 2011 antiquissimam
1306 1948 1366 1998 in
1380 1949 1713 1998 memoratis
1730 1948 2025 2000 codicibus
2047 1951 2149 2000 im-

541 2026 716 2087 plent,
742 2021 850 2071 hoc
869 2020 992 2071 loco
1011 2020 1423 2069 adscribam....
1459 2019 1861 2069 Probabuntur.
1897 2020 1998 2069 Sed
2022 2037 2143 2069 cum

538 2094 700 2144 dicit:
748 2093 875 2141 Non
920 2091 1119 2151 deﬁciet
1162 2091 1414 2153 princeps
1447 2104 1513 2137 eae
1546 2089 1715 2149 Juda,
1744 2106 1910 2153 neque
1943 2092 2059 2139 dua:
2084 2092 2145 2141 de

535 2167 736 2225 femore
759 2163 889 2225 ejus,
916 2163 1080 2209 donec
1106 2162 1282 2208 veniat
1306 2161 1369 2219 is,
1391 2160 1479 2208 cui
1502 2162 1803 2222 repositum
1827 2167 1896 2209 est
1916 2178 2141 2225 regnum

533 2238 727 2286 scilicet
773 2239 816 2281 et
857 2234 917 2279 in
942 2233 1057 2294 ipso
1081 2236 1254 2294 gentes
1276 2230 1584 2293 sperabunt.
1613 2232 1754 2288 Quia
1780 2233 1940 2281 donec
1960 2234 2142 2281 veniat

532 2309 597 2368 is,
622 2307 711 2356 cui
756 2304 1048 2367 repositum
1086 2307 1175 2360 est,
1206 2304 1265 2350 in
1288 2317 1394 2365 quo
1428 2306 1601 2364 gentes
1625 2303 1932 2365 sperabunt,
1958 2305 2141 2352 mani-

530 2380 655 2443 feste
679 2378 740 2425 de
768 2376 977 2426 Christo
1002 2374 1234 2422 dicitur:
1262 2373 1507 2436 cogimur
1528 2375 1644 2421 sine
1667 2374 1829 2423 dubio
1849 2376 2021 2423 alium
2056 2377 2139 2423 in-

532 2450 761 2511 telligere
803 2460 923 2503 esse,
970 2460 1138 2508 quam
1194 2444 1471 2493 Christu-m
1510 2459 1653 2507 eum,
1682 2446 1744 2492 de
1766 2445 1920 2507 cujus
1942 2448 2141 2495 semine

533 2521 651 2569 duo:
695 2532 805 2566 non
852 2516 1069 2578 deficiet,
1122 2514 1286 2562 donec
1341 2515 1587 2563 Christus
1620 2516 1813 2563 veniat.
1843 2518 1968 2565 Α’οη
1992 2519 2138 2566 enim

532 2589 778 2640 convenit
802 2587 958 2635 illum
985 2587 1263 2636 Christum
1286 2586 1513 2648 intelligi
1538 2586 1599 2633 de
1622 2587 1775 2648 cujus
1798 2589 1996 2636 semine
2022 2590 2137 2637 dua;

534 2677 644 2711 non
689 2660 891 2721 deﬁciet
913 2659 1076 2705 donec
1104 2657 1350 2706 Christus
1380 2658 1574 2717 veniat,
1605 2660 1701 2720 qui
1729 2660 1911 2721 utique
1936 2660 2052 2708 dua:
2076 2662 2129 2709 in

536 2734 767 2781 adventu
820 2729 1021 2779 Christi
1071 2728 1272 2787 defecit.
1320 2728 1387 2776 Et
1433 2728 1529 2776 hoc
1573 2729 1752 2791 ipsum
1783 2732 1985 2779 indicio
2006 2731 2131 2794 fuit,

534 2802 807 2854 advenisse
830 2814 970 2859 eum,
997 2799 1388 2862 cuireposilum
1408 2805 1495 2858 est,
1514 2798 1569 2846 id
1591 2806 1661 2848 est
1682 2801 2132 2860 Christumﬁwe-

534 2878 664 2925 dam
690 2875 1002 2937 referuntur
1025 2871 1097 2918 ad
1111 2871 1147 2919 J
1153 2870 1258 2918 uda
1267 2885 1336 2933 ιη,
1353 2872 1550 2918 sicutin
1567 2872 1939 2935 complurimis
1956 2876 2132 2923 ceteris

532 2950 697 2998 etiam
725 2948 785 2993 in
813 2946 911 2993 hoc
944 2942 1197 3007 capitulo.
1229 2945 1294 2992 In
1319 2943 1598 2993 Chronico
1625 2944 1955 2995 Centulensi
1979 2949 2129 3010 apud

542 3017 879 3069 Dacberium
924 3018 1061 3063 tom.
1109 3014 1199 3062 IV.
1256 3012 1537 3077 Spicilegii
1570 3026 1698 3077 pag.
1748 3014 1870 3067 482.
1918 3018 2050 3068 edit.
2087 3022 2125 3069 Ι.

541 3095 775 3142 notatur
818 3087 1001 3136 fuisse
1046 3086 1111 3135 A.
1165 3087 1229 3134 1.).
1277 3084 1397 3137 831.
1438 3086 1494 3135 111
1531 3085 1778 3136 Abbatia
1810 3088 1862 3136 S.
1892 3089 2139 3141 Ricliarii

539 3159 872 3224 li‘rplanatio
896 3158 1083 3217 [iu/ini
1111 3156 1172 3204 de
1192 3168 1267 3213 xu
1292 3158 1751 3206 Benedictionibus
1780 3159 2138 3210 Pat-riarcha-

2252 531 2405 578 niam
2433 530 2541 577 illis
2564 530 2743 578 diebus
2760 529 2917 578 etiam
2938 533 3013 587 tu,
3032 528 3270 590 religiose
3284 528 3455 589 frater
3465 525 3701 589 Μαίας-ἱ,
3718 532 3763 573 et
3776 527 3841 573 vi-

2246 602 2422 649 cinius
2448 600 2713 661 monebas,
2741 606 2785 647 et
2807 600 3043 663 amplius
3066 598 3290 647 vacabas
3316 598 3477 659 (forte
3501 596 3748 654 vocabas,
3786 602 3841 645 ut

2244 671 2453 734 legitur
2494 672 2553 721 in
2576 672 2824 721 editione
2849 672 3075 733 Grynaei
3109 683 3235 733 pag.
3274 668 3392 722 711.
3417 670 3581 717 etiam
3606 682 3703 731 ego
3728 682 3842 714 am-

2243 744 2298 805 pl
2306 744 2387 791 ius
2410 743 2691 805 operabar.
2717 743 2825 791 Hos
2848 758 2964 790 vero
2983 752 3388 793 POSTBBIORBS
3406 751 3565 792 DUOS
3582 750 3839 790 TARDIUS

2244 814 2531 877 explicata
2545 829 2620 871 us,
2642 814 2771 861 dum
2790 814 2862 861 ad
2880 830 2973 861 nos
2989 820 3228 860 extrema
3243 818 3291 860 et
3311 812 3506 859 ultima
3520 816 3681 875 parte
3698 809 3838 858 urbis

2242 886 2430 932 rarior
2443 890 2658 933 exactor
2671 885 2890 933 accedis.
2912 883 3300 934 IIthRuﬁnus
3312 882 3384 933 de
3399 882 3632 933 duobus
3649 884 3832 943 poste-

2244 956 2487 1006 rioribus
2530 956 2689 1005 libris
2724 956 3080 1005 Periarchon.
3115 956 3396 1005 Rumores
3420 954 3496 1003 ob
3521 965 3694 1005 suam
3720 965 3838 1002 ver-

2245 1029 2465 1077 sionem
2492 1026 2554 1076 in
2571 1028 2716 1076 Urbe
2740 1029 3019 1077 excitatos
3038 1039 3170 1076 mox
3187 1026 3264 1075 ita
3280 1026 3550 1075 describit
3575 1042 3587 1073 :
3641 1024 3832 1073 Verum

2242 1101 2288 1146 si
2320 1098 2773 1161 meministiquod
2799 1098 2852 1144 in
2880 1096 3300 1159 praefatiuncul-a
3321 1097 3507 1159 priore
3527 1095 3838 1144 commonui

2243 1171 2375 1232 quia
2396 1169 2744 1231 indignaturi
2768 1174 2929 1217 essent
2954 1168 3201 1230 quidam,
3216 1168 3262 1216 si
3302 1182 3397 1216 nos
3431 1167 3713 1215 audissent
3738 1179 3836 1212 non

2242 1240 2455 1303 aliquid
2500 1240 2631 1287 mali
2664 1238 2837 1301 loqui;
2881 1240 3136 1287 continuo
3162 1240 3218 1287 id
3241 1238 3476 1286 arbitror
3507 1242 3838 1301 persecutum

2239 1311 2496 1376 probasti.
2516 1311 2669 1368 Quod
2690 1311 2736 1358 si
2762 1312 2819 1358 in
2844 1311 2934 1359 illo
2953 1324 3107 1374 opere
3130 1310 3208 1358 ita
3225 1321 3597 1360 INFLAMMATI
3612 1314 3743 1357 sunt
3767 1309 3837 1365 hi,

2241 1384 2338 1447 qui
2357 1384 2641 1431 hominum
2655 1382 2872 1444 linguas
2884 1383 2954 1430 ad
2967 1383 3105 1430 male
3122 1381 3453 1445 loquendum
3464 1382 3728 1441 excitant,
3743 1380 3839 1427 dae-

2240 1470 2439 1513 mones,
2466 1458 2523 1503 in
2558 1469 2663 1516 quo
2688 1453 2936 1501 nondum
2960 1467 3145 1501 eorum
3180 1458 3373 1500 secreta
3398 1452 3470 1499 ad
3492 1452 3613 1515 plen
3624 1466 3719 1499 um
3740 1467 3841 1498 nu-

2242 1526 2459 1574 daverat
2499 1540 2512 1587 ;
2544 1525 2678 1587 quid
2724 1524 2784 1571 in
2832 1525 2927 1572 hoc
2960 1524 3214 1586 futurum
3235 1529 3415 1587 putas,
3442 1524 3504 1571 in
3527 1537 3636 1586 quo
3662 1536 3840 1570 omnes

2240 1612 2425 1645 eoruni
2449 1610 2604 1643 easeas
2626 1601 2671 1644 et
2696 1594 2895 1643 ocultas
2920 1596 3050 1655 vias,
3079 1594 3271 1657 quibus
3298 1594 3558 1642 humanis
3594 1593 3839 1641 cordibus

2239 1670 2503 1730 irrepant,
2541 1673 2585 1715 et
2609 1668 2827 1716 animas
2858 1668 3111 1727 inﬁrmas
3131 1681 3193 1714 ac
3214 1666 3436 1729 fragiles
3461 1665 3740 1729 decipiunt
3763 1680 3840 1711 re»

2238 1740 2456 1800 moveri,
2482 1738 2737 1787 clamores
2763 1744 2869 1787 tota
2896 1737 3020 1786 urbe
3042 1737 3303 1799 cli/fundi,
3332 1738 3404 1785 ad
3429 1736 3833 1785 damnationem

2250 1811 2428 1859 vocari
2457 1825 2596 1869 eum,
2629 1810 2725 1873 qui
2748 1809 3055 1872 evangelica:
3079 1810 3307 1856 lucerna
3340 1808 3545 1856 lumine
3569 1806 3837 1856 diabolica

2252 1883 2573 1944 ignorantiae
2622 1880 2857 1929 tenebras
2902 1881 3094 1943 fugare
3137 1884 3360 1928 conatus
3391 1883 3478 1927 est.
3516 1880 3712 1929 Verum
3740 1878 3836 1925 hiet:

2248 1955 2405 2017 parvi
2446 1954 2646 2016 pendat
2689 1953 2784 2013 qui
2819 1952 2982 2014 cupit,
3007 1950 3155 1999 salva
3177 1950 3326 1998 Fidei
3352 1950 3638 2000 Catholicae
3656 1951 3834 2013 regula

2247 2025 2309 2072 in
2334 2026 2534 2075 divinis
2557 2024 2950 2073 eruditionibus
2972 2024 3220 2072 exerceri.
3246 2023 3386 2072 Illud
3408 2028 3589 2075 autem
3606 2037 3832 2072 necessa-

2245 2097 2329 2144 rio
2352 2110 2675 2155 commoneo,
2699 2094 2984 2157 quodsicut
3012 2094 3069 2141 i-n
3082 2104 3397 2145 PRIORIBUS
3414 2091 3835 2155 LILRISfccimus

2244 2168 2407 2215 etiam
2452 2168 2511 2214 in
2558 2167 2671 2214 istis
2704 2167 3117 2223 observavimus,
3140 2179 3207 2213 ne
3230 2180 3309 2224 ea,
3339 2180 3456 2228 quae
3478 2165 3704 2228 reliquis
3728 2164 3835 2225 ejus

2241 2238 2511 2285 sententiis
2534 2243 2578 2285 et
2614 2242 2804 2284 nostra:
2834 2236 2981 2285 Fidei
3006 2236 3287 2284 contraria
3308 2235 3647 2285 videbantur.
3674 2235 3835 2282 inter-

2240 2315 2500 2374 pretarer.
2540 2308 2641 2357 Sed
2688 2307 2821 2354 velut
2855 2307 3056 2355 inserta
3102 2321 3164 2354 ea
3206 2305 3271 2354 ab
3295 2305 3437 2365 aliis,
3464 2311 3509 2353 et
3533 2305 3832 2353 adulterata

2238 2379 2581 2444 praeterirem.
2610 2378 2682 2426 De
2705 2378 2965 2425 creaturis
2990 2392 3108 2425 vero
3132 2375 3492 2424 rationalibus
3506 2376 3703 2439 siquid
3717 2376 3832 2423 novi

2242 2452 2458 2499 dumisse
2502 2449 2646 2496 visus
2686 2454 2776 2507 est,
2824 2448 2957 2510 quia
2980 2462 3091 2495 non
3116 2448 3177 2494 in
3202 2448 3300 2495 hoc
3335 2451 3405 2494 est
3428 2459 3649 2495 summa
3672 2448 3831 2505 Fidei,

2241 2520 2467 2569 scientia:
2496 2519 2677 2581 gratia
2705 2525 2753 2565 et
2789 2518 3049 2577 exercitii,
3071 2532 3194 2565 cum
3215 2518 3350 2579 forte
3372 2516 3524 2565 nobis
3551 2518 3829 2566 adversum

2240 2606 2389 2639 nonn
2401 2590 2534 2637 ullas
2549 2590 2761 2637 haereses
2780 2590 2873 2636 tali
2895 2589 3084 2636 ordine
3095 2589 3387 2637 necessario
3401 2589 3827 2651 respondendum

2238 2668 2341 2721 est;
2377 2675 2545 2723 neque
2568 2661 2630 2707 in
2662 2659 2746 2707 his
2771 2658 2973 2718 libellis,
3004 2673 3169 2720 neque
3198 2660 3257 2705 in
3280 2658 3652 2721 superioribus
3676 2660 3827 2719 dicta,

2238 2737 2461 2795 repetere
2484 2732 2641 2777 etimn
2666 2731 2727 2777 in
2747 2728 3043 2790 hislibellis,
3058 2743 3229 2792 neque
3245 2728 3305 2775 in
3316 2727 3827 2791 superioribusdictu

2234 2809 2461 2867 repetere
2484 2804 2647 2851 etiam
2690 2802 2747 2849 in
2774 2802 2858 2848 Itis
2875 2800 3256 2864 posterioribus
3280 2798 3444 2847 voluit
3460 2815 3478 2858 ;
3498 2804 3542 2847 et
3565 2799 3829 2849 brevitatis

2234 2876 2435 2938 gratia,
2472 2874 2664 2936 aliqua
2702 2887 2768 2920 ea:
2802 2873 2887 2921 his
2915 2887 3145 2921 resecare
3167 2871 3505 2920 commodum
3542 2871 3703 2923 duxi.
3732 2874 3829 2924 P0-

2235 2952 2450 2997 stremo
2490 2944 2732 2997 aemulos
2770 2957 2908 2994 suos
2943 2956 3204 3007 carpens,
3239 2956 3360 2994 rem
3396 2942 3475 2993 ita
3498 2943 3825 2995 concludit:

2234 3018 2295 3067 Si
2320 3018 2444 3081 quis
2469 3023 2647 3065 tamen
2673 3016 2924 3079 proﬁcien
2934 3016 2990 3063 di
3006 3021 3049 3062 et
3068 3030 3178 3063 non
3193 3014 3522 3063 obtrectandi
3536 3016 3721 3064 studio
3735 3018 3830 3063 haec

2238 3089 2382 3151 leget,
2426 3088 2617 3136 rectius
2666 3088 2839 3149 faciet,
2864 3087 2911 3134 si
2936 3086 3135 3149 exponi
3179 3085 3280 3134 sibi
3306 3086 3411 3133 haec
3436 3101 3469 3133 a
3489 3086 3832 3148 peritioribus

2238 3162 2388 3210 velit:
2414 3159 2711 3207 absurdum
2736 3173 2971 3220 namque
2987 3164 3056 3205 est
3078 3162 3359 3221 poetarum
3376 3158 3499 3219 ficta
3514 3159 3779 3221 carmina.
3795 3167 3831 3207 et

538 3218 663 3281 rum
690 3232 749 3278 in
782 3244 893 3313 uno
928 3228 1213 3313 vplumine.
1240 3229 1378 3313 Haec
1412 3229 1652 3280 (licenda
1674 3237 2045 3283 occurrerunt
2074 3234 2132 3284 in
2162 3239 2209 3313 Ο
2240 3218 3138 3289 (κότηωςιίατιιιηῑνὶίιὶοιιιαέίαὺυιὶιε
3160 3218 3596 3276 atirammaticis
3612 3232 3833 3293 exponi,

535 3304 712 3354 libros
731 3303 801 3351 Il.
834 3302 903 3350 de
924 3300 1403 3358 Benedictionibus,
1431 3314 1575 3362 quos
1596 3302 1826 3364 Ru/inus
1849 3302 1908 3353 in
1929 3317 2135 3357 mona-

537 3374 708 3425 sterio
743 3372 918 3421 l’ineti
953 3376 1205 3434 tempore
1227 3372 1352 3433 ipso
1386 3372 1848 3433 Quadragesimae
1871 3381 2131 3438 expressit,

537 3459 652 3511 quo
678 3442 906 3507 Origeni
927 3443 1198 3493 vertendo
1226 3442 1511 3501 studebat,
1529 3448 1591 3494 ut
1616 3446 1881 3507 superius
1902 3448 2133 3501 abunde

536 3520 839 3584 probatum
864 3520 970 3564 est.
997 3518 1180 3575 Quare
1194 3515 1379 3577 palam
1404 3516 1467 3565 tit
1491 3527 1854 3578 nequaquam
1869 3517 1978 3568 hoc
1995 3533 2134 3570 con-

539 3592 755 3654 tingere
787 3592 1044 3651 potuisse
1084 3591 1211 3649 post
1236 3590 1298 3636 Α.
1336 3588 1397 3636 D.
1435 3587 1556 3639 308.
1585 3588 1720 3649 quia
1743 3590 1973 3651 Ruﬁnus
1996 3598 2129 3645 ante

535 3665 712 3712 linem
758 3660 1021 3721 ejusdem
1066 3662 1201 3707 anni
1230 3659 1536 3719 Aquilt'jam
1563 3659 1862 3722 prolectus,
1891 3665 2127 3715 Romani

533 3734 667 3784 inde
711 3744 828 3782 non
860 3730 1027 3780 rediit
1072 3736 1207 3779 ante
1230 3732 1294 3778 Α.
1325 3731 1387 3778 D.
1414 3730 1535 3782 408.
1564 3743 1872 3793 rumorque
1897 3735 1969 3783 ab
2002 3738 2129 3799 ejus

531 3804 790 3857 versione
816 3802 1091 3852 librorum
1126 3800 1391 3862 Origenis
1417 3800 1721 3862 excitatus,
1758 3811 1876 3853 non
1900 3806 2133 3867 quidem

528 3882 661 3940 post,
715 3874 815 3924 sed
861 3877 984 3921 ante
1030 3876 1093 3922 A.
1142 3871 1355 3924 D400.
1396 3871 1577 3935 primo
1620 3876 1954 3935 percrebuit.
1984 3881 2131 3942 Ergo

530 3945 925 3999 Tillemontius
966 3945 1176 3994 labitur
1212 3948 1349 3993 tom.
1390 3944 1511 3993 XII.
1540 3955 1669 4007 pag.
1716 3944 1839 4007 309,
1862 3949 1958 3997 ubi
1983 3950 2136 4013 Ruﬁ-

527 4034 663 4069 num
689 4021 754 4069 Α.
780 4019 846 4068 D.
875 4014 995 4069 410.
1017 4017 1259 4066 Romani
1281 4027 1351 4065 ex
1367 4014 1548 4077 patria
1566 4028 1882 4079 reversum,
1898 4032 2043 4082 opus
2060 4024 2131 4075 de

528 4088 988 4141 Benedictionibus
1000 4088 1339 4151 adgressum
1364 4087 1544 4137 fuisse
1559 4088 1882 4139 arbitratur.
1903 4092 2023 4143 Hoc
2042 4108 2135 4157 po-

529 4168 654 4214 stea
700 4166 840 4211 tom.
870 4160 1018 4209 XIV.
1064 4171 1190 4221 pag.
1228 4157 1349 4210 127.
1388 4161 1472 4208 vir
1516 4158 1723 4209 doctus
1762 4160 1963 4223 prioris
2006 4180 2134 4218 sen-

530 4231 952 4285 tentimoblitus
971 4232 1040 4279 Α.
1058 4230 1260 4281 11408.
1287 4228 1547 4292 illigavit,
1574 4243 1755 4292 quum
1784 4237 2132 4289 tamenneu-

528 4308 617 4370 tri,
645 4305 746 4356 sed
772 4309 834 4353 Α.
862 4304 929 4353 D.
958 4301 1080 4364 398,
1106 4302 1190 4350 uti
1213 4301 1488 4364 diximus,
1514 4300 1719 4364 illigari
1748 4304 1973 4358 debeat.

588 4378 707 4428 VII.
748 4376 911 4426 Nunc
936 4384 1003 4422 ac
1026 4372 1277 4433 reliquos
1300 4370 1494 4431 libros,
1518 4374 1731 4421 tertium
1759 4377 2047 4442 Illlﬂil'tlm,
2074 4389 2129 4435 et

526 4454 787 4514 quartum
818 4443 1083 4507 Origenis
1114 4442 1473 4504 Periarchon,
1518 4446 1686 4494 nobis
1724 4462 1875 4499 leve.
1891 4453 2127 4506 tendum

525 4524 629 4573 est.
650 4521 739 4591 LE;
762 4517 952 4567 Ruﬁni
977 4514 1155 4591 altera
1169 4514 1504 4591 praefatione
1521 4514 1955 4591 colligitur,duos
1967 4526 2130 4591 prio-)

524 4607 606 4640 res
650 4588 846 4648 libros,
887 4598 1034 4648 quos
1069 4584 1130 4634 in
1162 4584 1341 4633 Pineti
1367 4587 1713 4637 monasterio
1753 4598 2113 4646 converterat

2233 3309 2278 3351 et
2303 3318 2366 3352 ea
2389 3318 2505 3366 qua:
2537 3303 2597 3350 de
2620 3302 2746 3361 Deo,
2774 3300 2851 3349 vel
2874 3300 3155 3349 caelestibus
3178 3298 3482 3360 virtutibus,
3508 3316 3571 3348 ac
3595 3300 3660 3350 de
3684 3304 3833 3351 omni

2232 3376 2573 3423 universitate
2598 3373 2944 3432 dicuntur,in
2970 3372 3162 3435 quibus
3186 3373 3364 3420 omnis
3384 3374 3459 3420 vel
3477 3386 3829 3435 paganorum

2225 3446 2697 3511 philosophorum,
2715 3445 2789 3493 vel
2814 3446 3182 3493 haereticorum
3191 3460 3296 3508 pra
3306 3461 3327 3491 v
3337 3459 3395 3491 us
3406 3459 3560 3492 error
3574 3460 3719 3508 argu
3730 3448 3766 3494 it
3776 3464 3833 3494 ur

2226 3522 2342 3567 sine
2378 3519 2639 3581 magistro
2672 3522 2717 3565 et
2753 3517 3139 3580 emplanalione
3169 3516 3407 3579 aliquem
3438 3530 3590 3580 posse
3613 3516 3830 3569 discere.

2229 3594 2296 3641 Et
2320 3594 2397 3640 ita
2434 3594 2508 3655 fit,
2550 3596 2607 3638 ut
2648 3605 2729 3639 res
2761 3591 3006 3651 difﬁciles
3029 3594 3072 3637 et
3092 3588 3340 3637 obscuras
3361 3588 3559 3637 malint
3586 3590 3831 3638 homines

2228 3680 2321 3725 per
2360 3662 2703 3711 temeritatem
2736 3668 2782 3710 et
2812 3663 3085 3709 inscitiam
3124 3661 3498 3719 condemnare,
3530 3675 3699 3725 quam
3738 3678 3830 3727 per

2230 3736 2571 3798 diligentiam
2614 3740 2657 3781 et
2693 3734 2936 3781 studium
2974 3734 3186 3781 discere.
3220 3735 3344 3783 Iluc
3369 3744 3554 3795 usque
3576 3734 3825 3795 Rufinus.

2239 3810 2376 3857 ΙΙωο
2411 3806 2751 3857 Periarchon
2774 3805 3167 3869 interpretatio
3190 3808 3384 3854 exstat
3406 3806 3466 3854 in
3488 3803 3684 3855 latinis
3710 3807 3826 3857 Ori-

2229 3878 2607 3942 genianorum
2632 3890 2871 3940 operum
2895 3875 3373 3938 editionibus,lib.
3404 3890 3455 3925 v.
3483 3888 3605 3939 cap.
3635 3875 3688 3929 '2.
3716 3880 3759 3939 ἓ.
3788 3880 3822 3927 1.

2230 3949 2580 4000 memoratis.
2616 3950 2681 3998 111
2710 3949 3036 4012 Appendice
3069 3960 3202 3998 vero
3238 3948 3377 3997 tomi
3406 3949 3546 3997 VIII.
3588 3961 3824 4012 operum

2230 4025 2283 4073 S.
2302 4021 2617 4084 Augustini
2645 4020 2915 4071 editionis
2932 4032 3101 4071 novm
3118 4018 3248 4071 libri
3259 4021 3326 4070 11.
3346 4020 3415 4070 de
3428 4021 3826 4071 lncarnatione

2235 4094 2405 4145 Verbi
2442 4093 2515 4142 ad
2548 4092 2885 4142 Januarium
2927 4105 3000 4141 ex
3023 4091 3331 4142 Huﬂniano
3356 4091 3616 4154 Origenis
3647 4093 3825 4157 Opere

2228 4166 2447 4216 collecti
2494 4170 2647 4215 sunt.
2683 4167 2770 4213 Jo.
2798 4162 3161 4213 Mabillonius
3184 4163 3245 4213 111
3267 4162 3559 4213 Analectis
3586 4168 3728 4215 tom.
3762 4167 3824 4215 11.

2229 4250 2357 4302 pag,
2384 4234 2504 4289 665.
2534 4240 2779 4285 testatur
2802 4235 2861 4285 in
2890 4235 3194 4286 veterrima
3214 4235 3387 4283 codice
3415 4235 3720 4297 Corbejensi
3736 4236 3827 4287 ha-

2226 4309 2345 4359 beri
2386 4307 2561 4358 libros
2599 4306 2937 4357 I’eriarchon
2980 4307 3199 4369 (utique
3222 4320 3293 4357 ex
3322 4307 3590 4357 versione
3617 4309 3821 4371 Ruﬁni)

2229 4380 2444 4443 quibus
2489 4379 2809 4441 prmﬁgitur
2832 4378 3094 4441 Origenis
3119 4378 3474 4442 epitaphium
3499 4379 3824 4431 Mabillonio

2231 4466 2359 4517 pag.
2389 4450 2512 4504 660.
2538 4451 2859 4514 recitatum,
2886 4455 2942 4501 et
2964 4454 3036 4500 ab
3067 4449 3257 4513 aliquo
3281 4450 3540 4513 Origenis
3564 4452 3825 4503 studioso

2196 4556 2201 4561 ι
2232 4522 2577 4583 confectum,
2592 4522 2746 4584 quod
2763 4534 2947 4585 nuper
2957 4534 3057 4585 pro
3072 4521 3286 4573 inedito
3299 4522 3561 4572 exhibuit
3578 4522 3826 4574 Edmun-

2234 4593 2345 4645 dus
2390 4594 2642 4645 Martene
2675 4592 2736 4643 in
2770 4592 2971 4644 itinere
3000 4591 3248 4644 literario
3286 4597 3423 4643 tom.
3448 4594 3515 4643 11.
3542 4606 3674 4657 pag.
3707 4594 3807 4647 1δὸ

524 4674 626 4727 per
645 4659 860 4711 alienas
876 4668 1087 4706 manus
1101 4654 1389 4729 volitasse,
1409 4655 1633 4729 duobus
1650 4658 1881 4722 reliquis
1896 4668 2114 4713 nondum
2154 4656 2209 4729 D
2231 4665 2293 4715 Id
2316 4663 2427 4715 tale
2441 4670 2532 4714 est
2558 4677 2570 4711 :

525 4726 843 4788 conversis,
863 4726 1269 4790 superqueillis
1285 4740 1546 4779 rumores
1559 4728 1615 4779 in
1628 4729 1994 4795 interpretem
2009 4751 2125 4784 sur-

525 4804 761 4856 rexisse.
806 4803 937 4863 Ipsa
982 4811 1206 4861 quoque
1244 4800 1500 4862 praefatio
1531 4814 1639 4852 nos
1678 4802 1858 4866 decet,
1895 4811 2125 4858 eosdem

522 4876 649 4927 illos
674 4877 820 4923 duos
848 4871 1190 4935 posteriores
1214 4869 1409 4932 libros,
1448 4885 1520 4922 ex
1543 4872 1860 4936 intervallo,
1887 4881 1941 4927 et
1963 4882 2125 4927 serius

525 4958 700 5011 quam
725 4946 968 5008 priores,
995 4942 1167 4992 fuisse
1196 4941 1506 4995 translatos
1533 4959 1544 4993 :
1574 4956 1687 5007 quo
1705 4947 1942 5008 quidem
1966 4951 2120 4997 inter-

522 5017 668 5071 vallo
692 5016 935 5067 Ruﬁnus
952 5014 1025 5064 de
1041 5014 1541 5066 Benedictionibus
1559 5016 2016 5068 Patriarcharum
2036 5021 2124 5069 in-

525 5093 713 5141 stante
739 5087 990 5143 Paulino.
1018 5086 1307 5138 disseruit.
1333 5089 1482 5138 Hinc
1510 5087 1716 5136 duobus
1736 5088 1936 5139 iisdem
1960 5099 2120 5150 poste-

523 5162 772 5214 rioribus
796 5158 955 5209 libris
980 5158 1336 5219 Periarclion,
1363 5163 1641 5219 tanquam
1665 5171 1810 5208 novo
1834 5161 2005 5222 operi,
2022 5174 2123 5210 no-

523 5246 660 5286 vum
701 5232 1002 5295 prologum
1034 5229 1105 5278 ad
1139 5229 1446 5279 Macarium
1479 5228 1777 5291 prmmisit,
1805 5242 1979 5291 quem
2003 5243 2123 5281 non

523 5305 919 5369 praemisisset,
954 5300 1003 5349 81
1027 5311 1139 5349 una
1159 5312 1291 5350 cum
1314 5299 1544 5349 duobus
1580 5298 1887 5369 prioribus,
1912 5300 2121 5362 quibus

520 5367 817 5440 prologum
834 5383 1005 5423 suum
1020 5374 1150 5420 ante
1163 5382 1198 5432 p
1210 5367 1785 5440 rsemiserat,eosdem
1807 5370 2118 5433 vulgasset,

522 5438 828 5512 Adponam
858 5443 1032 5495 verba
1062 5442 1187 5503 ipsa
1209 5441 1277 5512 ad
1307 5438 1610 5512 Macariuin
1636 5452 1707 5487 ex
1738 5442 1923 5490 Hullni
1945 5442 2120 5493 altera

524 5509 855 5584 praefatione
880 5512 1008 5564 libri
1037 5514 1129 5584 III.
1162 5509 1530 5584 Periarclion}
1559 5521 1680 5584 rem
1704 5511 1884 5574 enim,
1914 5514 1981 5563 de
2007 5527 2120 5575 qua

519 5580 744 5656 agimus
770 5588 1003 5639 mirilice
1033 5582 1353 5656 illustrant:
1380 5580 1483 5637 Qui
1507 5580 1632 5642 legis
1656 5596 1860 5656 memor
1889 5589 1991 5653 esto
2015 5588 2121 5635 mei

519 5648 587 5712 ἱτῖ
607 5664 712 5711 luis
746 5658 947 5708 sanctis
984 5650 1340 5710 orationibus,
1376 5656 1432 5699 ut
1463 5656 1507 5699 et
1530 5667 1625 5700 nos
1649 5653 1787 5714 effici
1813 5648 2120 5705 mereamur

456 5778 461 5781 _
518 5734 850 5785 aemulatores
876 5725 1132 5791 Spiritus.
1152 5723 1527 5775 SUPERIORES
1545 5734 1702 5777 DUOS
1715 5725 2043 5777 Periure/ton
2062 5728 2123 5777 ti-

524 5807 699 5863 bellas,
756 5808 800 5850 te
842 5812 955 5848 non
979 5795 1153 5845 solum
1178 5794 1462 5857 insistente,
1490 5810 1673 5845 verum
1703 5798 1864 5848 etiam
1892 5806 2116 5863 cogente,

2319 4809 2406 4854 Ille
2437 4820 2527 4863 ego
2554 4806 2796 4864 Origenes
2827 4807 2996 4852 doctor
3017 4807 3312 4852 verissimus
3337 4808 3479 4869 olim,

2411 4872 2568 4922 Quem
2591 4870 2812 4926 primum
2836 4870 2973 4915 Fidei
2992 4871 3149 4926 gratia
3169 4870 3303 4916 clara
3325 4871 3476 4919 dedit.

2317 4933 2369 4979 Si
2399 4932 2526 4977 mihi
2546 4931 2747 4997 credere
2767 4932 2861 4997 vis,
2888 4932 3038 4997 libros
3065 4937 3129 4997 tot
3152 4932 3313 4978 millia
3339 4933 3539 4997 scripsi,

2413 4998 2538 5046 Quot
2563 4992 2692 5051 legio
2715 4994 2895 5040 missos
2919 4994 3065 5041 mittit
3089 4995 3141 5040 in
3164 5007 3301 5040 arma
3324 4998 3475 5042 viros.

2316 5057 2461 5104 Nulla
2482 5070 2613 5101 meos
2638 5069 2862 5114 unquam
2891 5057 3048 5113 tetigit
3072 5056 3381 5115 blasphemia
3404 5071 3602 5109 sensus.

2409 5118 2497 5165 Sed
2536 5119 2718 5175 probus
2742 5124 2890 5177 atque
2922 5120 3068 5177 vigil,
3098 5124 3233 5166 tutus
3260 5122 3322 5167 ab
3344 5123 3482 5168 hoste
3507 5124 3580 5168 fui

2315 5181 2427 5227 Sola
2449 5180 2575 5227 mihi
2602 5194 2771 5227 casum
2792 5182 3091 5228 Perist-chon
3112 5182 3243 5230 dicta
3263 5184 3503 5230 dederunt
3524 5199 3535 5229 :

2404 5244 2489 5290 His
2509 5256 2587 5289 me
2608 5244 2887 5301 conjectum
2915 5246 3139 5302 undique
3164 5248 3256 5292 tela
3280 5253 3535 5304 premunt.

2219 5373 2339 5423 Hoc
2363 5373 2553 5436 ipsum
2576 5372 2725 5423 [cede
2747 5377 3079 5437 corruptum
3103 5379 3273 5426 antea
3296 5375 3614 5440 protulerat
3646 5378 3821 5427 Guido

2222 5444 2514 5493 Carmelila
2555 5444 2617 5493 in
2663 5457 2890 5495 summa
2919 5444 2989 5495 de
3015 5447 3368 5509 Hmresibus,
3395 5460 3518 5510 cap.
3554 5449 3703 5507 XLI,
3729 5450 3821 5500 ubi

2216 5514 2354 5565 illud
2384 5516 2602 5565 Isidoro
2629 5515 2843 5565 tribuit.
2870 5515 3033 5567 Alius
3056 5531 3260 5573 versus
3286 5519 3821 5582 quosdamecodice

2217 5588 2601 5637 Ainbroslano
2638 5586 2908 5649 vulgavit,
2943 5588 3077 5640 olim
3109 5590 3351 5653 scriptos
3372 5591 3444 5641 in
3466 5591 3822 5644 Bibliotheca

2218 5661 2277 5709 S.
2308 5659 2509 5708 lsidori
2534 5660 2916 5725 Hispalensis,
2944 5664 3008 5712 ut
3032 5662 3233 5713 titulus
3256 5662 3506 5727 praefert,
3534 5664 3641 5715 sed
3655 5665 3818 5730 igno-

2216 5732 2384 5789 ravit,
2402 5730 2676 5782 iniisdem
2702 5732 2976 5784 versibus
2984 5734 3103 5797 jam
3128 5734 3347 5787 dictum
3371 5735 3822 5803 0118011180ρὶιᾶ-

2215 5803 2439 5867 phiam,
2465 5804 2672 5856 alicubi
2698 5808 2943 5870 varium,
2970 5808 3219 5871 reperiri.
