3894 6424
106 388 206 442 133

734 501 964 552 CAPUT
991 502 1080 550 III.

101 623 136 669 Ι.
171 617 312 667 Novi
334 631 580 666 rumores
605 617 666 664 in
693 617 951 675 Ruﬁnum
977 617 1040 663 ab
1067 616 1258 664 amicis
1291 618 1614 678 Hieronymi
1640 619 1701 665 ob

157 689 355 751 reliqui
379 688 554 750 aperis
583 688 902 748 Origeniaui
929 688 1342 735 translationem
1367 690 1697 740 excitantur.

163 763 225 810 II.
257 759 510 820 Ruﬁnus.
536 763 704 806 matre
726 759 944 817 amissa,
982 759 1056 805 ad
1088 760 1481 821 Hieronymum
1503 762 1698 816 scribit,

156 846 384 893 cumque
431 830 618 878 Siricii
662 830 932 890 pontificis
970 830 1135 876 literis
1164 829 1444 890 formatis.
1469 847 1534 878 θέε
1572 833 1702 879 Urbe

155 903 213 949 in
256 903 497 964 patriam
547 900 906 949 Concordiam
958 901 1251 946 revertitur.
1286 903 1374 950 III.
1429 903 1553 950 Non
1588 903 1700 950 alia

159 988 322 1036 quam
370 972 537 1019 solius
578 972 788 1018 itineris
819 986 1028 1028 caussa,
1056 972 1360 1019 Meditdano
1385 976 1695 1035 pertransit.

160 1046 250 1095 IV.
297 1044 384 1092 Ad
420 1043 577 1090 illum
617 1044 674 1089 in
701 1043 884 1106 patria
912 1049 1216 1090 morantem
1241 1045 1604 1107 Hieronymus
1629 1045 1700 1092 li-

159 1122 293 1163 teras
337 1115 536 1172 scribit,
584 1129 700 1176 qua:
732 1115 778 1160 ei
831 1129 939 1161 non
984 1115 1306 1176 redduntur,
1352 1116 1697 1173 Puuliniani,

163 1185 390 1244 Eusebii,
432 1191 478 1233 et
524 1185 744 1233 alterius
785 1186 972 1247 Rufini
1020 1187 1116 1232 iter
1152 1201 1217 1233 ex:
1263 1187 1555 1234 I’alazstina
1592 1188 1699 1235 Ito-

159 1274 303 1306 mam
352 1262 514 1320 quoto
543 1272 690 1305 anno
725 1258 1022 1317 contigerit.
1070 1259 1130 1306 V.
1166 1259 1533 1321 Hieronymus
1560 1259 1699 1306 alias

160 1331 336 1378 literas
361 1330 435 1377 ad
469 1329 891 1377 Pammachium
915 1329 1095 1376 scribit
1118 1336 1304 1377 contra
1327 1331 1696 1391 prtefationcm

154 1402 342 1466 βηβηὶ
385 1402 446 1448 in.
492 1400 652 1447 libros
695 1401 1048 1449 Periure/ton.
1101 1401 1228 1448 Inde
1266 1401 1510 1448 simultas
1557 1403 1697 1449 inter

168 1478 456 1534 utrumque
503 1476 748 1532 augetur.
794 1472 884 1519 VI.
942 1472 1170 1533 Rufinus
1218 1473 1389 1534 Syrus
1444 1480 1696 1535 utrasun

162 1543 482 1604 Hieronymi
530 1544 725 1601 literas,
762 1543 1118 1590 Pammeni/tio
1157 1547 1449 1606 Ru/inoque
1472 1546 1691 1591 redden-

159 1616 270 1678 das,
317 1616 552 1662 Romam
593 1613 794 1664 detulit.
835 1615 952 1663 VII.
984 1616 1197 1662 Harum
1221 1616 1426 1678 priores
1450 1630 1695 1664 summa-

163 1689 251 1734 tim
279 1692 637 1734 recensentur.

163 1779 198 1828 Ι.
236 1774 507 1826 Nondum
552 1785 746 1824 rumor
791 1774 864 1822 ob
890 1773 1105 1836 priores
1131 1773 1263 1822 duos
1287 1775 1462 1824 libros
1483 1777 1697 1826 l’eriar-

107 1849 264 1907 chon,
286 1862 318 1900 a
341 1849 543 1909 Rufino
571 1845 899 1906 translatos,
919 1846 1061 1894 bene
1079 1847 1493 1908 conquieverat,
1519 1863 1695 1910 quum

107 1920 338 1971 subinde
362 1917 571 1980 reliqui
597 1917 708 1966 duo
734 1916 1013 1968 latinitate
1039 1917 1250 1974 donati,
1293 1919 1453 1980 ignes
1480 1921 1696 1983 sopitos

106 1993 284 2041 denuo
333 1991 700 2048 excitarunt;
739 1990 836 2038 vix
876 1988 1030 2038 enim
1067 1989 1552 2050 inter-prelationis
1580 2006 1700 2042 sua:

109 2064 340 2114 sctiedas
387 2061 818 2121 incmendatas,
877 2073 982 2109 nec
1029 2061 1240 2123 publici
1298 2061 1445 2122 juris
1493 2063 1700 2120 facias,

107 2151 132 2187 (-
156 2137 419 2186 manibus
448 2135 561 2184 labi
590 2133 722 2184 sivit
747 2134 994 2195 Rufinus,
1017 2146 1197 2195 quum
1225 2136 1623 2185 Pammachius
1650 2145 1702 2188 et,

108 2212 377 2266 Oceanus,
427 2206 530 2257 viri
565 2206 715 2268 apud
767 2207 1057 2255 Romanos
1099 2205 1233 2254 clari
1281 2207 1548 2264 nominis.
1601 2212 1701 2260 seti

112 2278 452 2343 Hieronymi,
498 2276 827 2340 Augustini,
871 2282 926 2325 et
968 2275 1185 2326 Paulini
1225 2278 1423 2326 Nolani
1456 2281 1702 2330 amicitia

107 2352 262 2413 longe
308 2351 598 2410 clariores,
627 2348 861 2398 easdem
888 2348 1131 2397 sclictlas
1160 2349 1348 2398 furtim
1385 2350 1492 2398 sibi
1522 2364 1703 2413 porre-

109 2432 236 2478 ctas.
265 2426 320 2473 et
345 2421 546 2486 pravis
565 2421 865 2469 sententiis
906 2420 1050 2469 clam
1087 2421 1293 2469 alicubi
1332 2421 1704 2480 incrustatas,

113 2504 165 2546 ut
188 2493 482 2545 contendit
510 2492 741 2555 quidem
762 2492 1015 2552 Rufinus,
1034 2491 1103 2540 ad
1131 2494 1404 2541 Sanctum
1433 2493 1700 2561 Hierony—

111 2581 257 2618 mum
279 2566 336 2616 in
360 2563 731 2614 Palaestinam
754 2563 1024 2612 continuo
1043 2563 1483 2614 transmiserunt
1499 2566 1602 2616 hoc
1626 2586 1703 2616 eo-

112 2639 230 2689 dem
253 2641 315 2688 Α,
347 2638 414 2686 D,
440 2634 564 2688 398.
598 2647 710 2696 quo
735 2634 970 2694 Rufinus
999 2639 1125 2696 post
1152 2634 1366 2684 Pascha
1386 2640 1694 2690 translatio

111 2725 231 2761 nem
246 2709 595 2760 absolverat.
624 2705 1084 2754 Pammacliiuset
1109 2707 1369 2755 Oceanus
1387 2708 1575 2770 Ru/‘ini
1603 2726 1700 2762 no-

113 2795 230 2832 men
248 2781 600 2832 reticuerunt
626 2778 680 2826 in
698 2777 938 2839 epistola
956 2777 1022 2825 (Ie
1043 2777 1142 2825 hac
1161 2790 1218 2826 re
1241 2777 1312 2826 ad
1337 2782 1695 2840 Hieronymum

111 2857 324 2916 scripta,
352 2864 458 2901 seu
489 2848 643 2912 quod
670 2847 728 2896 in
753 2847 1065 2910 exemplari
1093 2849 1337 2902 deesset.
1360 2863 1460 2900 seu
1487 2856 1696 2919 potius,

111 2925 250 2987 quod
276 2925 714 2983 Hieronymum,
739 2921 960 2982 absque
983 2919 1091 2969 alia
1117 2920 1512 2988 CXIHICULIOIH'P,
1533 2927 1700 2976 inter-

113 2997 273 3058 pretis
317 3006 534 3046 nomen
578 2990 738 3041 facile
773 2992 1233 3054 adsequuturum
1279 2995 1693 3049 existimarent.

110 3074 242 3120 Sane
293 3068 683 3126 Hieronymus
721 3063 778 3112 in
806 3076 1041 3126 resposo
1067 3064 1137 3113 ad
1163 3064 1375 3128 literas,
1404 3069 1474 3118 ad
1503 3083 1562 3118 se
1599 3084 1697 3133 per

109 3140 362 3201 Rufinum
409 3138 616 3188 eodem
649 3139 902 3198 tempore
949 3137 1207 3198 scriptas,
1232 3152 1298 3183 ea:
1332 3139 1476 3198 stilo,
1509 3141 1607 3204 ait,
1636 3154 1696 3191 se

111 3214 290 3262 statim
316 3207 664 3274 pra-nationis
689 3210 979 3256 auctorem
1005 3208 1255 3256 novisse.
1274 3210 1420 3272 Ergo
1444 3214 1569 3274 ejus
1596 3228 1698 3263 no-

111 3297 230 3334 men
263 3297 294 3334 a
338 3281 554 3343 scripto
578 3279 787 3328 aberat.
815 3279 982 3327 l’orro
1009 3291 1302 3328 summum
1340 3281 1544 3344 virum,
1573 3284 1692 3335 zelo

107 3354 231 3405 alias
279 3350 576 3404 catholicas
610 3349 740 3399 ﬁdei
784 3347 933 3398 ultro
974 3349 1415 3415 inﬂammatum,
1451 3356 1692 3406 Romani

109 3439 352 3491 proceres
376 3425 440 3475 in
465 3421 734 3482 Rufinum
759 3421 909 3470 bono
936 3421 1166 3484 quidem
1195 3424 1399 3488 animo,
1417 3429 1691 3476 utereilero

108 3500 307 3559 malim,
324 3496 610 3547 concitare
635 3493 999 3552 studuerunt,
1029 3494 1295 3555 quaedam
1320 3498 1514 3548 minus
1532 3502 1693 3547 catho-

109 3570 199 3620 lice
223 3569 278 3620 in
302 3571 428 3632 ejus
456 3565 830 3616 translatione
862 3565 1138 3627 exposita,
1168 3578 1416 3629 quicque
1442 3571 1694 3633 impieta-

111 3645 210 3691 tem
255 3639 516 3704 Origenis
563 3641 884 3686 monstrare
933 3641 1212 3699 poterant,
1268 3641 1338 3688 ab
1389 3641 1694 3705 interprete

108 3713 401 3772 subtracta,
431 3713 791 3761 caussantes.
810 3708 941 3757 Ideo
967 3721 1045 3769 se,
1072 3710 1474 3774 Romanum-lue
1492 3727 1693 3765 omnes

108 3797 294 3835 novam
321 3782 667 3835 Periarcbon
686 3779 1006 3831 versionem
1022 3781 1093 3829 ab
1109 3781 1456 3846 l-lieronymo
1478 3789 1694 3840 llauran-

111 3856 310 3906 tissime
329 3867 558 3918 cupere,
585 3857 649 3902 ut
674 3852 1012 3914 interpolata
1040 3853 1315 3914 proderet,
1343 3859 1400 3904 et
1429 3857 1573 3906 male
1598 3872 1696 3906 ex-

111 3927 297 3990 plicata
320 3926 694 3978 convinceret
722 3941 731 3972 :
775 3929 953 3985 utque
981 3924 1394 3986 Hieronymum
1419 3938 1486 3977 eo
1512 3929 1694 3990 magis

111 4003 488 4060 accenderent,
515 3996 667 4047 illius
700 3996 995 4058 ingenium
1022 3999 1078 4045 et
1104 3995 1302 4044 Fidem
1326 3995 1379 4046 in
1407 4002 1696 4058 pl‘iUiailOIlB

113 4070 294 4134 Oper-is
325 4073 457 4123 ﬁcte
482 4069 702 4120 laudari
726 4069 1085 4122 addiderunt,
1116 4070 1277 4130 quasi
1305 4074 1428 4130 ejus
1449 4073 1694 4122 nominis

110 4143 247 4194 fama
293 4145 539 4195 Ruﬁnus
581 4139 866 4205 prOpriam
910 4139 1178 4189 haeresim
1227 4144 1415 4202 tegere
1445 4142 1697 4196 voluisse

112 4220 407 4276 putaretur.
461 4213 568 4264 Sed
603 4213 858 4276 prmstat,
887 4213 1061 4262 verba
1085 4211 1208 4274 ipsa
1234 4212 1421 4263 brevis
1447 4215 1696 4278 alioquin

114 4286 554 4338 l’ammachianaz
582 4283 867 4348 epistolte,
896 4295 1030 4344 qua:
1060 4296 1212 4333 nunc
1245 4290 1334 4334 est
1385 4287 1498 4336 XL.
1557 4289 1697 4338 alias

117 4358 290 4408 LXIV.
342 4359 544 4422 (Nunc
612 4355 925 4416 LXX.i'lII.)
975 4354 1034 4404 in
1093 4355 1348 4406 mtdium
1395 4358 1642 4420 proferre
1686 4374 1696 4408 :

116 4429 436 4494 Sanctusuliq
449 4431 529 4478 uis
541 4443 606 4477 ex
620 4426 882 4490 fratribus
894 4426 1174 4475 sehcdulas
1187 4429 1258 4475 ad
1275 4445 1366 4476 nos
1383 4442 1528 4481 CUJI,‘
1540 4443 1697 4482 SDAM

116 4500 298 4560 detulit,
345 4519 462 4566 quae
503 4499 747 4561 Origenis
772 4499 1036 4561 volumen,
1072 4500 1216 4561 quod
1249 4500 1585 4550 Periure/ton
1622 4504 1700 4550 in-

123 4572 363 4633 ‘Jt'tb‘ilttt‘,
399 4575 458 4621 in
513 4573 748 4620 latinum
792 4585 1090 4618 sermonem
1122 4586 1333 4619 versum
1359 4579 1606 4625 tenerent.
1637 4575 1700 4622 Et

123 4647 358 4706 [ueniam
405 4647 466 4693 in.
519 4644 603 4692 his
645 4642 818 4691 multa
851 4647 994 4707 sunt,
1043 4658 1160 4706 quae
1195 4645 1506 4695 tenuitatem
1530 4649 1701 4695 nostri

117 4717 304 4777 ingenii
359 4720 702 4781 permovent,
751 4730 971 4778 quaeque
1015 4716 1202 4763 minus
1250 4717 1502 4766 catholice
1561 4720 1702 4768 dicta

115 4790 401 4850 aestimatus,
439 4789 784 4852 suspicamur
834 4789 1014 4846 etiam,
1063 4788 1135 4836 ad
1177 4792 1571 4840 accusationem
1600 4808 1702 4839 au-

113 4862 272 4924 ctoris,
311 4861 482 4910 multa
520 4859 582 4908 de
628 4858 777 4907 libr-is
812 4859 924 4921 ejus
961 4874 1062 4907 esse
1087 4859 1376 4920 subtracta,
1404 4878 1520 4925 qua:
1544 4880 1702 4926 aper-

117 4935 213 4979 tam
251 4934 572 4996 impietatem
613 4931 853 4994 ejusdem
891 4937 1195 4980 monstrare
1214 4935 1530 4996 potuissent,
1556 4951 1701 4998 qtae-

113 5016 282 5051 sumus
325 5003 700 5066 przestantiam
742 5008 914 5063 tuam,
956 5007 1011 5051 ut
1049 5010 1093 5050 et
1128 5003 1223 5052 hoc
1246 5006 1547 5068 Specialiter
1592 5023 1695 5054 non

119 5080 217 5124 tam
241 5078 402 5134 nobis,
429 5093 598 5141 quam
622 5076 904 5135 universis,
929 5077 1024 5140 qui
1053 5078 1109 5124 in
1141 5077 1271 5126 Urbe
1299 5079 1564 5138 habitant,
1584 5096 1704 5143 pro-

117 5146 347 5204 futurum
372 5165 506 5213 opus
532 5149 771 5211 digneris
799 5149 1119 5212 impendere,
1153 5157 1208 5196 ut
1229 5153 1604 5214 supradictum
1632 5152 1698 5199 li—

121 5217 259 5268 brum
286 5221 548 5284 Origenis,
574 5221 1033 5284 quemadmodum
1058 5223 1122 5268 ab
1148 5223 1261 5284 ipso
1296 5230 1509 5272 auctore
1533 5224 1702 5272 editus

121 5298 198 5350 est,
231 5294 299 5341 ad
339 5296 517 5356 ﬁdem,
565 5299 654 5341 tuo
700 5309 940 5342 sermone
977 5294 1312 5354 manifestes:
1348 5301 1391 5342 ct
1419 5312 1534 5358 quze
1557 5312 1586 5342 (ι
1616 5295 1702 5340 (le-

125 5364 311 5423 fcnsore
334 5368 446 5429 ejus
474 5367 525 5414 in
538 5365 796 5429 lCi'pUlr‘tlrt
821 5371 964 5424 Sunt,
987 5366 1210 5429 prodas,
1240 5373 1293 5413 ut
1320 5383 1433 5429 qua'
1457 5369 1614 5414 etiam
1643 5367 1699 5413 iu

125 5434 198 5482 bis
231 5438 510 5499 schedulis,
560 5454 696 5500 quas
729 5438 801 5484 ad
833 5439 1170 5485 sanctitatem
1198 5444 1348 5486 tuam
1381 5439 1700 5491 dira-imus.

124 5506 186 5552 vel
207 5515 387 5558 contra
410 5509 727 5557 catholicam
753 5510 1014 5572 regulam,
1044 5510 1118 5557 vel
1146 5511 1384 5574 iniperite
1400 5512 1541 5559 edita
1560 5518 1702 5573 sunt,

126 5579 398 5643 redarguth
436 5587 593 5645 atque
617 5582 918 5631 convincas.
967 5582 1109 5630 Sane
1139 5582 1400 5630 subtiliter
1435 5584 1486 5630 in
1518 5584 1706 5645 pne/lt-

125 5648 247 5698 tione
278 5654 448 5716 operis
489 5654 592 5715 sui,
636 5655 976 5713 mentionem,
1005 5655 1162 5702 tacito
1190 5655 1427 5712 nomine,
1455 5661 1553 5702 tua:
1576 5672 1707 5703 san—

127 5721 301 5771 ctitatis
325 5727 596 5788 eapressil,
624 5726 785 5788 quod,
813 5743 846 5774 (ι
872 5732 916 5774 te
939 5727 1266 5788 promissum
1293 5743 1426 5790 opus
1447 5729 1552 5789 ipse
1573 5743 1707 5774 com-

129 5791 354 5856 pleverit;
401 5797 537 5846 illud
581 5796 793 5861 oblique
830 5813 1009 5862 agens,
1049 5799 1211 5846 etiam
1241 5805 1282 5846 te
1303 5799 1473 5847 simili
1500 5802 1707 5846 ratione

132 5867 319 5914 sentire.
367 5869 551 5934 Purga
590 5884 713 5933 ergo
740 5871 1068 5934 suspicimies
1093 5871 1402 5933 hominum,
1432 5886 1516 5934 ne,
1535 5871 1582 5920 si
1607 5871 1708 5918 dis-

134 5936 472 6006 simulave-ris,
490 5943 784 5992 consentire
797 5943 1044 5994 videaris.
1059 5945 1197 5994 Ilaec
1209 5943 1281 5995 ad
1294 5945 1706 6008 Hieronymum

1360 388 1550 438 VITA.
1588 387 1722 438 LIB.
1759 388 1828 437 II.
1868 387 2013 436 CAP.
2051 389 2144 438 III.

1735 507 1789 578 Α
1805 502 2210 555 Pammachius
2235 509 2291 556 et
2316 505 2596 568 Oceanus,
2626 508 2762 558 dum
2789 509 2934 559 inter
2958 523 3087 560 eum
3107 513 3408 565 Ruﬁnum-

1728 4679 1783 4751 D

3314 398 3417 451 134

1805 586 1915 636 que.
1938 578 2243 638 praeteritae
2270 577 2580 628 simultatis
2612 581 2684 630 ob
2710 593 2978 632 caussam
3010 583 3404 646 Origenianam

1804 648 2098 697 cicatrices
2120 649 2215 698 vix
2243 652 2593 700 coaluerant.

1869 721 1932 768 ΙΙ.
1979 721 2220 792 Ruﬁnus
2259 721 2364 769 hoc
2407 721 2606 771 eodem
2645 724 2894 786 tempore
2926 726 2984 776 in
3010 727 3253 790 patriam
3276 741 3403 792 pro~

1807 790 2082 848 tecturus,
2112 791 2302 840 literas
2334 805 2403 840 ex
2440 794 2586 841 Ifrbe
2613 793 2682 842 ad
2712 795 3124 858 Hieronymum
3162 790 3408 860 scripsit,

1803 861 2012 921 quibus
2039 865 2094 910 et
2121 877 2179 910 se
2198 862 2596 924 diutiust'piain
2615 865 2805 914 animo
2825 867 3230 922 destinaverat.
3248 875 3408 919 ltomzu

1805 933 2102 992 mansisse,
2139 937 2193 980 et
2235 934 2538 981 Concordia:
2579 935 2802 986 civitate
2834 943 3076 989 matrem
3103 953 3267 992 suam
3294 944 3409 992 vita

1804 1001 2075 1062 functam,
2107 1003 2862 1066 Signiﬁcavit.spiritualium
2903 1012 3093 1060 tamen
3117 1019 3404 1074 parentum

1804 1074 2129 1134 “illini-“Inui
2174 1079 2229 1123 et
2267 1076 2512 1134 Eusebii)
2550 1076 2827 1127 desiderio
2865 1080 2936 1129 ad
2972 1082 3210 1143 patriam
3240 1097 3407 1134 revo-

1802 1151 2013 1194 catum.
2048 1158 2226 1206 quum
2251 1147 2461 1207 alioqui
2489 1149 2687 1197 matris
2713 1151 2944 1201 amissa)
2971 1151 3128 1202 luctu
3155 1155 3287 1204 illuc
3316 1168 3404 1206 ac-

1803 1216 2002 1265 cedere
2041 1217 2450 1278 prohiberetur,
2490 1232 2559 1267 ne
2612 1219 2825 1269 scilicet
2879 1227 3151 1275 materna:
3198 1225 3406 1276 domus

1800 1293 2112 1349 adspectus
2129 1287 2380 1338 dolorem
2409 1290 2640 1352 propius
2683 1297 2932 1352 augeret,
2961 1307 3132 1356 quem
3162 1298 3405 1357 procula

1803 1359 2001 1421 patria,
2019 1359 2212 1407 animo
2243 1359 2548 1409 difﬁculter
2579 1374 2833 1422 premere
2857 1370 3094 1426 poterat.
3122 1368 3202 1417 Dc
3235 1370 3407 1415 Hiero-

1804 1441 1976 1499 nymo
2015 1429 2184 1478 etiam
2215 1428 2450 1490 oblique
2479 1437 2839 1492 conquestus
2867 1440 2974 1493 est,
2994 1437 3177 1499 quasi,
3207 1450 3273 1487 eo
3291 1451 3406 1488 non

1805 1495 2004 1560 inscio,
2031 1514 2257 1550 morsus
2294 1504 2678 1554 Romanorum
2723 1495 3028 1556 subiisset:
3052 1495 3186 1558 Ilaec
3214 1510 3408 1571 Rufini

1801 1571 2040 1634 epistola
2093 1572 2395 1622 intercidit.
2459 1573 2665 1622 Adhuc
2719 1579 2911 1626 tamen
2957 1579 3288 1642 l-Iieronymi
3333 1582 3404 1631 ad

1801 1644 2230 1693 l’ammaebium
2257 1650 2312 1694 et
2336 1645 2649 1706 Oceanum,
2679 1646 2986 1710 ipsumque
3013 1651 3280 1701 Ruﬁnum
3313 1665 3404 1703 re-

1736 1763 1749 1773 _
1803 1728 2012 1778 sponsa
2040 1719 2371 1779 supersunt,
2405 1717 2787 1778 nosqucint‘ra
2806 1732 2935 1780 quae
2965 1720 3106 1769 iniis
3131 1725 3402 1770 conlinen-

1731 1882 1780 1953 Β

1801 1789 1908 1838 tur.
1943 1786 2274 1847 singulatim
2298 1799 2595 1837 recensere
2614 1790 2968 1844 conaliiimur.
2989 1791 3117 1841 inde
3146 1795 3402 1842 historiam

1799 1858 2163 1906 Ruﬁnianun
2191 1857 2543 1908 illustruturi.
2569 1861 2810 1910 ltutinus
2829 1862 2949 1911 haec
2968 1861 3194 1912 interim
3213 1879 3402 1914 annum

1803 1935 1860 1979 et
1901 1944 1966 1978 eo
2015 1930 2260 1990 amplius
2298 1931 2492 1979 Romae
2524 1935 2578 1980 et
2618 1932 2796 1982 Pineti
2824 1937 3100 1990 moratus,
3130 1935 3202 1984 ad
3228 1938 3407 1986 Vene-

1807 2001 1940 2049 tiam
1969 2006 2227 2050 nostram
2255 2006 2683 2063 properatnrus,
2710 2015 2846 2053 vasa
2876 2005 3107 2067 colligit,
3137 2009 3402 2067 literasquc

1805 2073 2099 2124 formatas.
2130 2073 2386 2133 publicas
2414 2073 2540 2122 ﬁdei
2567 2077 2836 2134 tesseras,
2873 2077 3104 2126 nonnisi
3137 2081 3403 2126 Camoni-is

1803 2144 1861 2192 in
1886 2143 2129 2193 alienam
2146 2144 2451 2205 parteciam
2469 2144 2834 2204 abeuntibus,
2857 2148 3404 2211 perej')i.sc0po3tlui~i-

1806 2214 2021 2277 solitas,
2056 2216 2126 2264 ab
2153 2216 2346 2264 Siricio
2380 2215 2646 2265 l’ontiﬁce
2673 2216 2741 2266 de
2780 2231 2934 2268 more
2969 2218 3250 2282 impetrat.
3295 2223 3401 2270 Eas

1804 2287 2173 2350 postmodum
2199 2299 2232 2336 a
2264 2288 2465 2336 Ruﬁno
2488 2287 2736 2350 prolatas
2762 2290 3082 2350 colligimus
3107 2305 3178 2341 ex
3206 2293 3399 2342 Hiero-

1804 2373 1977 2421 nymo
2025 2359 2081 2408 in
2125 2359 2220 2408 lib.
2249 2360 2339 2408 ΙΙΙ.
2368 2361 2528 2420 Apol.
2565 2359 2661 2408 ubi
2691 2361 2770 2409 ait
2795 2375 2920 2422 patr.
2957 2361 3075 2412 459.
3129 2363 3315 2410 Siricii
3342 2365 3397 2411 in

1805 2431 2036 2478 Domino
2083 2430 2396 2477 dormientis
2430 2431 2638 2492 profers
2668 2431 2961 2493 epistulam.
3002 2435 3068 2482 Et
3101 2434 3246 2484 infra
3269 2448 3398 2498 pag.

1802 2501 1913 2554 .462.
1952 2501 2068 2548 Tale
2093 2500 2227 2563 quid
2250 2505 2294 2547 et
2318 2507 2503 2548 contra
2527 2501 2734 2564 Papam
2758 2502 3112 2551 Anastasith
3137 2505 3396 2567 disputas,

1805 2579 1874 2630 ut,
1903 2573 2037 2635 quia
2063 2571 2495 2634 Siriciiepiseopi
2517 2571 2671 2619 habes
2696 2573 2992 2635 epistolam.
3021 2575 3112 2622 iste
3143 2583 3329 2623 contra
3357 2583 3400 2624 te

1799 2644 2020 2692 scribere
2046 2659 2152 2690 non
2181 2644 2427 2706 potuerit.
2469 2645 2737 2706 Apertius
2761 2645 2867 2695 hoc
2899 2646 3089 2708 ipsum
3129 2647 3400 2709 panditin

1801 2716 1966 2778 epist.
2007 2716 2201 2765 XCVI.
2236 2714 2376 2765 illius
2425 2716 2571 2764 XVI.
2617 2715 2793 2777 (Nunc
2848 2718 3123 2777 CXXVII.)
3152 2720 3220 2768 ad
3253 2720 3401 2770 Prin-

1800 2788 2023 2849 cipiam,
2042 2786 2194 2848 quod
2220 2791 2308 2835 est
2336 2786 2702 2848 Epitaphium
2730 2788 3018 2840 Marcella:
3039 2807 3048 2836 :
3071 2796 3268 2852 petunt
3296 2793 3398 2854 (ΗΠ

1799 2860 1980 2908 linum
2023 2858 2212 2907 innuit
2242 2867 2283 2905 et
2312 2859 2601 2920 ἱηιρέτίνίιηι
2624 2859 3016 2908 Ecclesiastieas
3043 2862 3306 2924 epistolas,
3343 2867 3399 2910 ut

1797 2945 1964 2977 comm
1979 2945 2046 2975 un
2060 2930 2253 2976 icantes
2276 2929 2561 2976 discessisse
2585 2929 2734 2976 viden
2745 2937 2798 2977 nt
2807 2946 2888 2981 ur.
2902 2931 3008 2979 Nec
3028 2932 3258 2980 multum
3281 2940 3403 2981 tem.-

1792 3018 1896 3066 pus
1943 3002 2000 3049 iu
2040 3000 2238 3060 medio,
2288 3001 2516 3047 succedit
2562 3001 2620 3049 in
2677 3003 2996 3064 Ponti/irata
3046 3004 3128 3050 vir
3164 3005 3400 3068 insignis

1794 3073 2136 3122 Anastasius.
2179 3071 2439 3121 Siricium
2487 3073 2930 3123 Sanctissimnm
2975 3075 3166 3125 virum
3207 3075 3399 3139 inique

1798 3145 2029 3206 culpari,
2056 3143 2218 3204 quasi
2248 3143 2465 3191 homini
2493 3143 2973 3194 litereticoliteras
3001 3151 3400 3196 communicate-

1798 3216 1909 3265 rias
1944 3213 2222 3276 impartiri
2251 3227 2365 3262 non
2393 3214 2749 3275 dubitaverit,
2785 3229 2890 3265 suo
2925 3217 3047 3267 loco
3081 3220 3394 3282 apparebit.

1801 3287 2042 3336 Ruﬁnus
2077 3298 2212 3346 ergo
2239 3287 2417 3334 Roma
2441 3285 2708 3336 discessit
2744 3290 2808 3336 A.
2843 3289 2904 3337 Ι).
2933 3288 3052 3340 398.
3079 3296 3212 3340 ante
3248 3291 3398 3341 diem

1799 3371 1955 3408 XXVI.
2001 3357 2354 3411 Novembris,
2400 3371 2511 3419 quo
2556 3358 2786 3407 Siricius
2818 3359 2970 3410 diem
3006 3361 3162 3419 obiit,
3187 3375 3258 3413 ex
3291 3366 3395 3414 Da-

1789 3432 1934 3480 nielc
1961 3431 2344 3493 Papebrocliio
2368 3431 2423 3478 in
2449 3429 2739 3492 I’rOpyltieo
2767 3444 2880 3493 par.
2914 3434 2952 3481 Ι.
2983 3444 3108 3495 pag.
3136 3432 3221 3485 59.
3247 3439 3303 3484 et
3327 3449 3397 3485 ex

1793 3502 1964 3564 Pagio
2010 3502 2080 3550 ad
2118 3501 2366 3550 eundem
2410 3514 2627 3550 annum
2660 3501 2763 3561 ἕρ.
2799 3502 3010 3563 alioqui
3046 3517 3162 3555 non
3192 3505 3396 3568 Siricii,

1795 3576 1893 3624 Sed
1932 3573 2212 3622 Anastasii
2245 3573 2435 3622 literas
2470 3573 3010 3624 communicatorias
3048 3576 3396 3638 protulisset.

1795 3647 2072 3695 Baronius
2100 3645 2298 3693 eodem
2328 3649 2390 3693 Α.
2421 3646 2482 3692 D.
2509 3643 2628 3696 358.
2658 3648 2689 3704 §
2716 3645 2763 3697 ’1.
2795 3646 2888 3694 tibi
2914 3647 3178 3697 Siricium
3206 3650 3286 3699 ait
3310 3651 3397 3701 dc-

1793 3723 2084 3768 mortuum
2113 3717 2202 3766 dic
2247 3715 2334 3768 :22.
2379 3716 2664 3765 Februarii
2693 3717 3124 3769 translationem
3150 3721 3394 3782 aliquam

1795 3791 1900 3840 hoc
1915 3789 2002 3839 die
2031 3793 2087 3839 et
2111 3801 2306 3837 mense
2330 3788 2584 3849 quidem,
2614 3790 2712 3838 scil
2745 3803 2896 3840 anno
2923 3791 3250 3852 insequenti
3277 3794 3396 3848 399.

1795 3865 2083 3924 peractam
2143 3873 2243 3922 pro
2291 3860 2379 3908 dir
2423 3860 2725 3909 emortuali
2767 3863 3002 3924 accepit.
3047 3864 3109 3913 V.
3145 3865 3396 3917 Bolland.

1799 3933 1956 3982 Febr.
1988 3936 2123 3980 tom.
2155 3933 2245 3980 ΙΙΙ.
2276 3944 2399 3993 pag.
2430 3929 2551 3982 “282.
2581 3932 2847 3992 Spacium
2863 3934 3047 3983 verbis
3071 3934 3179 3985 illis
3205 3937 3393 3988 Hiero-

1795 4001 2085 4066 nymianis
2125 4001 2480 4056 denotamur},
2517 4017 2604 4047 nec
2643 4002 2874 4049 multum
2908 4010 3113 4064 tempus
3141 4007 3196 4053 in
3229 4009 3396 4055 medic

1799 4090 1995 4122 menses
2011 4073 2231 4136 aliquot
2257 4074 2499 4123 fortasse
2525 4075 3064 4136 complectiturante
3082 4080 3394 4127 demortuum

1797 4147 2082 4207 Siricium,
2123 4145 2288 4206 eique
2337 4145 2639 4193 sutl'ectum
2683 4146 3074 4196 Anastasium.
3114 4149 3215 4198 llic
3246 4151 3396 4200 enim

1797 4232 1931 4269 mox
1957 4218 2047 4268 die
2071 4231 2126 4268 v.
2153 4216 2503 4277 Decembris,
2537 4230 2668 4278 quae
2695 4217 2914 4268 indiem
2942 4219 3295 4271 Dominicam
3317 4223 3402 4272 in-

1797 4291 1950 4342 cidit.
2000 4290 2299 4340 ordinatus
2338 4293 2441 4350 est,
2480 4301 2551 4338 ex
2578 4289 2748 4351 Pugio
2774 4292 2838 4339 Α.
2879 4292 2942 4340 Ι).
2978 4292 3097 4343 398.
3128 4293 3159 4353 ᾖ
3193 4292 3224 4344 ὃ
3253 4299 3307 4343 et
3336 4298 3398 4344 Λ.

1797 4366 1861 4414 Ι).
1911 4361 2029 4416 402.
2064 4364 2096 4425 §
2127 4362 2210 4415 16.
2241 4364 2436 4423 Itaque
2489 4360 2725 4421 Rufinus
2751 4377 2844 4426 per
2871 4363 3246 4411 mollissimum
3283 4366 3404 4414 lita-

1797 4437 1910 4483 min
1925 4437 1984 4483 ἰεε
2033 4436 2150 4498 iter,
2202 4439 2266 4485 ut
2298 4435 2375 4485 ait
2417 4434 2800 4496 Hieronymus
2827 4435 2986 4484 initio
3009 4434 3132 4485 libri
3161 4437 3223 4486 ll.
3252 4439 3401 4498 Apo—

1797 4508 1985 4570 logim,
2025 4506 2412 4557 Mediolanum
2431 4505 2613 4569 primo
2631 4505 2941 4560 contendit,
2966 4506 3061 4555 ubi
3093 4507 3398 4569 Simplicia-

1802 4592 1915 4628 nus
1944 4579 2268 4636 Ambrosio,
2309 4577 2399 4627 die
2514 4577 2719 4640 Aprilis
2739 4576 2910 4639 elapsi
2938 4577 3068 4626 anni
3090 4577 3211 4630 397.
3240 4584 3402 4631 terrae

1804 4651 2094 4711 mandato,
2122 4650 2180 4699 in
2211 4649 2484 4700 cathedra
2512 4648 2920 4698 Mediolanensi
2951 4653 3403 4711 successor-aluit

1805 4724 2014 4771 Auctor
2039 4729 2121 4770 est
2147 4721 2508 4771 Mabillonius
2538 4721 2592 4770 in
2629 4722 2825 4771 Musei)
2852 4720 3044 4770 Italico
3066 4725 3202 4772 tom.
3227 4723 3267 4772 I.
3298 4738 3400 4782 par.

1803 4796 1866 4843 ΙΙ.
1902 4807 2028 4855 pag.
2059 4791 2174 4844 115.
2209 4792 2450 4842 Ruﬁnus
2476 4791 2567 4841 lib.
2598 4794 2634 4841 Ι.
2668 4806 2789 4843 sua}
2816 4793 3124 4854 Apologia),
3158 4795 3228 4843 ab
3255 4797 3405 4840 Euse-

1805 4866 1893 4914 bio
1911 4865 2280 4915 Cremonensi
2310 4865 2835 4926 interprctitionem
2866 4877 3028 4914 suam
3056 4865 3182 4915 libri
3209 4870 3401 4914 Periur—

1803 4937 1952 4987 clion
2001 4938 2259 4986 falsatum
2309 4937 2683 4984 contendens.
2713 4936 2943 4999 impiam
2979 4938 3317 4988 sententiam
3347 4939 3402 4986 in

1804 5023 1936 5058 suas
1966 5009 2208 5058 schcdas
2236 5007 2537 5068 intrusam,
2561 5007 2667 5055 sibi
2698 5021 2793 5068 per
2823 5009 3066 5058 eundem
3097 5011 3402 5059 Eusebium

1806 5080 2107 5131 Mediolani
2133 5080 2425 5129 recitatam
2451 5079 2820 5140 complentur
2851 5096 2861 5128 :
2892 5081 3405 5145 Quuui.inquit,bu-

1793 5153 2037 5215 jusmotli
2068 5153 2386 5199 sententiam.
2411 5151 2558 5213 apud
2580 5151 2944 5197 .llwliobiuum
2973 5153 3293 5215 (Eusebius)
3325 5171 3406 5201 re—

1802 5226 2006 5281 citaret,
2042 5229 2085 5270 et
2116 5238 2148 5270 a
2186 5237 2267 5269 me
2314 5237 2431 5283 qua:
2472 5220 2728 5280 ‹;.ι,·ί()ιι1›ιιι,
2770 5221 2908 5281 falsa
2941 5235 3044 5268 esse
3082 5224 3402 5284 dicerentur,

1803 5299 2162 5354 interrogatus
2195 5311 2227 5341 ιι
2259 5309 2363 5356 quo
2402 5293 2674 5354 accepisset
2718 5292 3076 5354 ι’.ι·ιιηψίι›νίιι,
3115 5295 3403 5355 respondit,

1808 5373 2113 5414 matronam
2165 5363 2447 5426 quandam
2491 5361 2590 5408 sibi
2625 5361 2841 5410 dedisse.
2894 5362 3173 5411 Eusebius
3208 5364 3306 5424 qui
3347 5365 3404 5415 in

1808 5438 2093 5502 praeterito
2119 5435 2358 5485 dissidio
2396 5435 2542 5482 inter
2565 5433 2974 5494 Hieronymum
3003 5432 3315 5494 Epiphanio
3336 5435 3400 5484 fa-

1807 5513 2059 5570 V't-ntem,
2096 5513 2152 5558 et
2183 5507 2455 5556 ltutinum
2479 5504 2718 5553 Joannis
2745 5503 3244 5565 Ilierosolymitani
3280 5510 3400 5553 stu-

1805 5583 2052 5640 diosum,
2083 5579 2284 5643 pilam,
2307 5582 2367 5627 ut
2404 5578 2619 5626 dictum
2651 5580 2756 5628 est.
2784 5576 3128 5637 Hieronymo
3149 5576 3402 5626 adhresc-

1806 5658 1909 5714 rat,
1940 5657 2133 5716 postea
2163 5649 2771 5714 Romam,priusquam
2791 5646 3032 5696 Ruﬁnus
3066 5647 3195 5697 hinc
3221 5647 3408 5698 disce-

1806 5727 1980 5785 deret,
2010 5737 2076 5773 ex
2106 5726 2334 5774 Oriente
2362 5724 2712 5784 pervenerat.
2741 5720 2878 5779 Ejus
2906 5719 3010 5769 iter
3033 5721 3408 5778 adventumque

1806 5801 2072 5848 accurate
2097 5794 2542 5858 designantbtcc
2563 5791 3082 5852 verballicronymi
3107 5793 3162 5841 in
3180 5796 3307 5841 libro
3327 5794 3404 5840 Ill.

1809 5868 2102 5933 Apologia:
2150 5880 2275 5932 pag.
2327 5863 2451 5919 46‘).
2488 5863 2857 5915 l’autinianus
2901 5868 2945 5911 et
2983 5864 3239 5914 Eusebius
3265 5876 3410 5916 POST

1809 5954 1886 5992 AN
1901 5953 2030 5994 NUM
2050 5947 2223 5990 vestrae
2241 5939 2443 6003 naviga
2459 5937 2621 5986 tionis
2641 5936 3018 6001 profectisunt.
3034 5936 3302 5988 Ruﬁnum
3316 5939 3411 5990 ini.
