3894 6392
485 329 590 386 135

1773 325 2017 378 RUFINI
2056 323 2494 377 PRESBYTERI

3693 319 3797 377 136

482 443 560 493 tio
583 438 822 514 veriqu.
853 441 920 514 D.
947 438 1068 494 397.
1095 438 1297 514 N_olam
1320 437 1664 503 adplicuisse
1694 438 2084 514 probavimus,
2105 438 2163 514 Α
2190 438 2486 514 Mutinam,
2528 434 2800 514 Regium,
2818 434 3106 514 fat-mam,
3140 432 3793 514 {identiolamLPlac'eno

476 515 663 575 Quare
713 510 1016 574 Eusebius,
1056 510 1154 574 qui
1201 522 1376 562 verno
1416 513 1688 573 tempore,
1739 509 2087 573 navigationi

482 595 739 648 congruo
761 584 828 633 A.
854 583 917 633 D.
937 580 1059 635 398.
1074 582 1134 632 in
1156 581 1378 632 Italiam
1406 580 1802 631 transmisisse
1838 580 2084 638 videtur,

480 652 716 704 ineunte
740 654 938 702 astate
951 650 1208 713 ejusdem
1229 651 1358 700 anni
1387 648 1509 704 398.
1524 652 1720 701 Roma
1728 650 1851 714 jam
1864 650 2087 707 aderat,

484 723 583 775 ubi
606 724 880 773 Ruﬁnum
898 732 1021 772 sua
1043 720 1469 771 communionis
1494 727 1552 773 et
1568 721 1841 772 consortii
1855 720 2085 786 partici-

481 806 615 858 pem
659 791 875 851 habuit,
918 790 1255 854 priusquam
1279 796 1546 855 uterque,
1570 791 1666 843 hic
1689 792 2081 855 Concordiam,

479 865 575 915 ille
599 866 940 915 Cremonam
958 861 1168 925 iturus,
1196 862 1584 914 Mediolanum
1607 862 2081 926 proﬁcisceretur.

480 936 601 985 Hoc
623 934 814 998 ipsum
831 932 1077 984 Ruﬁnus
1101 936 1348 984 testatur
1361 934 1419 984 in
1440 933 1541 984 lib.
1566 935 1609 984 Ι.
1636 946 1759 985 sua
1770 933 2083 998 Apologia.

479 1006 539 1055 Si
574 1005 687 1063 hoc,
725 1004 932 1067 inquit,
971 1004 1032 1051 in
1074 1004 1209 1051 meis
1241 1003 1411 1052 literis
1446 1004 1764 1067 (Eusebius)
1803 1004 2085 1058 invenisset

476 1081 521 1126 et
565 1089 681 1124 vere
713 1074 1034 1138 scrupulum
1079 1074 1319 1138 aliquem
1360 1089 1427 1125 ea:
1468 1075 1589 1139 ipsa
1622 1075 1839 1124 lectione
1875 1077 2085 1139 cepisset

475 1160 647 1211 quum
696 1160 795 1208 me,
825 1144 960 1192 sicut
998 1145 1109 1208 ipse
1150 1145 1310 1206 nosti,
1358 1146 1536 1194 Roma
1576 1146 1830 1209 positum,
1875 1145 2086 1196 haberet

466 1221 799 1281 prasentem,
851 1217 1108 1265 continuo
1136 1216 1320 1279 utique
1349 1217 1767 1281 perquisivisset,
1793 1223 1839 1267 et
1864 1217 1984 1280 ipsa
2012 1217 2085 1266 ad

474 1303 559 1337 me
580 1288 781 1351 scripta
807 1286 1087 1351 detulisset,
1113 1287 1313 1351 quippe
1336 1288 1434 1351 qui
1463 1303 1628 1352 usque
1648 1288 1722 1337 ad
1746 1289 1929 1353 ipsum
1953 1294 2084 1337 tem-

474 1374 578 1425 pus
620 1359 783 1408 etiam
833 1369 1051 1409 VIDBRE
1094 1371 1177 1409 un
1223 1362 1268 1406 et
1314 1370 1642 1419 sawrsnn,
1681 1365 1728 1408 et
1756 1360 1820 1408 in
1843 1358 2083 1408 orationi

478 1439 920 1482 couMUNICARn
952 1429 1137 1477 solitus
1180 1433 1309 1480 erat.
1334 1431 1416 1481 De
1441 1431 1687 1483 Eusebio
1713 1431 2083 1483 Cremonensi

476 1501 754 1552 Ruﬁnum
764 1499 856 1550 hic
868 1498 1045 1563 loqui,
1058 1512 1169 1551 nos
1181 1499 1442 1554 dubitare
1452 1514 1570 1553 non
1582 1502 1784 1554 sinunt
1794 1503 1921 1555 hac
1933 1505 2082 1552 verba

478 1573 827 1636 Hieronymo
871 1574 1074 1622 contra
1106 1569 1382 1622 Ruﬁnum
1421 1572 1482 1623 in
1518 1572 1615 1624 lib.
1642 1574 1709 1625 Il.
1742 1572 2037 1638 Apologia
2065 1589 2077 1619 :

485 1640 783 1705 Vociferare
808 1644 853 1688 el
876 1639 1097 1688 clamita
1115 1655 1212 1704 per
1242 1640 1473 1705 plateas;
1493 1657 1608 1692 non
1627 1648 1698 1692 est
1727 1659 1876 1693 meus
1909 1644 2040 1693 liber
2061 1661 2080 1705 ;

473 1718 540 1774 et,
558 1712 606 1761 si
628 1725 777 1760 meus
805 1715 894 1769 est,
932 1710 1213 1760 schedulas
1235 1712 1608 1763 inemendatas
1637 1714 1896 1764 Eusebius
1930 1716 2077 1778 furto

474 1782 707 1832 abstulit.
727 1782 1062 1843 Matronam,
1086 1793 1218 1844 qua
1243 1782 1432 1833 Ruﬁni
1456 1783 1701 1836 schedas
1728 1785 1958 1837 tradidit
1975 1789 2079 1837 Eu-

475 1854 651 1913 sebio,
677 1864 712 1903 a
740 1863 853 1914 quo
882 1856 1083 1915 postea
1105 1853 1508 1904 Pammachius
1530 1855 1863 1907 etOceanus
1886 1869 1983 1907 eas
2003 1858 2076 1909 ad

473 1925 888 1987 Hieronymum
935 1924 1435 1988 transmittendas,
1489 1932 1854 1990 acceperunt,
1897 1928 2077 1979 fuisse

475 1994 815 2053 Marcellam,
861 1999 1056 2057 aperte
1098 1993 1382 2057 colligitur
1418 2008 1490 2048 ex
1516 1997 1643 2061 ejus
1676 1998 1983 2063 epitaphio,
2012 2005 2078 2051 ut

475 2067 663 2119 dicam
685 2065 924 2116 inferius
961 2065 1345 2129 Hieronymus
1370 2069 1811 2120 commentarios
1838 2083 1976 2122 suos
2018 2075 2077 2122 in

474 2141 501 2190 J
510 2138 782 2191 eremiam
812 2140 871 2187 et
884 2135 1222 2188 Matthaum
1239 2136 1423 2188 eidem
1440 2139 1687 2191 Eusebio
1697 2141 2073 2205 nuncupavit.

540 2211 633 2260 Ill.
653 2206 912 2259 Norisius
925 2207 1240 2259 Cardinalis
1255 2208 1466 2272 ubique
1489 2211 1751 2274 Ruﬁnum
1774 2214 2075 2277 exagitans

475 2279 867 2334 Medionalum
892 2279 1145 2331 hareses
1171 2292 1309 2332 suas
1333 2280 1963 2336 disseminandicaussa
1979 2298 2076 2350 pe-

476 2352 635 2404 tiisse
673 2351 874 2402 scribit
902 2350 965 2401 in
994 2351 1246 2402 Historia
1268 2353 1571 2418 Pelagiana
1594 2354 1695 2406 lib.
1740 2368 1863 2419 cap.
1912 2357 1980 2407 II.
2011 2359 2075 2408 ut

478 2422 764 2473 Venerium
787 2421 1049 2486 ejusdem
1072 2422 1239 2473 Urbis
1267 2424 1603 2477 Antistitem
1625 2426 1687 2478 in
1722 2439 1860 2479 suas
1885 2430 2073 2491 partes

470 2495 736 2546 traheret.
761 2492 903 2543 Inde
932 2493 1306 2557 postmodum
1326 2496 1647 2559 Aquileiam
1661 2510 1723 2549 se
1738 2500 2071 2563 contulisse,

471 2571 530 2616 ut
562 2564 906 2628 Origenianis
920 2564 1126 2613 deliriis
1138 2567 1387 2629 patrium
1408 2566 1569 2618 etiam
1585 2568 1763 2617 solum
1786 2569 2075 2633 locupleta-

471 2641 571 2697 ret,
613 2641 657 2684 el
695 2634 1027 2697 Chromatio,
1052 2636 1207 2685 alteri
1226 2638 1395 2687 Italia
1420 2640 1783 2705 metropolila,
1806 2656 2073 2690 novorum

475 2707 790 2769 dogmalum
826 2705 975 2755 virus
1014 2706 1318 2773 instillaret,
1365 2724 1429 2759 ac
1476 2724 1580 2774 pro
1616 2710 1901 2761 Catholica
1923 2712 2073 2762 Fidei

474 2776 816 2837 rudimentis,
853 2791 970 2840 qua
1013 2782 1137 2827 ante
1170 2779 1397 2842 triginta
1421 2795 1597 2830 annos
1618 2782 1686 2831 ab
1711 2782 1910 2843 eodem,
1946 2788 2072 2833 tunc

470 2849 771 2916 presbytero
807 2846 1018 2897 edoctus
1046 2848 1245 2911 fuerat,
1284 2852 1531 2915 ingratas
1571 2853 1804 2917 profecto
1829 2855 1963 2904 vices
1988 2870 2073 2905 re-

472 2921 723 2986 pendens,
751 2919 1090 2984 impiissimis
1112 2921 1383 2972 erroribus
1406 2924 1808 2974 sanctissimum
1819 2926 1989 2990 juxta
2010 2942 2074 2977 ac

472 2992 841 3042 doctissimum
883 3006 1060 3041 senem
1102 2992 1375 3044 imbueret.
1424 2995 1619 3059 Neque
1655 2996 1744 3047 vir
1804 3010 2071 3049 summus

472 3069 588 3117 tam
612 3065 827 3116 atrocia
854 3063 916 3114 in
942 3064 1201 3127 Ruﬁnum
1231 3065 1355 3118 sine
1377 3065 1493 3118 ullo
1519 3071 1669 3118 teste
1690 3067 1902 3120 dixisse
1925 3082 2066 3121 con-

469 3140 683 3199 tentus,
705 3135 833 3187 hac
857 3135 1052 3189 statim
1082 3137 1385 3202 subjungit
1409 3153 1421 3189 :
1445 3138 1575 3197 Quis
1604 3145 1785 3189 autem
1821 3141 1934 3190 heic
1967 3141 2065 3190 ho-

466 3206 635 3255 minis
681 3211 902 3276 conatus
948 3221 1063 3255 non
1100 3213 1392 3267 execretur,
1422 3208 1518 3272 qui
1550 3224 1660 3259 uno
1692 3210 1801 3273 fere
1835 3216 2065 3276 tempore

467 3282 569 3326 trcs
610 3275 914 3340 primariae
942 3276 1108 3326 Italia
1150 3274 1426 3329 Ecclesias.
1458 3280 1783 3341 Romanam,
1812 3274 2066 3331 dein—Me-

466 3347 851 3409 diolanensem,
884 3353 1150 3413 postremo
1172 3350 1568 3414 Aquileiensem
1591 3352 1931 3416 Origenianss
1954 3354 2067 3403 Sec-

469 3425 532 3470 ta
555 3419 784 3483 adjicere
804 3419 1595 3486 petulantissimepertentavit3
1612 3423 1723 3475 Sed
1741 3423 1829 3475 Vir
1841 3426 2065 3474 disertis-

467 3491 653 3543 simus
674 3490 875 3542 falsam
897 3491 1225 3556 opinionem
1246 3492 1506 3545 induisse
1525 3494 1669 3546 mihi
1690 3495 1939 3548 videtur.
1953 3498 2062 3549 No-

466 3561 567 3614 lim
591 3567 803 3627 tamen,
827 3567 912 3626 ut,
937 3562 1078 3615 dum
1100 3564 1428 3629 opinionem
1451 3578 1570 3617 non
1590 3567 1767 3630 probo
1797 3568 1908 3632 ipsi
1923 3568 2065 3620 mihi

468 3636 605 3687 olim
629 3633 906 3686 benevolo
922 3634 1201 3687 insultare
1226 3636 1438 3688 videar.
1468 3639 1589 3688 Hoc
1612 3639 1767 3689 enim
1790 3642 2061 3700 piaculare.

469 3706 747 3758 Venerius
788 3705 849 3757 in
888 3706 1160 3759 cathedra
1192 3706 1596 3759 Mediolanensi
1620 3722 1740 3761 non
1764 3711 1909 3763 sedit
1931 3717 2065 3765 ante

470 3779 537 3828 A.
561 3777 629 3828 D.
651 3776 774 3832 400.
807 3788 920 3841 quo
938 3776 1289 3843 Simpliciani
1310 3778 1502 3831 locum
1524 3780 1801 3845 implevit.
1826 3783 1934 3835 Hic
1957 3796 2064 3835 au-

472 3850 585 3900 tem
605 3848 910 3900 Ambrosio
923 3854 1299 3912 successerat,
1318 3856 1384 3902 ut
1402 3850 1539 3913 dixi,
1558 3857 1616 3903 et
1630 3856 1856 3904 constat
1880 3869 1938 3902 ex
1952 3856 2066 3904 Bol-

464 3918 722 3972 landiani
745 3920 931 3985 operis
954 3920 1453 3973 continuatoribus
1475 3922 1534 3973 in
1559 3924 1802 3988 Exegesi
1829 3925 2066 3988 praﬁxa

467 3996 603 4045 tom.
651 3993 769 4043 VII.
820 3992 969 4043 Maii.
1016 3992 1447 4056 Simplicianum
1492 4006 1648 4055 vero,
1679 3995 2066 4048 Gaudentium

466 4064 837 4126 Brixiensem,
866 4069 924 4115 et
953 4063 1345 4116 Chromatium
1360 4064 2067 4130 Aquileiensem,sanctis-

469 4136 647 4188 simos
663 4146 830 4199 aque
845 4146 913 4186 ac
935 4135 1299 4188 doctissimos
1325 4136 1499 4200 viros,
1522 4150 1670 4201 quos
1693 4150 1761 4189 ea
1785 4145 2067 4200 tempestate

471 4207 716 4259 Ruﬁnus
741 4206 940 4269 utique
962 4207 1185 4269 invisit,
1208 4208 1569 4270 Origenianis
1592 4209 1880 4261 erroribus
1897 4211 2067 4261 faciles

467 4291 636 4349 aures
651 4278 1091 4331 adcommodare
1107 4279 1385 4343 potuisse,
1397 4282 1617 4345 absque
1629 4285 1919 4334 tantorum
1937 4298 2068 4344 prae-

469 4349 662 4404 sulum
684 4350 896 4416 injuria
916 4349 1029 4401 dici
1050 4350 1268 4413 nequit,
1296 4353 1581 4415 pracipue
1608 4365 1788 4417 quum
1812 4367 1981 4408 nemo
1993 4368 2066 4407 ex

466 4422 576 4475 illis
599 4435 857 4486 unquam
886 4422 1079 4473 Ruﬁni
1093 4423 1570 4475 consuetudinem
1594 4424 1821 4488 fugerit,
1846 4427 2067 4488 sedipse

464 4495 526 4546 in
546 4493 904 4559 singulorum
939 4498 1216 4559 perpetua
1245 4496 1652 4548 communione
1674 4496 1893 4550 vixerit.
1918 4499 2063 4551 Bea-

467 4571 591 4619 tum
614 4566 1021 4626 Gaudentium,
1044 4567 1237 4619 Sancti
1262 4567 1547 4619 Philastrii
1562 4568 1913 4633 discipulum
1936 4571 2063 4622 etin

466 4636 739 4720 cathedra
778 4649 1195 4720 successorem,
1235 4638 1479 4720 Ruﬁnus
1506 4639 1727 4720 pridem
1749 4640 1810 4692 in
1833 4641 2062 4720 oriente
2080 4646 2138 4720 D

462 4712 719 4771 noverat,
743 4708 1122 4772 ejusdemque
1145 4714 1346 4773 postea
1372 4715 1577 4775 rogatu
1604 4711 1820 4763 factum
1844 4711 2065 4765 videbi-

463 4793 596 4833 mus
619 4785 686 4832 ut
708 4779 1014 4832 Clementis
1037 4780 1476 4851 Recognitiones
1500 4795 1574 4834 ex
1597 4786 1796 4835 Graco
1819 4783 1881 4834 in
1908 4784 2062 4835 Lati-

462 4864 609 4905 num
632 4863 955 4904 sermonem
980 4852 1354 4905 transtulerit.
1384 4853 1545 4905 Istud
1582 4854 1689 4906 iter
1706 4866 1809 4919 per
1830 4856 2063 4905 insubres

463 4924 671 4976 Ruﬁno
695 4924 756 4974 in
771 4924 1017 4988 patriam
1042 4936 1211 4975 suam
1234 4937 1557 4988 reversuro,
1570 4924 1679 4977 fuit
1699 4926 1992 4990 proprium
2006 4930 2065 4978 et

464 4992 740 5055 naturale,
766 4996 831 5046 ut
852 4994 934 5045 sic
958 4993 1176 5059 loquar,
1202 5007 1321 5048 non
1343 4996 1705 5061 indirectum,
1719 4996 1913 5049 minus
1935 5010 2065 5061 pro-

465 5068 676 5133 prium,
693 5066 834 5118 etob
851 5071 1102 5118 secretas
1122 5077 1381 5129 caussas,
1398 5067 1619 5119 homini
1636 5081 1711 5121 ex
1726 5069 1873 5120 Urbe
1886 5070 2065 5121 Roma

423 5170 427 5174 -
464 5142 526 5192 in
579 5136 881 5191 Venetiam
933 5138 1257 5192 inferiorem
1296 5139 1465 5203 ituro,
1514 5144 1867 5204 susceptum.
1903 5141 2064 5191 Tunc

465 5211 633 5273 enim,
670 5210 928 5264 Ferraria
959 5214 1016 5262 et
1060 5211 1316 5263 Venetiis
1365 5211 1627 5264 nondum
1664 5210 1929 5275 conditis,
1961 5211 2063 5262 tri-

464 5282 597 5348 plici
617 5284 713 5336 via
733 5282 1057 5347 Aquileiam
1080 5283 1367 5348 perveniri
1389 5289 1631 5349 poterat.

528 5355 722 5407 Prima
748 5354 954 5420 litoral,
996 5358 1253 5409 Arimino
1296 5357 1632 5408 Ravennam
1654 5356 1859 5417 ibatur,
1907 5354 2062 5406 unde

464 5434 657 5493 septem
678 5429 863 5478 maria
883 5428 1120 5478 altinum
1150 5444 1318 5493 usque
1333 5429 1773 5492 navigabantur,
1788 5431 1854 5478 ut
1875 5426 1954 5479 ait
1972 5430 2063 5478 An

470 5500 700 5552 toninus
744 5500 805 5551 in
852 5500 1165 5565 Itinerario.
1204 5498 1400 5551 Altino
1433 5503 1633 5563 postea
1653 5498 1760 5549 iter
1782 5500 1904 5553 erat
1925 5499 2062 5548 Con-

466 5572 735 5632 cordiam,
760 5571 1099 5635 Aquileiam.
1116 5569 1217 5622 Illo
1230 5584 1355 5623 avo
1369 5581 1543 5634 supra
1562 5568 1875 5621 Bononiam
1890 5567 2059 5617 Palus

460 5643 862 5707 intercedebat,
891 5656 1022 5708 qua
1044 5656 1078 5695 a
1102 5642 1268 5694 Vibio
1289 5645 1593 5707 Sequestro
1612 5641 1829 5693 Padusa
1854 5640 2059 5704 Gallia,

464 5732 499 5766 a
522 5715 671 5766 Pado
688 5714 848 5780 dicta,
878 5710 1212 5779 appellatur.

527 5786 776 5839 Secunda
801 5788 895 5839 via
922 5784 1359 5846 mediterranea,
1379 5783 1633 5833 Armimo
1659 5783 1929 5834 Caesenam
1951 5781 2061 5833 du-

463 5862 650 5916 cebat.
673 5861 812 5914 Inde
833 5857 1192 5919 Faventiam,
1213 5858 1425 5910 Forum
1456 5854 1701 5909 Cornelii
1722 5853 2058 5915 Bononiam,

2100 1805 2157 1881 B

2188 508 2346 572 tiam,
2389 507 2661 566 Laudem,
2708 504 3110 567 Mediolanum,
3146 504 3513 569 Bergomum,
3538 503 3791 556 Brixiam

2186 580 2497 642 Veronam,
2539 576 2842 638 Vicetiam,
2888 577 3205 639 Patavium,
3253 576 3537 629 Altinum°
3559 580 3794 642 proten-

2186 650 2449 703 debatur.

2251 722 2442 785 Tertia,
2485 720 2625 772 item
2667 719 3103 780 mediterranea,
3149 718 3407 770 Arimino
3449 718 3792 779 Bononiam,

2184 793 2478 855 Mutinam,
2523 791 2732 843 Vlcum
2767 792 3074 843 Serninum
3097 794 3156 841 et
3178 790 3510 853 Varianum,
3537 791 3793 842 Montem

2184 864 2492 927 Anianum,
2529 865 2745 925 Ateste,
2774 863 3089 921 Patavium,
3114 860 3373 913 Altinum
3397 862 3789 914 sternebatur.

2182 937 2322 988 Hac
2364 949 2436 987 ex
2473 934 2891 999 probatissimis
2915 932 3150 986 Tabulis
3172 932 3477 984 itinerariis
3510 932 3795 985 Antonini

2182 1011 2241 1059 et
2264 1006 2607 1070 Peutingeri.
2631 1004 2876 1057 Ruﬁnus
2910 1017 2983 1056 ex
3021 1004 3112 1055 his
3152 1004 3339 1055 tribus
3369 1004 3793 1056 communibus

2183 1078 2305 1130 Viis
2326 1078 2636 1139 secundam,
2663 1080 2728 1127 ut
2750 1076 2860 1127 sibi
2879 1074 3346 1135 commodiorem,
3374 1074 3617 1138 delegit.

2244 1150 2338 1199 IV.
2370 1151 2437 1200 A.
2469 1150 2536 1200 D.
2581 1146 2703 1202 399.
2743 1146 2811 1198 ad
2860 1145 3136 1199 Ruﬁnum
3165 1147 3228 1197 in
3248 1146 3436 1198 Patria
3457 1148 3793 1197 morantem

2183 1220 2529 1283 scriptafuit,
2553 1231 2670 1271 non
2694 1223 2889 1270 tamen
2913 1218 3153 1280 reddita,
3182 1218 3521 1282 Hieronymi
3540 1217 3795 1281 epistola

2183 1292 2351 1342 XLII.
2407 1290 2551 1342 alias
2592 1289 2788 1341 LXVI.
2839 1289 3019 1352 (Nunc
3047 1289 3255 1351 LXXI.)
3289 1289 3351 1340 in
3373 1300 3490 1352 qua
3524 1288 3620 1339 vir
3651 1288 3795 1338 San-

2182 1368 2312 1414 ctus
2352 1361 2432 1413 illi
2452 1361 2762 1425 respondet
2796 1360 3079 1425 epistola,
3125 1372 3301 1423 quam
3328 1358 3579 1411 Ruﬁnus
3604 1360 3796 1410 Roma

2180 1434 2547 1485 discessurus
2569 1443 2722 1483 anno
2743 1430 2937 1494 elapso
2949 1430 3022 1481 ad
3048 1442 3181 1481 eum
3202 1430 3525 1495 scripserat.
3542 1430 3663 1491 Ait,
3681 1432 3795 1481 sta-

2182 1504 2284 1556 tim
2309 1516 2383 1556 ex
2406 1503 2686 1566 elegantia
2707 1501 2869 1552 latini
2892 1502 3195 1564 sermonis,
3208 1513 3325 1565 quo
3351 1506 3551 1552 noster
3569 1500 3794 1564 episto-

2178 1573 2296 1626 lam
2322 1574 2647 1637 scripserat,
2672 1572 2781 1624 sibi
2800 1571 2955 1635 quod
2971 1572 3214 1623 Ruﬁnus
3227 1570 3793 1636 signiﬁcaverat,pa-

2182 1645 2383 1707 tuisse,
2425 1643 2584 1695 illum
2620 1656 2826 1707 nempe
2849 1643 2948 1692 diu
2968 1643 3150 1692 Roma
3172 1648 3461 1706 versatum,
3477 1654 3668 1707 quum
3687 1642 3797 1693 lin-

2177 1727 2309 1778 gua
2334 1713 2548 1776 latina,
2573 1712 2743 1776 cujus
2763 1714 2824 1764 in
2846 1712 3117 1764 diuturna
3130 1712 3585 1777 peregrinatione
3601 1714 3795 1761 oblitus

2186 1784 2611 1848 quodammodo
2634 1785 2837 1846 fuerat,
2863 1784 3247 1835 assuevisset:
3263 1782 3417 1846 quod
3430 1782 3651 1834 scilicet
3662 1797 3794 1831 non-

2185 1857 2297 1908 nisi
2316 1855 2488 1921 longo
2512 1859 2766 1919 tempore
2791 1854 2912 1905 ﬁeri
2927 1857 3176 1919 poterat:
3196 1853 3325 1913 Diu,
3342 1854 3599 1918 inquit,te
3610 1854 3795 1904 Romae

2177 1932 2453 1977 moratum
2479 1941 2651 1975 sermo
2680 1925 2939 1989 praprius
2962 1924 3240 1975 indicavit.
3267 1926 3338 1976 Se
3360 1937 3474 1977 uon
3493 1925 3795 1988 ambigere

2176 1999 2273 2062 ait,
2297 1999 2431 2063 quia
2452 2009 2614 2049 amor
2636 1996 3014 2061 spiritualium
3034 1996 3408 2060 parcntumad
3421 1996 3668 2060 patriam
3700 2006 3795 2047 re-

2177 2069 2488 2133 vocaverit,
2513 2080 2685 2133 quem
2699 2067 2901 2119 matris
2916 2066 3202 2119 defuncta
3221 2066 3413 2119 luctus
3438 2068 3512 2118 ab
3531 2068 3793 2126 ejusmodi

2176 2142 2379 2193 itinere
2400 2143 2702 2200 averterat,
2727 2151 2799 2191 ne
2821 2139 3007 2202 magis
3031 2150 3223 2190 coram
3247 2137 3465 2191 doleret
3491 2137 3649 2201 quod
3681 2137 3790 2189 ab-

2176 2224 2311 2263 sens
2353 2212 2452 2264 vix
2505 2211 2652 2263 ferre
2696 2214 2936 2274 poterat.
2978 2209 3359 2261 Conscientia
3405 2208 3613 2261 deinde
3659 2220 3789 2261 sua

2176 2284 2381 2335 testem
2401 2281 2715 2334 Dominum
2740 2292 2923 2344 quum
2944 2279 3306 2345 appellasset,
3324 2285 3439 2343 post
3463 2280 3790 2330 reconcilia-

2178 2358 2257 2402 tas
2323 2353 2596 2404 amicitias
2666 2351 2881 2402 nullum
2923 2351 3269 2402 intercessisse
3306 2365 3609 2410 rancorem,
3656 2364 3791 2415 quo-

2175 2425 2488 2489 quempiam
2513 2424 2734 2487 laederet,
2750 2423 2877 2475 hac
2902 2422 3097 2475 statim
3128 2422 3453 2487 subjungit:
3484 2422 3623 2473 Vera
3647 2422 3790 2471 ami-

2173 2496 2303 2545 citia
2345 2496 2490 2561 quod
2512 2495 2688 2558 sentit,
2718 2494 3063 2543 dissimulare
3105 2508 3218 2543 non
3254 2492 3413 2544 debet.
3442 2492 3789 2556 Prcfatiun-

2172 2567 2296 2617 cnla
2324 2567 2588 2617 librorum
2611 2566 2945 2616 Periarchon
2983 2565 3057 2614 ad
3080 2579 3163 2614 me
3196 2565 3363 2614 missa
3383 2569 3453 2614 est
3486 2564 3718 2629 (nempe
3750 2575 3789 2616 a

2175 2638 2541 2690 Pammachio
2570 2641 2628 2689 et
2664 2637 2909 2697 Oceano)
2936 2651 3107 2702 quam
3130 2651 3197 2686 ea:
3214 2636 3334 2685 stilo
3358 2635 3594 2686 intellexi
3626 2640 3788 2685 tuam

2172 2723 2279 2759 esse
2324 2710 2553 2774 (nomen
2602 2708 2756 2760 enim
2787 2707 2979 2759 Ruﬁni
3030 2708 3243 2770 aberat)
3290 2707 3352 2756 in
3396 2721 3507 2771 qua
3549 2706 3787 2771 oblique,

2174 2780 2284 2830 imo
2328 2784 2505 2844 aperte
2543 2793 2635 2843 ego
2682 2783 2851 2843 petor.
2893 2779 3012 2837 Qua
3033 2783 3205 2827 mente
3225 2779 3293 2827 sit
3313 2778 3529 2842 scripta,
3552 2782 3611 2827 tu
3634 2778 3790 2828 vide-

2172 2852 2251 2901 ris
2275 2866 2289 2903 :
2329 2866 2441 2915 qua
2471 2850 2825 2914 intelligatur,
2849 2855 2895 2899 et
2929 2850 3107 2899 stultis
3135 2854 3296 2913 patet.
3320 2848 3576 2900 Poteram
3598 2855 3645 2899 et
3668 2864 3787 2914 ego,

2173 2923 2270 2988 qui
2312 2922 2599 2986 saepissime
2630 2923 2895 2986 ﬁgnratas
2916 2920 3202 2970 sententias
3223 2920 3537 2982 declamavi,
3560 2919 3787 2985 aliquid

2174 2994 2236 3043 de
2260 2998 2323 3058 te,
2356 2998 2519 3042 vetere
2555 2992 2787 3055 artiﬁcio
2807 2996 3053 3057 repetere,
3093 2997 3139 3041 et
3178 2996 3269 3041 tuo
3293 2997 3338 3041 te
3358 3005 3505 3041 more
3528 2990 3783 3041 laudare.

2172 3065 2275 3115 Sed
2308 3063 2445 3113 absit
2469 3079 2505 3113 a
2521 3078 2622 3125 me,
2647 3069 2706 3112 ut
2732 3063 2878 3128 quod
2899 3063 3230 3127 reprehendo
3250 3063 3310 3112 in
3330 3069 3392 3123 te,
3414 3063 3610 3111 imiter.
3630 3063 3785 3121 Quin

2162 3134 2344 3200 potius
2388 3135 2468 3184 ita
2516 3136 2837 3184 sententiam
2880 3133 3189 3199 temperavi,
3216 3138 3276 3183 ut
3317 3138 3365 3183 et
3388 3133 3655 3198 objectum
3679 3137 3787 3185 cri-

2092 3226 2141 3301 C
2165 3222 2288 3301 men
2331 3205 2738 3301 e'll‘i’tgerem,oet’
2763 3206 3033 3301 amicum,
3068 3210 3343 3301 quantum
3368 3205 3431 3255 in
3454 3219 3539 3254 me
3559 3210 3654 3301 ἦξε,
3686 3221 3784 3257 nec

2166 3278 2317 3328 laesus
2340 3278 2598 3328 (sederem.
2634 3277 2738 3328 Sed
2772 3277 2977 3327 obsecro
3016 3283 3080 3338 te,
3106 3277 3233 3327 utsi
3257 3277 3499 3341 deinceps
3533 3276 3783 3341 aliquem

2161 3350 2313 3414 Sequi
2336 3348 2586 3413 volueris,
2631 3354 2722 3399 tuo
2747 3354 2963 3399 tantum
2981 3347 3196 3411 judicio
3241 3349 3315 3398 sis
3345 3352 3638 3399 contentus.
3669 3351 3785 3399 Aut

2163 3421 2310 3471 enim
2345 3419 2487 3470 bona
2521 3425 2647 3470 sunt
2686 3434 2802 3484 qua
2834 3421 3156 3485 appelimus,
3192 3424 3289 3469 aut
3324 3419 3493 3469 mala.
3529 3417 3592 3469 Si
3614 3418 3786 3470 bona.

2164 3506 2279 3541 non
2327 3492 2531 3556 indiget
2574 3491 2797 3541 alterius
2840 3490 3093 3542 auxilio:
3136 3492 3185 3541 si
3234 3490 3403 3555 mala,
3437 3492 3786 3554 peccantium

2163 3562 2453 3613 multitudo
2496 3577 2613 3612 non
2633 3563 2784 3628 parit
2804 3562 2979 3611 errori
2996 3562 3388 3627 patrocinium.
3415 3561 3538 3611 Haec
3559 3564 3720 3625 apud
3743 3568 3787 3613 te

2165 3634 2336 3685 amice
2372 3634 2554 3700 potius
2583 3633 2926 3700 expostulare
2955 3634 3121 3697 volui,
3157 3647 3327 3699 quam
3352 3633 3652 3683 laccessitus
3671 3649 3785 3699 pu-

2165 3704 2291 3755 blice
2312 3705 2571 3768 destevire,
2597 3711 2655 3755 ul
2678 3705 3104 3770 animadvertas,
3146 3719 3230 3755 me
3265 3705 3640 3754 reconciliatae
3662 3706 3785 3755 ami

2164 3777 2320 3827 cilias
2336 3791 2475 3841 pure
2495 3776 2676 3837 colere,
2703 3781 2749 3825 et
2771 3791 2884 3826 non
2896 3776 3066 3840 juxta
3090 3775 3410 3825 Plautinum
3432 3776 3784 3838 sententiam,

2166 3848 2338 3898 altera
2386 3863 2562 3898 manu
2600 3848 2838 3912 lapidem
2883 3852 3088 3910 tenere,
3134 3861 3334 3913 panem
3371 3845 3562 3911 offerre
3584 3848 3782 3898 altera.

2166 3920 2306 3972 Hac
2324 3918 2398 3971 ad
2420 3920 2695 3971 Ruﬁnum
2712 3919 3101 3981 Hieronymus
3116 3918 3411 3969 subiratus
3427 3918 3501 3969 ob
3523 3920 3783 3979 suspicio-

2165 4003 2272 4043 nes
2296 4003 2331 4042 a
2356 3990 2719 4042 Pammachio
2737 3993 2796 4042 et
2819 3990 3046 4042 Oceano
3070 3989 3179 4040 sibi
3191 3988 3453 4053 injectus,
3469 3992 3617 4050 quasi
3636 3991 3784 4040 falsis

2166 4065 2224 4113 et
2246 4060 2506 4113 subdolis
2529 4060 2722 4112 Ruﬁni
2744 4059 3015 4112 laudibus
3039 4060 3099 4111 in
3125 4059 3525 4112 hareticorum
3558 4061 3781 4124 patroci

2165 4132 2329 4184 nium
2346 4133 2694 4195 traheretur;
2708 4143 3041 4196 quanquam
3054 4130 3371 4183 Ruﬁniana
3382 4130 3782 4184 translationis

2166 4216 2385 4256 errores
2397 4202 2634 4255 omnino
2662 4203 2811 4255 silet.
2831 4204 2946 4255 Sub
2970 4202 3143 4254 ﬁnem
3163 4200 3421 4265 epistola
3430 4202 3525 4261 ait,
3540 4201 3782 4255 fratrem

2169 4288 2342 4327 suum
2366 4273 2786 4337 Paulmianum,
2824 4274 2922 4337 qui
2958 4286 3112 4325 anno
3143 4272 3336 4337 elapso
3356 4272 3479 4327 398.
3506 4285 3640 4325 cum
3669 4276 3781 4328 Eu-

2168 4346 2326 4398 sebio
2346 4348 2733 4411 Cremonensi,
2755 4345 2829 4398 ad
2853 4345 3099 4411 patriam
3135 4345 3453 4398 Stridonem
3478 4346 3692 4410 iturus,
3718 4347 3779 4398 in

2166 4417 2385 4469 Italiam
2414 4417 2731 4482 traiecerat,
2770 4416 3031 4469 nondum
3058 4415 3153 4469 illo
3176 4428 3328 4469 anno
3357 4414 3480 4472 399.
3504 4428 3625 4479 quo
3651 4417 3780 4471 hac

2164 4491 2464 4553 scribebat,
2495 4490 2569 4543 ad
2587 4503 2652 4543 se
2676 4502 3003 4553 reversum;
3029 4502 3091 4540 se
3112 4492 3315 4553 putare
3338 4492 3533 4541 tamen
3555 4489 3632 4539 ab
3659 4490 3781 4542 Ru-

2163 4563 2280 4615 ﬁno
2310 4564 2504 4616 visum
2539 4561 2818 4627 Aquileia
2848 4561 3003 4627 apud
3026 4560 3419 4612 Chromatium
3441 4560 3779 4626 metropoli-

2168 4640 2305 4687 tam.
2339 4633 2517 4686 Addit
2538 4635 2790 4699 insuper,
2811 4646 2874 4686 se
2890 4633 3179 4697 quendam
3202 4630 3381 4684 alium
3403 4629 3777 4696 presbyterum

2168 4706 2437 4770 Rufinum
2478 4720 2576 4771 per
2615 4706 2843 4756 Romam
2885 4703 3257 4754 Mediolanum
3299 4702 3558 4769 misisse,
3593 4707 3778 4767 atque

2165 4789 2382 4843 orasse,
2419 4783 2486 4829 ut
2508 4777 2699 4843 ipsum
2724 4775 3000 4828 Ruﬁnum
3025 4780 3312 4839 nostrum,
3342 4773 3417 4827 ad
3438 4785 3614 4839 quem
3641 4777 3778 4828 scri-

2164 4848 2266 4908 bit,
2301 4862 2408 4900 suo
2450 4850 2639 4898 animo
2669 4853 2714 4897 et
2757 4846 3003 4912 obsequio
3040 4847 3275 4899 videret.
3300 4847 3578 4909 Quisnam
3600 4844 3780 4899 fuerit

2164 4921 2273 4972 iste
2284 4920 2549 4984 Ruﬁnus,
2575 4923 2634 4971 et
2657 4924 2873 4984 quanto
2901 4918 3161 4972 veritatis
3185 4916 3486 4983 dispendio
3501 4919 3778 4968 celeberri-

2163 4992 2243 5043 mi
2268 4991 2573 5056 scriptores
2596 4991 2758 5043 illum
2770 5003 2905 5043 cum
2921 4996 3119 5042 nostro
3136 4988 3530 5053 conﬁaverint,
3542 4995 3776 5050 postmo-

2162 5063 2302 5114 dum
2326 5062 2710 5127 disseremus;
2729 5063 2855 5114 heic
2875 5065 3103 5114 tantum
3122 5060 3343 5113 dixisse
3354 5059 3626 5120 contenti,
3640 5062 3776 5126 ejus

2162 5134 2272 5186 iter
2293 5135 2729 5199 adventumque
2749 5135 2992 5186 Romam
3005 5132 3272 5186 evenisse
3286 5132 3396 5185 hoc
3417 5132 3617 5184 eodem
3631 5146 3773 5183 anno

2163 5204 2283 5260 399.
2311 5206 2597 5255 biennium
2620 5206 2837 5258 scllicet
2858 5210 3167 5271 postquam
3190 5210 3389 5257 noster
3402 5203 3536 5256 inde
3560 5202 3776 5257 disces-

2164 5283 2334 5330 serat.
2353 5277 2417 5328 Id
2440 5277 2684 5329 brobant
2698 5277 2824 5329 hac
2839 5277 3018 5330 verba
3043 5276 3379 5341 Hieronymi
3399 5276 3497 5327 lib.
3512 5277 3762 5338 III.Apol.

2162 5362 2291 5414 pag-
2318 5347 2439 5403 46⁸2.
2458 5348 2827 5399 Paulinianus
2854 5354 2901 5397 et
2920 5348 3181 5399 Eusebius
3202 5359 3346 5400 POST
3366 5354 3773 5400 ANNUMvestra

2162 5421 2531 5485 navigationis
2551 5419 2776 5485 profecti
2796 5425 2939 5469 sunt.
2965 5421 3199 5483 Ruﬁnus
3222 5421 3284 5469 in
3305 5434 3497 5470 caussa
3524 5419 3770 5484 Claudii,

2161 5503 2309 5544 POST
2334 5504 2629 5545 BIENNIUM
2651 5492 2863 5543 missus.
2889 5493 3006 5543 Nos
3028 5491 3313 5556 fugithac
3337 5506 3531 5541 caussa
3544 5490 3771 5542 Claudii

2161 5565 2234 5615 ob
2257 5578 2429 5628 quam
2453 5565 2699 5616 Ruﬁnus
2716 5562 2859 5615 alter
2881 5577 2955 5615 ex
2978 5564 3138 5628 Syria
3161 5563 3543 5616 Mediolanum
3566 5576 3771 5629 prope-

2160 5636 2326 5699 ravit,
2353 5635 2452 5686 ubi
2495 5635 2627 5687 aula
2669 5636 2932 5687 Casarea
2979 5638 3118 5686 tunc
3154 5634 3369 5687 aderat.
3408 5636 3771 5688 Gravissima

2162 5711 2356 5759 tamen
2398 5707 2585 5772 fuerit,
2619 5719 2802 5772 quum
2846 5708 3232 5772 Hieronymus
3279 5721 3379 5772 pro
3411 5706 3650 5772 periculo
3674 5723 3769 5758 ca-

2157 5780 2289 5845 pitis
2310 5779 2479 5830 alieni
2494 5780 2634 5832 illud
2658 5780 2765 5832 iter
2784 5780 3094 5845 contigisse
3119 5782 3378 5831 testetur.
3397 5779 3499 5831 His
3524 5779 3584 5830 in
3598 5791 3771 5846 argu-

2159 5856 2358 5905 mento
2381 5852 2621 5907 sincera
2645 5864 2778 5906 cum
2801 5856 3000 5907 nostro
3023 5851 3230 5905 Ruﬁno
3251 5849 3523 5905 amicitia
3547 5863 3765 5907 memo-
