3894 6438
108 427 208 485 137

1380 427 1573 481 VITA.
1613 426 1750 481 LIB.
1783 428 1853 480 ΙΙ.
1890 427 2046 480 CAP.
2080 430 2174 482 ΙΙΙ.

3315 437 3422 495 138

93 543 257 622 ratis.
267 542 1173 622 epistolmhuncﬁnemimponitﬁg
1197 542 1493 622 Ceterisque
1508 541 1702 622 amicis
1726 548 1782 622 Α
1802 542 2801 622 Hieronymipariter(necessarium,
2837 550 3133 615 nostrique
3157 550 3407 615 hostem,

93 614 957 679 eademsigniﬁeavimusmempe
972 614 1321 667 utRullnum
1337 614 1461 678 ejus
1472 614 1703 666 nomine
1726 613 1782 622 ”
1800 614 2106 674 mansisse,
2134 613 2455 669 luculenter
2487 631 2595 670 nos
2619 619 2832 673 docent
2851 622 2996 673 Acta
3019 613 3253 676 Concilii
3278 613 3413 678 Car;

93 683 429 750 salutarent)
444 702 513 736 ne
539 685 840 736 mordentes
867 684 1111 746 invicem,
1132 686 1607 735 consumamurad
1623 686 1706 734 in-

91 757 276 809 vicem.
307 757 441 807 Jam
471 762 572 808 tua:
600 756 990 808 moderationis
1029 762 1101 807 est
1134 762 1181 807 et
1215 763 1452 818 tuorum,
1493 757 1705 807 nullam

88 829 423 879 occasionem
447 828 856 895 impatientibus
889 829 1037 891 dare,
1062 844 1129 878 ne
1151 845 1263 879 non
1294 844 1476 879 omnes
1502 830 1705 879 similes

89 900 482 962 meiinvenias,
519 900 616 965 qui
635 901 843 965 possint
861 900 1116 966 ﬁguratis
1153 899 1404 951 laudibus
1436 900 1702 953 delectari.

152 991 223 1041 γ.
257 989 649 1055 Hieronymus
662 1002 782 1043 una
796 1002 931 1043 cum
944 990 1120 1043 hocce
1149 1004 1426 1056 responso
1449 990 1523 1043 ad
1548 991 1704 1055 Ruﬁ-

90 1075 247 1123 num,
284 1061 442 1114 aliud
479 1074 712 1127 quoque
737 1061 813 1114 ad
842 1062 1272 1115 Pammachium
1304 1068 1363 1115 et
1409 1063 1704 1115 Oceanum

90 1145 444 1198 responsum
466 1133 640 1198 misit,
656 1133 757 1185 ubi
780 1133 973 1185 Ruﬁni
994 1134 1493 1199 praefatiunculam
1516 1134 1703 1187 fusius

90 1202 385 1266 retutavit,
413 1216 480 1255 se
500 1204 574 1255 ab
595 1204 939 1269 Origeniano
960 1205 1229 1269 dogmate
1248 1206 1500 1257 alienum
1515 1210 1703 1259 osten-

92 1273 235 1326 dens
254 1287 269 1338 ;
296 1287 630 1339 novamque
645 1275 920 1327 librorum
938 1277 1280 1329 Periarcbon
1296 1279 1369 1328 ab
1386 1290 1449 1328 se
1466 1277 1703 1330 adorna-

0 1388 1 1397 χ
93 1350 215 1398 tam
240 1346 695 1412 versionem,adj
705 1348 888 1400 unxit.
922 1350 988 1399 In
1002 1348 1110 1400 hac
1134 1354 1325 1400 tamen
1345 1349 1587 1414 epistola
1615 1351 1702 1402 vir

0 1438 1 1471 :
93 1422 334 1470 sanctus
348 1418 545 1469 Ruﬁni
566 1419 892 1483 interpretis
908 1420 1127 1471 nomini
1140 1420 1361 1484 ubique
1376 1421 1627 1485 pepercit
1641 1422 1701 1474 in

0 1530 1 1541 χ
94 1501 209 1555 quo
222 1489 520 1542 mitissimi
542 1503 679 1556 ergo.
697 1491 972 1543 Ruﬁnum
1009 1492 1187 1544 animi
1206 1494 1500 1557 specimen
1520 1493 1699 1555 dedit,

0 1588 1 1607 ι
93 1560 247 1626 quod
270 1561 515 1614 Romani
527 1574 899 1627 nequaquam
924 1562 1265 1616 voluissent.
1295 1565 1443 1616 Hinc
1467 1566 1700 1631 factum,

0 1652 1 1683 :
92 1635 158 1683 ut
185 1644 341 1695 quae,
362 1644 435 1685 ex
448 1633 764 1686 eorundem
781 1634 950 1696 votis,
976 1634 1311 1699 Hieronymi
1322 1635 1579 1701 epistolae
1597 1638 1701 1689 de-

91 1705 274 1767 erant,
297 1704 407 1769 ipsi
424 1704 578 1758 vivm
607 1705 765 1758 vocis
794 1704 973 1759 veluti
988 1708 1396 1760 commentario
1411 1708 1473 1759 in
1489 1709 1699 1773 vulgus

0 1818 1 1823 η
94 1775 430 1840 sparserint,
459 1789 673 1830 nomen
701 1777 892 1829 Ruﬁni
914 1778 1102 1843 palam
1141 1791 1209 1831 eo
1228 1779 1415 1843 magis
1453 1793 1699 1832 exosum

90 1847 389 1906 reddituri,
412 1861 528 1913 quo
551 1850 885 1915 Hieronymi
917 1851 1231 1903 auctoritas
1262 1852 1426 1903 illum
1462 1853 1699 1916 gravius

0 1960 1 1963 η
91 1930 351 1986 premere
372 1919 710 1986 videbatur,
722 1922 864 1974 Vide
884 1921 1097 1974 librum
1127 1924 1214 1973 III.
1243 1922 1539 1986 Apologim
1566 1925 1701 1976 Hie-

90 1982 449 2046 ronymianaa
463 1995 591 2048 pag.
607 1984 727 2039 467.
748 1986 933 2037 Immo
961 1986 1096 2049 quia
1109 1982 1351 2050 epistola
1368 1982 1703 2052 Hieronymi

0 2082 1 2105 ξ
92 2053 166 2104 ad
212 2054 504 2120 Ruﬁnum,
551 2055 622 2107 de
657 2068 772 2120 qua
815 2069 991 2121 supra
1033 2057 1387 2109 mentionem
1430 2057 1697 2123 fecimus,

0 2174 1 2179 η
92 2124 285 2189 paullo
317 2127 509 2178 mitior
544 2127 726 2180 videri
764 2133 1003 2193 poterat,
1037 2129 1146 2193 ipsi
1174 2142 1542 2193 nequaquam
1574 2132 1703 2183 red-

0 2220 1 2253 3
93 2195 216 2249 dita
247 2202 357 2261 est,
394 2202 462 2250 ut
488 2198 600 2251 hoc
623 2204 789 2264 pacto
833 2200 1013 2252 altera.
1040 2201 1113 2253 ad
1138 2202 1570 2254 Pammachium
1604 2216 1703 2267 per

0 2296 1 2327 γ
94 2268 300 2319 urbem
328 2268 598 2332 volitans,
619 2271 891 2323 Ruﬁnum
907 2273 1305 2324 vehementius
1325 2272 1703 2326 laederetJta—

92 2350 209 2403 quo
223 2339 472 2392 Ruﬁnus
494 2341 566 2393 de
589 2342 792 2394 eadem
814 2343 1074 2407 epistola,
1108 2343 1180 2396 ad
1207 2356 1269 2396 se
1299 2344 1536 2408 quidem
1563 2346 1704 2398 scri-

92 2412 192 2474 pta
230 2422 354 2463 non
389 2417 585 2464 tamen
610 2414 851 2478 reddita,
884 2419 1018 2480 post
1047 2416 1401 2467 simultatem
1428 2417 1551 2481 jam
1579 2430 1702 2469 eru-

0 2522 1 2537 η
91 2486 271 2547 ptam,
298 2496 429 2536 sero
453 2484 686 2538 tandem
700 2487 775 2538 ab
790 2487 911 2538 suis
925 2487 1127 2539 amicis
1144 2488 1417 2539 Romanis
1441 2488 1700 2553 edoctus,

0 2586 1 2599 η
93 2555 341 2617 putavit,
371 2557 615 2610 eandem
654 2559 727 2610 ab
771 2558 1118 2623 Hieronymo
1154 2564 1294 2611 tunc
1329 2572 1548 2624 recens,
1582 2574 1702 2613 non

93 2624 253 2690 olim,
297 2640 630 2692 quanquam
672 2634 867 2683 tamen
912 2632 1020 2683 sub
1055 2630 1198 2684 falsa
1236 2635 1375 2684 nota
1406 2633 1699 2698 temporis,

88 2698 420 2762 jandudum
449 2700 644 2767 elapsi,
689 2702 868 2755 fuisse
912 2704 1327 2769 conscriptam;
1370 2704 1541 2769 idque
1584 2718 1702 2758 non

0 2802 1 2821 η
92 2769 351 2835 fortuito,
369 2772 470 2824 sed
490 2772 684 2825 dedita
701 2785 874 2838 opera
896 2774 1112 2827 factum
1129 2778 1374 2839 censuit,
1390 2782 1457 2829 ut
1477 2777 1599 2841 ipse
1615 2777 1702 2827 ni-

0 2874 2 2897 t
92 2842 307 2894 mirum
325 2844 561 2908 gravius
583 2844 963 2909 incusaretur,
993 2853 1161 2911 quasi
1179 2848 1477 2901 modestius
1500 2849 1701 2901 Hiero-

0 2946 1 2955 η
90 2914 275 2978 nymi,
319 2916 441 2980 pari
465 2917 746 2970 modestia
775 2920 1119 2984 respondere
1150 2920 1453 2973 noluisset.
1487 2923 1704 2974 Verum

0 3016 1 3019 η
92 2986 482 3052 Hieronymus
504 2990 721 3042 crimen
742 3003 856 3042 non
883 2991 1123 3043 reddittn
1144 2993 1397 3057 epistolm
1411 2994 1470 3046 in
1486 2995 1702 3046 amicos

0 3090 1 3097 η
91 3059 387 3133 Romanos
420 3060 517 3133 bis
553 3063 744 3114 verbis
778 3063 1029 3115 retundit
1070 3064 1129 3115 in
1158 3064 1303 3117 libro
1339 3069 1377 3117 Ι.
1408 3066 1702 3133 Apologia:

0 3162 3 3173 .
92 3143 225 3196 pag.
252 3130 378 3185 363.
404 3132 518 3197 Ego
556 3133 646 3184 ille
684 3135 993 3185 moderatus
1021 3135 1083 3185 in
1118 3137 1338 3201 epistola
1364 3130 1581 3202 publica
1602 3130 1701 3202 (ad

0 3234 1 3261 1
94 3202 549 3268 Pammachium)
582 3206 679 3269 qui
708 3206 991 3270 diligenter
1019 3208 1138 3257 cavi
1156 3246 1169 3268 ,
1200 3208 1267 3258 ne
1295 3210 1432 3273 quid
1458 3211 1520 3259 in
1549 3215 1594 3259 te
1622 3208 1701 3261 dt-

0 3306 3 3333 τ
92 3277 239 3324 ctum
273 3279 510 3339 putares,
534 3277 726 3340 scripsi
745 3278 818 3327 ad
839 3285 887 3327 te
909 3289 1129 3332 STATIM
1167 3279 1370 3330 brevem
1399 3282 1697 3346 epistolam,

92 3346 446 3410 expostulans
476 3362 639 3412 super
679 3348 929 3399 laudibus
972 3351 1118 3400 tuis:
1145 3367 1312 3416 quam
1355 3353 1488 3417 quia
1525 3355 1703 3404 Romae

0 3452 3 3477 ε
90 3432 210 3490 non
227 3434 368 3481 εγω,
391 3419 558 3468 amici
572 3421 681 3469 mei
699 3420 793 3470 tibi
808 3422 1015 3472 mittere
1032 3433 1398 3477 NOLUERUNT
1423 3440 1480 3475 eo
1502 3427 1647 3490 quod
1660 3433 1703 3476 te

92 3489 329 3539 dicerent
338 3505 463 3540 cum
482 3491 768 3543 Sodalibus
780 3494 886 3543 tuis
901 3494 1137 3559 indigna
1150 3497 1369 3545 nomine
1386 3496 1701 3549 Christiano

92 3561 303 3633 deimea
324 3565 722 3614 conversatione
735 3566 987 3630 jactitare
1003 3583 1019 3616 :
1044 3568 1199 3632 cujus
1227 3568 1552 3633 exemplum,
1574 3571 1703 3621 huic

88 3632 363 3682 uolumini
380 3634 600 3685 subdidi
617 3674 632 3701 ,
672 3644 729 3686 ut
761 3638 898 3688 scias
929 3647 1201 3703 quantum
1226 3641 1464 3691 dolorem
1492 3649 1702 3706 quanta

0 3740 1 3763 η
89 3706 461 3757 moderatione
483 3709 887 3760 necessitudinis
904 3714 1212 3776 temperavi.
1235 3714 1458 3765 Rursus
1486 3716 1583 3765 lib.
1612 3718 1697 3767 III.

93 3777 263 3843 Apol.
283 3791 411 3843 pag.
437 3778 560 3835 468.
576 3791 778 3832 nOvum
799 3798 1011 3849 quoque
1034 3799 1116 3834 me
1133 3791 1291 3849 putas
1311 3786 1536 3849 ﬁnxisse
1553 3802 1702 3837 men-

87 3849 339 3917 dacium,
374 3858 427 3902 ut
460 3853 732 3917 epistolam
759 3857 832 3906 ad
857 3861 901 3905 te
924 3870 1038 3905 meo
1061 3857 1281 3905 nomine
1302 3873 1703 3923 componerem,

0 3958 3 3981 ι
88 3924 256 3987 quasi
277 3923 409 3973 olim
422 3925 697 3990 scriptam,
715 3942 821 3991 quo
837 3927 1007 3978 bonus
1020 3944 1122 3978 esse
1142 3930 1327 3978 videar
1342 3935 1387 3978 et
1404 3931 1667 3979 modestus
1686 3945 1699 3983 :

0 4030 3 4043 .
87 4008 264 4066 quam
288 4000 349 4066 tu
383 4011 674 4062 nunquam
696 4000 922 4049 omnino
949 4000 1254 4065 susceperis.
1282 4002 1402 4051 Ilaec
1424 4016 1502 4050 res
1523 4002 1702 4066 perfa-

0 4098 1 4125 ι
216 4064 449 4131 probari
468 4074 652 4133 potest.
676 4070 837 4120 Multi
873 4073 1053 4122 Romae
1082 4064 1197 4137 ejus
1231 4064 1570 4138 exemplaria
1595 4064 1699 4123 ha-

0 4166 3 4199 ;
87 4136 213 4210 bent
236 4145 365 4189 ante
380 4140 477 4191 hoc
491 4142 702 4193 circiter
720 4156 1076 4207 TRIENNIUM,
1103 4136 1201 4210 qui
1230 4146 1325 4195 tibi
1345 4136 1465 4195 eam
1494 4145 1702 4196 mittere

0 4240 1 4269 ξ
87 4208 406 4272 noluerunt,
439 4214 656 4265 scientes
690 4230 808 4280 quae
851 4217 915 4267 de
935 4232 1051 4267 meo
1075 4208 1297 4267 nomine
1314 4218 1616 4282 jactitares,
1655 4221 1701 4268 et

0 4310 2 4342 ;
85 4283 522 4355 ᾳυατῃγὶηάίρηα
539 4286 759 4337 homine
773 4287 1089 4340 Christiano
1104 4305 1167 4339 ac
1180 4290 1424 4353 nefanda
1435 4292 1701 4355 con/inge-

0 4390 3 4399 .
85 4367 193 4405 res.
233 4354 350 4419 Ego
380 4358 574 4423 scripsi
615 4359 853 4410 nesciens
874 4362 1034 4425 quasi
1073 4363 1147 4411 ad
1178 4362 1440 4414 amicum.
1465 4362 1552 4411 Illi
1586 4354 1700 4413 non

0 4456 1 4479 λ
84 4425 444 4477 reddiderunt
466 4431 531 4492 ei,
563 4445 720 4495 quem
744 4432 1037 4483 inimicum
1059 4437 1341 4498 noverant,
1365 4440 1639 4499 parcentes
1653 4440 1700 4485 et

0 4526 1 4533 η
82 4512 207 4547 meo
226 4499 409 4571 errori
428 4507 474 4551 et
502 4507 604 4553 tute
629 4505 976 4557 conscientiae.
1002 4506 1070 4556 Et
1089 4505 1254 4556 simul
1276 4508 1697 4571 argumentaris,

0 4610 1 4617 η
82 4570 302 4633 quodsi
317 4571 474 4621 talem
497 4573 592 4623 tibi
614 4576 892 4641 epistolam
914 4578 1253 4642 scripseram,
1278 4570 1391 4629 non
1416 4570 1701 4631 debueram

80 4645 282 4715 contra
305 4648 350 4691 te
378 4644 439 4694 in
461 4645 572 4695 alio
595 4646 764 4698 libello
801 4648 1022 4714 (nempe
1063 4650 1124 4701 in
1158 4650 1397 4715 epistola
1431 4649 1504 4702 ad
1549 4653 1705 4704 Pam-

77 4712 380 4768 machium
407 4721 464 4769 et
491 4718 805 4784 Oceanum)
830 4712 1003 4772 multa
1024 4722 1173 4772 mala
1195 4712 1433 4776 scribere.
1474 4725 1575 4774 Hic
1614 4731 1706 4774 est-

1727 3304 1776 3381 C

80 4790 230 4861 totus
249 4800 405 4861 error
440 4794 582 4853 tuus,
619 4807 664 4842 et
699 4793 806 4843 hac
829 4794 983 4857 justa
1015 4795 1376 4858 querimonia,
1410 4797 1555 4860 quod
1583 4812 1699 4861 quae
1723 4785 1775 4858 D

80 4858 567 4933 nos-inhaereticos
610 4864 858 4930 dicimus,
886 4872 941 4915 tu
966 4867 1022 4915 in
1072 4873 1117 4915 te
1150 4868 1291 4916 dicta
1330 4858 1628 4933 con/iugis;
1653 4874 1699 4917 et

77 4929 207 5001 nisi
234 4929 346 4978 illis
360 4935 714 4998 pepercimus,
729 4940 774 4985 te
786 4929 947 5001 putas
963 4952 1066 4987 esse
1086 4938 1345 4988 violatum
1359 4954 1378 5000 ;
1406 4929 1531 4990 noni
1544 4929 1699 4993 enim

78 5000 341 5075 Ruﬁnus
376 5004 436 5056 in
466 5007 584 5066 jam
613 5007 767 5061 dicta
788 5000 1046 5075 epistola
1068 5010 1139 5061 ad
1182 5011 1608 5063 Pammachium
1644 5016 1701 5064 et

81 5074 407 5138 Oceanum,
443 5079 785 5133 nominatim
820 5074 1231 5147 appellabatur.

160 5157 261 5211 VI.
292 5159 480 5220 Quum
504 5159 888 5227 Hieronymus
907 5162 1000 5215 illo
1035 5163 1161 5228 ipso
1185 5167 1469 5228 tempore,
1495 5176 1610 5227 quo
1627 5163 1699 5215 ad

82 5231 531 5288 Pammachium
559 5237 617 5285 et
641 5234 900 5297 Ruﬁnum
924 5233 1119 5287 literas
1148 5236 1323 5298 misit,
1339 5237 1603 5299 Ruﬁnum
1620 5236 1702 5287 al-

81 5313 283 5361 terum
310 5303 371 5351 in
407 5317 601 5354 caussa
638 5305 859 5356 Claudii
894 5307 1281 5359 Mediolanum
1326 5308 1565 5371 miserit,
1603 5307 1701 5372 qui

83 5378 361 5443 Ruﬁnum
400 5379 665 5429 nostrum
707 5379 834 5442 ejus
869 5380 1062 5431 verbis
1105 5379 1351 5432 salutare
1394 5380 1698 5436 debuerat.

84 5448 339 5506 ommari
388 5446 538 5514 licet,
596 5448 757 5502 illum
792 5453 1041 5505 eundem
1092 5454 1353 5515 Rufinum
1397 5458 1702 5516 utramque

84 5521 397 5590 epistolam
432 5521 695 5587 superius
748 5529 1129 5578 memoratam
1157 5526 1229 5577 ad
1269 5525 1702 5578 Pammachium

88 5596 301 5649 tulisse
337 5607 351 5645 :
380 5605 418 5646 a
450 5606 563 5658 quo
593 5596 961 5659 postmodum
997 5597 1195 5663 prima,
1225 5597 1496 5649 Ruﬁnum
1522 5596 1704 5661 sugil-

85 5666 239 5729 lans,
268 5666 331 5717 in
346 5663 561 5731 vulgus
576 5679 793 5732 sparsa;
807 5669 986 5721 altera
997 5668 1317 5734 Aquileiam
1333 5669 1407 5721 ad
1428 5668 1702 5721 Ruﬁnum

88 5739 439 5803 neutiquam
459 5738 655 5791 missa.
673 5740 1105 5793 Pammachium
1121 5746 1272 5794 certe
1294 5742 1385 5793 his
1411 5741 1603 5795 verbis
1624 5740 1705 5792 in-

89 5812 225 5866 nuit
242 5811 655 5876 Hieronymus,
679 5812 950 5865 Ruﬁnum
975 5812 1271 5878 alloquens
1297 5829 1310 5865 :
1337 5813 1431 5863 tibi
1455 5828 1574 5863 eam
1588 5814 1706 5862 mit-

93 5891 203 5935 tere
211 5885 867 5950 NOLUERUNT,Aquileia
876 5901 923 5934 m
939 5885 1170 5949 scilicet,
1186 5886 1308 5938 sive
1325 5884 1703 5937 Concordiam.

94 5956 377 6011 Ruﬁnum
420 5953 584 6009 illum
626 5956 821 6022 alium,
853 5958 1187 6025 Hieronymi
1226 5958 1649 6023 necessarium,
1673 5969 1708 6010 a

94 6032 303 6088 nostro
332 6028 650 6096 diversum,
682 6031 822 6084 tunc
852 6031 1053 6087 Romm
1074 6030 1229 6099 apud
1250 6030 1680 6086 Pammachium
1694 6068 1710 6095 ,

395 6121 693 6187 PATROL.
731 6121 904 6186 XXi.

1800 686 2179 751 thaginiensis
2204 688 2358 753 apud
2383 689 2659 742 Sanctum
2682 692 3079 756 Augustinum
3100 693 3162 747 in
3184 692 3333 748 libro
3353 699 3414 746 II.

1805 756 1876 809 de
1915 758 2151 810 Peccato
2187 759 2447 823 originali
2477 772 2582 826 cap
2606 764 2738 824 :,III.
2773 763 2876 815 ubi
2912 763 3042 817 hac
3072 765 3412 819 referuntur.

1809 828 2275 901 Caelestiustdimit
2325 830 2556 881 Sanctus
2608 833 2878 898 presbyter
2936 835 3171 899 Ruﬁnus
3208 838 3413 901 Romae,

1804 901 1902 965 qui
1946 900 2150 950 mansit
2188 917 2310 951 cum
2361 902 2417 954 S.
2457 904 2987 971 Pammachio:Ego
3022 908 3216 958 audivi
3254 909 3416 958 illum

1804 972 2081 1033 dicentem,
2107 974 2242 1037 quia
2253 973 2460 1024 tradux
2479 977 2679 1040 peccati
2699 992 2808 1027 non
2823 978 2909 1028 sit.
2936 980 3059 1031 Hoc
3087 985 3220 1045 post
3235 980 3415 1034 Siricil

1803 1044 2023 1096 obitum
2049 1045 2355 1110 Ruﬁnique
2381 1049 2659 1099 nostratis
2696 1048 3020 1103 discessum
3042 1044 3104 1104 in
3140 1052 3413 1117 patriam,

1805 1117 1915 1167 sub
1928 1117 2075 1181 Papa
2085 1117 2393 1170 Anastasio
2409 1119 2691 1181 evenisse,
2712 1125 2955 1174 testatur
2970 1122 3131 1175 initio
3146 1124 3234 1176 sui
3250 1125 3415 1177 Com-

1802 1188 2093 1241 monitorii
2118 1189 2330 1241 Marius
2355 1191 2657 1243 Mercator:
2678 1193 2852 1257 Hanc,
2870 1194 3077 1259 inquit,
3101 1196 3346 1261 ineptam
3366 1202 3413 1247 et
3500 1202 3503 1203 ⁷

1803 1275 1915 1309 ηοη
1940 1262 2126 1310 minus
2148 1261 2438 1312 inimicam
2456 1269 2606 1313 recta
2621 1264 2750 1327 fidei
2765 1266 3111 1329 quaestionem
3135 1267 3286 1332 (quia
3303 1274 3416 1318 tra-

1802 1333 1921 1381 dux
1939 1333 2140 1397 peccati
2155 1349 2269 1383 non
2290 1334 2377 1398 sit)
2397 1334 2494 1384 sub
2507 1341 2703 1385 sancte
2718 1338 3108 1389 recordationis
3126 1340 3414 1392 Anastasio

1802 1402 2059 1453 Romanae
2081 1403 2322 1454 Ecclesiae
2342 1420 2554 1457 summo
2577 1407 2835 1470 Ponti/ioc
2848 1409 3082 1471 Ruﬁnus
3103 1411 3385 1475 quondam
3401 1447 3415 1469 .

1801 1476 2021 1525 natione
2046 1475 2237 1539 Syrus,
2267 1477 2497 1527 Romam
2510 1479 2729 1543 primus
2752 1480 2975 1532 invexit.
3004 1483 3152 1547 Ergo
3174 1483 3269 1535 hic
3309 1484 3416 1534 Ru-

1799 1547 1966 1611 ﬁnus,
1996 1548 2217 1598 natione
2248 1548 2515 1613 Syrus,ex
2532 1551 2691 1615 Syria
2711 1551 2935 1616 pridem
2958 1555 3197 1606 Romam
3214 1559 3273 1606 et
3296 1555 3414 1608 Me-

1802 1618 2095 1671 diolanum
2107 1620 2714 1684 missus,Pammachio
2724 1623 3053 1688 hOSpitisuo
3065 1638 3412 1691 responsum

1802 1691 2135 1755 Hieronymi
2159 1697 2359 1745 contra
2380 1694 2726 1758 Tyrannium
2750 1696 3013 1758 Ruﬁnum
3028 1704 3293 1750 nostrum
3310 1711 3413 1751 na-

1802 1763 1957 1814 tione
2003 1762 2211 1815 Italum
2245 1776 2379 1815 cum
2406 1778 2561 1818 nova
2595 1766 2972 1820 translatione
3004 1769 3282 1822 librorum
3308 1772 3414 1823 Pe-

1798 1833 2063 1885 riarchon
2076 1833 2337 1899 reddidit,
2352 1836 2771 1902 epistolamque
2785 1838 2859 1891 ad
2875 1838 3124 1893 eundem
3134 1841 3412 1895 Ruﬁnum

1802 1904 2124 1967 Aquileiam
2143 1908 2768 1973 trausmittendamzqui
2784 1915 2978 1962 tamen
2992 1923 3027 1963 a
3042 1912 3410 1966 Pammachio

1802 1988 2169 2049 nequaquam
2183 1978 2409 2031 reddita
2421 1982 2527 2031 est.
2546 1981 2793 2033 Huetius
2814 1981 2912 2035 lib.
2930 1984 2997 2034 II.
3020 1996 3145 2049 cap.
3164 1986 3248 2038 IV.
3268 1990 3409 2039 sect.

1801 2048 1842 2098 Ι.
1868 2049 1902 2111 §
1926 2046 2011 2101 12.
2049 2051 2146 2110 ait,
2172 2049 2300 2102 ideo
2323 2063 2463 2127 _non_
2478 2051 2662 2104 fuisse
2699 2046 3130 2127 transmissam,
3160 2056 3295 2120 quia
3314 2072 3414 2127 per

1801 2127 2021 2169 vecturae
2036 2136 2217 2171 moras
2230 2124 2400 2173 serius
2431 2124 2660 2174 Romam
2681 2126 2857 2175 delata
2872 2127 3000 2190 fuit.
3022 2130 3149 2180 Non
3170 2124 3410 2184 redditas

1801 2192 2059 2256 cpistola:
2084 2205 2281 2246 varam
2303 2207 2571 2247 caussam
2584 2197 2796 2263 accipe.
2822 2200 2907 2251 Ob
2940 2199 3245 2253 diremtam
3262 2201 3412 2254 inter

1801 2268 2091 2338 utrunque
2101 2268 2775 2331 gratiam,postnovamab
2788 2271 3137 2336 Hieronymo
3149 2275 3409 2338 paratam

1798 2335 2076 2409 librorum
2114 2338 2455 2391 Periarchon
2484 2335 3032 2406 interpretationem,
3069 2344 3118 2409 ej
3130 2335 3198 2396 us
3239 2345 3408 2398 amici

1800 2406 2102 2472 epistolam
2136 2416 2597 2474 suppresserunt.

1863 2481 1971 2552 ΥΠ.
1999 2479 2113 2531 Sed
2127 2482 2416 2546 praecipua
2435 2484 2622 2548 capita
2644 2485 3109 2551 Hieronymianm
3148 2488 3408 2552 epistola

1801 2549 1874 2601 ad
1893 2552 2322 2604 Pammachium
2338 2566 2761 2608 recenseamus.
2784 2549 3411 2623 Hieronymus—diluere

1806 2622 2376 2688 satagitRuﬁnianam
2384 2626 2778 2690 praefationem
2793 2622 3410 2686 libroru’mPeriarchon

1802 2694 1863 2746 in
1886 2707 2002 2759 qua
2021 2695 2164 2769 ipse,
2185 2701 2248 2748 ut
2258 2702 2498 2750 ornatus
2507 2704 2565 2751 et
2579 2700 2920 2764 magniﬁcus
2936 2703 3409 2769 Origenianorum

1801 2778 2039 2831 operum
2049 2768 2332 2832 interpres
2344 2774 2401 2821 et
2414 2781 2620 2835 praeco,
2637 2771 2711 2824 ad
2728 2772 2916 2825 sidera
2925 2768 3233 2828 extullitur.
3247 2776 3409 2830 Hanc

1801 2837 2031 2890 laudem
2046 2840 2413 2914 Alexandriae
2426 2848 2483 2894 et
2494 2845 2692 2896 Romae
2708 2856 2744 2896 a
2760 2844 2957 2908 Ruﬁno
2972 2846 3116 2899 alias
3128 2860 3409 2914 sparsam,

1802 2911 2171 2984 contumeliae
2205 2911 2332 2964 loco
2370 2926 2432 2966 se
2470 2915 2680 2967 habere
2728 2911 3261 2969 fatetur:Schedulse
3309 2911 3411 2984 (sic

1801 2981 2022 3053 orditur
2056 2982 2482 3050 Hieronymus),
2531 3001 2669 3051 quas
2712 2988 2933 3038 misistis
2978 2989 3282 3053 honori/ica
3316 2981 3410 3042 ἠδε

1799 3052 2092 3117 affecerunt
2129 3056 2478 3117 contumelia,
2513 3058 2591 3108 sic
2618 3058 2906 3123 ingenium
2932 3052 3312 3125 pradicant“,
3348 3068 3411 3114 ut

1800 3128 1925 3201 ﬁdei
1951 3127 2203 3201 tollerent
2238 3129 2530 3201 ueritatem.
2548 3131 2643 3181 Ait
2661 3143 2724 3183 se
2761 3130 3067 3196 Origenem
3095 3133 3324 3187 duobus
3346 3136 3409 3201 in

1798 3199 1937 3256 locis
1950 3199 2235 3263 laudasse,
2251 3199 2312 3250 in
2323 3201 2774 3264 praefatiunculis
2786 3203 3165 3256 Homiliarum
3184 3206 3247 3258 in
3261 3199 3409 3260 Cen-4

1800 3274 1928 3335 tica,
1953 3276 2012 3324 et
2027 3271 2152 3322 libri
2167 3271 2236 3322 de
2254 3273 2597 3325 Nominibus
2614 3275 2884 3338 Ebraicis;
2900 3288 3194 3341 nusquam
3211 3282 3407 3335 tamen

1801 3344 1873 3396 de
1937 3344 2196 3407 Origenis
2241 3344 2487 3407 dogmate
2530 3357 2592 3398 se
2628 3345 2707 3397 ibi
2738 3345 3044 3410 loquutum
3082 3364 3098 3399 :
3137 3350 3405 3406 Laudavi.

1803 3417 2010 3480 inquit,
2035 3417 2393 3480 interpretem,
2423 3432 2538 3467 non
2560 3418 2932 3482 dogmatislen;
2967 3419 3273 3487 ingenium,
3295 3439 3407 3477 non

1799 3490 1981 3551 ﬁdem;
2003 3488 2553 3553 philosophum,non
2594 3491 2926 3555 Apostolum.
2966 3492 3120 3551 Quod
3141 3494 3189 3544 si
3222 3495 3409 3547 uolunt

1800 3576 1961 3626 super
1987 3561 2211 3625 Origene
2246 3576 2428 3611 meum
2459 3563 2594 3613 scire
2614 3563 2920 3629 judicium,
2949 3563 3126 3630 legant
3148 3567 3209 3616 in
3235 3567 3407 3619 Eccle-

1806 3635 2020 3683 siastem
2064 3634 2551 3698 Commentarium;
2602 3635 2855 3699 rcplicent
2909 3636 2971 3686 in
3013 3638 3292 3703 epistolam
3335 3640 3411 3691 ad

1799 3706 2059 3770 Ephesios
2098 3706 2208 3755 tria
2252 3707 2558 3768 volumina,
2610 3713 2655 3757 et
2711 3709 3033 3774 intelligent,
3076 3725 3161 3760 me
3200 3726 3410 3778 semper

1799 3779 1913 3843 ejus
1928 3778 2267 3843 dogmatibus
2301 3780 2606 3830 contraisse.
2654 3779 2757 3832 His
2779 3793 3036 3834 consona
3057 3782 3229 3836 etiam
3260 3784 3409 3838 intra

1800 3852 2032 3915 repetit,
2082 3856 2139 3902 et
2182 3852 2244 3903 in
2288 3853 2453 3916 epist.
2503 3852 2767 3903 XXXIX.
2827 3854 2969 3906 alias
3012 3856 3182 3907 LXII.
3226 3856 3408 3921 (Nunc

1800 3923 2055 3985 LXXXII)
2086 3922 2159 3974 ad
2189 3922 2586 3988 Theophilum.
2619 3926 2758 3977 Haec
2783 3930 2976 3978 tamen
2999 3929 3407 3983 excusationes

1799 4007 1916 4046 non
1960 3991 2209 4046 multum
2242 3994 2493 4047 arrident
2528 3995 2864 4049 doctissimo
2905 3999 3245 4052 Abrincensi
3275 4001 3409 4065 Epi-

1802 4080 1974 4131 scopo
1998 4067 2187 4130 Ruﬁni
2209 4066 2350 4119 alias
2373 4067 2825 4132 haudquaquam
2864 4070 3124 4123 studioso
3142 4109 3158 4136 ,
3193 4071 3255 4124 in
3279 4072 3407 4126 Ori-

1799 4140 2060 4205 gcnianis
2093 4139 2190 4191 lib.
2216 4141 2284 4191 II.
2314 4153 2435 4205 cap.
2469 4142 2549 4191 IV.
2581 4144 2718 4192 sect.
2768 4143 2808 4192 Ι.
2835 4142 2869 4208 §
2908 4142 2991 4197 17.
3021 4145 3211 4206 Quum
3253 4145 3409 4197 enim

1800 4212 2252 4264 Commentarios
2283 4211 2341 4263 in
2381 4211 2763 4266 Ecclesiasten
2800 4219 2858 4266 et
2892 4214 2951 4266 in
2980 4214 3295 4280 Epistolam
3335 4216 3410 4271 ad

1802 4285 2077 4350 Ephesios
2101 4284 2509 4349 magniloquus
2527 4288 2735 4338 Doctor
2750 4324 2767 4348 ,
2786 4286 3113 4339 Adamantii
3138 4288 3298 4341 scitis
3319 4289 3411 4342 in-

1803 4358 2048 4419 terserit,
2103 4357 2304 4409 eadem
2327 4359 2427 4409 vix
2462 4358 2639 4410 semel
2664 4358 2896 4422 refellit;
2920 4360 3098 4412 immo
3121 4373 3195 4413 ne
3214 4360 3413 4426 Orige-

1798 4442 1933 4481 nem
1963 4430 2196 4494 quidem
2212 4435 2506 4483 auctorem
2522 4430 2744 4483 laudat:
2763 4443 2896 4496 quas
2907 4433 2955 4483 si
2981 4436 3116 4485 tunc
3130 4445 3229 4498 pro
3250 4430 3409 4484 falsis

1800 4503 2119 4565 habuisset,
2149 4504 2349 4566 utique
2392 4516 2634 4556 censura
2669 4506 2963 4556 notasset:
2991 4505 3139 4554 Nam
3161 4504 3309 4569 quod
3324 4504 3412 4555 di-

1801 4581 1928 4625 cunt
1942 4575 2151 4639 (inquit
2163 4576 2552 4641 Hieronymus
2568 4576 2625 4629 in
2641 4576 2874 4641 prologo
2886 4576 3014 4628 libri
3030 4577 3093 4627 II.
3107 4577 3414 4631 Commen-

1803 4648 2076 4700 tariorum
2110 4648 2171 4699 in
2204 4650 2499 4706 Micheam)
2551 4648 2798 4715 Origenis
2838 4665 2921 4698 me
2956 4649 3239 4699 volumina
3273 4664 3412 4700 com-

1800 4720 2025 4785 pitassc,
2069 4725 2116 4768 et
2161 4721 2532 4771 contaminari
2575 4737 2689 4770 non
2726 4722 2902 4771 decere
2934 4728 3168 4771 veterum
3212 4726 3413 4786 scripta

1801 4791 1963 4856 (quod
1986 4791 2069 4839 illi
2093 4791 2444 4842 maledictum
2468 4794 2746 4843 vehemens
2773 4809 2879 4843 esse
2914 4792 3249 4856 existimant)
3278 4808 3414 4842 ean-

1801 4864 1919 4913 dem
1936 4863 2149 4912 laudem
2169 4864 2474 4913 maximam
2498 4866 2651 4927 duco,
2671 4866 3013 4931 quumillum
3038 4865 3254 4914 imitari
3278 4864 3411 4926 volo,

1801 4949 1958 4999 quem
1982 4934 2185 4984 cunctis
2214 4936 2568 4999 prudentibus
2594 4942 2639 4986 et
2679 4937 2820 4986 vobis
2840 4936 3050 5002 placere
3072 4952 3185 4986 non
3209 4936 3410 4987 dubito.

1800 5009 1867 5057 In
1882 5006 2217 5071 praefatione
2238 5006 2312 5058 ad
2330 5007 2539 5058 librum
2564 5008 2634 5059 de
2654 5008 2993 5060 Nominibus
3019 5008 3291 5066 Ebraicis,
3311 5020 3414 5059 ne-

1800 5078 2011 5130 miuem
2037 5078 2148 5138 ait,
2186 5078 2299 5130 nisi
2333 5078 2663 5144 imperitum
2689 5092 2901 5144 negare
2921 5117 2934 5141 ,
2960 5080 3263 5145 Origenem
3298 5086 3412 5145 post

1800 5150 2078 5215 AposloIos
2114 5150 2475 5199 Ecclesiarum
2497 5164 2626 5203 esse
2642 5152 2989 5213 magistrum.
3025 5153 3415 5215 Hieronymus

1801 5222 2003 5273 deinde
2020 5224 2079 5273 in
2095 5221 2335 5286 epistola
2362 5225 2517 5275 totus
2529 5223 2586 5274 in
2604 5235 2670 5274 eo
2685 5227 2796 5285 est,
2815 5225 2895 5283 ut,
2913 5227 3115 5275 contra
3131 5224 3411 5284 Ruﬁnum,

1802 5295 2087 5350 ostendat,
2103 5307 2164 5345 se
2188 5300 2396 5346 temere
2408 5307 2523 5346 non
2535 5293 2806 5346 laudasse
2823 5294 3148 5360 Origenem,
3167 5305 3411 5357 magno-

1801 5380 1930 5419 rum
1955 5366 2207 5418 virorum
2246 5366 2509 5430 exempla
2554 5371 2919 5429 scquutuma
2957 5366 3171 5428 quibus
3211 5369 3414 5416 aucto-

1800 5451 1920 5496 res,
1954 5450 2286 5503 quanquam
2320 5439 2460 5490 alias
2503 5438 2790 5490 erroribus
2822 5441 3112 5489 scatentes
3132 5474 3145 5497 ,
3182 5440 3415 5502 propter

1800 5510 2096 5575 ingenium
2144 5509 2361 5563 laudari
2416 5512 2607 5561 tamen
2652 5512 2999 5575 potuerunt:
3029 5508 3139 5569 διο,
3202 5507 3409 5571 inquit,

1802 5582 1982 5633 beatus
2014 5583 2330 5648 Cyprianus
2353 5582 2682 5634 Tertulliano
2700 5582 2961 5645 magistro
2992 5580 3185 5641 utitur,
3216 5586 3275 5630 ut
3298 5581 3412 5647 ejus

1798 5656 2002 5720 scripta
2043 5656 2272 5721 probant
2290 5670 2596 5721 :quumque
2626 5656 2825 5705 erudita
2857 5661 2901 5704 et
2932 5653 3173 5704 ardentis
3194 5653 3302 5704 riri
3335 5653 3419 5704 de-

1802 5729 2015 5779 lectetur
2060 5728 2284 5792 ingenio
2323 5729 2651 5778 Montanum
2680 5742 2803 5777 cum
2840 5742 2917 5789 co,
2941 5726 3418 5792 Mammileque

1803 5815 1915 5851 non
1950 5802 2208 5866 sequitur.
2250 5801 2589 5853 Fortissimae
2622 5799 2782 5851 libros
2823 5805 3012 5851 contra
3038 5799 3417 5865 Porphyrium

1804 5872 1984 5923 scribit
2016 5875 2422 5945 Apollinarius;
2451 5873 2876 5925 Ecclesiasticam
2907 5872 3134 5940 pulchre
3157 5872 3419 5923 ausebius

1806 5946 2111 6005 Historiam
2150 5948 2482 6012 tentandum
2524 5951 2721 6001 tamen
2742 5946 2888 6001 alter
2928 5947 2989 5999 in
3024 5945 3300 6012 mysterio
3328 5945 3422 5996 In-

1812 6024 2159 6082 carnationis
2184 6023 2410 6088 erravit,
2438 6020 2688 6087 Verbum,
2703 6031 2821 6076 non
2832 6018 3104 6084 animam,
3122 6016 3227 6072 sed
3242 6015 3425 6071 solam

3173 6108 3214 6187 ξ
