3894 6418
126 339 221 397 141

1392 337 1587 391 VITA.
1622 338 1753 391 LIB.
1790 337 1832 391 Ι.
1868 338 2017 390 CAP.
2051 337 2146 390 IV.

3334 343 3439 401 142

317 467 595 518 Correclor
639 465 832 516 Tusciae
853 471 897 516 et
926 462 1155 516 Umbria
1187 470 1232 516 et
1262 465 1543 529 Praefectus
1579 463 1727 516 Urbi.
1755 459 1811 532 Α
1837 426 2029 532 ϐονξλζη
2054 455 2508 532 armaetsagitlte,
2524 460 2570 506 et
2583 454 2776 521 lingua
2799 471 2986 532 eorum
3005 460 3449 511 machaeraracu-

536 539 620 591 Ex
639 536 862 589 iisdem.
918 536 929 601 Ι

127 685 195 735 A.
226 682 295 734 D.
323 679 447 736 376.
475 679 535 729 L.
569 680 792 730 Tureius
813 611 1090 729 Sectltndus
1116 679 1356 729 Asterius
1380 679 1736 743 Apronianus

445 751 701 802 Sacerdos
721 750 927 815 collegii
949 762 1032 801 xv
1042 750 1224 799 virum
1247 750 1415 800 sacris
1436 749 1732 815 faciundis.

641 824 727 875 Ex
751 822 1028 875 Panvinio
1047 820 1121 874 ad
1142 822 1347 874 Festos
1366 820 1464 873 lib.
1489 822 1582 872 III.
1605 832 1732 885 pag.

727 892 848 949 302.
866 896 924 945 et
939 905 1011 946 ex
1030 892 1250 944 Norisio
1266 905 1390 957 pag.
1406 890 1527 946 435.
1547 893 1737 943 A.Ru-

726 966 845 1017 ﬁno
861 970 917 1017 et
934 964 1175 1017 Melania
1191 964 1417 1016 Seniore
1436 964 1509 1016 ad
1527 963 1737 1015 Christi

726 1036 898 1088 ﬁdem
916 1048 1235 1088 conversus
1258 1039 1325 1087 A.
1357 1037 1421 1087 D.
1446 1033 1570 1089 297.

136 1113 204 1163 Α.
222 1111 290 1163 D.
317 1109 443 1165 397.
478 1109 627 1161 Uxor
640 1109 831 1173 Avita,
848 1109 1047 1158 sororis
1060 1107 1294 1171 ejusdem
1314 1105 1571 1158 Melaniae
1595 1105 1732 1169 ﬁlia.

546 1181 631 1233 Ex
663 1180 912 1231 Palladio
944 1179 1005 1231 in
1037 1178 1289 1231 Historia
1310 1177 1586 1231 Lausiaca
1613 1189 1735 1241 cap.

633 1252 827 1304 CXIX.
862 1256 920 1304 et
943 1263 1016 1303 ex
1040 1248 1273 1303 Paulino
1309 1251 1368 1303 in
1402 1248 1584 1302 Natali
1602 1260 1733 1301 χιιι.

635 1335 695 1376 v.
715 1320 842 1378 250.

929 1441 961 1516 Ι

137 1568 207 1618 Α.
244 1566 312 1618 Ι).
339 1562 466 1620 398.
492 1563 790 1616 Eunomia.
848 1563 1357 1629 \TurciusAsterius
1368 1563 1741 1629 Aproniamus

296 1642 383 1693 Ex
430 1639 640 1691 Histor.
690 1633 869 1700 Leu-1
912 1637 1035 1689 Una
1089 1649 1221 1687 cum
1268 1640 1427 1700 patre
1472 1633 1743 1700 baptismi

355 1711 509 1763 siaca
541 1722 663 1775 cap.
717 1705 864 1775 13L!
972 1707 1215 1773 gratiam
1248 1705 1512 1769 suscepit.

358 1788 418 1870 ἓξ
465 1775 869 1870 ἓὲιέἓυέἰιὲρί
913 1780 1011 1870 Εἴ,
1028 1777 1258 1870 Ριξἓὲηο
1300 1776 1360 1828 in
1393 1775 1578 1829 Nam“
1616 1787 1745 1828 xm-
1775 1775 2661 1870 Battus:55.2;;.;.;5':;i;:;

357 1856 419 1906 in
467 1854 652 1906 Natali
693 1848 869 1906 xm.‘
975 1863 1032 1903 v.
1067 1848 1191 1903 270.

356 1939 417 1978 v.
451 1924 577 1981 231.

141 2027 280 2078 Hinc
304 2023 376 2077 de
401 2023 745 2089 Aproniano,
771 2021 961 2074 Ruﬁni
983 2018 1306 2071 necessario
1332 2017 1591 2082 exposui,
1606 2016 1747 2089 quia

142 2098 334 2150 virum
356 2087 669 2157 nobilitate,
693 2093 965 2155 doctrina,
983 2096 1043 2143 et
1056 2090 1315 2143 veritatis
1332 2088 1545 2154 agnitae
1566 2087 1746 2152 gloria

140 2167 644 2234 spectatissimum,
679 2165 981 2230 scriptores
1026 2174 1171 2227 pene
1209 2161 1435 2213 silentio
1466 2159 1746 2224 prmterie-

139 2243 287 2291 rant.

199 2312 271 2362 II.
292 2309 543 2373 Ruﬁnus,
567 2312 799 2373 accepto
827 2303 1139 2368 exemplari
1176 2300 1436 2366 epistola
1465 2301 1746 2365 Hierony-

140 2379 438 2433 miansead
461 2372 909 2437 PammaChium,
934 2379 1113 2435 ratus,
1140 2386 1273 2438 quae
1297 2377 1497 2424 contra
1517 2384 1579 2424 se
1605 2372 1747 2423 scri-

140 2454 444 2513 bebantur,
471 2451 919 2514 haudquaquam
938 2448 1047 2498 sibi
1064 2445 1427 2511 negligenda,
1444 2444 1519 2496 ad
1535 2444 1744 2496 cuden-

140 2525 281 2576 dum
322 2534 669 2588 responsum
706 2521 976 2573 continuo
1004 2519 1265 2570 animum
1299 2515 1591 2588 adplicuit.
1623 2517 1745 2588 Hoc

145 2586 491 2661 responsum
500 2593 858 2645 intercidisse
870 2590 1181 2643 arbitratur
1192 2587 1487 2661 Huetiusin
1496 2586 1747 2661 Qrigeni-

139 2658 268 2720 anis
294 2666 393 2718 lib.
412 2667 481 2717 ll.
503 2678 626 2730 cap.
654 2664 749 2716 1V.
783 2665 835 2727 ἒ.
865 2673 1036 2714 xvm.
1070 2664 1129 2712 et
1156 2661 1382 2711 Caveus
1403 2659 1475 2730 in
1494 2658 1747 2710 Historia

143 2750 255 2791 sua
295 2737 545 2790 literaria
567 2729 591 2788 Ξ
609 2737 667 2787 in
706 2748 822 2800 quo
856 2744 1045 2785 errore
1084 2729 1551 2783 versari.videtur
1572 2730 1745 2781 etiam

140 2810 408 2875 Dupinus
434 2803 1196 2866 tom.llI.Bibliothecae,dum
1215 2801 1403 2875 Rufini
1421 2800 1747 2854 Invectivas

140 2872 441 2947 perperam
474 2879 677 2941 dictas,
705 2888 837 2941 qua:
873 2875 1135 2930 omnium
1157 2872 1430 2947 manibus
1459 2876 1742 2947 teruntur,

142 2943 344 3006 contra
364 2949 705 3016 Apologiam,
730 2960 847 3000 non
871 2958 1007 2999 vero
1038 2949 1237 2997 contra
1262 2943 1597 3016 Hieronymi
1631 2944 1746 3016 opif

136 3024 353 3087 stolam,
390 3014 636 3087 scriptas
673 3019 916 3072 censuit.
954 3016 1065 3070 Sed
1100 3017 1334 3079 Ruﬁnus
1370 3014 1597 3080 epistolae
1633 3014 1743 3079 ipsi

136 3095 463 3163 Apologiam
478 3092 762 3159 opposuit,
782 3102 916 3156 quae
928 3089 1045 3163 sub
1059 3087 1203 3163 falso
1215 3087 1452 3163 domine
1467 3087 1750 3163 Invectivaf

1836 535 1908 597 ta.
1942 526 2135 577 Verum
2158 525 2232 575 ad
2256 525 2363 575 haec
2379 526 2622 591 vulnera,
2649 542 2769 591 quae
2790 529 3123 595 inﬂigunlur
3146 547 3213 581 eae
3239 532 3449 597 lingua,

1832 595 1975 669 inter
2016 597 2262 669 homines
2299 597 2537 647 medicus
2568 612 2703 663 pene
2738 600 2926 651 nullus
2960 606 3127 654 est:et
3166 603 3285 654 ideo
3325 595 3452 655 con-9

1832 668 1963 739 verti
1991 682 2075 717 me
2109 667 2182 717 ad
2196 667 2398 729 Jesum,
2422 669 2674 720 cmlestem
2695 671 2984 737 medicum,
3017 675 3115 739 qui
3141 676 3287 726 mihi
3308 677 3449 727 anti-

1836 738 2022 813 dotum
2055 739 2485 813 potentissimum
2512 741 2653 813 dedit
2690 741 2753 791 de
2804 738 3091 809 Evangelii
3120 747 3209 796 sui
3247 747 3452 813 pyxide

1831 809 2125 884 prolatam,
2155 824 2272 884 qua:
2303 810 2413 860 vim
2445 811 2645 884 doloris
2681 827 2769 878 spe
2799 814 2980 879 futuri
3022 818 3175 882 apud
3218 809 3270 868 se
3291 809 3437 884 “justi

1835 881 2130 954 cacuminis,
2151 880 2437 954 solaretur.
2474 882 2629 954 Potio
2661 898 2784 947 ergo
2816 884 2954 950 ipsa,
2990 880 3159 950 quam
3189 880 3453 954 tempera-
3496 924 3507 927 ‹

1837 951 1909 1000 vit
1938 951 2108 1014 Jesus,
2142 952 2442 1025 haeserant
2473 953 2656 1002 verba:
2684 954 2853 1017 Beati,
2892 958 3094 1021 inquit,
3128 961 3249 1009 estis
3279 951 3454 1025 quum

1834 1037 1925 1072 vos
1956 1022 2266 1087 persequuti
2296 1022 2504 1085 fuerint
2534 1028 2581 1073 et
2604 1024 2844 1076 dixerint
2867 1029 3154 1079 adversum
3175 1045 3266 1080 vos
3288 1022 3450 1082 omne

1834 1093 2066 1158 malum,
2092 1093 2420 1143 mentientes.
2447 1095 2683 1146 Gaudete
2706 1101 2750 1144 et
2772 1098 3019 1161 exultatc,
3038 1103 3301 1165 quoniam
3319 1118 3454 1158 mer.

1837 1179 1913 1215 ces
1936 1171 2107 1215 vestra
2130 1164 2304 1214 multa
2327 1171 2397 1215 est
2419 1168 2481 1216 in
2504 1166 2663 1217 catis.
2679 1167 2768 1217 Sic
2790 1170 2935 1219 enim
2957 1164 3264 1237 persequuti
3296 1180 3425 1224 sunt

1836 1241 1882 1285 et
1906 1237 2214 1302 prophetas,
2240 1237 2337 1301 qui
2360 1243 2517 1287 erant
2537 1243 2662 1287 ante
2678 1254 2784 1290 vos.
2802 1242 2924 1294 Hoc
2948 1222 3011 1295 se
3026 1222 3455 1299 medicamento,

1840 1311 2178 1360 contentum
2201 1308 2273 1360 de
2297 1309 2515 1372 reliquo
2538 1310 2620 1362 ait
2643 1311 2808 1365 silere
2845 1313 3183 1375 decrevisse,
3229 1318 3332 1369 sed
3368 1330 3450 1371 re-

1844 1378 2161 1442 spondendi
2174 1391 2247 1430 ex
2258 1384 2417 1453 parte
2438 1379 2549 1453 sibi
2556 1381 2776 1445 justam
2788 1385 3192 1438 necessitatem
3216 1388 3449 1453 imponi,

1841 1453 2141 1514 propterea
2163 1450 2316 1514 quod
2341 1450 2451 1502 nisi
2474 1451 2766 1505 haereseos
2786 1455 3002 1507 crimen
3023 1457 3131 1508 sibi
3151 1459 3225 1511 ab
3248 1450 3446 1512 Hieroé

1841 1533 2018 1586 nymo
2042 1522 2356 1586 impactum
2386 1522 2696 1587 repelleret,
2723 1526 2876 1589 apud
2900 1527 3117 1581 multos
3154 1529 3308 1582 fama
3340 1543 3448 1583 sua

1844 1592 1905 1644 in
1934 1604 2152 1664 magno
2175 1592 2503 1664 discrimine
2539 1597 2754 1647 versari
2784 1596 3082 1651 diceretur.
3120 1601 3314 1664 Quare,
3355 1602 3447 1654 in-

1844 1663 1985 1728 quit,
2009 1663 2295 1736 compellor
2316 1670 2506 1713 contra
2529 1672 2714 1715 votum
2744 1681 2923 1717 meum
2950 1676 2996 1719 et
3017 1672 3358 1736 propositum
3378 1688 3453 1722 re-

1843 1735 2120 1799 spondere,
2144 1750 2211 1784 ne
2247 1736 2381 1799 forte
2404 1737 2689 1801 reticendo,
2714 1738 2901 1788 videar
2930 1735 3133 1790 crimen
3151 1758 3451 1807 agnoscere,

2684 1810 2923 1860 crimina
2945 1812 3150 1863 silendo
3186 1815 3452 1879 depellere,

1844 1877 2086 1942 exemplo
2118 1878 2362 1934 Domini,
2401 1878 2700 1943 gloriosum
2745 1881 2832 1931 sit.
2878 1882 2984 1932 Sed
3019 1889 3198 1934 tamen
3231 1877 3350 1945 hoc,
3398 1877 3459 1935 in

1845 1948 1991 2009 Fide,
2028 1949 2076 1997 si
2098 1950 2213 2011 ﬁat,
2248 1950 2563 2000 maximum
2598 1952 2922 2002 scandalum
2955 1961 3190 2019 generat.
3232 1958 3456 2010 Primus

1841 2020 2141 2085 Apologise
2164 2020 2307 2073 liber
2324 2020 2667 2086 dogmaticis
2685 2024 3183 2079 criminationibus
3201 2028 3456 2081 refellen-

1844 2091 1934 2166 dis
1958 2090 2274 2166 plerunque
2300 2095 2575 2166 versatur.
2604 2096 2775 2147 Hunc
2798 2098 2997 2160 Ruﬁno
3021 2100 3308 2164 auSpicari
3338 2101 3458 2166 pla-

1845 2164 1967 2236 cuit
2000 2164 2073 2215 ab
2110 2163 2270 2215 initio
2313 2165 2591 2229 epistolae,
2632 2167 2733 2218 ubi
2770 2163 3158 2233 Hieronymus
3198 2163 3451 2236 scripsit:

1848 2233 1941 2307 0m
1951 2234 2107 2283 illam
2126 2248 2403 2307 personas,
2420 2236 2573 2285 rebus
2603 2240 2816 2287 tantum
2832 2244 2876 2288 cl
2888 2240 3210 2291 criminibus
3238 2233 3460 2307 respon-

1845 2304 1999 2354 debo:
2020 2319 2192 2368 neque
2212 2305 2361 2354 enim
2384 2321 2581 2356 caussae
2590 2308 2804 2370 prodest
2825 2310 3263 2361 maledicenlibus
3277 2304 3457 2363 rema-

1845 2375 2077 2437 ledicere,
2122 2381 2167 2425 et
2223 2376 2565 2426 adversarios
2633 2378 2832 2429 talione
2882 2382 3143 2431 mordere.
3207 2383 3454 2435 Ruﬁnus

1846 2447 2038 2499 verbis
2051 2459 2085 2498 a
2099 2459 2193 2498 me
2210 2448 2478 2511 superius
2492 2447 2775 2512 adductis,
2803 2464 2987 2515 quum
3010 2461 3320 2517 utrumque
3351 2455 3456 2507 fal-

1845 2530 1976 2591 sum
1992 2530 2121 2569 esse
2141 2518 2401 2591 dixisset,
2421 2519 2639 2583 omissa,
2661 2522 2834 2586 utait,
2853 2524 3005 2572 omni
3028 2524 3213 2574 ironia
3228 2530 3273 2574 et
3296 2526 3456 2591 1ιὶρο-

1844 2589 2493 2653 criseoslergiversatione,
2519 2606 2636 2654 quae
2649 2592 2755 2642 Deo
2771 2594 3083 2643 execrabilis
3105 2601 3194 2657 est,
3227 2611 3298 2659 se,
3337 2589 3457 2646 licet

1843 2659 2096 2712 incomlis
2136 2661 2321 2724 verbis,
2348 2667 2393 2710 et
2417 2664 2661 2712 oratione
2684 2664 3040 2729 incomposita
3063 2682 3460 2732 responsurum

1844 2733 2161 2798 proﬁtetur,
2198 2734 2430 2785 veniam
2453 2733 2757 2798 imperitiae
2784 2749 2912 2789 sum
2935 2750 2969 2789 a
2989 2737 3313 2803 legentibus
3349 2740 3459 2792 sibi

1845 2816 2188 2856 concessum
2206 2803 2277 2856 iri
2301 2805 2615 2868 conﬁdens,
2645 2807 2802 2872 quia,
2830 2809 3031 2873 inquit,
3067 2825 3177 2860 non
3203 2811 3340 2861 alios
3369 2828 3460 2862 ac-

1843 2890 2113 2939 cusamus,
2136 2877 2228 2925 sed
2248 2877 2600 2940 nosmetipsos
2630 2893 2665 2927 a
2689 2880 2985 2930 maledictis
3006 2896 3243 2945 purgare
3254 2888 3459 2933 conten.

1844 2948 2043 3009 dimus,
2073 2953 2130 3001 et
2164 2947 2295 2999 ideo
2332 2949 2658 3013 studemus,
2691 2952 2758 3002 ut
2784 2963 2904 3003 non
2931 2957 3158 3005 tantum
3193 2954 3256 3005 in
3289 2956 3457 3007 nobis

1846 3030 2054 3080 sermo,
2095 3022 2380 3083 quantum
2417 3019 2632 3072 veritas
2663 3020 2871 3073 luceat.
2908 3021 3055 3074 Illud
3090 3028 3225 3076 ante
3261 3026 3458 3078 omnia

1844 3090 2261 3153 Hieronymum
2285 3102 2420 3142 vere
2444 3090 2661 3142 dixisse
2687 3092 2916 3157 fatetur,
2941 3094 3232 3157 nimirum,
3257 3111 3310 3146 se
3340 3112 3454 3147 non

135 3158 267 3218 rum
290 3158 482 3222 adhuc
516 3158 794 3230 superest.
827 3161 1078 3228 Epistolas
1104 3159 1266 3213 initio
1291 3170 1474 3224 quum
1505 3158 1750 3211 dixisset
1784 3225 1817 3230 _
1840 3162 2057 3213 reddere
2091 3161 2442 3212 maledictum
2473 3177 2577 3228 pro
2612 3163 2910 3225 maledicto,
2948 3165 3058 3218 hoc
3081 3166 3222 3219 satis
3243 3180 3451 3221 verum

137 3240 555 3304 Hieronymus:
578 3225 833 3286 Omittam
866 3225 1142 3298 personas;
1164 3231 1318 3281 relms
1346 3235 1561 3304 εαπιμπι
1571 3236 1619 3280 ει
1638 3231 1749 3304 στί·
1770 3225 1818 3297 C
1837 3246 1966 3287 esse
2000 3233 2319 3297 contendit;
2343 3249 2458 3284 non
2474 3225 2636 3285 enim
2667 3251 2769 3300 pro
2796 3237 3108 3299 maledictis,
3133 3240 3222 3289 sed
3242 3254 3344 3304 pro
3368 3239 3452 3290 be-

135 3302 378 3363 minibus
397 3308 739 3374 respondebo:
757 3320 928 3372 neque
949 3306 1097 3356 enim
1117 3317 1321 3355 caussae
1340 3302 1551 3368 prodest
1574 3302 1743 3352 male-

136 3381 433 3435 dicentibus
462 3379 850 3443 remaledicere,
873 3382 920 3428 et
942 3376 1284 3428 adversarios
1311 3375 1510 3425 talione
1537 3375 1744 3425 morde-

134 3472 213 3522 re,
236 3455 350 3509 hoc
381 3453 537 3507 idem
559 3450 1050 3522 subsequentibus
1078 3448 1271 3522 verbis
1306 3447 1542 3522 Rufinus
1563 3446 1745 3522 carpit

136 3518 251 3582 sub
278 3528 404 3593 ipso
426 3525 626 3578 limine
650 3535 774 3576 sum
800 3520 1125 3593 Ap010gimr:
1140 3520 1283 3579 Quia
1305 3533 1429 3593 ergo
1458 3518 1622 3593 initio
1638 3518 1746 3593 hic.

127 3601 227 3667 jus
254 3590 570 3650 Invectionis
593 3610 702 3646 suae
723 3596 830 3659 (sic
854 3598 1022 3648 vocat
1043 3591 1381 3667 Hieronymi
1422 3590 1743 3657 epistolam)

134 3662 406 3738 promittit
431 3685 484 3720 se
506 3669 838 3720 omissqu
873 3679 1151 3732 personas,
1188 3670 1239 3713 et
1266 3662 1423 3712 rebus
1446 3668 1669 3738 tantum
1697 3668 1744 3712 et

137 3734 464 3794 criminibus
490 3752 913 3806 responsurum;
938 3744 1212 3802 utrunque
1226 3741 1409 3786 autem
1430 3734 1636 3806 falsum
1652 3740 1743 3795 est;

137 3830 279 3866 nam
317 3815 407 3864 cui
438 3805 753 3878 respondeat
780 3810 1024 3871 crimini,
1067 3808 1212 3874 quod
1254 3807 1443 3857 nullus
1475 3805 1745 3856 obtendit?

137 3887 410 3955 quomodo
446 3889 628 3935 autem
652 3883 850 3933 omittit
880 3895 1158 3947 personas,
1198 3892 1370 3955 quum
1397 3878 1747 3955 interpretem

139 3950 410 4011 librorum
446 3962 549 4008 toto
575 3955 894 4006 Invectionis
928 3969 1041 4004 suae
1074 3957 1224 4003 teactu
1265 3950 1631 4001 indesinenter
1656 3950 1748 4000 in-

137 4035 284 4083 cuset
301 4035 346 4081 et
370 4030 556 4080 laceret
574 4031 597 4078 ?
618 4029 760 4081 Hac
793 4027 1027 4092 Ruﬁnus
1075 4024 1176 4090 qui
1211 4023 1385 4077 etiam
1421 4022 1483 4073 in
1511 4021 1655 4075 libro
1679 4021 1743 4074 ll.

137 4104 240 4168 ait,
273 4115 336 4156 se
374 4101 707 4166 Hieronymi
743 4098 994 4165 Epistolas
1015 4097 1360 4162 respondere
1399 4108 1412 4146 :
1441 4095 1594 4159 apud
1615 4109 1748 4144 non-

136 4175 336 4238 nullos,
361 4173 565 4238 inquit,
588 4172 849 4237 fratrum,
874 4170 1041 4221 etiam
1070 4170 1214 4219 hanc
1246 4169 1399 4219 nobis
1425 4170 1643 4218 inurere
1666 4181 1747 4216 co-

136 4253 306 4299 natus
327 4251 402 4299 est
433 4246 729 4309 maculam,
753 4249 801 4295 et
822 4257 973 4293 nunc
1007 4241 1205 4292 iterare
1233 4255 1331 4306 per
1348 4250 1623 4294 LITBRAS.
1654 4239 1749 4289 Has

137 4319 306 4370 litera:
340 4320 481 4371 sunt
520 4315 764 4383 epistola
810 4314 884 4368 ad
921 4311 1369 4367 Pammachium.
1412 4311 1594 4367 Multa
1635 4310 1747 4363 alia

137 4390 405 4445 consulto
426 4395 723 4456 prmtereo,
754 4387 987 4453 quando
1010 4398 1085 4439 ex
1116 4386 1208 4438 his
1236 4385 1468 4438 abunde
1499 4387 1743 4449 constat,

135 4464 332 4528 Ruﬁni
341 4473 686 4528 responsum
698 4460 771 4513 ad
786 4457 1292 4524 Hieronymianam
1304 4456 1635 4523 Epistolam,
1643 4468 1747 4508 ne-

138 4547 439 4602 quaquam
459 4532 832 4597 intercidisse,
855 4536 924 4585 ut
944 4531 1083 4584 viris
1107 4530 1293 4583 doctis
1314 4530 1599 4602 creditum
1626 4531 1738 4580 est.

136 4601 209 4662 In
229 4609 379 4661 duos
405 4606 582 4659 libros
608 4605 931 4671 Apologiam
957 4615 1125 4656 suam
1152 4601 1470 4667 dispescuit
1490 4602 1743 4665 Ruﬁnus,

136 4693 318 4747 cpiam
329 4681 528 4746 postea
535 4676 772 4731 Librarii
784 4677 1185 4727 Invectivarum
1199 4675 1398 4747 odioso
1412 4673 1646 4747 nomine
1656 4672 1743 4747 in-

138 4744 516 4819 scripserunt,
551 4762 689 4803 nam
717 4750 779 4802 in
805 4748 903 4801 lib.
942 4749 985 4800 I.
1025 4749 1271 4813 ipsemet
1310 4746 1524 4799 diserte
1555 4744 1747 4819 Apolo-

134 4827 296 4894 giam
328 4828 513 4878 vocat:
542 4823 857 4874 conveniens
887 4824 1035 4886 pulo,
1061 4819 1276 4894 inquit,
1302 4820 1451 4894 Ahuic
1474 4818 1748 4894 Apologia

137 4892 338 4950 nostra
361 4898 607 4959 inserere,
626 4900 732 4949 etc.
747 4893 1135 4948 Etnonmulto
1145 4897 1279 4946 ante
1288 4892 1466 4945 ﬂnem
1483 4892 1748 4958 ejusdem

136 4973 273 5025 libri
296 4972 340 5036 Ι,
368 4969 689 5020 concludam
721 4966 993 5033 Apologia:
1027 4970 1275 5016 nostrum
1310 4966 1563 5032 primum
1594 4965 1746 5015 volu-

136 5058 287 5095 men.
305 5042 450 5106 Quid
463 5045 491 5094 ?
504 5040 660 5107 quod
673 5041 918 5106 ipsemet
931 5038 1318 5104 Hieronymus
1332 5038 1396 5089 in
1408 5037 1608 5090 lib.III.
1620 5049 1747 5090 sua:

136 5115 415 5183 Apologia
442 5126 572 5180 pag.
609 5112 730 5168 353.
768 5112 923 5164 idem
957 5111 1237 5163 afﬁrmat:
1258 5111 1322 5161 de
1349 5111 1531 5161 carnis
1561 5125 1745 5161 resur-

135 5182 371 5241 rectione
393 5187 526 5252 quid
548 5186 763 5247 sentias,
780 5187 903 5251 jam
931 5185 991 5233 in
1014 5184 1282 5250 Apologia
1305 5188 1403 5236 tua
1430 5182 1740 5234 didicimus.

136 5259 641 5325 Quemadmodum
665 5270 802 5311 vero
835 5257 1073 5309 Librarii
1100 5258 1497 5309 Invectivarum
1530 5268 1746 5309 nomen

136 5333 466 5388 Ruﬁnianus
488 5330 784 5397 Apologia
807 5329 1136 5382 indiderunt
1152 5330 1259 5383 :ita
1280 5344 1397 5383 non
1422 5331 1610 5384 solum
1633 5329 1745 5379 Ru-

130 5409 287 5472 ﬁnus
319 5404 654 5469 Hieronymi
693 5401 1002 5468 Epistolam
1045 5406 1245 5455 contra
1267 5416 1331 5455 se
1365 5406 1637 5468 scriptam
1662 5404 1746 5454 In-

132 5478 366 5530 veclivas
400 5480 457 5528 et
477 5475 831 5525 Invectioncm
855 5476 1041 5537 vocat;
1073 5474 1176 5526 sed
1200 5474 1588 5540 Hieronymus
1622 5476 1746 5542 ipse

128 5551 191 5605 in
212 5550 317 5603 lib.
348 5550 444 5603 ΙΙΙ.
477 5547 669 5600 Ruﬁni
691 5546 983 5597 Invectivas
1004 5545 1270 5612 appellat.
1297 5548 1502 5600 Noster
1527 5548 1610 5600 sic
1639 5550 1747 5602 ini-

130 5626 214 5679 tio
230 5623 631 5691 Apronianum
642 5620 978 5686 alloquitur:
1001 5619 1209 5691 Perlegi
1218 5621 1421 5686 scripta
1438 5625 1550 5682 tua,
1568 5622 1745 5688 Apro-

130 5690 328 5762 niane,
367 5696 452 5761 ﬁli
495 5694 788 5755 carissime,
833 5707 956 5758 quas
996 5690 1063 5743 ab
1095 5692 1271 5743 amico
1316 5697 1363 5743 et
1396 5692 1567 5757 fratre
1609 5695 1745 5748 bono

130 5767 529 5834 (Hieronymo)
557 5767 620 5817 de
645 5766 857 5817 Oriente
873 5764 949 5816 ad
968 5764 1151 5815 virum
1164 5763 1563 5816 nobilissimum
1578 5768 1746 5819 Pam-

127 5844 423 5896 machium
454 5841 644 5902 missa,
670 5838 1020 5890 transmisisti
1045 5837 1120 5888 ad
1148 5850 1252 5888 me.
1276 5838 1601 5891 Recordatus
1623 5855 1746 5891 sum

128 5917 405 5972 sermonis
430 5911 751 5987 prophetici,
793 5913 891 5984 qui
928 5911 1008 5966 ait
1050 5909 1206 5967 :Filii
1244 5910 1535 5966 hominum
1568 5913 1747 5968 dentes

1832 3306 2057 3355 nedictis
2080 3310 2125 3356 et
2151 3304 2403 3356 laudibus
2427 3307 2672 3356 convicia
2687 3312 2733 3356 et
2748 3307 3033 3359 maledicta
3059 3310 3317 3373 queritur
3343 3312 3452 3364 sibi

1832 3378 2081 3431 restitui.
2122 3378 2244 3429 Hoc
2267 3378 2460 3442 ipsum
2484 3385 2899 3443 argumentum
2920 3381 3237 3435 identidem
3260 3389 3447 3449 urget,

1835 3462 1897 3503 se
1914 3450 1975 3502 in
1998 3450 2347 3513 Hieronymo
2371 3450 2759 3514 eloquentiam
2781 3457 2839 3504 et
2862 3453 3122 3506 studium
3145 3455 3206 3507 in
3231 3455 3449 3509 Grmcis

1833 3522 2273 3587 interpretandis
2292 3520 2580 3586 laudasse,
2603 3536 2792 3587 neque
2813 3538 2878 3577 se
2892 3525 3049 3578 illius
3073 3539 3340 3591 unquam
3362 3530 3451 3581 Fi-

1840 3593 1974 3647 dem
1992 3592 2214 3646 ltesisse
2235 3593 2612 3646 contendens.
2641 3595 2883 3647 Veniam
2897 3598 2972 3648 ab
2996 3610 3062 3650 eo
3084 3597 3444 3664 deprecatur:

1844 3666 1906 3716 Si
1949 3666 2085 3730 quid
2118 3666 2382 3731 asperius,
2420 3671 2522 3714 aut
2556 3666 2846 3717 incomtius
2881 3668 3126 3721 dicturus
3165 3676 3253 3732 est,
3295 3673 3445 3737 quia,

1838 3737 2045 3802 inquit,
2060 3738 2376 3802 imperitum
2392 3738 2672 3787 hominem
2695 3739 2768 3789 ad
2783 3742 3218 3807 respondendum
3237 3743 3448 3794 lacessi-

1839 3809 1931 3869 vit,
1957 3823 2116 3873 quem
2150 3809 2303 3858 sciret
2337 3824 2453 3858 non
2478 3824 2628 3874 posse
2647 3825 2746 3875 per
2768 3810 3000 3861 multam
3031 3812 3245 3864 dicendi
3268 3820 3316 3865 et
3348 3814 3450 3866 elo-

1843 3880 2073 3945 quentiae
2107 3880 2321 3945 copiam
2358 3880 2417 3930 id
2440 3895 2615 3945 agere,
2640 3885 2698 3931 ut
2722 3882 2785 3943 is,
2813 3897 2970 3946 quem
3004 3884 3187 3935 laesum
3217 3886 3363 3937 vellet
3386 3902 3451 3938 ac

1845 3951 2207 4011 vulneratum,
2241 3967 2336 4001 nec
2372 3952 2683 4003 vulneratus
2720 3954 2971 4004 videatur
3007 3970 3111 4005 esse
3148 3970 3243 4006 nec
3277 3958 3447 4011 laesus.

1845 4029 1912 4078 In
1942 4025 2291 4090 summa,qui
2319 4024 2542 4090 objectas
2576 4024 2827 4090 depellere
2858 4042 2894 4077 a
2929 4042 2980 4077 se
3008 4028 3250 4079 maculas
3280 4032 3449 4097 cupit,

1844 4098 2143 4149 necessitate
2185 4097 2286 4147 sibi
2320 4097 2685 4163 responsionis
2715 4097 2990 4163 imposita,
3025 4101 3258 4165 cogitare
3275 4102 3444 4169 jubet,

1838 4188 1953 4223 non
1975 4186 2144 4236 quam
2167 4171 2432 4236 eleganter
2447 4174 2493 4220 et
2516 4174 2724 4233 ornate,
2751 4171 2839 4221 sed
2868 4186 3039 4236 qnam
3062 4188 3179 4224 vere
3214 4190 3438 4241 respon-

1844 4247 1986 4298 deat.

1908 4320 2002 4371 III.
2020 4316 2304 4380 Quoniam
2315 4314 2702 4381 Hieronymus
2715 4313 2878 4368 initio
2893 4315 3154 4381 epistolis
3177 4329 3304 4372 sum
3326 4318 3453 4372 haec

1846 4393 2024 4447 verba
2072 4389 2412 4455 protulerat:
2433 4390 2594 4452 quasi
2650 4388 2768 4438 sine
2798 4403 2886 4438 me
2926 4390 3160 4439 haeretici
3204 4405 3309 4439 esse
3336 4406 3450 4440 non

1844 4465 2074 4531 possint,
2131 4460 2340 4513 Ruﬁno
2392 4460 2521 4512 hrec
2577 4459 2780 4512 eadem
2822 4461 2885 4511 in
2928 4460 3281 4525 prmeipuum
3326 4474 3451 4515 sua:

1843 4533 2271 4602 disceptationis
2316 4536 2727 4596 argumentum
2755 4536 3007 4596 repetere
3039 4532 3268 4596 placuit.
3305 4537 3454 4597 Qua-

1770 4609 1904 4685 Dre
1949 4614 2149 4685 contra
2180 4617 2395 4685 omnes
2432 4603 2707 4685 baareses,
2752 4603 2859 4685 sibi
2901 4605 3205 4685 praecipue,
3253 4611 3311 4658 et
3333 4607 3454 4685 pri-

1845 4688 1997 4758 geni,
2020 4681 2283 4739 afﬂictas,
2312 4674 2746 4758 sacritissimam
2771 4680 2830 4727 et
2856 4680 3134 4758 perpetuo
3169 4680 3455 4730 servatam

1845 4747 2002 4817 Fidei
2042 4766 2167 4809 sum
2199 4749 2461 4816 regulam
2509 4747 2709 4800 statim
2752 4748 3006 4813 exponit,
3056 4754 3238 4813 utque
3282 4763 3455 4804 suum

1846 4835 2058 4899 dogma.
2100 4827 2173 4878 de
2240 4822 2523 4899 Trinitate,
2565 4825 2625 4873 et
2670 4819 2740 4872 de
2788 4820 3013 4899 carnis‘
3041 4824 3456 4899 resurrectione

1847 4892 2195 4960 catholicum
2221 4908 2352 4949 esse
2380 4897 2627 4957 tueatur,
2651 4892 2942 4958 proprium
2976 4894 3337 4959 Aquilejensis
3362 4897 3456 4947 Ec.

1844 4979 2037 5033 clesiee
2060 4982 2298 5033 morem,
2314 4968 2388 5021 ab
2414 4978 2477 5019 se
2499 4978 2633 5019 cum
2657 4966 3050 5031 baptismesus
3063 4970 3311 5032 ceptum,
3331 4980 3456 5033 ape-

1842 5052 1933 5115 rit,
1967 5051 2028 5102 in
2065 5042 2369 5115 undecimo
2424 5037 3030 5115 Symboli_Apostolici
3073 5039 3333 5115 articulo,
3355 5040 3456 5115 ubi

1844 5110 2030 5177 carnis
2054 5112 2532 5172 resurrectionem
2568 5110 2922 5176 proﬁtemur,
2946 5124 3263 5175 pronomen
3289 5112 3454 5175 hujus

1843 5196 1933 5262 adj
1943 5189 2212 5258 ungentis
2222 5190 2289 5238 ut
2299 5182 3454 5262 erroremexploderetafﬁrmantiummon

1844 5254 2151 5332 in'propria
2174 5269 2366 5332 carne,
2394 5255 2493 5306 sed
2517 5254 2789 5332 alienoin
2809 5266 3042 5332 corpore
3068 5255 3331 5332 homines
3363 5267 3452 5306 re-

1844 5325 2337 5393 surrecturosSed
2350 5325 2822 5391 quandoquidem
2833 5326 2960 5390 ipsa
2972 5340 3063 5379 res
3075 5327 3264 5391 aptius
3276 5338 3453 5390 quam

1844 5410 2037 5464 Rufini
2078 5404 2289 5465 verbis,
2323 5398 2597 5471 explicari
2643 5397 2744 5471 vix
2790 5403 2998 5471 potest,
3045 5398 3288 5450 eundem
3324 5398 3453 5471 rheic

1845 5498 1918 5537 ex
1938 5485 2099 5550 parte
2119 5469 2486 5530 recitabimus
2505 5485 2518 5522 :
2540 5471 2673 5550 Ego,
2698 5469 2904 5550 inquit,
2941 5471 3075 5519 sicut
3099 5476 3144 5520 et
3169 5470 3278 5535 ipse
3301 5470 3454 5532 (Hie-

1843 5547 2135 5621 ronymus;
2151 5555 2195 5601 et
2210 5560 2392 5621 omnes
2416 5547 2975 5621 ηοῂιιηθαηιεαῃηρε
2992 5554 3147 5621 snas
3165 5554 3454 5621 ratorum

1844 5629 1907 5680 in
1928 5612 2251 5678 monasterio
2258 5620 2381 5685 jam
2392 5615 2599 5682 positus
2613 5612 2855 5679 (Aquilej
2864 5613 2930 5676 ω)
2945 5628 3041 5677 per
3057 5614 3311 5680 baptismi
3327 5631 3456 5681 gra-

1846 5701 1981 5752 tiam
2011 5697 2372 5762 regeneratus,
2408 5687 2754 5762 signaculum
2785 5686 2913 5762 fidei
2951 5692 3311 5752 consequutus
3334 5703 3457 5738 sum

1842 5788 1939 5840 per
1956 5759 2165 5823 sanctos
2180 5767 2323 5817 viros
2350 5759 3113 5840 Chromati-umlvloviltumtel
3135 5760 3453 5840 Pusebium,

1842 5830 2242 5912 opinatissimos
2274 5841 2321 5912 et
2354 5831 2757 5912 prqbatissimos
2781 5830 2842 5912 in
2864 5830 3102 5882 Ecclesia
3124 5832 3220 5912 pet
3244 5832 3459 5912 Episco-

1839 5903 1955 5985 pos,
1981 5927 2215 5983 quorum
2251 5909 2386 5963 alter
2409 5903 2814 5975 (Chromatius)
2849 5909 2975 5958 tunc
2998 5903 3270 5974 presbyter
3292 5903 3449 5959 beata
