  <div class='ocr_page' id='page_1' title='image "/cluster/home/n/w/nwhite01/storage/ocr_20150623/21/umn.319510024773153/075.png"; bbox 0 0 3902 6480; ppageno 0'>
   <div class='ocr_carea' id='block_1_1' title="bbox 508 426 616 487">
    <p class='ocr_par' dir='ltr' id='par_1_1' title="bbox 508 426 616 487">
     <span class='ocr_line' id='line_1_1' title="bbox 508 426 616 487; baseline 0.009 -1"><span class='ocrx_word' id='word_1_1' title='bbox 508 426 616 487; x_wconf 73' lang='lat'><strong><em>“3</em></strong></span> 
     </span>
    </p>
   </div>
   <div class='ocr_carea' id='block_1_2' title="bbox 1788 411 2528 469">
    <p class='ocr_par' dir='ltr' id='par_1_2' title="bbox 1788 411 2528 469">
     <span class='ocr_line' id='line_1_2' title="bbox 1788 411 2528 469; baseline 0.003 -3"><span class='ocrx_word' id='word_1_2' title='bbox 1788 411 2034 467; x_wconf 84' lang='lat' dir='ltr'><strong><em>RUFINI</em></strong></span> <span class='ocrx_word' id='word_1_3' title='bbox 2086 413 2528 469; x_wconf 76' lang='lat' dir='ltr'><strong><em>PRESBYTER]</em></strong></span> 
     </span>
    </p>
   </div>
   <div class='ocr_carea' id='block_1_3' title="bbox 3708 412 3811 471">
    <p class='ocr_par' dir='ltr' id='par_1_3' title="bbox 3708 412 3811 471">
     <span class='ocr_line' id='line_1_3' title="bbox 3708 412 3811 471; baseline 0.01 -1"><span class='ocrx_word' id='word_1_4' title='bbox 3708 412 3811 471; x_wconf 68' lang='lat'><strong><em>1“</em></strong></span> 
     </span>
    </p>
   </div>
   <div class='ocr_carea' id='block_1_4' title="bbox 508 528 3811 609">
    <p class='ocr_par' dir='ltr' id='par_1_4' title="bbox 508 528 3811 609">
     <span class='ocr_line' id='line_1_4' title="bbox 508 528 3811 609; baseline -0.004 -13"><span class='ocrx_word' id='word_1_5' title='bbox 508 543 781 596; x_wconf 72' lang='lat' dir='ltr'><strong><em>memorias</em></strong></span> <span class='ocrx_word' id='word_1_6' title='bbox 808 539 1090 593; x_wconf 82' lang='lat' dir='ltr'><strong><em>Valeriani</em></strong></span> <span class='ocrx_word' id='word_1_7' title='bbox 1107 529 1945 609; x_wconf 69' lang='lat' dir='ltr'><strong><em>(AquilejensisMetropolitm),</em></strong></span> <span class='ocrx_word' id='word_1_8' title='bbox 1977 530 2109 609; x_wconf 76' lang='lat' dir='ltr'><strong><em>alter</em></strong></span> <span class='ocrx_word' id='word_1_9' title='bbox 2122 533 2179 609; x_wconf 72' lang='grc' dir='ltr'><strong>Α</strong></span> <span class='ocrx_word' id='word_1_10' title='bbox 2201 530 2375 585; x_wconf 87' lang='lat' dir='ltr'><strong><em>liatur</em></strong></span> <span class='ocrx_word' id='word_1_11' title='bbox 2391 571 2406 597; x_wconf 92' lang='lat'><strong><em>,</em></strong></span> <span class='ocrx_word' id='word_1_12' title='bbox 2431 531 2600 609; x_wconf 80' lang='lat' dir='ltr'><strong><em>quasi</em></strong></span> <span class='ocrx_word' id='word_1_13' title='bbox 2623 531 2945 584; x_wconf 87' lang='lat' dir='ltr'><strong><em>humanum</em></strong></span> <span class='ocrx_word' id='word_1_14' title='bbox 2977 543 3167 609; x_wconf 87' lang='lat' dir='ltr'><strong><em>genus</em></strong></span> <span class='ocrx_word' id='word_1_15' title='bbox 3195 530 3259 584; x_wconf 88' lang='lat' dir='ltr'><strong><em>in</em></strong></span> <span class='ocrx_word' id='word_1_16' title='bbox 3281 528 3393 584; x_wconf 84' lang='lat' dir='ltr'><strong><em>alia</em></strong></span> <span class='ocrx_word' id='word_1_17' title='bbox 3423 541 3596 609; x_wconf 68' lang='lat' dir='ltr'><strong><em>carne</em></strong></span> <span class='ocrx_word' id='word_1_18' title='bbox 3609 531 3671 609; x_wconf 85' lang='lat' dir='ltr'><strong><em>et</em></strong></span> <span class='ocrx_word' id='word_1_19' title='bbox 3690 543 3811 609; x_wconf 50' lang='lat' dir='ltr'><strong><em>cor-3</em></strong></span> 
     </span>
    </p>
   </div>
   <div class='ocr_carea' id='block_1_5' title="bbox 506 602 2104 674">
    <p class='ocr_par' dir='ltr' id='par_1_5' title="bbox 506 602 2104 674">
     <span class='ocr_line' id='line_1_5' title="bbox 506 602 2104 674; baseline -0.013 -5"><span class='ocrx_word' id='word_1_20' title='bbox 506 614 961 674; x_wconf 74' lang='lat' dir='ltr'><strong><em>Arehidiaconus,</em></strong></span> <span class='ocrx_word' id='word_1_21' title='bbox 1002 602 1145 662; x_wconf 82' lang='lat' dir='ltr'><strong><em>alius</em></strong></span> <span class='ocrx_word' id='word_1_22' title='bbox 1171 602 1446 668; x_wconf 84' lang='lat' dir='ltr'><strong><em>diaconus,</em></strong></span> <span class='ocrx_word' id='word_1_23' title='bbox 1483 603 1747 668; x_wconf 85' lang='lat' dir='ltr'><strong><em>simulque</em></strong></span> <span class='ocrx_word' id='word_1_24' title='bbox 1779 609 1934 667; x_wconf 89' lang='lat' dir='ltr'><strong><em>pater</em></strong></span> <span class='ocrx_word' id='word_1_25' title='bbox 1960 602 2104 651; x_wconf 84' lang='lat' dir='ltr'><strong><em>mihi</em></strong></span> 
     </span>
    </p>
   </div>
   <div class='ocr_carea' id='block_1_6' title="bbox 506 675 2104 749">
    <p class='ocr_par' dir='ltr' id='par_1_6' title="bbox 506 675 2104 749">
     <span class='ocr_line' id='line_1_6' title="bbox 506 675 2104 749; baseline -0.012 -9"><span class='ocrx_word' id='word_1_26' title='bbox 506 693 555 739; x_wconf 78' lang='lat' dir='ltr'><strong><em>et</em></strong></span> <span class='ocrx_word' id='word_1_27' title='bbox 581 688 762 739; x_wconf 80' lang='lat' dir='ltr'><strong><em>doctor</em></strong></span> <span class='ocrx_word' id='word_1_28' title='bbox 790 684 917 749; x_wconf 78' lang='lat' dir='ltr'><strong><em>ﬁdei</em></strong></span> <span class='ocrx_word' id='word_1_29' title='bbox 944 684 1069 748; x_wconf 91' lang='lat' dir='ltr'><strong><em>fuit.</em></strong></span> <span class='ocrx_word' id='word_1_30' title='bbox 1112 680 1203 731; x_wconf 88' lang='lat' dir='ltr'><strong><em>Illi</em></strong></span> <span class='ocrx_word' id='word_1_31' title='bbox 1225 694 1348 744; x_wconf 86' lang='lat' dir='ltr'><strong><em>ergo</em></strong></span> <span class='ocrx_word' id='word_1_32' title='bbox 1370 678 1446 728; x_wconf 88' lang='lat' dir='ltr'><strong><em>sic</em></strong></span> <span class='ocrx_word' id='word_1_33' title='bbox 1482 676 1625 749; x_wconf 80' lang='lat' dir='ltr'><strong><em>mihi</em></strong></span> <span class='ocrx_word' id='word_1_34' title='bbox 1663 675 2025 749; x_wconf 74' lang='lat' dir='ltr'><strong><em>tradiderunt,</em></strong></span> <span class='ocrx_word' id='word_1_35' title='bbox 2058 679 2104 723; x_wconf 92' lang='lat' dir='ltr'><strong><em>et</em></strong></span> 
     </span>
    </p>
   </div>
   <div class='ocr_carea' id='block_1_7' title="bbox 506 746 2104 831">
    <p class='ocr_par' dir='ltr' id='par_1_7' title="bbox 506 746 2104 831">
     <span class='ocr_line' id='line_1_7' title="bbox 506 746 2104 831; baseline 0 0"><span class='ocrx_word' id='word_1_36' title='bbox 506 774 584 811; x_wconf 74' lang='grc' dir='ltr'><strong><em>ειε</em></strong></span> <span class='ocrx_word' id='word_1_37' title='bbox 601 746 799 831; x_wconf 72' lang='grc' dir='ltr'><strong><em>,ιεηςορξ</em></strong></span> <span class='ocrx_word' id='word_1_38' title='bbox 824 746 970 831; x_wconf 63' lang='grc' dir='ltr'><strong><em>ρειοᾷ</em></strong></span> <span class='ocrx_word' id='word_1_39' title='bbox 1003 754 1163 831; x_wconf 51' lang='lat' dir='ltr'><strong><em>Pater</em></strong></span> <span class='ocrx_word' id='word_1_40' title='bbox 1192 756 1255 831; x_wconf 54' lang='lat' dir='ltr'><strong><em>et</em></strong></span> <span class='ocrx_word' id='word_1_41' title='bbox 1286 746 2104 831; x_wconf 47' lang='grc' dir='ltr'><strong><em>ἒὶιένξκοι,,ἕηὲῖὶίὲιδιὲίξξῗὲῗ</em></strong></span> 
     </span>
    </p>
   </div>
   <div class='ocr_carea' id='block_1_8' title="bbox 507 811 2105 877">
    <p class='ocr_par' dir='ltr' id='par_1_8' title="bbox 507 811 2105 877">
     <span class='ocr_line' id='line_1_8' title="bbox 507 811 2105 877; baseline -0.011 -3"><span class='ocrx_word' id='word_1_42' title='bbox 507 822 678 873; x_wconf 80' lang='lat' dir='ltr'><strong><em>unius</em></strong></span> <span class='ocrx_word' id='word_1_43' title='bbox 688 811 898 871; x_wconf 75' lang='lat' dir='ltr'><strong><em>deitatis</em></strong></span> <span class='ocrx_word' id='word_1_44' title='bbox 908 811 1819 877; x_wconf 70' lang='lat' dir='ltr'><strong><em>sint,uniussubstantiaa,coaeterna,</em></strong></span> <span class='ocrx_word' id='word_1_45' title='bbox 1832 811 2105 873; x_wconf 88' lang='lat' dir='ltr'><strong><em>insepara-</em></strong></span> 
     </span>
    </p>
   </div>
   <div class='ocr_carea' id='block_1_9' title="bbox 506 880 2103 956">
    <p class='ocr_par' dir='ltr' id='par_1_9' title="bbox 506 880 2103 956">
     <span class='ocr_line' id='line_1_9' title="bbox 506 880 2103 956; baseline -0.011 -11"><span class='ocrx_word' id='word_1_46' title='bbox 506 893 646 956; x_wconf 70' lang='lat' dir='ltr'><strong><em>uta,</em></strong></span> <span class='ocrx_word' id='word_1_47' title='bbox 658 893 992 956; x_wconf 84' lang='lat' dir='ltr'><strong><em>incorporea,</em></strong></span> <span class='ocrx_word' id='word_1_48' title='bbox 1004 885 1333 949; x_wconf 88' lang='lat' dir='ltr'><strong><em>invisibiliis,</em></strong></span> <span class='ocrx_word' id='word_1_49' title='bbox 1349 880 1909 956; x_wconf 79' lang='lat' dir='ltr'><strong><em>incomprehensibilis</em></strong></span> <span class='ocrx_word' id='word_1_50' title='bbox 1928 880 2103 929; x_wconf 84' lang='lat' dir='ltr'><strong><em>Trini-</em></strong></span> 
     </span>
    </p>
   </div>
   <div class='ocr_carea' id='block_1_10' title="bbox 508 952 2103 1028">
    <p class='ocr_par' dir='ltr' id='par_1_10' title="bbox 508 952 2103 1028">
     <span class='ocr_line' id='line_1_10' title="bbox 508 952 2103 1028; baseline -0.01 -13"><span class='ocrx_word' id='word_1_51' title='bbox 508 970 606 1028; x_wconf 85' lang='lat' dir='ltr'><strong><em>tas,</em></strong></span> <span class='ocrx_word' id='word_1_52' title='bbox 628 952 681 1014; x_wconf 82' lang='lat' dir='ltr'><strong><em>et</em></strong></span> <span class='ocrx_word' id='word_1_53' title='bbox 698 952 946 1023; x_wconf 49' lang='lat' dir='ltr'><strong><em>sibi&#39;soli,</em></strong></span> <span class='ocrx_word' id='word_1_54' title='bbox 972 964 1033 1009; x_wconf 92' lang='lat' dir='ltr'><strong><em>ut</em></strong></span> <span class='ocrx_word' id='word_1_55' title='bbox 1054 962 1143 1017; x_wconf 87' lang='lat' dir='ltr'><strong><em>est,</em></strong></span> <span class='ocrx_word' id='word_1_56' title='bbox 1173 957 1249 1007; x_wconf 89' lang='lat' dir='ltr'><strong><em>ad</em></strong></span> <span class='ocrx_word' id='word_1_57' title='bbox 1275 956 1570 1023; x_wconf 87' lang='lat' dir='ltr'><strong><em>perfectum</em></strong></span> <span class='ocrx_word' id='word_1_58' title='bbox 1596 959 1726 1003; x_wconf 89' lang='lat' dir='ltr'><strong><em>nota</em></strong></span> <span class='ocrx_word' id='word_1_59' title='bbox 1751 952 1915 1028; x_wconf 83' lang='lat' dir='ltr'><strong><em>:_quia</em></strong></span> <span class='ocrx_word' id='word_1_60' title='bbox 1943 966 2103 1028; x_wconf 76' lang='lat' dir='ltr'><strong><em>nemo</em></strong></span> 
     </span>
    </p>
   </div>
   <div class='ocr_carea' id='block_1_11' title="bbox 472 1023 2104 1093">
    <p class='ocr_par' dir='ltr' id='par_1_11' title="bbox 472 1023 2104 1093">
     <span class='ocr_line' id='line_1_11' title="bbox 472 1023 2104 1093; baseline -0.01 -5"><span class='ocrx_word' id='word_1_61' title='bbox 472 1036 473 1043; x_wconf 59' lang='grc'><em>“</em></span> <span class='ocrx_word' id='word_1_62' title='bbox 503 1023 653 1087; x_wconf 60' lang='lat' dir='ltr'><strong><em>novit</em></strong></span> <span class='ocrx_word' id='word_1_63' title='bbox 683 1033 887 1085; x_wconf 84' lang='lat' dir='ltr'><strong><em>Filium</em></strong></span> <span class='ocrx_word' id='word_1_64' title='bbox 916 1031 1028 1081; x_wconf 88' lang='lat' dir='ltr'><strong><em>nisi</em></strong></span> <span class='ocrx_word' id='word_1_65' title='bbox 1047 1031 1226 1090; x_wconf 86' lang='lat' dir='ltr'><strong><em>Pater,</em></strong></span> <span class='ocrx_word' id='word_1_66' title='bbox 1252 1043 1427 1093; x_wconf 88' lang='lat' dir='ltr'><strong><em>neque</em></strong></span> <span class='ocrx_word' id='word_1_67' title='bbox 1446 1029 1664 1079; x_wconf 89' lang='lat' dir='ltr'><strong><em>Patrem</em></strong></span> <span class='ocrx_word' id='word_1_68' title='bbox 1680 1025 1803 1089; x_wconf 89' lang='lat' dir='ltr'><strong><em>quis</em></strong></span> <span class='ocrx_word' id='word_1_69' title='bbox 1826 1024 1972 1073; x_wconf 89' lang='lat' dir='ltr'><strong><em>novit</em></strong></span> <span class='ocrx_word' id='word_1_70' title='bbox 1995 1023 2104 1072; x_wconf 88' lang='lat' dir='ltr'><strong><em>nisi</em></strong></span> 
     </span>
    </p>
   </div>
   <div class='ocr_carea' id='block_1_12' title="bbox 504 1093 2108 1169">
    <p class='ocr_par' dir='ltr' id='par_1_12' title="bbox 504 1093 2108 1169">
     <span class='ocr_line' id='line_1_12' title="bbox 504 1093 2108 1169; baseline -0.009 -11"><span class='ocrx_word' id='word_1_71' title='bbox 504 1106 677 1158; x_wconf 73' lang='lat' dir='ltr'><strong><em>Filius</em></strong></span> <span class='ocrx_word' id='word_1_72' title='bbox 700 1119 715 1157; x_wconf 89' lang='lat'><strong>:</strong></span> <span class='ocrx_word' id='word_1_73' title='bbox 739 1110 785 1155; x_wconf 88' lang='lat' dir='ltr'><strong><em>et</em></strong></span> <span class='ocrx_word' id='word_1_74' title='bbox 818 1103 1058 1169; x_wconf 73' lang='lat' dir='ltr'><strong><em>Spiritus</em></strong></span> <span class='ocrx_word' id='word_1_75' title='bbox 1081 1100 1313 1152; x_wconf 88' lang='lat' dir='ltr'><strong><em>Sanctus</em></strong></span> <span class='ocrx_word' id='word_1_76' title='bbox 1334 1106 1406 1149; x_wconf 87' lang='lat' dir='ltr'><strong><em>est</em></strong></span> <span class='ocrx_word' id='word_1_77' title='bbox 1430 1099 1525 1163; x_wconf 88' lang='lat' dir='ltr'><strong><em>qui</em></strong></span> <span class='ocrx_word' id='word_1_78' title='bbox 1548 1101 1821 1148; x_wconf 75' lang='lat' dir='ltr'><strong><em>scrutatur</em></strong></span> <span class='ocrx_word' id='word_1_79' title='bbox 1839 1094 2000 1169; x_wconf 82' lang='lat' dir='ltr'><strong><em>etiam</em></strong></span> <span class='ocrx_word' id='word_1_80' title='bbox 2022 1093 2108 1169; x_wconf 59' lang='lat' dir='ltr'><strong><em>ala</em></strong></span> 
     </span>
    </p>
   </div>
   <div class='ocr_carea' id='block_1_13' title="bbox 505 1165 2106 1238">
    <p class='ocr_par' dir='ltr' id='par_1_13' title="bbox 505 1165 2106 1238">
     <span class='ocr_line' id='line_1_13' title="bbox 505 1165 2106 1238; baseline -0.01 -9"><span class='ocrx_word' id='word_1_81' title='bbox 505 1183 563 1228; x_wconf 79' lang='lat' dir='ltr'><strong><em>ta</em></strong></span> <span class='ocrx_word' id='word_1_82' title='bbox 586 1177 704 1238; x_wconf 88' lang='lat' dir='ltr'><strong><em>Dei,</em></strong></span> <span class='ocrx_word' id='word_1_83' title='bbox 731 1180 778 1226; x_wconf 90' lang='lat' dir='ltr'><strong><em>et</em></strong></span> <span class='ocrx_word' id='word_1_84' title='bbox 792 1165 909 1225; x_wconf 78' lang='lat' dir='ltr'><strong><em>ideo</em></strong></span> <span class='ocrx_word' id='word_1_85' title='bbox 932 1177 1074 1224; x_wconf 91' lang='lat' dir='ltr'><strong><em>caret</em></strong></span> <span class='ocrx_word' id='word_1_86' title='bbox 1096 1171 1250 1222; x_wconf 89' lang='lat' dir='ltr'><strong><em>omni</em></strong></span> <span class='ocrx_word' id='word_1_87' title='bbox 1272 1170 1574 1220; x_wconf 82' lang='lat' dir='ltr'><strong><em>visibilitate</em></strong></span> <span class='ocrx_word' id='word_1_88' title='bbox 1601 1182 1883 1233; x_wconf 87' lang='lat' dir='ltr'><strong><em>corporea;</em></strong></span> <span class='ocrx_word' id='word_1_89' title='bbox 1905 1166 1995 1215; x_wconf 88' lang='lat' dir='ltr'><strong><em>sed</em></strong></span> <span class='ocrx_word' id='word_1_90' title='bbox 2016 1165 2106 1214; x_wconf 90' lang='lat' dir='ltr'><strong><em>in-</em></strong></span> 
     </span>
    </p>
   </div>
   <div class='ocr_carea' id='block_1_14' title="bbox 505 1238 2105 1301">
    <p class='ocr_par' dir='ltr' id='par_1_14' title="bbox 505 1238 2105 1301">
     <span class='ocr_line' id='line_1_14' title="bbox 505 1238 2105 1301; baseline -0.01 0"><span class='ocrx_word' id='word_1_91' title='bbox 505 1247 785 1301; x_wconf 81' lang='lat' dir='ltr'><strong><em>tellectuali</em></strong></span> <span class='ocrx_word' id='word_1_92' title='bbox 828 1245 920 1296; x_wconf 85' lang='lat' dir='ltr'><strong><em>illo</em></strong></span> <span class='ocrx_word' id='word_1_93' title='bbox 957 1244 1168 1295; x_wconf 87' lang='lat' dir='ltr'><strong><em>deitatis</em></strong></span> <span class='ocrx_word' id='word_1_94' title='bbox 1210 1242 1363 1293; x_wconf 90' lang='lat' dir='ltr'><strong><em>oculo</em></strong></span> <span class='ocrx_word' id='word_1_95' title='bbox 1405 1242 1546 1291; x_wconf 85' lang='lat' dir='ltr'><strong><em>videt</em></strong></span> <span class='ocrx_word' id='word_1_96' title='bbox 1582 1241 1800 1290; x_wconf 81' lang='lat' dir='ltr'><strong><em>Patrem</em></strong></span> <span class='ocrx_word' id='word_1_97' title='bbox 1842 1238 2016 1289; x_wconf 75' lang='lat' dir='ltr'><strong><em>Filius</em></strong></span> <span class='ocrx_word' id='word_1_98' title='bbox 2059 1240 2105 1286; x_wconf 91' lang='lat' dir='ltr'><strong><em>et</em></strong></span> 
     </span>
    </p>
   </div>
   <div class='ocr_carea' id='block_1_15' title="bbox 506 1309 2105 1387">
    <p class='ocr_par' dir='ltr' id='par_1_15' title="bbox 506 1309 2105 1387">
     <span class='ocr_line' id='line_1_15' title="bbox 506 1309 2105 1387; baseline -0.01 -16"><span class='ocrx_word' id='word_1_99' title='bbox 506 1319 750 1387; x_wconf 78' lang='lat' dir='ltr'><strong><em>Spiritus</em></strong></span> <span class='ocrx_word' id='word_1_100' title='bbox 773 1317 1021 1379; x_wconf 83' lang='lat' dir='ltr'><strong><em>Sanctus,</em></strong></span> <span class='ocrx_word' id='word_1_101' title='bbox 1045 1315 1181 1365; x_wconf 88' lang='lat' dir='ltr'><strong><em>sicut</em></strong></span> <span class='ocrx_word' id='word_1_102' title='bbox 1202 1315 1364 1387; x_wconf 67' lang='lat' dir='ltr'><strong><em>Pater</em></strong></span> <span class='ocrx_word' id='word_1_103' title='bbox 1385 1311 1750 1387; x_wconf 76' lang='lat' dir='ltr'><strong><em>Filium</em></strong></span> <span class='ocrx_word' id='word_1_104' title='bbox 1773 1314 1817 1359; x_wconf 91' lang='lat' dir='ltr'><strong><em>et</em></strong></span> <span class='ocrx_word' id='word_1_105' title='bbox 1828 1309 2105 1387; x_wconf 63' lang='lat' dir='ltr'><strong><em>Spiritum</em></strong></span> 
     </span>
    </p>
   </div>
   <div class='ocr_carea' id='block_1_16' title="bbox 507 1380 2105 1451">
    <p class='ocr_par' dir='ltr' id='par_1_16' title="bbox 507 1380 2105 1451">
     <span class='ocr_line' id='line_1_16' title="bbox 507 1380 2105 1451; baseline -0.011 -6"><span class='ocrx_word' id='word_1_106' title='bbox 507 1380 802 1450; x_wconf 71' lang='lat' dir='ltr'><strong><em>Sanctum;</em></strong></span> <span class='ocrx_word' id='word_1_107' title='bbox 828 1402 924 1438; x_wconf 87' lang='lat' dir='ltr'><strong><em>nec</em></strong></span> <span class='ocrx_word' id='word_1_108' title='bbox 945 1392 1017 1437; x_wconf 89' lang='lat' dir='ltr'><strong><em>est</em></strong></span> <span class='ocrx_word' id='word_1_109' title='bbox 1037 1400 1262 1451; x_wconf 76' lang='lat' dir='ltr'><strong><em>prorsus</em></strong></span> <span class='ocrx_word' id='word_1_110' title='bbox 1282 1383 1399 1434; x_wconf 90' lang='lat' dir='ltr'><strong><em>ulla</em></strong></span> <span class='ocrx_word' id='word_1_111' title='bbox 1420 1384 1481 1433; x_wconf 87' lang='lat' dir='ltr'><strong><em>in</em></strong></span> <span class='ocrx_word' id='word_1_112' title='bbox 1513 1383 1772 1432; x_wconf 82' lang='lat' dir='ltr'><strong><em>Trinitate</em></strong></span> <span class='ocrx_word' id='word_1_113' title='bbox 1804 1380 2105 1443; x_wconf 87' lang='lat' dir='ltr'><strong><em>diversitas,</em></strong></span> 
     </span>
    </p>
   </div>
   <div class='ocr_carea' id='block_1_17' title="bbox 504 1451 2105 1528">
    <p class='ocr_par' dir='ltr' id='par_1_17' title="bbox 504 1451 2105 1528">
     <span class='ocr_line' id='line_1_17' title="bbox 504 1451 2105 1528; baseline -0.01 -13"><span class='ocrx_word' id='word_1_114' title='bbox 504 1464 619 1515; x_wconf 85' lang='lat' dir='ltr'><strong><em>nisi</em></strong></span> <span class='ocrx_word' id='word_1_115' title='bbox 658 1461 802 1528; x_wconf 87' lang='lat' dir='ltr'><strong><em>quod</em></strong></span> <span class='ocrx_word' id='word_1_116' title='bbox 836 1459 925 1510; x_wconf 86' lang='lat' dir='ltr'><strong><em>ille</em></strong></span> <span class='ocrx_word' id='word_1_117' title='bbox 965 1460 1123 1511; x_wconf 86' lang='lat' dir='ltr'><strong><em>Pater</em></strong></span> <span class='ocrx_word' id='word_1_118' title='bbox 1158 1463 1248 1521; x_wconf 88' lang='lat' dir='ltr'><strong><em>est,</em></strong></span> <span class='ocrx_word' id='word_1_119' title='bbox 1270 1462 1318 1506; x_wconf 91' lang='lat' dir='ltr'><strong><em>et</em></strong></span> <span class='ocrx_word' id='word_1_120' title='bbox 1344 1455 1433 1505; x_wconf 88' lang='lat' dir='ltr'><strong><em>hic</em></strong></span> <span class='ocrx_word' id='word_1_121' title='bbox 1460 1454 1649 1528; x_wconf 78' lang='lat' dir='ltr'><strong><em>Filius,</em></strong></span> <span class='ocrx_word' id='word_1_122' title='bbox 1674 1458 1720 1528; x_wconf 81' lang='lat' dir='ltr'><strong><em>et</em></strong></span> <span class='ocrx_word' id='word_1_123' title='bbox 1744 1452 1829 1502; x_wconf 80' lang='lat' dir='ltr'><strong><em>ille</em></strong></span> <span class='ocrx_word' id='word_1_124' title='bbox 1866 1451 2105 1528; x_wconf 75' lang='lat' dir='ltr'><strong><em>Spiritus</em></strong></span> 
     </span>
    </p>
   </div>
   <div class='ocr_carea' id='block_1_18' title="bbox 506 1523 2103 1595">
    <p class='ocr_par' dir='ltr' id='par_1_18' title="bbox 506 1523 2103 1595">
     <span class='ocr_line' id='line_1_18' title="bbox 506 1523 2103 1595; baseline -0.011 -7"><span class='ocrx_word' id='word_1_125' title='bbox 506 1523 757 1595; x_wconf 69' lang='lat' dir='ltr'><strong><em>Sanetus;</em></strong></span> <span class='ocrx_word' id='word_1_126' title='bbox 781 1531 1018 1582; x_wconf 80' lang='lat' dir='ltr'><strong><em>Trinitas</em></strong></span> <span class='ocrx_word' id='word_1_127' title='bbox 1028 1530 1090 1579; x_wconf 90' lang='lat' dir='ltr'><strong><em>in</em></strong></span> <span class='ocrx_word' id='word_1_128' title='bbox 1102 1541 1465 1595; x_wconf 88' lang='lat' dir='ltr'><strong><em>personarum</em></strong></span> <span class='ocrx_word' id='word_1_129' title='bbox 1480 1524 2029 1595; x_wconf 81' lang='lat' dir='ltr'><strong><em>distinctione,unitas</em></strong></span> <span class='ocrx_word' id='word_1_130' title='bbox 2044 1523 2103 1571; x_wconf 88' lang='lat' dir='ltr'><strong><em>in</em></strong></span> 
     </span>
    </p>
   </div>
   <div class='ocr_carea' id='block_1_19' title="bbox 503 1594 2105 1665">
    <p class='ocr_par' dir='ltr' id='par_1_19' title="bbox 503 1594 2105 1665">
     <span class='ocr_line' id='line_1_19' title="bbox 503 1594 2105 1665; baseline -0.01 -7"><span class='ocrx_word' id='word_1_131' title='bbox 503 1607 711 1657; x_wconf 88' lang='lat' dir='ltr'><strong><em>unitate</em></strong></span> <span class='ocrx_word' id='word_1_132' title='bbox 736 1594 1066 1665; x_wconf 69' lang='lat' dir='ltr'><strong><em>substantia,</em></strong></span> <span class='ocrx_word' id='word_1_133' title='bbox 1091 1594 1136 1650; x_wconf 86' lang='lat' dir='ltr'><strong><em>et</em></strong></span> <span class='ocrx_word' id='word_1_134' title='bbox 1160 1599 1307 1665; x_wconf 85' lang='lat' dir='ltr'><strong><em>quod</em></strong></span> <span class='ocrx_word' id='word_1_135' title='bbox 1338 1598 1656 1662; x_wconf 87' lang='lat' dir='ltr'><strong><em>unigenitus</em></strong></span> <span class='ocrx_word' id='word_1_136' title='bbox 1691 1595 1862 1645; x_wconf 87' lang='lat' dir='ltr'><strong><em>Filius</em></strong></span> <span class='ocrx_word' id='word_1_137' title='bbox 1891 1594 1989 1644; x_wconf 91' lang='lat' dir='ltr'><strong><em>Dei</em></strong></span> <span class='ocrx_word' id='word_1_138' title='bbox 2010 1608 2105 1659; x_wconf 85' lang='lat' dir='ltr'><strong><em>per</em></strong></span> 
     </span>
    </p>
   </div>
   <div class='ocr_carea' id='block_1_20' title="bbox 503 1666 2108 1746">
    <p class='ocr_par' dir='ltr' id='par_1_20' title="bbox 503 1666 2108 1746">
     <span class='ocr_line' id='line_1_20' title="bbox 503 1666 2108 1746; baseline -0.01 -17"><span class='ocrx_word' id='word_1_139' title='bbox 503 1692 663 1746; x_wconf 80' lang='lat' dir='ltr'><strong><em>quem</em></strong></span> <span class='ocrx_word' id='word_1_140' title='bbox 684 1692 723 1726; x_wconf 89' lang='lat' dir='ltr'><strong><em>a</em></strong></span> <span class='ocrx_word' id='word_1_141' title='bbox 1042 1672 1370 1746; x_wconf 70' lang='lat' dir='ltr'><strong><em>omniaquae</em></strong></span> <span class='ocrx_word' id='word_1_142' title='bbox 1387 1673 1531 1746; x_wconf 79' lang='lat' dir='ltr'><strong><em>sunt,</em></strong></span> <span class='ocrx_word' id='word_1_143' title='bbox 1555 1669 1867 1746; x_wconf 35' lang='lat' dir='ltr'><strong><em>faeta-sunt,</em></strong></span> <span class='ocrx_word' id='word_1_144' title='bbox 1887 1668 1993 1715; x_wconf 88' lang='lat' dir='ltr'><strong><em>sive</em></strong></span> 
     </span>
    </p>
   </div>
   <div class='ocr_carea' id='block_1_21' title="bbox 503 1738 2105 1814">
    <p class='ocr_par' dir='ltr' id='par_1_21' title="bbox 503 1738 2105 1814">
     <span class='ocr_line' id='line_1_21' title="bbox 503 1738 2105 1814; baseline -0.008 -12"><span class='ocrx_word' id='word_1_145' title='bbox 503 1738 708 1814; x_wconf 68' lang='lat' dir='ltr'><strong><em>sibilia,</em></strong></span> <span class='ocrx_word' id='word_1_146' title='bbox 736 1738 850 1797; x_wconf 67' lang='lat' dir='ltr'><strong><em>sive</em></strong></span> <span class='ocrx_word' id='word_1_147' title='bbox 885 1738 1208 1803; x_wconf 82' lang='lat' dir='ltr'><strong><em>invisibilia,</em></strong></span> <span class='ocrx_word' id='word_1_148' title='bbox 1228 1743 1291 1791; x_wconf 92' lang='lat' dir='ltr'><strong><em>in</em></strong></span> <span class='ocrx_word' id='word_1_149' title='bbox 1315 1741 1623 1814; x_wconf 86' lang='lat' dir='ltr'><strong><em>novissimis</em></strong></span> <span class='ocrx_word' id='word_1_150' title='bbox 1658 1738 1836 1789; x_wconf 82' lang='lat' dir='ltr'><strong><em>diebus</em></strong></span> <span class='ocrx_word' id='word_1_151' title='bbox 1870 1754 2032 1789; x_wconf 89' lang='lat' dir='ltr'><strong><em>carne</em></strong></span> <span class='ocrx_word' id='word_1_152' title='bbox 2059 1743 2105 1789; x_wconf 90' lang='lat' dir='ltr'><strong><em>et</em></strong></span> 
     </span>
    </p>
   </div>
   <div class='ocr_carea' id='block_1_22' title="bbox 503 1813 2103 1880">
    <p class='ocr_par' dir='ltr' id='par_1_22' title="bbox 503 1813 2103 1880">
     <span class='ocr_line' id='line_1_22' title="bbox 503 1813 2103 1880; baseline -0.009 -6"><span class='ocrx_word' id='word_1_153' title='bbox 503 1822 702 1874; x_wconf 87' lang='lat' dir='ltr'><strong><em>anima</em></strong></span> <span class='ocrx_word' id='word_1_154' title='bbox 725 1820 974 1870; x_wconf 86' lang='lat' dir='ltr'><strong><em>humana</em></strong></span> <span class='ocrx_word' id='word_1_155' title='bbox 990 1820 1247 1880; x_wconf 88' lang='lat' dir='ltr'><strong><em>suscepta,</em></strong></span> <span class='ocrx_word' id='word_1_156' title='bbox 1275 1814 1434 1864; x_wconf 87' lang='lat' dir='ltr'><strong><em>homo</em></strong></span> <span class='ocrx_word' id='word_1_157' title='bbox 1454 1813 1629 1877; x_wconf 87' lang='lat' dir='ltr'><strong><em>factus</em></strong></span> <span class='ocrx_word' id='word_1_158' title='bbox 1647 1818 1739 1875; x_wconf 88' lang='lat' dir='ltr'><strong><em>est,</em></strong></span> <span class='ocrx_word' id='word_1_159' title='bbox 1762 1818 1808 1861; x_wconf 94' lang='lat' dir='ltr'><strong><em>et</em></strong></span> <span class='ocrx_word' id='word_1_160' title='bbox 1828 1826 2019 1877; x_wconf 85' lang='lat' dir='ltr'><strong><em>passus</em></strong></span> <span class='ocrx_word' id='word_1_161' title='bbox 2032 1816 2103 1859; x_wconf 89' lang='lat' dir='ltr'><strong><em>est</em></strong></span> 
     </span>
    </p>
   </div>
   <div class='ocr_carea' id='block_1_23' title="bbox 502 1882 2103 1960">
    <p class='ocr_par' dir='ltr' id='par_1_23' title="bbox 502 1882 2103 1960">
     <span class='ocr_line' id='line_1_23' title="bbox 502 1882 2103 1960; baseline -0.009 -15"><span class='ocrx_word' id='word_1_162' title='bbox 502 1908 607 1960; x_wconf 83' lang='lat' dir='ltr'><strong><em>pro</em></strong></span> <span class='ocrx_word' id='word_1_163' title='bbox 632 1891 802 1944; x_wconf 88' lang='lat' dir='ltr'><strong><em>salute</em></strong></span> <span class='ocrx_word' id='word_1_164' title='bbox 827 1894 1033 1939; x_wconf 84' lang='lat' dir='ltr'><strong><em>nostra.</em></strong></span> <span class='ocrx_word' id='word_1_165' title='bbox 1050 1887 1114 1960; x_wconf 94' lang='lat' dir='ltr'><strong><em>t</em></strong></span> <span class='ocrx_word' id='word_1_166' title='bbox 1142 1886 1298 1960; x_wconf 82' lang='lat' dir='ltr'><strong><em>tertia</em></strong></span> <span class='ocrx_word' id='word_1_167' title='bbox 1324 1885 1411 1934; x_wconf 87' lang='lat' dir='ltr'><strong><em>die</em></strong></span> <span class='ocrx_word' id='word_1_168' title='bbox 1434 1884 1693 1960; x_wconf 83' lang='lat' dir='ltr'><strong><em>suscitata</em></strong></span> <span class='ocrx_word' id='word_1_169' title='bbox 1704 1882 1799 1932; x_wconf 89' lang='lat' dir='ltr'><strong><em>illa</em></strong></span> <span class='ocrx_word' id='word_1_170' title='bbox 1811 1883 1932 1948; x_wconf 88' lang='lat' dir='ltr'><strong><em>ipsa</em></strong></span> <span class='ocrx_word' id='word_1_171' title='bbox 1942 1897 2103 1960; x_wconf 81' lang='lat' dir='ltr'><strong><em>carne</em></strong></span> 
     </span>
    </p>
   </div>
   <div class='ocr_carea' id='block_1_24' title="bbox 504 1954 2102 2030">
    <p class='ocr_par' dir='ltr' id='par_1_24' title="bbox 504 1954 2102 2030">
     <span class='ocr_line' id='line_1_24' title="bbox 504 1954 2102 2030; baseline -0.009 -14"><span class='ocrx_word' id='word_1_172' title='bbox 504 1954 624 2030; x_wconf 71' lang='lat' dir='ltr'><strong><em>qua:</em></strong></span> <span class='ocrx_word' id='word_1_173' title='bbox 642 1962 820 2030; x_wconf 87' lang='lat' dir='ltr'><strong><em>posita</em></strong></span> <span class='ocrx_word' id='word_1_174' title='bbox 839 1960 1018 2027; x_wconf 81' lang='lat' dir='ltr'><strong><em>fuerat</em></strong></span> <span class='ocrx_word' id='word_1_175' title='bbox 1040 1959 1103 2007; x_wconf 90' lang='lat' dir='ltr'><strong><em>in</em></strong></span> <span class='ocrx_word' id='word_1_176' title='bbox 1125 1956 1384 2030; x_wconf 83' lang='lat' dir='ltr'><strong><em>sepulcro,</em></strong></span> <span class='ocrx_word' id='word_1_177' title='bbox 1406 1954 1763 2030; x_wconf 67' lang='lat' dir='ltr'><strong><em>resusrexila</em></strong></span> <span class='ocrx_word' id='word_1_178' title='bbox 1790 1954 2018 2030; x_wconf 79' lang='lat' dir='ltr'><strong><em>mortuis</em></strong></span> <span class='ocrx_word' id='word_1_179' title='bbox 2032 1970 2042 2001; x_wconf 94' lang='lat'>:</span> 
     </span>
    </p>
   </div>
   <div class='ocr_carea' id='block_1_25' title="bbox 504 2024 2101 2101">
    <p class='ocr_par' dir='ltr' id='par_1_25' title="bbox 504 2024 2101 2101">
     <span class='ocr_line' id='line_1_25' title="bbox 504 2024 2101 2101; baseline -0.009 -13"><span class='ocrx_word' id='word_1_180' title='bbox 504 2024 953 2101; x_wconf 68' lang='lat' dir='ltr'><strong><em>cumipsaeadem</em></strong></span> <span class='ocrx_word' id='word_1_181' title='bbox 975 2044 1139 2081; x_wconf 88' lang='lat' dir='ltr'><strong><em>carne</em></strong></span> <span class='ocrx_word' id='word_1_182' title='bbox 1159 2028 1478 2101; x_wconf 65' lang='lat' dir='ltr'><strong><em>glori/irata,</em></strong></span> <span class='ocrx_word' id='word_1_183' title='bbox 1504 2027 1742 2101; x_wconf 78' lang='lat' dir='ltr'><strong><em>ascendit</em></strong></span> <span class='ocrx_word' id='word_1_184' title='bbox 1765 2025 1932 2086; x_wconf 77' lang='lat' dir='ltr'><strong><em>caelos,</em></strong></span> <span class='ocrx_word' id='word_1_185' title='bbox 1959 2024 2101 2074; x_wconf 88' lang='lat' dir='ltr'><strong><em>unde</em></strong></span> 
     </span>
    </p>
   </div>
   <div class='ocr_carea' id='block_1_26' title="bbox 501 2098 2107 2173">
    <p class='ocr_par' dir='ltr' id='par_1_26' title="bbox 501 2098 2107 2173">
     <span class='ocr_line' id='line_1_26' title="bbox 501 2098 2107 2173; baseline -0.008 -14"><span class='ocrx_word' id='word_1_186' title='bbox 501 2112 551 2159; x_wconf 80' lang='lat' dir='ltr'><strong><em>et</em></strong></span> <span class='ocrx_word' id='word_1_187' title='bbox 572 2098 882 2173; x_wconf 68' lang='lat' dir='ltr'><strong><em>expectatur</em></strong></span> <span class='ocrx_word' id='word_1_188' title='bbox 901 2100 1236 2173; x_wconf 85' lang='lat' dir='ltr'><strong><em>venturusad</em></strong></span> <span class='ocrx_word' id='word_1_189' title='bbox 1243 2099 1523 2173; x_wconf 79' lang='lat' dir='ltr'><strong><em>judicium</em></strong></span> <span class='ocrx_word' id='word_1_190' title='bbox 1546 2098 1793 2148; x_wconf 87' lang='lat' dir='ltr'><strong><em>vivorum</em></strong></span> <span class='ocrx_word' id='word_1_191' title='bbox 1809 2101 1858 2148; x_wconf 93' lang='lat' dir='ltr'><strong><em>et</em></strong></span> <span class='ocrx_word' id='word_1_192' title='bbox 1872 2102 2107 2146; x_wconf 88' lang='lat' dir='ltr'><strong><em>mortuo-</em></strong></span> 
     </span>
    </p>
   </div>
   <div class='ocr_carea' id='block_1_27' title="bbox 502 2170 2105 2234">
    <p class='ocr_par' dir='ltr' id='par_1_27' title="bbox 502 2170 2105 2234">
     <span class='ocr_line' id='line_1_27' title="bbox 502 2170 2105 2234; baseline -0.009 -4"><span class='ocrx_word' id='word_1_193' title='bbox 502 2170 651 2232; x_wconf 56' lang='lat' dir='ltr'><strong><em>rism;</em></strong></span> <span class='ocrx_word' id='word_1_194' title='bbox 683 2176 787 2228; x_wconf 89' lang='lat' dir='ltr'><strong><em>Sed</em></strong></span> <span class='ocrx_word' id='word_1_195' title='bbox 807 2181 853 2226; x_wconf 90' lang='lat' dir='ltr'><strong><em>et</em></strong></span> <span class='ocrx_word' id='word_1_196' title='bbox 879 2173 1049 2224; x_wconf 89' lang='lat' dir='ltr'><strong><em>simili</em></strong></span> <span class='ocrx_word' id='word_1_197' title='bbox 1072 2172 1231 2221; x_wconf 89' lang='lat' dir='ltr'><strong><em>modo</em></strong></span> <span class='ocrx_word' id='word_1_198' title='bbox 1259 2170 1414 2220; x_wconf 89' lang='lat' dir='ltr'><strong><em>nobis</em></strong></span> <span class='ocrx_word' id='word_1_199' title='bbox 1437 2184 1649 2234; x_wconf 89' lang='lat' dir='ltr'><strong><em>quoque</em></strong></span> <span class='ocrx_word' id='word_1_200' title='bbox 1669 2184 1817 2233; x_wconf 85' lang='lat' dir='ltr'><strong><em>spem</em></strong></span> <span class='ocrx_word' id='word_1_201' title='bbox 1838 2182 2105 2217; x_wconf 86' lang='lat' dir='ltr'><strong><em>resurrec-</em></strong></span> 
     </span>
    </p>
   </div>
   <div class='ocr_carea' id='block_1_28' title="bbox 501 2239 2100 2309">
    <p class='ocr_par' dir='ltr' id='par_1_28' title="bbox 501 2239 2100 2309">
     <span class='ocr_line' id='line_1_28' title="bbox 501 2239 2100 2309; baseline -0.009 -8"><span class='ocrx_word' id='word_1_202' title='bbox 501 2250 667 2301; x_wconf 81' lang='lat' dir='ltr'><strong><em>tionis</em></strong></span> <span class='ocrx_word' id='word_1_203' title='bbox 702 2248 863 2309; x_wconf 82' lang='lat' dir='ltr'><strong><em>dedit,</em></strong></span> <span class='ocrx_word' id='word_1_204' title='bbox 897 2251 957 2295; x_wconf 87' lang='lat' dir='ltr'><strong><em>ut</em></strong></span> <span class='ocrx_word' id='word_1_205' title='bbox 1004 2244 1185 2295; x_wconf 89' lang='lat' dir='ltr'><strong><em>eodem</em></strong></span> <span class='ocrx_word' id='word_1_206' title='bbox 1234 2241 1442 2303; x_wconf 82' lang='lat' dir='ltr'><strong><em>ordine,</em></strong></span> <span class='ocrx_word' id='word_1_207' title='bbox 1481 2241 1666 2290; x_wconf 89' lang='lat' dir='ltr'><strong><em>eadem</em></strong></span> <span class='ocrx_word' id='word_1_208' title='bbox 1707 2239 2100 2304; x_wconf 81' lang='lat' dir='ltr'><strong><em>consequentia,</em></strong></span> 
     </span>
    </p>
   </div>
   <div class='ocr_carea' id='block_1_29' title="bbox 497 2310 2104 2389">
    <p class='ocr_par' dir='ltr' id='par_1_29' title="bbox 497 2310 2104 2389">
     <span class='ocr_line' id='line_1_29' title="bbox 497 2310 2104 2389; baseline -0.009 -17"><span class='ocrx_word' id='word_1_209' title='bbox 497 2321 629 2389; x_wconf 83' lang='lat' dir='ltr'><strong><em>pari</em></strong></span> <span class='ocrx_word' id='word_1_210' title='bbox 650 2319 939 2383; x_wconf 88' lang='lat' dir='ltr'><strong><em>eademque</em></strong></span> <span class='ocrx_word' id='word_1_211' title='bbox 960 2317 1164 2381; x_wconf 80' lang='lat' dir='ltr'><strong><em>farma,</em></strong></span> <span class='ocrx_word' id='word_1_212' title='bbox 1185 2328 1297 2379; x_wconf 89' lang='lat' dir='ltr'><strong><em>qua</em></strong></span> <span class='ocrx_word' id='word_1_213' title='bbox 1318 2313 1430 2377; x_wconf 84' lang='lat' dir='ltr'><strong><em>ipse</em></strong></span> <span class='ocrx_word' id='word_1_214' title='bbox 1453 2311 1722 2362; x_wconf 85' lang='lat' dir='ltr'><strong><em>Dominus</em></strong></span> <span class='ocrx_word' id='word_1_215' title='bbox 1742 2310 2039 2389; x_wconf 68' lang='lat' dir='ltr'><strong><em>resurrexit</em></strong></span> <span class='ocrx_word' id='word_1_216' title='bbox 2066 2325 2104 2359; x_wconf 90' lang='lat' dir='ltr'><strong><em>a</em></strong></span> 
     </span>
    </p>
   </div>
   <div class='ocr_carea' id='block_1_30' title="bbox 500 2383 2100 2453">
    <p class='ocr_par' dir='ltr' id='par_1_30' title="bbox 500 2383 2100 2453">
     <span class='ocr_line' id='line_1_30' title="bbox 500 2383 2100 2453; baseline -0.008 -9"><span class='ocrx_word' id='word_1_217' title='bbox 500 2383 747 2453; x_wconf 72' lang='lat' dir='ltr'><strong><em>mortuis,</em></strong></span> <span class='ocrx_word' id='word_1_218' title='bbox 772 2403 869 2438; x_wconf 89' lang='lat' dir='ltr'><strong><em>nos</em></strong></span> <span class='ocrx_word' id='word_1_219' title='bbox 891 2401 1104 2453; x_wconf 89' lang='lat' dir='ltr'><strong><em>quoque</em></strong></span> <span class='ocrx_word' id='word_1_220' title='bbox 1120 2389 1513 2435; x_wconf 87' lang='lat' dir='ltr'><strong><em>resurrecturos</em></strong></span> <span class='ocrx_word' id='word_1_221' title='bbox 1533 2398 1642 2432; x_wconf 86' lang='lat' dir='ltr'><strong><em>esse</em></strong></span> <span class='ocrx_word' id='word_1_222' title='bbox 1663 2383 1962 2443; x_wconf 89' lang='lat' dir='ltr'><strong><em>credamus,</em></strong></span> <span class='ocrx_word' id='word_1_223' title='bbox 1986 2396 2100 2431; x_wconf 88' lang='lat' dir='ltr'><strong><em>non</em></strong></span> 
     </span>
    </p>
   </div>
   <div class='ocr_carea' id='block_1_31' title="bbox 498 2453 2102 2518">
    <p class='ocr_par' dir='ltr' id='par_1_31' title="bbox 498 2453 2102 2518">
     <span class='ocr_line' id='line_1_31' title="bbox 498 2453 2102 2518; baseline -0.008 -4"><span class='ocrx_word' id='word_1_224' title='bbox 498 2463 664 2515; x_wconf 85' lang='lat' dir='ltr'><strong><em>nubes</em></strong></span> <span class='ocrx_word' id='word_1_225' title='bbox 685 2466 781 2511; x_wconf 88' lang='lat' dir='ltr'><strong><em>aut</em></strong></span> <span class='ocrx_word' id='word_1_226' title='bbox 807 2474 978 2510; x_wconf 86' lang='lat' dir='ltr'><strong><em>auras</em></strong></span> <span class='ocrx_word' id='word_1_227' title='bbox 999 2463 1196 2518; x_wconf 85' lang='lat' dir='ltr'><strong><em>tenues,</em></strong></span> <span class='ocrx_word' id='word_1_228' title='bbox 1221 2459 1281 2505; x_wconf 88' lang='lat' dir='ltr'><strong><em>ut</em></strong></span> <span class='ocrx_word' id='word_1_229' title='bbox 1300 2455 1735 2516; x_wconf 85' lang='lat' dir='ltr'><strong><em>calumniantur;</em></strong></span> <span class='ocrx_word' id='word_1_230' title='bbox 1757 2453 1848 2503; x_wconf 91' lang='lat' dir='ltr'><strong><em>sed</em></strong></span> <span class='ocrx_word' id='word_1_231' title='bbox 1884 2453 1992 2503; x_wconf 71' lang='lat' dir='ltr'><strong><em>haec</em></strong></span> <span class='ocrx_word' id='word_1_232' title='bbox 2015 2453 2102 2517; x_wconf 89' lang='lat' dir='ltr'><strong><em>ip-</em></strong></span> 
     </span>
    </p>
   </div>
   <div class='ocr_carea' id='block_1_32' title="bbox 499 2526 2102 2601">
    <p class='ocr_par' dir='ltr' id='par_1_32' title="bbox 499 2526 2102 2601">
     <span class='ocr_line' id='line_1_32' title="bbox 499 2526 2102 2601; baseline -0.009 -14"><span class='ocrx_word' id='word_1_233' title='bbox 499 2550 582 2601; x_wconf 79' lang='lat' dir='ltr'><strong><em>sa,</em></strong></span> <span class='ocrx_word' id='word_1_234' title='bbox 597 2536 659 2585; x_wconf 88' lang='lat' dir='ltr'><strong><em>in</em></strong></span> <span class='ocrx_word' id='word_1_235' title='bbox 676 2534 873 2599; x_wconf 81' lang='lat' dir='ltr'><strong><em>quibus</em></strong></span> <span class='ocrx_word' id='word_1_236' title='bbox 890 2545 1040 2580; x_wconf 89' lang='lat' dir='ltr'><strong><em>nunc</em></strong></span> <span class='ocrx_word' id='word_1_237' title='bbox 1050 2529 1302 2601; x_wconf 71' lang='lat' dir='ltr'><strong><em>vivimus,</em></strong></span> <span class='ocrx_word' id='word_1_238' title='bbox 1316 2527 1394 2577; x_wconf 86' lang='lat' dir='ltr'><strong><em>vel</em></strong></span> <span class='ocrx_word' id='word_1_239' title='bbox 1405 2526 1696 2601; x_wconf 80' lang='lat' dir='ltr'><strong><em>morimur,</em></strong></span> <span class='ocrx_word' id='word_1_240' title='bbox 1712 2531 1900 2601; x_wconf 79' lang='lat' dir='ltr'><strong><em>nostra</em></strong></span> <span class='ocrx_word' id='word_1_241' title='bbox 1914 2538 2102 2589; x_wconf 89' lang='lat' dir='ltr'><strong><em>corpo-</em></strong></span> 
     </span>
    </p>
   </div>
   <div class='ocr_carea' id='block_1_33' title="bbox 499 2597 2099 2671">
    <p class='ocr_par' dir='ltr' id='par_1_33' title="bbox 499 2597 2099 2671">
     <span class='ocr_line' id='line_1_33' title="bbox 499 2597 2099 2671; baseline -0.006 -14"><span class='ocrx_word' id='word_1_242' title='bbox 499 2597 866 2671; x_wconf 46' lang='lat' dir='ltr'><strong><em>ra&#39;reeepturi.</em></strong></span> <span class='ocrx_word' id='word_1_243' title='bbox 891 2602 1038 2653; x_wconf 87' lang='lat' dir='ltr'><strong><em>Nam</em></strong></span> <span class='ocrx_word' id='word_1_244' title='bbox 1056 2599 1323 2671; x_wconf 88' lang='lat' dir='ltr'><strong><em>quomodo</em></strong></span> <span class='ocrx_word' id='word_1_245' title='bbox 1340 2613 1529 2671; x_wconf 85' lang='lat' dir='ltr'><strong><em>verum</em></strong></span> <span class='ocrx_word' id='word_1_246' title='bbox 1540 2598 1659 2663; x_wconf 89' lang='lat' dir='ltr'><strong><em>erit,</em></strong></span> <span class='ocrx_word' id='word_1_247' title='bbox 1682 2597 1828 2671; x_wconf 86' lang='lat' dir='ltr'><strong><em>quod</em></strong></span> <span class='ocrx_word' id='word_1_248' title='bbox 1841 2611 2099 2647; x_wconf 85' lang='lat' dir='ltr'><strong><em>resurrec-</em></strong></span> 
     </span>
    </p>
   </div>
   <div class='ocr_carea' id='block_1_34' title="bbox 501 2669 2101 2734">
    <p class='ocr_par' dir='ltr' id='par_1_34' title="bbox 501 2669 2101 2734">
     <span class='ocr_line' id='line_1_34' title="bbox 501 2669 2101 2734; baseline -0.009 -5"><span class='ocrx_word' id='word_1_249' title='bbox 501 2669 706 2729; x_wconf 79' lang='lat' dir='ltr'><strong><em>tionem</em></strong></span> <span class='ocrx_word' id='word_1_250' title='bbox 726 2673 912 2726; x_wconf 88' lang='lat' dir='ltr'><strong><em>carnis</em></strong></span> <span class='ocrx_word' id='word_1_251' title='bbox 933 2671 1221 2734; x_wconf 80' lang='lat' dir='ltr'><strong><em>credimus,</em></strong></span> <span class='ocrx_word' id='word_1_252' title='bbox 1250 2670 1362 2719; x_wconf 82' lang='lat' dir='ltr'><strong><em>nisi</em></strong></span> <span class='ocrx_word' id='word_1_253' title='bbox 1384 2670 1446 2719; x_wconf 88' lang='lat' dir='ltr'><strong><em>in</em></strong></span> <span class='ocrx_word' id='word_1_254' title='bbox 1460 2684 1524 2719; x_wconf 92' lang='lat' dir='ltr'><strong><em>ea</em></strong></span> <span class='ocrx_word' id='word_1_255' title='bbox 1545 2683 1663 2718; x_wconf 86' lang='lat' dir='ltr'><strong><em>vere</em></strong></span> <span class='ocrx_word' id='word_1_256' title='bbox 1683 2674 1729 2718; x_wconf 90' lang='lat' dir='ltr'><strong><em>et</em></strong></span> <span class='ocrx_word' id='word_1_257' title='bbox 1754 2669 1957 2732; x_wconf 90' lang='lat' dir='ltr'><strong><em>integre</em></strong></span> <span class='ocrx_word' id='word_1_258' title='bbox 1978 2682 2101 2718; x_wconf 88' lang='lat' dir='ltr'><strong><em>car-</em></strong></span> 
     </span>
    </p>
   </div>
   <div class='ocr_carea' id='block_1_35' title="bbox 496 2739 2100 2806">
    <p class='ocr_par' dir='ltr' id='par_1_35' title="bbox 496 2739 2100 2806">
     <span class='ocr_line' id='line_1_35' title="bbox 496 2739 2100 2806; baseline -0.007 -7"><span class='ocrx_word' id='word_1_259' title='bbox 496 2749 588 2799; x_wconf 86' lang='lat' dir='ltr'><strong><em>nis</em></strong></span> <span class='ocrx_word' id='word_1_260' title='bbox 615 2752 820 2797; x_wconf 89' lang='lat' dir='ltr'><strong><em>natura</em></strong></span> <span class='ocrx_word' id='word_1_261' title='bbox 842 2749 1077 2795; x_wconf 82' lang='lat' dir='ltr'><strong><em>servetur</em></strong></span> <span class='ocrx_word' id='word_1_262' title='bbox 1090 2746 1115 2791; x_wconf 79' lang='lat'><strong>?</strong></span> <span class='ocrx_word' id='word_1_263' title='bbox 1129 2741 1340 2806; x_wconf 82' lang='lat' dir='ltr'><strong><em>Absque</em></strong></span> <span class='ocrx_word' id='word_1_264' title='bbox 1361 2740 1487 2791; x_wconf 85' lang='lat' dir='ltr'><strong><em>ullis</em></strong></span> <span class='ocrx_word' id='word_1_265' title='bbox 1509 2755 1633 2804; x_wconf 93' lang='lat' dir='ltr'><strong><em>ergo</em></strong></span> <span class='ocrx_word' id='word_1_266' title='bbox 1643 2739 1952 2805; x_wconf 63' lang='lat' dir='ltr'><strong><em>prcstigiis,</em></strong></span> <span class='ocrx_word' id='word_1_267' title='bbox 1969 2754 2100 2788; x_wconf 61' lang='lat' dir='ltr'><strong><em>vera</em></strong></span> 
     </span>
    </p>
   </div>
   <div class='ocr_carea' id='block_1_36' title="bbox 498 2812 2101 2884">
    <p class='ocr_par' dir='ltr' id='par_1_36' title="bbox 498 2812 2101 2884">
     <span class='ocr_line' id='line_1_36' title="bbox 498 2812 2101 2884; baseline -0.008 -13"><span class='ocrx_word' id='word_1_268' title='bbox 498 2825 546 2871; x_wconf 86' lang='lat' dir='ltr'><strong><em>et</em></strong></span> <span class='ocrx_word' id='word_1_269' title='bbox 566 2820 786 2884; x_wconf 66' lang='lat' dir='ltr'><strong><em>integra</em></strong></span> <span class='ocrx_word' id='word_1_270' title='bbox 808 2816 989 2867; x_wconf 84' lang='lat' dir='ltr'><strong><em>carnis</em></strong></span> <span class='ocrx_word' id='word_1_271' title='bbox 1016 2814 1182 2879; x_wconf 85' lang='lat' dir='ltr'><strong><em>hujus</em></strong></span> <span class='ocrx_word' id='word_1_272' title='bbox 1205 2817 1416 2874; x_wconf 80' lang='lat' dir='ltr'><strong><em>nostrae,</em></strong></span> <span class='ocrx_word' id='word_1_273' title='bbox 1430 2812 1493 2862; x_wconf 88' lang='lat' dir='ltr'><strong><em>in</em></strong></span> <span class='ocrx_word' id='word_1_274' title='bbox 1508 2827 1619 2877; x_wconf 91' lang='lat' dir='ltr'><strong><em>qua</em></strong></span> <span class='ocrx_word' id='word_1_275' title='bbox 1634 2826 1783 2861; x_wconf 90' lang='lat' dir='ltr'><strong><em>nunc</em></strong></span> <span class='ocrx_word' id='word_1_276' title='bbox 1802 2825 2008 2884; x_wconf 82' lang='lat' dir='ltr'><strong><em>sumus,</em></strong></span> <span class='ocrx_word' id='word_1_277' title='bbox 2025 2826 2101 2884; x_wconf 46' lang='lat' dir='ltr'><strong><em>ref</em></strong></span> 
     </span>
    </p>
   </div>
   <div class='ocr_carea' id='block_1_37' title="bbox 497 2881 2100 2953">
    <p class='ocr_par' dir='ltr' id='par_1_37' title="bbox 497 2881 2100 2953">
     <span class='ocr_line' id='line_1_37' title="bbox 497 2881 2100 2953; baseline -0.006 -10"><span class='ocrx_word' id='word_1_278' title='bbox 497 2881 884 2943; x_wconf 75' lang='lat' dir='ltr'><strong><em>surrectionem</em></strong></span> <span class='ocrx_word' id='word_1_279' title='bbox 903 2888 1159 2953; x_wconf 82' lang='lat' dir='ltr'><strong><em>fatemur.</em></strong></span> <span class='ocrx_word' id='word_1_280' title='bbox 1184 2886 1272 2938; x_wconf 87' lang='lat' dir='ltr'><strong><em>Ita</em></strong></span> <span class='ocrx_word' id='word_1_281' title='bbox 1292 2886 1526 2948; x_wconf 82' lang='lat' dir='ltr'><strong><em>Rufinus</em></strong></span> <span class='ocrx_word' id='word_1_282' title='bbox 1553 2896 1626 2935; x_wconf 80' lang='lat' dir='ltr'><strong><em>ex</em></strong></span> <span class='ocrx_word' id='word_1_283' title='bbox 1654 2883 1916 2948; x_wconf 83' lang='lat' dir='ltr'><strong><em>symbolo</em></strong></span> <span class='ocrx_word' id='word_1_284' title='bbox 1944 2881 2100 2934; x_wconf 86' lang='lat' dir='ltr'><strong><em>Fidei</em></strong></span> 
     </span>
    </p>
   </div>
   <div class='ocr_carea' id='block_1_38' title="bbox 500 2954 2100 3025">
    <p class='ocr_par' dir='ltr' id='par_1_38' title="bbox 500 2954 2100 3025">
     <span class='ocr_line' id='line_1_38' title="bbox 500 2954 2100 3025; baseline -0.008 -9"><span class='ocrx_word' id='word_1_285' title='bbox 500 2961 823 3016; x_wconf 58' lang='lat' dir='ltr'><strong><em>catholica:</em></strong></span> <span class='ocrx_word' id='word_1_286' title='bbox 849 2958 1006 3025; x_wconf 88' lang='lat' dir='ltr'><strong><em>quod</em></strong></span> <span class='ocrx_word' id='word_1_287' title='bbox 1045 2969 1163 3011; x_wconf 90' lang='lat' dir='ltr'><strong><em>una</em></strong></span> <span class='ocrx_word' id='word_1_288' title='bbox 1197 2969 1332 3008; x_wconf 90' lang='lat' dir='ltr'><strong><em>cum</em></strong></span> <span class='ocrx_word' id='word_1_289' title='bbox 1355 2959 1713 3008; x_wconf 81' lang='lat' dir='ltr'><strong><em>sacramento</em></strong></span> <span class='ocrx_word' id='word_1_290' title='bbox 1744 2954 2013 3018; x_wconf 78' lang='lat' dir='ltr'><strong><em>baptismi</em></strong></span> <span class='ocrx_word' id='word_1_291' title='bbox 2038 2965 2100 3005; x_wconf 90' lang='lat' dir='ltr'><strong><em>se</em></strong></span> 
     </span>
    </p>
   </div>
   <div class='ocr_carea' id='block_1_39' title="bbox 497 3025 2101 3091">
    <p class='ocr_par' dir='ltr' id='par_1_39' title="bbox 497 3025 2101 3091">
     <span class='ocr_line' id='line_1_39' title="bbox 497 3025 2101 3091; baseline -0.007 -4"><span class='ocrx_word' id='word_1_292' title='bbox 497 3034 687 3087; x_wconf 79' lang='lat' dir='ltr'><strong><em>animo</em></strong></span> <span class='ocrx_word' id='word_1_293' title='bbox 704 3032 981 3085; x_wconf 88' lang='lat' dir='ltr'><strong><em>imbilisse</em></strong></span> <span class='ocrx_word' id='word_1_294' title='bbox 997 3034 1260 3082; x_wconf 75' lang='lat' dir='ltr'><strong><em>testatur.</em></strong></span> <span class='ocrx_word' id='word_1_295' title='bbox 1280 3028 1544 3079; x_wconf 85' lang='lat' dir='ltr'><strong><em>Ceterum</em></strong></span> <span class='ocrx_word' id='word_1_296' title='bbox 1562 3025 1807 3091; x_wconf 83' lang='lat' dir='ltr'><strong><em>symboli</em></strong></span> <span class='ocrx_word' id='word_1_297' title='bbox 1830 3025 2101 3090; x_wconf 78' lang='lat' dir='ltr'><strong><em>dogmata</em></strong></span> 
     </span>
    </p>
   </div>
   <div class='ocr_carea' id='block_1_40' title="bbox 496 3096 2099 3171">
    <p class='ocr_par' dir='ltr' id='par_1_40' title="bbox 496 3096 2099 3171">
     <span class='ocr_line' id='line_1_40' title="bbox 496 3096 2099 3171; baseline -0.006 -13"><span class='ocrx_word' id='word_1_298' title='bbox 496 3104 577 3158; x_wconf 86' lang='lat' dir='ltr'><strong><em>ita</em></strong></span> <span class='ocrx_word' id='word_1_299' title='bbox 588 3108 777 3171; x_wconf 75' lang='lat' dir='ltr'><strong><em>urget,</em></strong></span> <span class='ocrx_word' id='word_1_300' title='bbox 804 3108 871 3156; x_wconf 91' lang='lat' dir='ltr'><strong><em>ut</em></strong></span> <span class='ocrx_word' id='word_1_301' title='bbox 897 3114 973 3155; x_wconf 77' lang='lat' dir='ltr'><strong><em>ex</em></strong></span> <span class='ocrx_word' id='word_1_302' title='bbox 994 3100 1250 3163; x_wconf 69' lang='lat' dir='ltr'><strong><em>antiqua:</em></strong></span> <span class='ocrx_word' id='word_1_303' title='bbox 1270 3098 1328 3150; x_wconf 89' lang='lat' dir='ltr'><strong><em>in</em></strong></span> <span class='ocrx_word' id='word_1_304' title='bbox 1358 3098 1626 3150; x_wconf 67' lang='lat' dir='ltr'><strong><em>Ecclesia:</em></strong></span> <span class='ocrx_word' id='word_1_305' title='bbox 1649 3096 1967 3171; x_wconf 64' lang='lat' dir='ltr'><strong><em>disciplinas</em></strong></span> <span class='ocrx_word' id='word_1_306' title='bbox 1990 3109 2099 3171; x_wconf 89' lang='lat' dir='ltr'><strong><em>pu-</em></strong></span> 
     </span>
    </p>
   </div>
   <div class='ocr_carea' id='block_1_41' title="bbox 497 3169 2093 3234">
    <p class='ocr_par' dir='ltr' id='par_1_41' title="bbox 497 3169 2093 3234">
     <span class='ocr_line' id='line_1_41' title="bbox 497 3169 2093 3234; baseline -0.006 -6"><span class='ocrx_word' id='word_1_307' title='bbox 497 3176 643 3228; x_wconf 89' lang='lat' dir='ltr'><strong><em>blico</em></strong></span> <span class='ocrx_word' id='word_1_308' title='bbox 675 3169 733 3227; x_wconf 79' lang='lat' dir='ltr'><strong><em>et</em></strong></span> <span class='ocrx_word' id='word_1_309' title='bbox 754 3174 1057 3229; x_wconf 88' lang='lat' dir='ltr'><strong><em>notissimo</em></strong></span> <span class='ocrx_word' id='word_1_310' title='bbox 1078 3172 1423 3223; x_wconf 89' lang='lat' dir='ltr'><strong><em>documento</em></strong></span> <span class='ocrx_word' id='word_1_311' title='bbox 1460 3182 1626 3221; x_wconf 85' lang='lat' dir='ltr'><strong><em>suam</em></strong></span> <span class='ocrx_word' id='word_1_312' title='bbox 1649 3169 1844 3220; x_wconf 87' lang='lat' dir='ltr'><strong><em>Fidem</em></strong></span> <span class='ocrx_word' id='word_1_313' title='bbox 1867 3169 2093 3234; x_wconf 85' lang='lat' dir='ltr'><strong><em>plenius</em></strong></span> 
     </span>
    </p>
   </div>
   <div class='ocr_carea' id='block_1_42' title="bbox 499 3241 2094 3311">
    <p class='ocr_par' dir='ltr' id='par_1_42' title="bbox 499 3241 2094 3311">
     <span class='ocr_line' id='line_1_42' title="bbox 499 3241 2094 3311; baseline -0.006 -9"><span class='ocrx_word' id='word_1_314' title='bbox 499 3252 750 3311; x_wconf 77' lang='lat' dir='ltr'><strong><em>tueatur;</em></strong></span> <span class='ocrx_word' id='word_1_315' title='bbox 765 3248 1011 3311; x_wconf 85' lang='lat' dir='ltr'><strong><em>majores</em></strong></span> <span class='ocrx_word' id='word_1_316' title='bbox 1026 3246 1176 3296; x_wconf 89' lang='lat' dir='ltr'><strong><em>enim</em></strong></span> <span class='ocrx_word' id='word_1_317' title='bbox 1188 3246 1419 3295; x_wconf 89' lang='lat' dir='ltr'><strong><em>nostros</em></strong></span> <span class='ocrx_word' id='word_1_318' title='bbox 1436 3241 1655 3307; x_wconf 85' lang='lat' dir='ltr'><strong><em>Aquilej</em></strong></span> <span class='ocrx_word' id='word_1_319' title='bbox 1664 3254 1834 3293; x_wconf 88' lang='lat' dir='ltr'><strong><em>enses</em></strong></span> <span class='ocrx_word' id='word_1_320' title='bbox 1850 3242 2094 3305; x_wconf 80' lang='lat' dir='ltr'><strong><em>gratiam</em></strong></span> 
     </span>
    </p>
   </div>
   <div class='ocr_carea' id='block_1_43' title="bbox 2125 1908 2179 1981">
    <p class='ocr_par' dir='ltr' id='par_1_43' title="bbox 2125 1908 2179 1981">
     <span class='ocr_line' id='line_1_43' title="bbox 2125 1908 2179 1981; baseline 0 0"><span class='ocrx_word' id='word_1_321' title='bbox 2125 1908 2179 1981; x_wconf 94' lang='lat' dir='ltr'><strong>B</strong></span> 
     </span>
    </p>
   </div>
   <div class='ocr_carea' id='block_1_44' title="bbox 2204 601 3812 667">
    <p class='ocr_par' dir='ltr' id='par_1_44' title="bbox 2204 601 3812 667">
     <span class='ocr_line' id='line_1_44' title="bbox 2204 601 3812 667; baseline 0 -12"><span class='ocrx_word' id='word_1_322' title='bbox 2204 615 2356 667; x_wconf 88' lang='lat' dir='ltr'><strong><em>pore,</em></strong></span> <span class='ocrx_word' id='word_1_323' title='bbox 2371 617 2545 667; x_wconf 85' lang='lat' dir='ltr'><strong><em>quam</em></strong></span> <span class='ocrx_word' id='word_1_324' title='bbox 2559 604 3300 662; x_wconf 89' lang='lat' dir='ltr'><strong><em>humano,resurrecturum</em></strong></span> <span class='ocrx_word' id='word_1_325' title='bbox 3326 601 3685 663; x_wconf 85' lang='lat' dir='ltr'><strong><em>credidisset,</em></strong></span> <span class='ocrx_word' id='word_1_326' title='bbox 3714 608 3812 655; x_wconf 89' lang='lat' dir='ltr'><strong><em>aut</em></strong></span> 
     </span>
    </p>
   </div>
   <div class='ocr_carea' id='block_1_45' title="bbox 2204 671 3808 739">
    <p class='ocr_par' dir='ltr' id='par_1_45' title="bbox 2204 671 3808 739">
     <span class='ocr_line' id='line_1_45' title="bbox 2204 671 3808 739; baseline 0 -14"><span class='ocrx_word' id='word_1_327' title='bbox 2204 675 2475 726; x_wconf 86' lang='lat' dir='ltr'><strong><em>crederet.</em></strong></span> <span class='ocrx_word' id='word_1_328' title='bbox 2502 674 2789 739; x_wconf 80' lang='lat' dir='ltr'><strong><em>Expositis</em></strong></span> <span class='ocrx_word' id='word_1_329' title='bbox 2827 686 2961 737; x_wconf 69' lang='lat' dir='ltr'><strong><em>quae</em></strong></span> <span class='ocrx_word' id='word_1_330' title='bbox 2995 673 3189 726; x_wconf 88' lang='lat' dir='ltr'><strong><em>Fidem</em></strong></span> <span class='ocrx_word' id='word_1_331' title='bbox 3217 684 3384 725; x_wconf 87' lang='lat' dir='ltr'><strong><em>suam</em></strong></span> <span class='ocrx_word' id='word_1_332' title='bbox 3408 671 3481 725; x_wconf 90' lang='lat' dir='ltr'><strong><em>de</em></strong></span> <span class='ocrx_word' id='word_1_333' title='bbox 3506 672 3808 738; x_wconf 83' lang='lat' dir='ltr'><strong><em>Trinitate,</em></strong></span> 
     </span>
    </p>
   </div>
   <div class='ocr_carea' id='block_1_46' title="bbox 2203 744 3811 805">
    <p class='ocr_par' dir='ltr' id='par_1_46' title="bbox 2203 744 3811 805">
     <span class='ocr_line' id='line_1_46' title="bbox 2203 744 3811 805; baseline 0 -10"><span class='ocrx_word' id='word_1_334' title='bbox 2203 745 2614 803; x_wconf 86' lang='lat' dir='ltr'><strong><em>Incarnatione,</em></strong></span> <span class='ocrx_word' id='word_1_335' title='bbox 2630 745 3079 804; x_wconf 80' lang='lat' dir='ltr'><strong><em>Resurrectione,</em></strong></span> <span class='ocrx_word' id='word_1_336' title='bbox 3096 744 3351 797; x_wconf 88' lang='lat' dir='ltr'><strong><em>secundo</em></strong></span> <span class='ocrx_word' id='word_1_337' title='bbox 3367 744 3643 805; x_wconf 85' lang='lat' dir='ltr'><strong><em>adventu,</em></strong></span> <span class='ocrx_word' id='word_1_338' title='bbox 3661 747 3720 797; x_wconf 91' lang='lat' dir='ltr'><strong><em>et</em></strong></span> <span class='ocrx_word' id='word_1_339' title='bbox 3731 744 3811 796; x_wconf 81' lang='lat' dir='ltr'><strong><em>tu-</em></strong></span> 
     </span>
    </p>
   </div>
   <div class='ocr_carea' id='block_1_47' title="bbox 2203 816 3811 881">
    <p class='ocr_par' dir='ltr' id='par_1_47' title="bbox 2203 816 3811 881">
     <span class='ocr_line' id='line_1_47' title="bbox 2203 816 3811 881; baseline 0.001 -14"><span class='ocrx_word' id='word_1_340' title='bbox 2203 818 2332 868; x_wconf 85' lang='lat' dir='ltr'><strong><em>turo</em></strong></span> <span class='ocrx_word' id='word_1_341' title='bbox 2351 818 2566 880; x_wconf 88' lang='lat' dir='ltr'><strong><em>judicio</em></strong></span> <span class='ocrx_word' id='word_1_342' title='bbox 2604 817 2914 869; x_wconf 86' lang='lat' dir='ltr'><strong><em>Salvatoris</em></strong></span> <span class='ocrx_word' id='word_1_343' title='bbox 2952 816 3135 868; x_wconf 81' lang='lat' dir='ltr'><strong><em>nostri</em></strong></span> <span class='ocrx_word' id='word_1_344' title='bbox 3163 818 3536 881; x_wconf 85' lang='lat' dir='ltr'><strong><em>spectabant,</em></strong></span> <span class='ocrx_word' id='word_1_345' title='bbox 3564 816 3811 881; x_wconf 89' lang='lat' dir='ltr'><strong><em>gradum</em></strong></span> 
     </span>
    </p>
   </div>
   <div class='ocr_carea' id='block_1_48' title="bbox 2204 886 3809 953">
    <p class='ocr_par' dir='ltr' id='par_1_48' title="bbox 2204 886 3809 953">
     <span class='ocr_line' id='line_1_48' title="bbox 2204 886 3809 953; baseline 0 -16"><span class='ocrx_word' id='word_1_346' title='bbox 2204 886 2417 939; x_wconf 82' lang='lat' dir='ltr'><strong><em>facitad</em></strong></span> <span class='ocrx_word' id='word_1_347' title='bbox 2433 901 2596 940; x_wconf 89' lang='lat' dir='ltr'><strong><em>suam</em></strong></span> <span class='ocrx_word' id='word_1_348' title='bbox 2623 887 3146 953; x_wconf 83' lang='lat' dir='ltr'><strong><em>interpretationem</em></strong></span> <span class='ocrx_word' id='word_1_349' title='bbox 3161 888 3435 939; x_wconf 88' lang='lat' dir='ltr'><strong><em>librorum</em></strong></span> <span class='ocrx_word' id='word_1_350' title='bbox 3450 888 3809 940; x_wconf 82' lang='lat' dir='ltr'><strong><em>Periarcbon.</em></strong></span> 
     </span>
    </p>
   </div>
   <div class='ocr_carea' id='block_1_49' title="bbox 2202 959 3814 1023">
    <p class='ocr_par' dir='ltr' id='par_1_49' title="bbox 2202 959 3814 1023">
     <span class='ocr_line' id='line_1_49' title="bbox 2202 959 3814 1023; baseline 0.002 -15"><span class='ocrx_word' id='word_1_351' title='bbox 2202 960 2567 1022; x_wconf 84' lang='lat' dir='ltr'><strong><em>Arguebatur</em></strong></span> <span class='ocrx_word' id='word_1_352' title='bbox 2595 959 2893 1023; x_wconf 86' lang='lat' dir='ltr'><strong><em>Origenes,</em></strong></span> <span class='ocrx_word' id='word_1_353' title='bbox 2926 959 3087 1023; x_wconf 88' lang='lat' dir='ltr'><strong><em>quasi</em></strong></span> <span class='ocrx_word' id='word_1_354' title='bbox 3112 970 3314 1010; x_wconf 88' lang='lat' dir='ltr'><strong><em>omnes</em></strong></span> <span class='ocrx_word' id='word_1_355' title='bbox 3352 960 3716 1023; x_wconf 87' lang='lat' dir='ltr'><strong><em>peccatores,</em></strong></span> <span class='ocrx_word' id='word_1_356' title='bbox 3753 964 3814 1011; x_wconf 90' lang='lat' dir='ltr'><strong><em>et</em></strong></span> 
     </span>
    </p>
   </div>
   <div class='ocr_carea' id='block_1_50' title="bbox 2202 1030 3810 1094">
    <p class='ocr_par' dir='ltr' id='par_1_50' title="bbox 2202 1030 3810 1094">
     <span class='ocr_line' id='line_1_50' title="bbox 2202 1030 3810 1094; baseline 0 -13"><span class='ocrx_word' id='word_1_357' title='bbox 2202 1030 2390 1094; x_wconf 88' lang='lat' dir='ltr'><strong><em>ipsum</em></strong></span> <span class='ocrx_word' id='word_1_358' title='bbox 2430 1030 2604 1082; x_wconf 87' lang='lat' dir='ltr'><strong><em>etiam</em></strong></span> <span class='ocrx_word' id='word_1_359' title='bbox 2638 1030 2935 1082; x_wconf 80' lang='lat' dir='ltr'><strong><em>Diabolum</em></strong></span> <span class='ocrx_word' id='word_1_360' title='bbox 2974 1030 3305 1081; x_wconf 88' lang='lat' dir='ltr'><strong><em>restitutum</em></strong></span> <span class='ocrx_word' id='word_1_361' title='bbox 3337 1030 3404 1081; x_wconf 89' lang='lat' dir='ltr'><strong><em>iri</em></strong></span> <span class='ocrx_word' id='word_1_362' title='bbox 3436 1030 3774 1082; x_wconf 85' lang='lat' dir='ltr'><strong><em>tradidisset</em></strong></span> <span class='ocrx_word' id='word_1_363' title='bbox 3795 1068 3810 1091; x_wconf 94' lang='lat'><strong><em>,</em></strong></span> 
     </span>
    </p>
   </div>
   <div class='ocr_carea' id='block_1_51' title="bbox 2201 1101 3807 1165">
    <p class='ocr_par' dir='ltr' id='par_1_51' title="bbox 2201 1101 3807 1165">
     <span class='ocr_line' id='line_1_51' title="bbox 2201 1101 3807 1165; baseline -0.001 -12"><span class='ocrx_word' id='word_1_364' title='bbox 2201 1101 2425 1153; x_wconf 87' lang='lat' dir='ltr'><strong><em>animas</em></strong></span> <span class='ocrx_word' id='word_1_365' title='bbox 2469 1114 2699 1165; x_wconf 90' lang='lat' dir='ltr'><strong><em>quoque</em></strong></span> <span class='ocrx_word' id='word_1_366' title='bbox 2738 1106 2868 1153; x_wconf 87' lang='lat' dir='ltr'><strong><em>ante</em></strong></span> <span class='ocrx_word' id='word_1_367' title='bbox 2893 1106 3113 1153; x_wconf 86' lang='lat' dir='ltr'><strong><em>creatas</em></strong></span> <span class='ocrx_word' id='word_1_368' title='bbox 3148 1114 3307 1162; x_wconf 89' lang='lat' dir='ltr'><strong><em>esse,</em></strong></span> <span class='ocrx_word' id='word_1_369' title='bbox 3332 1113 3506 1164; x_wconf 90' lang='lat' dir='ltr'><strong><em>quam</em></strong></span> <span class='ocrx_word' id='word_1_370' title='bbox 3538 1112 3807 1165; x_wconf 80' lang='lat' dir='ltr'><strong><em>corpora,</em></strong></span> 
     </span>
    </p>
   </div>
   <div class='ocr_carea' id='block_1_52' title="bbox 2203 1171 3811 1237">
    <p class='ocr_par' dir='ltr' id='par_1_52' title="bbox 2203 1171 3811 1237">
     <span class='ocr_line' id='line_1_52' title="bbox 2203 1171 3811 1237; baseline -0.001 -12"><span class='ocrx_word' id='word_1_371' title='bbox 2203 1185 2417 1237; x_wconf 88' lang='lat' dir='ltr'><strong><em>easque</em></strong></span> <span class='ocrx_word' id='word_1_372' title='bbox 2454 1173 2601 1224; x_wconf 68' lang='lat' dir='ltr'><strong><em>caelo</em></strong></span> <span class='ocrx_word' id='word_1_373' title='bbox 2636 1171 2913 1225; x_wconf 84' lang='lat' dir='ltr'><strong><em>deductas</em></strong></span> <span class='ocrx_word' id='word_1_374' title='bbox 2947 1176 3002 1223; x_wconf 87' lang='lat' dir='ltr'><strong><em>et</em></strong></span> <span class='ocrx_word' id='word_1_375' title='bbox 3050 1172 3379 1235; x_wconf 87' lang='lat' dir='ltr'><strong><em>corporibus</em></strong></span> <span class='ocrx_word' id='word_1_376' title='bbox 3414 1172 3681 1222; x_wconf 82' lang='lat' dir='ltr'><strong><em>insertas.</em></strong></span> <span class='ocrx_word' id='word_1_377' title='bbox 3722 1173 3811 1223; x_wconf 77' lang='lat' dir='ltr'><strong><em>Ad</em></strong></span> 
     </span>
    </p>
   </div>
   <div class='ocr_carea' id='block_1_53' title="bbox 2203 1243 3811 1307">
    <p class='ocr_par' dir='ltr' id='par_1_53' title="bbox 2203 1243 3811 1307">
     <span class='ocr_line' id='line_1_53' title="bbox 2203 1243 3811 1307; baseline -0.001 -11"><span class='ocrx_word' id='word_1_378' title='bbox 2203 1244 2329 1296; x_wconf 63' lang='lat' dir='ltr'><strong><em>haec</em></strong></span> <span class='ocrx_word' id='word_1_379' title='bbox 2371 1245 2619 1307; x_wconf 77' lang='lat' dir='ltr'><strong><em>Ruﬁnus,</em></strong></span> <span class='ocrx_word' id='word_1_380' title='bbox 2662 1257 2724 1296; x_wconf 92' lang='lat' dir='ltr'><strong><em>se</em></strong></span> <span class='ocrx_word' id='word_1_381' title='bbox 2752 1243 2912 1303; x_wconf 88' lang='lat' dir='ltr'><strong><em>nihil,</em></strong></span> <span class='ocrx_word' id='word_1_382' title='bbox 2950 1244 3049 1304; x_wconf 87' lang='lat' dir='ltr'><strong><em>ait,</em></strong></span> <span class='ocrx_word' id='word_1_383' title='bbox 3082 1256 3182 1307; x_wconf 89' lang='lat' dir='ltr'><strong><em>pro</em></strong></span> <span class='ocrx_word' id='word_1_384' title='bbox 3214 1243 3455 1307; x_wconf 87' lang='lat' dir='ltr'><strong><em>Origene</em></strong></span> <span class='ocrx_word' id='word_1_385' title='bbox 3486 1255 3677 1307; x_wconf 86' lang='lat' dir='ltr'><strong><em>agere,</em></strong></span> <span class='ocrx_word' id='word_1_386' title='bbox 3702 1256 3811 1295; x_wconf 90' lang='lat' dir='ltr'><strong><em>nec</em></strong></span> 
     </span>
    </p>
   </div>
   <div class='ocr_carea' id='block_1_54' title="bbox 2204 1315 3813 1380">
    <p class='ocr_par' dir='ltr' id='par_1_54' title="bbox 2204 1315 3813 1380">
     <span class='ocr_line' id='line_1_54' title="bbox 2204 1315 3813 1380; baseline -0.002 -13"><span class='ocrx_word' id='word_1_387' title='bbox 2204 1315 2637 1380; x_wconf 87' lang='lat' dir='ltr'><strong><em>Apologeticum</em></strong></span> <span class='ocrx_word' id='word_1_388' title='bbox 2654 1327 2755 1379; x_wconf 89' lang='lat' dir='ltr'><strong><em>pro</em></strong></span> <span class='ocrx_word' id='word_1_389' title='bbox 2789 1315 2915 1380; x_wconf 90' lang='lat' dir='ltr'><strong><em>ipso</em></strong></span> <span class='ocrx_word' id='word_1_390' title='bbox 2935 1315 3199 1379; x_wconf 84' lang='lat' dir='ltr'><strong><em>scribere,</em></strong></span> <span class='ocrx_word' id='word_1_391' title='bbox 3215 1316 3321 1363; x_wconf 84' lang='lat' dir='ltr'><strong><em>sive</em></strong></span> <span class='ocrx_word' id='word_1_392' title='bbox 3344 1316 3488 1363; x_wconf 86' lang='lat' dir='ltr'><strong><em>enim</em></strong></span> <span class='ocrx_word' id='word_1_393' title='bbox 3525 1320 3627 1363; x_wconf 89' lang='lat' dir='ltr'><strong><em>stat</em></strong></span> <span class='ocrx_word' id='word_1_394' title='bbox 3656 1315 3813 1380; x_wconf 83' lang='lat' dir='ltr'><strong><em>apud</em></strong></span> 
     </span>
    </p>
   </div>
   <div class='ocr_carea' id='block_1_55' title="bbox 2202 1386 3812 1451">
    <p class='ocr_par' dir='ltr' id='par_1_55' title="bbox 2202 1386 3812 1451">
     <span class='ocr_line' id='line_1_55' title="bbox 2202 1386 3812 1451; baseline 0.002 -15"><span class='ocrx_word' id='word_1_395' title='bbox 2202 1388 2391 1449; x_wconf 87' lang='lat' dir='ltr'><strong><em>Deum,</em></strong></span> <span class='ocrx_word' id='word_1_396' title='bbox 2432 1389 2537 1437; x_wconf 83' lang='lat' dir='ltr'><strong><em>sive</em></strong></span> <span class='ocrx_word' id='word_1_397' title='bbox 2578 1387 2763 1451; x_wconf 86' lang='lat' dir='ltr'><strong><em>lapsus</em></strong></span> <span class='ocrx_word' id='word_1_398' title='bbox 2807 1392 2878 1436; x_wconf 89' lang='lat' dir='ltr'><strong><em>est</em></strong></span> <span class='ocrx_word' id='word_1_399' title='bbox 2912 1388 3022 1451; x_wconf 86' lang='lat' dir='ltr'><strong><em>ipse</em></strong></span> <span class='ocrx_word' id='word_1_400' title='bbox 3049 1386 3269 1447; x_wconf 84' lang='lat' dir='ltr'><strong><em>viderit;</em></strong></span> <span class='ocrx_word' id='word_1_401' title='bbox 3303 1386 3429 1451; x_wconf 78' lang='lat' dir='ltr'><strong><em>cogi</em></strong></span> <span class='ocrx_word' id='word_1_402' title='bbox 3458 1391 3651 1439; x_wconf 87' lang='lat' dir='ltr'><strong><em>tamen</em></strong></span> <span class='ocrx_word' id='word_1_403' title='bbox 3684 1389 3812 1451; x_wconf 83' lang='lat' dir='ltr'><strong><em>ejus</em></strong></span> 
     </span>
    </p>
   </div>
   <div class='ocr_carea' id='block_1_56' title="bbox 2203 1457 3814 1523">
    <p class='ocr_par' dir='ltr' id='par_1_56' title="bbox 2203 1457 3814 1523">
     <span class='ocr_line' id='line_1_56' title="bbox 2203 1457 3814 1523; baseline -0.001 -13"><span class='ocrx_word' id='word_1_404' title='bbox 2203 1458 2556 1521; x_wconf 88' lang='lat' dir='ltr'><strong><em>meminisse,</em></strong></span> <span class='ocrx_word' id='word_1_405' title='bbox 2582 1458 2738 1523; x_wconf 90' lang='lat' dir='ltr'><strong><em>quod</em></strong></span> <span class='ocrx_word' id='word_1_406' title='bbox 2754 1457 2892 1510; x_wconf 90' lang='lat' dir='ltr'><strong><em>dum</em></strong></span> <span class='ocrx_word' id='word_1_407' title='bbox 2908 1458 3183 1523; x_wconf 80' lang='lat' dir='ltr'><strong><em>Origenes</em></strong></span> <span class='ocrx_word' id='word_1_408' title='bbox 3198 1457 3474 1522; x_wconf 79' lang='lat' dir='ltr'><strong><em>arguitur,</em></strong></span> <span class='ocrx_word' id='word_1_409' title='bbox 3486 1457 3607 1523; x_wconf 89' lang='lat' dir='ltr'><strong><em>ipse</em></strong></span> <span class='ocrx_word' id='word_1_410' title='bbox 3626 1470 3664 1510; x_wconf 88' lang='lat' dir='ltr'><strong><em>a</em></strong></span> <span class='ocrx_word' id='word_1_411' title='bbox 3678 1459 3814 1510; x_wconf 82' lang='lat' dir='ltr'><strong><em>Hie—</em></strong></span> 
     </span>
    </p>
   </div>
   <div class='ocr_carea' id='block_1_57' title="bbox 2203 1528 3813 1594">
    <p class='ocr_par' dir='ltr' id='par_1_57' title="bbox 2203 1528 3813 1594">
     <span class='ocr_line' id='line_1_57' title="bbox 2203 1528 3813 1594; baseline -0.001 -12"><span class='ocrx_word' id='word_1_412' title='bbox 2203 1542 2439 1594; x_wconf 87' lang='lat' dir='ltr'><strong><em>ronymo</em></strong></span> <span class='ocrx_word' id='word_1_413' title='bbox 2472 1543 2589 1581; x_wconf 91' lang='lat' dir='ltr'><strong><em>non</em></strong></span> <span class='ocrx_word' id='word_1_414' title='bbox 2621 1530 2741 1594; x_wconf 87' lang='lat' dir='ltr'><strong><em>jam</em></strong></span> <span class='ocrx_word' id='word_1_415' title='bbox 2764 1528 3011 1594; x_wconf 88' lang='lat' dir='ltr'><strong><em>oblique,</em></strong></span> <span class='ocrx_word' id='word_1_416' title='bbox 3047 1528 3149 1581; x_wconf 86' lang='lat' dir='ltr'><strong><em>sed</em></strong></span> <span class='ocrx_word' id='word_1_417' title='bbox 3171 1529 3359 1593; x_wconf 82' lang='lat' dir='ltr'><strong><em>palam</em></strong></span> <span class='ocrx_word' id='word_1_418' title='bbox 3380 1541 3654 1581; x_wconf 89' lang='lat' dir='ltr'><strong><em>mucrone</em></strong></span> <span class='ocrx_word' id='word_1_419' title='bbox 3687 1530 3813 1581; x_wconf 84' lang='lat' dir='ltr'><strong><em>dis-</em></strong></span> 
     </span>
    </p>
   </div>
   <div class='ocr_carea' id='block_1_58' title="bbox 2203 1600 3815 1666">
    <p class='ocr_par' dir='ltr' id='par_1_58' title="bbox 2203 1600 3815 1666">
     <span class='ocr_line' id='line_1_58' title="bbox 2203 1600 3815 1666; baseline -0.002 -12"><span class='ocrx_word' id='word_1_420' title='bbox 2203 1601 2368 1654; x_wconf 88' lang='lat' dir='ltr'><strong><em>tricto</em></strong></span> <span class='ocrx_word' id='word_1_421' title='bbox 2398 1600 2647 1653; x_wconf 70' lang='lat' dir='ltr'><strong><em>feriatur.</em></strong></span> <span class='ocrx_word' id='word_1_422' title='bbox 2676 1602 2790 1653; x_wconf 90' lang='lat' dir='ltr'><strong><em>Cur</em></strong></span> <span class='ocrx_word' id='word_1_423' title='bbox 2811 1600 3334 1666; x_wconf 85' lang='lat' dir='ltr'><strong><em>interpretationem</em></strong></span> <span class='ocrx_word' id='word_1_424' title='bbox 3369 1613 3537 1653; x_wconf 87' lang='lat' dir='ltr'><strong><em>suam</em></strong></span> <span class='ocrx_word' id='word_1_425' title='bbox 3560 1600 3815 1653; x_wconf 89' lang='lat' dir='ltr'><strong><em>adorsus</em></strong></span> 
     </span>
    </p>
   </div>
   <div class='ocr_carea' id='block_1_59' title="bbox 2202 1672 3815 1736">
    <p class='ocr_par' dir='ltr' id='par_1_59' title="bbox 2202 1672 3815 1736">
     <span class='ocr_line' id='line_1_59' title="bbox 2202 1672 3815 1736; baseline 0 -11"><span class='ocrx_word' id='word_1_426' title='bbox 2202 1673 2390 1735; x_wconf 83' lang='lat' dir='ltr'><strong><em>fuerit,</em></strong></span> <span class='ocrx_word' id='word_1_427' title='bbox 2421 1685 2483 1724; x_wconf 90' lang='lat' dir='ltr'><strong><em>se</em></strong></span> <span class='ocrx_word' id='word_1_428' title='bbox 2517 1672 2861 1736; x_wconf 77' lang='lat' dir='ltr'><strong><em>paucissimis</em></strong></span> <span class='ocrx_word' id='word_1_429' title='bbox 2883 1677 2928 1721; x_wconf 88' lang='lat' dir='ltr'><strong><em>et</em></strong></span> <span class='ocrx_word' id='word_1_430' title='bbox 2952 1672 3243 1721; x_wconf 80' lang='lat' dir='ltr'><strong><em>verissimis</em></strong></span> <span class='ocrx_word' id='word_1_431' title='bbox 3279 1672 3683 1724; x_wconf 86' lang='lat' dir='ltr'><strong><em>absoluturum</em></strong></span> <span class='ocrx_word' id='word_1_432' title='bbox 3709 1672 3815 1725; x_wconf 90' lang='lat' dir='ltr'><strong><em>de—</em></strong></span> 
     </span>
    </p>
   </div>
   <div class='ocr_carea' id='block_1_60' title="bbox 2204 1742 3814 1810">
    <p class='ocr_par' dir='ltr' id='par_1_60' title="bbox 2204 1742 3814 1810">
     <span class='ocr_line' id='line_1_60' title="bbox 2204 1742 3814 1810; baseline 0 -14"><span class='ocrx_word' id='word_1_433' title='bbox 2204 1744 2399 1805; x_wconf 88' lang='lat' dir='ltr'><strong><em>clarat,</em></strong></span> <span class='ocrx_word' id='word_1_434' title='bbox 2437 1743 2569 1796; x_wconf 89' lang='lat' dir='ltr'><strong><em>licet</em></strong></span> <span class='ocrx_word' id='word_1_435' title='bbox 2611 1744 2767 1810; x_wconf 89' lang='lat' dir='ltr'><strong><em>apud</em></strong></span> <span class='ocrx_word' id='word_1_436' title='bbox 2810 1744 3227 1809; x_wconf 87' lang='lat' dir='ltr'><strong><em>Apronianum,</em></strong></span> <span class='ocrx_word' id='word_1_437' title='bbox 3266 1755 3441 1806; x_wconf 89' lang='lat' dir='ltr'><strong><em>quem</em></strong></span> <span class='ocrx_word' id='word_1_438' title='bbox 3477 1742 3814 1807; x_wconf 88' lang='lat' dir='ltr'><strong><em>alloquitur,</em></strong></span> 
     </span>
    </p>
   </div>
   <div class='ocr_carea' id='block_1_61' title="bbox 2202 1815 3812 1881">
    <p class='ocr_par' dir='ltr' id='par_1_61' title="bbox 2202 1815 3812 1881">
     <span class='ocr_line' id='line_1_61' title="bbox 2202 1815 3812 1881; baseline 0.001 -14"><span class='ocrx_word' id='word_1_439' title='bbox 2202 1816 2415 1881; x_wconf 88' lang='lat' dir='ltr'><strong><em>quique</em></strong></span> <span class='ocrx_word' id='word_1_440' title='bbox 2426 1828 2547 1867; x_wconf 89' lang='lat' dir='ltr'><strong><em>rem</em></strong></span> <span class='ocrx_word' id='word_1_441' title='bbox 2570 1817 2714 1869; x_wconf 91' lang='lat' dir='ltr'><strong><em>bene</em></strong></span> <span class='ocrx_word' id='word_1_442' title='bbox 2725 1820 2912 1879; x_wconf 89' lang='lat' dir='ltr'><strong><em>norat,</em></strong></span> <span class='ocrx_word' id='word_1_443' title='bbox 2924 1816 3032 1868; x_wconf 86' lang='lat' dir='ltr'><strong><em>hoc</em></strong></span> <span class='ocrx_word' id='word_1_444' title='bbox 3054 1827 3548 1880; x_wconf 84' lang='lat' dir='ltr'><strong><em>supervacaneum</em></strong></span> <span class='ocrx_word' id='word_1_445' title='bbox 3566 1815 3812 1869; x_wconf 78' lang='lat' dir='ltr'><strong><em>fortasse</em></strong></span> 
     </span>
    </p>
   </div>
   <div class='ocr_carea' id='block_1_62' title="bbox 2203 1887 3813 1952">
    <p class='ocr_par' dir='ltr' id='par_1_62' title="bbox 2203 1887 3813 1952">
     <span class='ocr_line' id='line_1_62' title="bbox 2203 1887 3813 1952; baseline -0.001 -13"><span class='ocrx_word' id='word_1_446' title='bbox 2203 1887 2459 1949; x_wconf 86' lang='lat' dir='ltr'><strong><em>videtur;</em></strong></span> <span class='ocrx_word' id='word_1_447' title='bbox 2486 1894 2681 1952; x_wconf 88' lang='lat' dir='ltr'><strong><em>tamen,</em></strong></span> <span class='ocrx_word' id='word_1_448' title='bbox 2699 1888 2900 1952; x_wconf 83' lang='lat' dir='ltr'><strong><em>inquit,</em></strong></span> <span class='ocrx_word' id='word_1_449' title='bbox 2919 1893 2965 1937; x_wconf 91' lang='lat' dir='ltr'><strong><em>et</em></strong></span> <span class='ocrx_word' id='word_1_450' title='bbox 2982 1888 3294 1951; x_wconf 86' lang='lat' dir='ltr'><strong><em>ignorantes</em></strong></span> <span class='ocrx_word' id='word_1_451' title='bbox 3315 1888 3557 1936; x_wconf 87' lang='lat' dir='ltr'><strong><em>convenit</em></strong></span> <span class='ocrx_word' id='word_1_452' title='bbox 3577 1902 3813 1948; x_wconf 83' lang='lat' dir='ltr'><strong><em>noscere,</em></strong></span> 
     </span>
    </p>
   </div>
   <div class='ocr_carea' id='block_1_63' title="bbox 2209 1958 3813 2025">
    <p class='ocr_par' dir='ltr' id='par_1_63' title="bbox 2209 1958 3813 2025">
     <span class='ocr_line' id='line_1_63' title="bbox 2209 1958 3813 2025; baseline 0.002 -18"><span class='ocrx_word' id='word_1_453' title='bbox 2209 1958 2370 2007; x_wconf 72' lang='lat' dir='ltr'><strong><em>simul</em></strong></span> <span class='ocrx_word' id='word_1_454' title='bbox 2389 1962 2551 2013; x_wconf 85' lang='lat' dir='ltr'><strong><em>etiam</em></strong></span> <span class='ocrx_word' id='word_1_455' title='bbox 2567 1961 2702 2025; x_wconf 90' lang='lat' dir='ltr'><strong><em>quia</em></strong></span> <span class='ocrx_word' id='word_1_456' title='bbox 2722 1966 2771 2009; x_wconf 90' lang='lat' dir='ltr'><strong><em>et</em></strong></span> <span class='ocrx_word' id='word_1_457' title='bbox 2797 1960 2894 2009; x_wconf 90' lang='lat' dir='ltr'><strong><em>hoc</em></strong></span> <span class='ocrx_word' id='word_1_458' title='bbox 2917 1974 3029 2008; x_wconf 88' lang='lat' dir='ltr'><strong><em>non</em></strong></span> <span class='ocrx_word' id='word_1_459' title='bbox 3052 1958 3226 2008; x_wconf 88' lang='lat' dir='ltr'><strong><em>solum</em></strong></span> <span class='ocrx_word' id='word_1_460' title='bbox 3250 1958 3361 2023; x_wconf 86' lang='lat' dir='ltr'><strong><em>ipse</em></strong></span> <span class='ocrx_word' id='word_1_461' title='bbox 3386 1958 3813 2024; x_wconf 80' lang='lat' dir='ltr'><strong><em>(Hieronymus)</em></strong></span> 
     </span>
    </p>
   </div>
   <div class='ocr_carea' id='block_1_64' title="bbox 2202 2030 3811 2095">
    <p class='ocr_par' dir='ltr' id='par_1_64' title="bbox 2202 2030 3811 2095">
     <span class='ocr_line' id='line_1_64' title="bbox 2202 2030 3811 2095; baseline -0.001 -12"><span class='ocrx_word' id='word_1_462' title='bbox 2202 2036 2293 2084; x_wconf 89' lang='lat' dir='ltr'><strong><em>sed</em></strong></span> <span class='ocrx_word' id='word_1_463' title='bbox 2330 2042 2376 2087; x_wconf 90' lang='lat' dir='ltr'><strong><em>et</em></strong></span> <span class='ocrx_word' id='word_1_464' title='bbox 2411 2035 2587 2086; x_wconf 87' lang='lat' dir='ltr'><strong><em>omnis</em></strong></span> <span class='ocrx_word' id='word_1_465' title='bbox 2631 2031 2814 2081; x_wconf 84' lang='lat' dir='ltr'><strong><em>schola</em></strong></span> <span class='ocrx_word' id='word_1_466' title='bbox 2858 2030 2975 2095; x_wconf 84' lang='lat' dir='ltr'><strong><em>ejus</em></strong></span> <span class='ocrx_word' id='word_1_467' title='bbox 3003 2030 3468 2094; x_wconf 78' lang='lat' dir='ltr'><strong><em>(Pammachius),</em></strong></span> <span class='ocrx_word' id='word_1_468' title='bbox 3499 2032 3770 2083; x_wconf 83' lang='lat' dir='ltr'><strong><em>Oceanus</em></strong></span> <span class='ocrx_word' id='word_1_469' title='bbox 3794 2071 3811 2094; x_wconf 87' lang='lat'><strong><em>,</em></strong></span> 
     </span>
    </p>
   </div>
   <div class='ocr_carea' id='block_1_65' title="bbox 2203 2101 3816 2169">
    <p class='ocr_par' dir='ltr' id='par_1_65' title="bbox 2203 2101 3816 2169">
     <span class='ocr_line' id='line_1_65' title="bbox 2203 2101 3816 2169; baseline -0.004 -12"><span class='ocrx_word' id='word_1_470' title='bbox 2203 2107 2477 2169; x_wconf 84' lang='lat' dir='ltr'><strong><em>Marcella,</em></strong></span> <span class='ocrx_word' id='word_1_471' title='bbox 2516 2103 2814 2163; x_wconf 86' lang='lat' dir='ltr'><strong><em>Eusebius,</em></strong></span> <span class='ocrx_word' id='word_1_472' title='bbox 2831 2102 3002 2167; x_wconf 81' lang='lat' dir='ltr'><strong><em>jactat</em></strong></span> <span class='ocrx_word' id='word_1_473' title='bbox 3036 2102 3097 2151; x_wconf 89' lang='lat' dir='ltr'><strong><em>de</em></strong></span> <span class='ocrx_word' id='word_1_474' title='bbox 3126 2101 3297 2161; x_wconf 77' lang='lat' dir='ltr'><strong><em>nobis,</em></strong></span> <span class='ocrx_word' id='word_1_475' title='bbox 3320 2102 3464 2166; x_wconf 88' lang='lat' dir='ltr'><strong><em>quod</em></strong></span> <span class='ocrx_word' id='word_1_476' title='bbox 3504 2116 3682 2166; x_wconf 88' lang='lat' dir='ltr'><strong><em>quum</em></strong></span> <span class='ocrx_word' id='word_1_477' title='bbox 3712 2103 3816 2152; x_wconf 87' lang='lat' dir='ltr'><strong><em>ali-</em></strong></span> 
     </span>
    </p>
   </div>
   <div class='ocr_carea' id='block_1_66' title="bbox 2201 2173 3812 2245">
    <p class='ocr_par' dir='ltr' id='par_1_66' title="bbox 2201 2173 3812 2245">
     <span class='ocr_line' id='line_1_66' title="bbox 2201 2173 3812 2245; baseline -0.001 -19"><span class='ocrx_word' id='word_1_478' title='bbox 2201 2183 2279 2228; x_wconf 89' lang='lat' dir='ltr'><strong><em>ter</em></strong></span> <span class='ocrx_word' id='word_1_479' title='bbox 2316 2177 2727 2245; x_wconf 82' lang='lat' dir='ltr'><strong><em>promiserimus</em></strong></span> <span class='ocrx_word' id='word_1_480' title='bbox 2758 2189 2859 2224; x_wconf 86' lang='lat' dir='ltr'><strong><em>nos</em></strong></span> <span class='ocrx_word' id='word_1_481' title='bbox 2886 2174 2949 2223; x_wconf 85' lang='lat' dir='ltr'><strong><em>in</em></strong></span> <span class='ocrx_word' id='word_1_482' title='bbox 2983 2173 3392 2245; x_wconf 64' lang='lat' dir='ltr'><strong><em>prm/ationibus</em></strong></span> <span class='ocrx_word' id='word_1_483' title='bbox 3417 2173 3812 2238; x_wconf 82' lang='lat' dir='ltr'><strong><em>translaturos,</em></strong></span> 
     </span>
    </p>
   </div>
   <div class='ocr_carea' id='block_1_67' title="bbox 2199 2244 3815 2315">
    <p class='ocr_par' dir='ltr' id='par_1_67' title="bbox 2199 2244 3815 2315">
     <span class='ocr_line' id='line_1_67' title="bbox 2199 2244 3815 2315; baseline -0.002 -17"><span class='ocrx_word' id='word_1_484' title='bbox 2199 2244 2357 2300; x_wconf 83' lang='lat' dir='ltr'><strong><em>aliter</em></strong></span> <span class='ocrx_word' id='word_1_485' title='bbox 2380 2252 2661 2315; x_wconf 79' lang='lat' dir='ltr'><strong><em>fecerimus</em></strong></span> <span class='ocrx_word' id='word_1_486' title='bbox 2684 2247 2744 2295; x_wconf 87' lang='lat' dir='ltr'><strong><em>in</em></strong></span> <span class='ocrx_word' id='word_1_487' title='bbox 2769 2260 2937 2310; x_wconf 89' lang='lat' dir='ltr'><strong><em>opere.</em></strong></span> <span class='ocrx_word' id='word_1_488' title='bbox 2964 2246 3090 2295; x_wconf 82' lang='lat' dir='ltr'><strong><em>Ideo</em></strong></span> <span class='ocrx_word' id='word_1_489' title='bbox 3129 2261 3240 2295; x_wconf 88' lang='lat' dir='ltr'><strong><em>non</em></strong></span> <span class='ocrx_word' id='word_1_490' title='bbox 3269 2244 3445 2294; x_wconf 90' lang='lat' dir='ltr'><strong><em>solum</em></strong></span> <span class='ocrx_word' id='word_1_491' title='bbox 3473 2245 3626 2309; x_wconf 85' lang='lat' dir='ltr'><strong><em>ipsis,</em></strong></span> <span class='ocrx_word' id='word_1_492' title='bbox 3650 2247 3744 2295; x_wconf 87' lang='lat' dir='ltr'><strong><em>sed</em></strong></span> <span class='ocrx_word' id='word_1_493' title='bbox 3766 2252 3815 2295; x_wconf 86' lang='lat' dir='ltr'><strong><em>et</em></strong></span> 
     </span>
    </p>
   </div>
   <div class='ocr_carea' id='block_1_68' title="bbox 2198 2316 3813 2386">
    <p class='ocr_par' dir='ltr' id='par_1_68' title="bbox 2198 2316 3813 2386">
     <span class='ocr_line' id='line_1_68' title="bbox 2198 2316 3813 2386; baseline -0.005 -13"><span class='ocrx_word' id='word_1_494' title='bbox 2198 2324 2326 2375; x_wconf 88' lang='lat' dir='ltr'><strong><em>aliis</em></strong></span> <span class='ocrx_word' id='word_1_495' title='bbox 2345 2320 2794 2386; x_wconf 83' lang='lat' dir='ltr'><strong><em>respondebimus,</em></strong></span> <span class='ocrx_word' id='word_1_496' title='bbox 2819 2316 3013 2381; x_wconf 83' lang='lat' dir='ltr'><strong><em>quibus</em></strong></span> <span class='ocrx_word' id='word_1_497' title='bbox 3039 2316 3115 2366; x_wconf 88' lang='lat' dir='ltr'><strong><em>vel</em></strong></span> <span class='ocrx_word' id='word_1_498' title='bbox 3133 2316 3394 2381; x_wconf 87' lang='lat' dir='ltr'><strong><em>proprius</em></strong></span> <span class='ocrx_word' id='word_1_499' title='bbox 3417 2316 3555 2366; x_wconf 86' lang='lat' dir='ltr'><strong><em>livor</em></strong></span> <span class='ocrx_word' id='word_1_500' title='bbox 3575 2323 3813 2366; x_wconf 86' lang='lat' dir='ltr'><strong><em>mentem</em></strong></span> 
     </span>
    </p>
   </div>
   <div class='ocr_carea' id='block_1_69' title="bbox 2197 2387 3819 2453">
    <p class='ocr_par' dir='ltr' id='par_1_69' title="bbox 2197 2387 3819 2453">
     <span class='ocr_line' id='line_1_69' title="bbox 2197 2387 3819 2453; baseline -0.007 -6"><span class='ocrx_word' id='word_1_501' title='bbox 2197 2396 2275 2446; x_wconf 79' lang='lat' dir='ltr'><strong><em>vel</em></strong></span> <span class='ocrx_word' id='word_1_502' title='bbox 2298 2394 2611 2445; x_wconf 80' lang='lat' dir='ltr'><strong><em>criminatio</em></strong></span> <span class='ocrx_word' id='word_1_503' title='bbox 2634 2390 2816 2439; x_wconf 88' lang='lat' dir='ltr'><strong><em>aliena</em></strong></span> <span class='ocrx_word' id='word_1_504' title='bbox 2839 2387 3137 2439; x_wconf 88' lang='lat' dir='ltr'><strong><em>conturbat.</em></strong></span> <span class='ocrx_word' id='word_1_505' title='bbox 3169 2390 3307 2440; x_wconf 58' lang='lat' dir='ltr'><strong><em>Haec</em></strong></span> <span class='ocrx_word' id='word_1_506' title='bbox 3330 2387 3613 2453; x_wconf 87' lang='lat' dir='ltr'><strong><em>produnt,</em></strong></span> <span class='ocrx_word' id='word_1_507' title='bbox 3653 2389 3819 2451; x_wconf 78' lang='lat' dir='ltr'><strong><em>Rufi-</em></strong></span> 
     </span>
    </p>
   </div>
   <div class='ocr_carea' id='block_1_70' title="bbox 2196 2459 3817 2527">
    <p class='ocr_par' dir='ltr' id='par_1_70' title="bbox 2196 2459 3817 2527">
     <span class='ocr_line' id='line_1_70' title="bbox 2196 2459 3817 2527; baseline -0.004 -10"><span class='ocrx_word' id='word_1_508' title='bbox 2196 2484 2269 2517; x_wconf 86' lang='lat' dir='ltr'><strong><em>no</em></strong></span> <span class='ocrx_word' id='word_1_509' title='bbox 2292 2479 2366 2520; x_wconf 82' lang='lat' dir='ltr'><strong><em>ex</em></strong></span> <span class='ocrx_word' id='word_1_510' title='bbox 2399 2466 2548 2519; x_wconf 89' lang='lat' dir='ltr'><strong><em>Urbe</em></strong></span> <span class='ocrx_word' id='word_1_511' title='bbox 2576 2460 3214 2527; x_wconf 82' lang='lat' dir='ltr'><strong><em>signiﬁcatum,multos</em></strong></span> <span class='ocrx_word' id='word_1_512' title='bbox 3237 2466 3435 2513; x_wconf 84' lang='lat' dir='ltr'><strong><em>contra</em></strong></span> <span class='ocrx_word' id='word_1_513' title='bbox 3450 2459 3619 2512; x_wconf 90' lang='lat' dir='ltr'><strong><em>illum</em></strong></span> <span class='ocrx_word' id='word_1_514' title='bbox 3643 2461 3817 2524; x_wconf 82' lang='lat' dir='ltr'><strong><em>signa</em></strong></span> 
     </span>
    </p>
   </div>
   <div class='ocr_carea' id='block_1_71' title="bbox 2197 2532 3817 2596">
    <p class='ocr_par' dir='ltr' id='par_1_71' title="bbox 2197 2532 3817 2596">
     <span class='ocr_line' id='line_1_71' title="bbox 2197 2532 3817 2596; baseline -0.004 -3"><span class='ocrx_word' id='word_1_515' title='bbox 2197 2538 2526 2592; x_wconf 84' lang='lat' dir='ltr'><strong><em>contulisse.</em></strong></span> <span class='ocrx_word' id='word_1_516' title='bbox 2547 2533 2918 2586; x_wconf 86' lang='lat' dir='ltr'><strong><em>Occasionem</em></strong></span> <span class='ocrx_word' id='word_1_517' title='bbox 2938 2544 3073 2596; x_wconf 90' lang='lat' dir='ltr'><strong><em>ergo</em></strong></span> <span class='ocrx_word' id='word_1_518' title='bbox 3090 2544 3211 2584; x_wconf 71' lang='lat' dir='ltr'><strong><em>sum</em></strong></span> <span class='ocrx_word' id='word_1_519' title='bbox 3232 2532 3625 2584; x_wconf 82' lang='lat' dir='ltr'><strong><em>translationis</em></strong></span> <span class='ocrx_word' id='word_1_520' title='bbox 3643 2532 3817 2586; x_wconf 85' lang='lat' dir='ltr'><strong><em>debe-</em></strong></span> 
     </span>
    </p>
   </div>
   <div class='ocr_carea' id='block_1_72' title="bbox 2197 2602 3818 2675">
    <p class='ocr_par' dir='ltr' id='par_1_72' title="bbox 2197 2602 3818 2675">
     <span class='ocr_line' id='line_1_72' title="bbox 2197 2602 3818 2675; baseline -0.003 -14"><span class='ocrx_word' id='word_1_521' title='bbox 2197 2612 2244 2663; x_wconf 89' lang='lat' dir='ltr'><strong><em>ri</em></strong></span> <span class='ocrx_word' id='word_1_522' title='bbox 2267 2609 2466 2675; x_wconf 85' lang='lat' dir='ltr'><strong><em>pandit</em></strong></span> <span class='ocrx_word' id='word_1_523' title='bbox 2495 2605 2758 2668; x_wconf 86' lang='lat' dir='ltr'><strong><em>Macario,</em></strong></span> <span class='ocrx_word' id='word_1_524' title='bbox 2790 2604 2851 2675; x_wconf 90' lang='lat' dir='ltr'><strong><em>in</em></strong></span> <span class='ocrx_word' id='word_1_525' title='bbox 2873 2604 3014 2657; x_wconf 87' lang='lat' dir='ltr'><strong><em>urbe</em></strong></span> <span class='ocrx_word' id='word_1_526' title='bbox 3037 2603 3356 2664; x_wconf 90' lang='lat' dir='ltr'><strong><em>notissimo,</em></strong></span> <span class='ocrx_word' id='word_1_527' title='bbox 3376 2616 3492 2675; x_wconf 87' lang='lat' dir='ltr'><strong><em>non</em></strong></span> <span class='ocrx_word' id='word_1_528' title='bbox 3519 2602 3657 2675; x_wconf 78' lang='lat' dir='ltr'><strong><em>sibi,</em></strong></span> <span class='ocrx_word' id='word_1_529' title='bbox 3673 2618 3818 2668; x_wconf 85' lang='lat' dir='ltr'><strong><em>qua-</em></strong></span> 
     </span>
    </p>
   </div>
   <div class='ocr_carea' id='block_1_73' title="bbox 2198 2674 3812 2741">
    <p class='ocr_par' dir='ltr' id='par_1_73' title="bbox 2198 2674 3812 2741">
     <span class='ocr_line' id='line_1_73' title="bbox 2198 2674 3812 2741; baseline -0.005 -7"><span class='ocrx_word' id='word_1_530' title='bbox 2198 2682 2246 2734; x_wconf 86' lang='lat' dir='ltr'><strong><em>si</em></strong></span> <span class='ocrx_word' id='word_1_531' title='bbox 2257 2674 2530 2733; x_wconf 83' lang='lat' dir='ltr'><strong><em>nimirum</em></strong></span> <span class='ocrx_word' id='word_1_532' title='bbox 2541 2689 2688 2741; x_wconf 88' lang='lat' dir='ltr'><strong><em>Opus</em></strong></span> <span class='ocrx_word' id='word_1_533' title='bbox 2698 2674 2849 2727; x_wconf 88' lang='lat' dir='ltr'><strong><em>malo</em></strong></span> <span class='ocrx_word' id='word_1_534' title='bbox 2860 2675 3052 2726; x_wconf 88' lang='lat' dir='ltr'><strong><em>animo</em></strong></span> <span class='ocrx_word' id='word_1_535' title='bbox 3064 2674 3555 2738; x_wconf 85' lang='lat' dir='ltr'><strong><em>interpretandum</em></strong></span> <span class='ocrx_word' id='word_1_536' title='bbox 3569 2674 3812 2739; x_wconf 84' lang='lat' dir='ltr'><strong><em>delege-</em></strong></span> 
     </span>
    </p>
   </div>
   <div class='ocr_carea' id='block_1_74' title="bbox 2195 2746 3816 2817">
    <p class='ocr_par' dir='ltr' id='par_1_74' title="bbox 2195 2746 3816 2817">
     <span class='ocr_line' id='line_1_74' title="bbox 2195 2746 3816 2817; baseline -0.004 -14"><span class='ocrx_word' id='word_1_537' title='bbox 2195 2754 2285 2817; x_wconf 84' lang='lat' dir='ltr'><strong><em>rit,</em></strong></span> <span class='ocrx_word' id='word_1_538' title='bbox 2310 2751 2455 2817; x_wconf 90' lang='lat' dir='ltr'><strong><em>quod</em></strong></span> <span class='ocrx_word' id='word_1_539' title='bbox 2486 2763 2655 2813; x_wconf 88' lang='lat' dir='ltr'><strong><em>neque</em></strong></span> <span class='ocrx_word' id='word_1_540' title='bbox 2686 2748 2798 2812; x_wconf 89' lang='lat' dir='ltr'><strong><em>ipse</em></strong></span> <span class='ocrx_word' id='word_1_541' title='bbox 2834 2747 3260 2811; x_wconf 85' lang='lat' dir='ltr'><strong><em>(Hieronymus)</em></strong></span> <span class='ocrx_word' id='word_1_542' title='bbox 3287 2761 3458 2811; x_wconf 87' lang='lat' dir='ltr'><strong><em>neque</em></strong></span> <span class='ocrx_word' id='word_1_543' title='bbox 3493 2746 3642 2795; x_wconf 89' lang='lat' dir='ltr'><strong><em>alius</em></strong></span> <span class='ocrx_word' id='word_1_544' title='bbox 3681 2747 3816 2811; x_wconf 84' lang='lat' dir='ltr'><strong><em>quis</em></strong></span> 
     </span>
    </p>
   </div>
   <div class='ocr_carea' id='block_1_75' title="bbox 2194 2817 3817 2884">
    <p class='ocr_par' dir='ltr' id='par_1_75' title="bbox 2194 2817 3817 2884">
     <span class='ocr_line' id='line_1_75' title="bbox 2194 2817 3817 2884; baseline -0.004 -9"><span class='ocrx_word' id='word_1_545' title='bbox 2194 2831 2427 2875; x_wconf 82' lang='lat' dir='ltr'><strong><em>veterum</em></strong></span> <span class='ocrx_word' id='word_1_546' title='bbox 2444 2822 2802 2884; x_wconf 86' lang='lat' dir='ltr'><strong><em>interpretum</em></strong></span> <span class='ocrx_word' id='word_1_547' title='bbox 2819 2818 3102 2879; x_wconf 78' lang='lat' dir='ltr'><strong><em>delegisset,</em></strong></span> <span class='ocrx_word' id='word_1_548' title='bbox 3126 2818 3214 2868; x_wconf 88' lang='lat' dir='ltr'><strong><em>Sic</em></strong></span> <span class='ocrx_word' id='word_1_549' title='bbox 3244 2830 3377 2869; x_wconf 83' lang='lat' dir='ltr'><strong><em>vero</em></strong></span> <span class='ocrx_word' id='word_1_550' title='bbox 3402 2817 3620 2869; x_wconf 84' lang='lat' dir='ltr'><strong><em>crimen</em></strong></span> <span class='ocrx_word' id='word_1_551' title='bbox 3631 2829 3817 2869; x_wconf 90' lang='lat' dir='ltr'><strong><em>suum</em></strong></span> 
     </span>
    </p>
   </div>
   <div class='ocr_carea' id='block_1_76' title="bbox 2194 2888 3817 2953">
    <p class='ocr_par' dir='ltr' id='par_1_76' title="bbox 2194 2888 3817 2953">
     <span class='ocr_line' id='line_1_76' title="bbox 2194 2888 3817 2953; baseline -0.007 -4"><span class='ocrx_word' id='word_1_552' title='bbox 2194 2894 2424 2948; x_wconf 81' lang='lat' dir='ltr'><strong><em>Macarii</em></strong></span> <span class='ocrx_word' id='word_1_553' title='bbox 2448 2892 2696 2944; x_wconf 89' lang='lat' dir='ltr'><strong><em>umbone</em></strong></span> <span class='ocrx_word' id='word_1_554' title='bbox 2726 2888 3003 2941; x_wconf 87' lang='lat' dir='ltr'><strong><em>defendit:</em></strong></span> <span class='ocrx_word' id='word_1_555' title='bbox 3026 2888 3138 2951; x_wconf 88' lang='lat' dir='ltr'><strong><em>Vir,</em></strong></span> <span class='ocrx_word' id='word_1_556' title='bbox 3172 2889 3378 2953; x_wconf 87' lang='lat' dir='ltr'><strong><em>inquit,</em></strong></span> <span class='ocrx_word' id='word_1_557' title='bbox 3393 2888 3514 2949; x_wconf 80' lang='lat' dir='ltr'><strong><em>ﬁde.</em></strong></span> <span class='ocrx_word' id='word_1_558' title='bbox 3538 2889 3817 2938; x_wconf 83' lang='lat' dir='ltr'><strong><em>eruditio-</em></strong></span> 
     </span>
    </p>
   </div>
   <div class='ocr_carea' id='block_1_77' title="bbox 2194 2959 3817 3029">
    <p class='ocr_par' dir='ltr' id='par_1_77' title="bbox 2194 2959 3817 3029">
     <span class='ocr_line' id='line_1_77' title="bbox 2194 2959 3817 3029; baseline -0.005 -12"><span class='ocrx_word' id='word_1_559' title='bbox 2194 2983 2279 3029; x_wconf 89' lang='lat' dir='ltr'><strong><em>ne,</em></strong></span> <span class='ocrx_word' id='word_1_560' title='bbox 2296 2964 2601 3023; x_wconf 87' lang='lat' dir='ltr'><strong><em>mobilitate,</em></strong></span> <span class='ocrx_word' id='word_1_561' title='bbox 2620 2961 2729 3011; x_wconf 84' lang='lat' dir='ltr'><strong><em>vita</em></strong></span> <span class='ocrx_word' id='word_1_562' title='bbox 2750 2961 2927 3010; x_wconf 86' lang='lat' dir='ltr'><strong><em>clarus</em></strong></span> <span class='ocrx_word' id='word_1_563' title='bbox 2937 2960 3231 3021; x_wconf 84' lang='lat' dir='ltr'><strong><em>Macarius,</em></strong></span> <span class='ocrx_word' id='word_1_564' title='bbox 3250 2974 3421 3022; x_wconf 89' lang='lat' dir='ltr'><strong><em>quum</em></strong></span> <span class='ocrx_word' id='word_1_565' title='bbox 3437 2959 3703 3023; x_wconf 87' lang='lat' dir='ltr'><strong><em>opuscula</em></strong></span> <span class='ocrx_word' id='word_1_566' title='bbox 3721 2960 3817 3010; x_wconf 80' lang='lat' dir='ltr'><strong><em>ad-</em></strong></span> 
     </span>
    </p>
   </div>
   <div class='ocr_carea' id='block_1_78' title="bbox 2195 3031 3818 3100">
    <p class='ocr_par' dir='ltr' id='par_1_78' title="bbox 2195 3031 3818 3100">
     <span class='ocr_line' id='line_1_78' title="bbox 2195 3031 3818 3100; baseline -0.005 -11"><span class='ocrx_word' id='word_1_567' title='bbox 2195 3053 2375 3089; x_wconf 81' lang='lat' dir='ltr'><strong><em>versus</em></strong></span> <span class='ocrx_word' id='word_1_568' title='bbox 2395 3037 2576 3100; x_wconf 87' lang='lat' dir='ltr'><strong><em>fatum</em></strong></span> <span class='ocrx_word' id='word_1_569' title='bbox 2604 3034 2682 3083; x_wconf 83' lang='lat' dir='ltr'><strong><em>vel</em></strong></span> <span class='ocrx_word' id='word_1_570' title='bbox 2705 3032 2991 3082; x_wconf 83' lang='lat' dir='ltr'><strong><em>mathesim</em></strong></span> <span class='ocrx_word' id='word_1_571' title='bbox 3021 3032 3229 3081; x_wconf 81' lang='lat' dir='ltr'><strong><em>haberet</em></strong></span> <span class='ocrx_word' id='word_1_572' title='bbox 3250 3031 3311 3080; x_wconf 88' lang='lat' dir='ltr'><strong><em>in</em></strong></span> <span class='ocrx_word' id='word_1_573' title='bbox 3337 3031 3612 3091; x_wconf 85' lang='lat' dir='ltr'><strong><em>manibus,</em></strong></span> <span class='ocrx_word' id='word_1_574' title='bbox 3640 3047 3818 3095; x_wconf 87' lang='lat' dir='ltr'><strong><em>caque</em></strong></span> 
     </span>
    </p>
   </div>
   <div class='ocr_carea' id='block_1_79' title="bbox 2194 3102 3794 3167">
    <p class='ocr_par' dir='ltr' id='par_1_79' title="bbox 2194 3102 3794 3167">
     <span class='ocr_line' id='line_1_79' title="bbox 2194 3102 3794 3167; baseline -0.005 -6"><span class='ocrx_word' id='word_1_575' title='bbox 2194 3110 2319 3161; x_wconf 85' lang='lat' dir='ltr'><strong><em>utili</em></strong></span> <span class='ocrx_word' id='word_1_576' title='bbox 2338 3114 2384 3159; x_wconf 87' lang='lat' dir='ltr'><strong><em>et</em></strong></span> <span class='ocrx_word' id='word_1_577' title='bbox 2407 3106 2703 3157; x_wconf 89' lang='lat' dir='ltr'><strong><em>necessario</em></strong></span> <span class='ocrx_word' id='word_1_578' title='bbox 2720 3104 2895 3153; x_wconf 90' lang='lat' dir='ltr'><strong><em>labore</em></strong></span> <span class='ocrx_word' id='word_1_579' title='bbox 2906 3109 3254 3167; x_wconf 80' lang='lat' dir='ltr'><strong><em>componeret,</em></strong></span> <span class='ocrx_word' id='word_1_580' title='bbox 3268 3103 3329 3151; x_wconf 86' lang='lat' dir='ltr'><strong><em>in</em></strong></span> <span class='ocrx_word' id='word_1_581' title='bbox 3341 3102 3451 3166; x_wconf 86' lang='lat' dir='ltr'><strong><em>aliq</em></strong></span> <span class='ocrx_word' id='word_1_582' title='bbox 3461 3103 3647 3152; x_wconf 86' lang='lat' dir='ltr'><strong><em>uantis</em></strong></span> <span class='ocrx_word' id='word_1_583' title='bbox 3658 3119 3794 3153; x_wconf 85' lang='lat' dir='ltr'><strong><em>vero</em></strong></span> 
     </span>
    </p>
   </div>
   <div class='ocr_carea' id='block_1_80' title="bbox 2192 3173 3827 3247">
    <p class='ocr_par' dir='ltr' id='par_1_80' title="bbox 2192 3173 3827 3247">
     <span class='ocr_line' id='line_1_80' title="bbox 2192 3173 3827 3247; baseline -0.004 -16"><span class='ocrx_word' id='word_1_584' title='bbox 2192 3183 2324 3247; x_wconf 90' lang='lat' dir='ltr'><strong><em>quia</em></strong></span> <span class='ocrx_word' id='word_1_585' title='bbox 2348 3184 2459 3231; x_wconf 89' lang='lat' dir='ltr'><strong><em>erat</em></strong></span> <span class='ocrx_word' id='word_1_586' title='bbox 2505 3174 3115 3247; x_wconf 73' lang='lat' dir='ltr'><strong><em>perdifﬁcilismateria,</em></strong></span> <span class='ocrx_word' id='word_1_587' title='bbox 3140 3174 3201 3224; x_wconf 90' lang='lat' dir='ltr'><strong><em>de</em></strong></span> <span class='ocrx_word' id='word_1_588' title='bbox 3222 3174 3420 3223; x_wconf 68' lang='lat' dir='ltr'><strong><em>divinae</em></strong></span> <span class='ocrx_word' id='word_1_589' title='bbox 3441 3173 3827 3247; x_wconf 69' lang='lat' dir='ltr'><strong><em>providentiae,</em></strong></span> 
     </span>
    </p>
   </div>
   <div class='ocr_carea' id='block_1_81' title="bbox 2193 3245 3821 3313">
    <p class='ocr_par' dir='ltr' id='par_1_81' title="bbox 2193 3245 3821 3313">
     <span class='ocr_line' id='line_1_81' title="bbox 2193 3245 3821 3313; baseline -0.004 -11"><span class='ocrx_word' id='word_1_590' title='bbox 2193 3245 2444 3303; x_wconf 79' lang='lat' dir='ltr'><strong><em>disserere</em></strong></span> <span class='ocrx_word' id='word_1_591' title='bbox 2457 3245 2942 3313; x_wconf 82' lang='lat' dir='ltr'><strong><em>dispensationibus</em></strong></span> <span class='ocrx_word' id='word_1_592' title='bbox 2973 3246 3253 3306; x_wconf 65' lang='lat' dir='ltr'><strong><em>haesitaret,</em></strong></span> <span class='ocrx_word' id='word_1_593' title='bbox 3282 3260 3378 3309; x_wconf 88' lang='lat' dir='ltr'><strong><em>per</em></strong></span> <span class='ocrx_word' id='word_1_594' title='bbox 3402 3259 3672 3309; x_wconf 88' lang='lat' dir='ltr'><strong><em>soporem,</em></strong></span> <span class='ocrx_word' id='word_1_595' title='bbox 3708 3246 3821 3295; x_wconf 85' lang='lat' dir='ltr'><strong><em>sibi</em></strong></span> 
     </span>
    </p>
   </div>
   <div class='ocr_carea' id='block_1_82' title="bbox 501 3312 2096 3407">
    <p class='ocr_par' dir='ltr' id='par_1_82' title="bbox 501 3312 2095 3407">
     <span class='ocr_line' id='line_1_82' title="bbox 501 3312 2095 3407; baseline 0 0"><span class='ocrx_word' id='word_1_596' title='bbox 501 3318 1157 3407; x_wconf 50' lang='grc' dir='ltr'><strong><em>ἓΡΡίέἷὲἕῗιὶῗὲἓὲἓΨὲῗ</em></strong></span> <span class='ocrx_word' id='word_1_597' title='bbox 1166 3328 1344 3407; x_wconf 51' lang='lat'><strong><em>.1193&quot;.</em></strong></span> <span class='ocrx_word' id='word_1_598' title='bbox 1351 3312 2095 3407; x_wconf 52' lang='lat' dir='ltr'><strong><em>‘l‘ii9.‘?iﬂa§.“ilﬂiﬁnf§3i?§</em></strong></span> 
     </span>
    </p>
   </div>
   <div class='ocr_carea' id='block_1_83' title="bbox 2202 3312 3830 3407">
    <p class='ocr_par' dir='ltr' id='par_1_83' title="bbox 2202 3312 3830 3407">
     <span class='ocr_line' id='line_1_83' title="bbox 2202 3312 3830 3407; baseline -0.006 -32"><span class='ocrx_word' id='word_1_599' title='bbox 2202 3340 2235 3375; x_wconf 89' lang='lat' dir='ltr'><strong><em>a</em></strong></span> <span class='ocrx_word' id='word_1_600' title='bbox 2258 3323 2491 3374; x_wconf 88' lang='lat' dir='ltr'><strong><em>Domino</em></strong></span> <span class='ocrx_word' id='word_1_601' title='bbox 2509 3312 2613 3371; x_wconf 83' lang='lat' dir='ltr'><strong><em>tale</em></strong></span> <span class='ocrx_word' id='word_1_602' title='bbox 2627 3318 2841 3382; x_wconf 84' lang='lat' dir='ltr'><strong><em>aliquid</em></strong></span> <span class='ocrx_word' id='word_1_603' title='bbox 2857 3316 3058 3399; x_wconf 76' lang='lat' dir='ltr'><strong><em>dicebat</em></strong></span> <span class='ocrx_word' id='word_1_604' title='bbox 3075 3320 3342 3407; x_wconf 53' lang='lat' dir='ltr'><strong><em>osteanum</em></strong></span> <span class='ocrx_word' id='word_1_605' title='bbox 3360 3315 3534 3380; x_wconf 87' lang='lat' dir='ltr'><strong><em>:quod</em></strong></span> <span class='ocrx_word' id='word_1_606' title='bbox 3572 3317 3741 3407; x_wconf 61' lang='lat' dir='ltr'><strong><em>navis</em></strong></span> <span class='ocrx_word' id='word_1_607' title='bbox 3776 3319 3830 3366; x_wconf 89' lang='lat' dir='ltr'><strong><em>ei</em></strong></span> 
     </span>
    </p>
   </div>
   <div class='ocr_carea' id='block_1_84' title="bbox 502 3384 2099 3456">
    <p class='ocr_par' dir='ltr' id='par_1_84' title="bbox 502 3384 2099 3456">
     <span class='ocr_line' id='line_1_84' title="bbox 502 3384 2099 3456; baseline -0.004 -12"><span class='ocrx_word' id='word_1_608' title='bbox 502 3404 638 3445; x_wconf 79' lang='lat' dir='ltr'><strong><em>vero</em></strong></span> <span class='ocrx_word' id='word_1_609' title='bbox 646 3403 744 3456; x_wconf 87' lang='lat' dir='ltr'><strong><em>per</em></strong></span> <span class='ocrx_word' id='word_1_610' title='bbox 754 3400 1070 3453; x_wconf 88' lang='lat' dir='ltr'><strong><em>compares,</em></strong></span> <span class='ocrx_word' id='word_1_611' title='bbox 1091 3387 1279 3451; x_wconf 85' lang='lat' dir='ltr'><strong><em>palam</em></strong></span> <span class='ocrx_word' id='word_1_612' title='bbox 1292 3391 1350 3438; x_wconf 90' lang='lat' dir='ltr'><strong><em>et</em></strong></span> <span class='ocrx_word' id='word_1_613' title='bbox 1363 3384 1607 3450; x_wconf 84' lang='lat' dir='ltr'><strong><em>publice,</em></strong></span> <span class='ocrx_word' id='word_1_614' title='bbox 1625 3384 1876 3456; x_wconf 79' lang='lat' dir='ltr'><strong><em>ﬁdelium</em></strong></span> <span class='ocrx_word' id='word_1_615' title='bbox 1890 3384 2099 3449; x_wconf 91' lang='lat' dir='ltr'><strong><em>populo</em></strong></span> 
     </span>
    </p>
   </div>
   <div class='ocr_carea' id='block_1_85' title="bbox 501 3455 2104 3525">
    <p class='ocr_par' dir='ltr' id='par_1_85' title="bbox 501 3455 2104 3525">
     <span class='ocr_line' id='line_1_85' title="bbox 501 3455 2104 3525; baseline -0.004 -11"><span class='ocrx_word' id='word_1_616' title='bbox 501 3455 786 3523; x_wconf 80' lang='lat' dir='ltr'><strong><em>audiente,</em></strong></span> <span class='ocrx_word' id='word_1_617' title='bbox 804 3458 1131 3525; x_wconf 88' lang='lat' dir='ltr'><strong><em>symbolum</em></strong></span> <span class='ocrx_word' id='word_1_618' title='bbox 1148 3456 1485 3516; x_wconf 88' lang='lat' dir='ltr'><strong><em>reddidisse,</em></strong></span> <span class='ocrx_word' id='word_1_619' title='bbox 1503 3455 1701 3508; x_wconf 88' lang='lat' dir='ltr'><strong><em>multis</em></strong></span> <span class='ocrx_word' id='word_1_620' title='bbox 1722 3459 1981 3507; x_wconf 88' lang='lat' dir='ltr'><strong><em>veterum</em></strong></span> <span class='ocrx_word' id='word_1_621' title='bbox 1998 3460 2104 3507; x_wconf 87' lang='lat' dir='ltr'><strong><em>tes-</em></strong></span> 
     </span>
    </p>
   </div>
   <div class='ocr_carea' id='block_1_86' title="bbox 501 3526 2097 3596">
    <p class='ocr_par' dir='ltr' id='par_1_86' title="bbox 501 3526 2097 3596">
     <span class='ocr_line' id='line_1_86' title="bbox 501 3526 2097 3596; baseline -0.005 -9"><span class='ocrx_word' id='word_1_622' title='bbox 501 3533 785 3596; x_wconf 86' lang='lat' dir='ltr'><strong><em>timoniis,</em></strong></span> <span class='ocrx_word' id='word_1_623' title='bbox 824 3536 882 3585; x_wconf 90' lang='lat' dir='ltr'><strong><em>et</em></strong></span> <span class='ocrx_word' id='word_1_624' title='bbox 905 3530 1093 3594; x_wconf 78' lang='lat' dir='ltr'><strong><em>Ruﬁni</em></strong></span> <span class='ocrx_word' id='word_1_625' title='bbox 1125 3528 1298 3581; x_wconf 88' lang='lat' dir='ltr'><strong><em>etiam</em></strong></span> <span class='ocrx_word' id='word_1_626' title='bbox 1328 3529 1392 3580; x_wconf 91' lang='lat' dir='ltr'><strong><em>in</em></strong></span> <span class='ocrx_word' id='word_1_627' title='bbox 1427 3526 1791 3592; x_wconf 84' lang='lat' dir='ltr'><strong><em>Expositione</em></strong></span> <span class='ocrx_word' id='word_1_628' title='bbox 1824 3527 2097 3592; x_wconf 85' lang='lat' dir='ltr'><strong><em>symboli,</em></strong></span> 
     </span>
    </p>
   </div>
   <div class='ocr_carea' id='block_1_87' title="bbox 501 3597 2102 3658">
    <p class='ocr_par' dir='ltr' id='par_1_87' title="bbox 501 3597 2102 3658">
     <span class='ocr_line' id='line_1_87' title="bbox 501 3597 2102 3658; baseline -0.007 0"><span class='ocrx_word' id='word_1_629' title='bbox 501 3604 757 3658; x_wconf 83' lang='lat' dir='ltr'><strong><em>ostendit</em></strong></span> <span class='ocrx_word' id='word_1_630' title='bbox 770 3604 859 3655; x_wconf 87' lang='lat' dir='ltr'><strong><em>vir</em></strong></span> <span class='ocrx_word' id='word_1_631' title='bbox 872 3602 1076 3655; x_wconf 87' lang='lat' dir='ltr'><strong><em>doctus</em></strong></span> <span class='ocrx_word' id='word_1_632' title='bbox 1094 3600 1450 3650; x_wconf 84' lang='lat' dir='ltr'><strong><em>Geverhartus</em></strong></span> <span class='ocrx_word' id='word_1_633' title='bbox 1477 3598 1525 3648; x_wconf 84' lang='grc' dir='ltr'><em>Ε</em></span> <span class='ocrx_word' id='word_1_634' title='bbox 1529 3598 1911 3647; x_wconf 87' lang='lat' dir='ltr'><strong><em>lmenhorstius</em></strong></span> <span class='ocrx_word' id='word_1_635' title='bbox 1925 3597 1986 3649; x_wconf 88' lang='lat' dir='ltr'><strong><em>in</em></strong></span> <span class='ocrx_word' id='word_1_636' title='bbox 2000 3610 2102 3650; x_wconf 92' lang='lat' dir='ltr'><strong><em>no-</em></strong></span> 
     </span>
    </p>
   </div>
   <div class='ocr_carea' id='block_1_88' title="bbox 503 3668 2096 3736">
    <p class='ocr_par' dir='ltr' id='par_1_88' title="bbox 503 3668 2096 3736">
     <span class='ocr_line' id='line_1_88' title="bbox 503 3668 2096 3736; baseline -0.004 -6"><span class='ocrx_word' id='word_1_637' title='bbox 503 3678 577 3730; x_wconf 85' lang='lat' dir='ltr'><strong><em>tis</em></strong></span> <span class='ocrx_word' id='word_1_638' title='bbox 598 3676 673 3729; x_wconf 89' lang='lat' dir='ltr'><strong><em>ad</em></strong></span> <span class='ocrx_word' id='word_1_639' title='bbox 696 3675 1045 3727; x_wconf 82' lang='lat' dir='ltr'><strong><em>Gennadium</em></strong></span> <span class='ocrx_word' id='word_1_640' title='bbox 1059 3672 1131 3725; x_wconf 89' lang='lat' dir='ltr'><strong><em>de</em></strong></span> <span class='ocrx_word' id='word_1_641' title='bbox 1148 3670 1565 3733; x_wconf 84' lang='lat' dir='ltr'><strong><em>Ecclesiasticis</em></strong></span> <span class='ocrx_word' id='word_1_642' title='bbox 1586 3668 1952 3734; x_wconf 87' lang='lat' dir='ltr'><strong><em>dogmatibus</em></strong></span> <span class='ocrx_word' id='word_1_643' title='bbox 1977 3684 2096 3736; x_wconf 86' lang='lat' dir='ltr'><strong><em>cap.</em></strong></span> 
     </span>
    </p>
   </div>
   <div class='ocr_carea' id='block_1_89' title="bbox 503 3740 2102 3813">
    <p class='ocr_par' dir='ltr' id='par_1_89' title="bbox 503 3740 2102 3813">
     <span class='ocr_line' id='line_1_89' title="bbox 503 3740 2102 3813; baseline -0.006 -11"><span class='ocrx_word' id='word_1_644' title='bbox 503 3744 1017 3813; x_wconf 77' lang='lat' dir='ltr'><strong><em>LXXIV.pag.173.</em></strong></span> <span class='ocrx_word' id='word_1_645' title='bbox 1030 3743 1172 3796; x_wconf 85' lang='lat' dir='ltr'><strong><em>illud</em></strong></span> <span class='ocrx_word' id='word_1_646' title='bbox 1184 3742 1455 3793; x_wconf 87' lang='lat' dir='ltr'><strong><em>Gennadii</em></strong></span> <span class='ocrx_word' id='word_1_647' title='bbox 1471 3740 1788 3813; x_wconf 80' lang='lat' dir='ltr'><strong><em>explanans</em></strong></span> <span class='ocrx_word' id='word_1_648' title='bbox 1803 3756 1815 3792; x_wconf 90' lang='lat'><strong>:</strong></span> <span class='ocrx_word' id='word_1_649' title='bbox 1834 3740 2102 3806; x_wconf 72' lang='lat' dir='ltr'><strong><em>baptizan-</em></strong></span> 
     </span>
    </p>
   </div>
   <div class='ocr_carea' id='block_1_90' title="bbox 503 3812 2100 3883">
    <p class='ocr_par' dir='ltr' id='par_1_90' title="bbox 503 3812 2100 3883">
     <span class='ocr_line' id='line_1_90' title="bbox 503 3812 2100 3883; baseline -0.002 -13"><span class='ocrx_word' id='word_1_650' title='bbox 503 3820 605 3870; x_wconf 84' lang='lat' dir='ltr'><strong><em>dus</em></strong></span> <span class='ocrx_word' id='word_1_651' title='bbox 628 3812 907 3883; x_wconf 81' lang='lat' dir='ltr'><strong><em>conﬁtetur</em></strong></span> <span class='ocrx_word' id='word_1_652' title='bbox 928 3817 1114 3867; x_wconf 86' lang='lat' dir='ltr'><strong><em>Fidem</em></strong></span> <span class='ocrx_word' id='word_1_653' title='bbox 1130 3829 1290 3865; x_wconf 89' lang='lat' dir='ltr'><strong><em>suam</em></strong></span> <span class='ocrx_word' id='word_1_654' title='bbox 1305 3828 1486 3865; x_wconf 82' lang='lat' dir='ltr'><strong><em>coram</em></strong></span> <span class='ocrx_word' id='word_1_655' title='bbox 1512 3812 1802 3873; x_wconf 89' lang='lat' dir='ltr'><strong><em>Sacerdote,</em></strong></span> <span class='ocrx_word' id='word_1_656' title='bbox 1829 3813 2100 3867; x_wconf 85' lang='lat' dir='ltr'><strong><em>nimirum</em></strong></span> 
     </span>
    </p>
   </div>
   <div class='ocr_carea' id='block_1_91' title="bbox 504 3884 2100 3956">
    <p class='ocr_par' dir='ltr' id='par_1_91' title="bbox 504 3884 2100 3956">
     <span class='ocr_line' id='line_1_91' title="bbox 504 3884 2100 3956; baseline -0.005 -14"><span class='ocrx_word' id='word_1_657' title='bbox 504 3891 766 3956; x_wconf 80' lang='lat' dir='ltr'><strong><em>Episcopo</em></strong></span> <span class='ocrx_word' id='word_1_658' title='bbox 796 3891 921 3955; x_wconf 90' lang='lat' dir='ltr'><strong><em>ejus</em></strong></span> <span class='ocrx_word' id='word_1_659' title='bbox 945 3886 1293 3941; x_wconf 85' lang='lat' dir='ltr'><strong><em>sacramenti</em></strong></span> <span class='ocrx_word' id='word_1_660' title='bbox 1318 3884 1580 3937; x_wconf 87' lang='lat' dir='ltr'><strong><em>ministro</em></strong></span> <span class='ocrx_word' id='word_1_661' title='bbox 1616 3884 1913 3937; x_wconf 86' lang='lat' dir='ltr'><strong><em>ordinario.</em></strong></span> <span class='ocrx_word' id='word_1_662' title='bbox 1946 3886 2100 3949; x_wconf 81' lang='lat' dir='ltr'><strong><em>Rufi-</em></strong></span> 
     </span>
    </p>
   </div>
   <div class='ocr_carea' id='block_1_92' title="bbox 501 3958 2100 4025">
    <p class='ocr_par' dir='ltr' id='par_1_92' title="bbox 501 3958 2100 4025">
     <span class='ocr_line' id='line_1_92' title="bbox 501 3958 2100 4025; baseline -0.002 -11"><span class='ocrx_word' id='word_1_663' title='bbox 501 3979 609 4014; x_wconf 87' lang='lat' dir='ltr'><strong><em>nus</em></strong></span> <span class='ocrx_word' id='word_1_664' title='bbox 617 3964 743 4016; x_wconf 62' lang='lat' dir='ltr'><strong><em>haec</em></strong></span> <span class='ocrx_word' id='word_1_665' title='bbox 753 3962 945 4015; x_wconf 86' lang='lat' dir='ltr'><strong><em>omnia</em></strong></span> <span class='ocrx_word' id='word_1_666' title='bbox 955 3970 1323 4025; x_wconf 86' lang='lat' dir='ltr'><strong><em>nequaquam</em></strong></span> <span class='ocrx_word' id='word_1_667' title='bbox 1334 3958 1551 4011; x_wconf 85' lang='lat' dir='ltr'><strong><em>dixisse</em></strong></span> <span class='ocrx_word' id='word_1_668' title='bbox 1567 3961 1898 4019; x_wconf 88' lang='lat' dir='ltr'><strong><em>contentus,</em></strong></span> <span class='ocrx_word' id='word_1_669' title='bbox 1917 3971 2100 4011; x_wconf 60' lang='lat' dir='ltr'><strong><em>resurv</em></strong></span> 
     </span>
    </p>
   </div>
   <div class='ocr_carea' id='block_1_93' title="bbox 502 4029 2099 4088">
    <p class='ocr_par' dir='ltr' id='par_1_93' title="bbox 502 4029 2099 4088">
     <span class='ocr_line' id='line_1_93' title="bbox 502 4029 2099 4088; baseline -0.006 0"><span class='ocrx_word' id='word_1_670' title='bbox 502 4034 771 4088; x_wconf 89' lang='lat' dir='ltr'><strong><em>rectionis</em></strong></span> <span class='ocrx_word' id='word_1_671' title='bbox 797 4032 1102 4086; x_wconf 85' lang='lat' dir='ltr'><strong><em>articulum</em></strong></span> <span class='ocrx_word' id='word_1_672' title='bbox 1126 4033 1198 4084; x_wconf 90' lang='lat' dir='ltr'><strong><em>ab</em></strong></span> <span class='ocrx_word' id='word_1_673' title='bbox 1213 4043 1275 4083; x_wconf 88' lang='lat' dir='ltr'><strong><em>se</em></strong></span> <span class='ocrx_word' id='word_1_674' title='bbox 1298 4029 1615 4082; x_wconf 89' lang='lat' dir='ltr'><strong><em>luculenter</em></strong></span> <span class='ocrx_word' id='word_1_675' title='bbox 1629 4034 1685 4081; x_wconf 89' lang='lat' dir='ltr'><strong><em>et</em></strong></span> <span class='ocrx_word' id='word_1_676' title='bbox 1701 4029 1824 4081; x_wconf 90' lang='lat' dir='ltr'><strong><em>sine</em></strong></span> <span class='ocrx_word' id='word_1_677' title='bbox 1849 4029 1961 4081; x_wconf 88' lang='lat' dir='ltr'><strong><em>ulla</em></strong></span> <span class='ocrx_word' id='word_1_678' title='bbox 1974 4042 2099 4081; x_wconf 89' lang='lat' dir='ltr'><strong><em>am-</em></strong></span> 
     </span>
    </p>
   </div>
   <div class='ocr_carea' id='block_1_94' title="bbox 501 4100 2095 4172">
    <p class='ocr_par' dir='ltr' id='par_1_94' title="bbox 501 4100 2095 4172">
     <span class='ocr_line' id='line_1_94' title="bbox 501 4100 2095 4172; baseline -0.006 -13"><span class='ocrx_word' id='word_1_679' title='bbox 501 4107 649 4172; x_wconf 87' lang='lat' dir='ltr'><strong><em>bage</em></strong></span> <span class='ocrx_word' id='word_1_680' title='bbox 658 4104 1242 4171; x_wconf 79' lang='lat' dir='ltr'><strong><em>explanatum,adbuc</em></strong></span> <span class='ocrx_word' id='word_1_681' title='bbox 1251 4101 1498 4167; x_wconf 88' lang='lat' dir='ltr'><strong><em>amplius</em></strong></span> <span class='ocrx_word' id='word_1_682' title='bbox 1510 4100 2095 4167; x_wconf 84' lang='lat' dir='ltr'><strong><em>explanat,singulare,</em></strong></span> 
     </span>
    </p>
   </div>
   <div class='ocr_carea' id='block_1_95' title="bbox 503 4173 2098 4242">
    <p class='ocr_par' dir='ltr' id='par_1_95' title="bbox 503 4173 2098 4242">
     <span class='ocr_line' id='line_1_95' title="bbox 503 4173 2098 4242; baseline -0.004 -12"><span class='ocrx_word' id='word_1_683' title='bbox 503 4178 790 4242; x_wconf 85' lang='lat' dir='ltr'><strong><em>inquiens,</em></strong></span> <span class='ocrx_word' id='word_1_684' title='bbox 819 4182 863 4227; x_wconf 93' lang='lat' dir='ltr'><strong><em>et</em></strong></span> <span class='ocrx_word' id='word_1_685' title='bbox 885 4177 1224 4241; x_wconf 68' lang='lat' dir='ltr'><strong><em>praecipuum</em></strong></span> <span class='ocrx_word' id='word_1_686' title='bbox 1240 4174 1480 4226; x_wconf 71' lang='lat' dir='ltr'><strong><em>Ecclesiae</em></strong></span> <span class='ocrx_word' id='word_1_687' title='bbox 1499 4179 1692 4223; x_wconf 77' lang='lat' dir='ltr'><strong><em>nostra:</em></strong></span> <span class='ocrx_word' id='word_1_688' title='bbox 1702 4173 2098 4238; x_wconf 80' lang='lat' dir='ltr'><strong><em>{Aquilejensis)</em></strong></span> 
     </span>
    </p>
   </div>
   <div class='ocr_carea' id='block_1_96' title="bbox 502 4244 2098 4313">
    <p class='ocr_par' dir='ltr' id='par_1_96' title="bbox 502 4244 2098 4313">
     <span class='ocr_line' id='line_1_96' title="bbox 502 4244 2098 4313; baseline -0.001 -15"><span class='ocrx_word' id='word_1_689' title='bbox 502 4249 826 4313; x_wconf 66' lang='lat' dir='ltr'><strong><em>mysterium</em></strong></span> <span class='ocrx_word' id='word_1_690' title='bbox 848 4248 1110 4311; x_wconf 87' lang='lat' dir='ltr'><strong><em>pandens.</em></strong></span> <span class='ocrx_word' id='word_1_691' title='bbox 1135 4245 1359 4298; x_wconf 88' lang='lat' dir='ltr'><strong><em>Etenim</em></strong></span> <span class='ocrx_word' id='word_1_692' title='bbox 1396 4256 1579 4309; x_wconf 90' lang='lat' dir='ltr'><strong><em>quum</em></strong></span> <span class='ocrx_word' id='word_1_693' title='bbox 1602 4256 1805 4297; x_wconf 89' lang='lat' dir='ltr'><strong><em>omnes</em></strong></span> <span class='ocrx_word' id='word_1_694' title='bbox 1830 4244 2098 4297; x_wconf 61' lang='lat' dir='ltr'><strong><em>Ecclesia</em></strong></span> 
     </span>
    </p>
   </div>
   <div class='ocr_carea' id='block_1_97' title="bbox 501 4316 2099 4386">
    <p class='ocr_par' dir='ltr' id='par_1_97' title="bbox 501 4316 2099 4386">
     <span class='ocr_line' id='line_1_97' title="bbox 501 4316 2099 4386; baseline -0.001 -13"><span class='ocrx_word' id='word_1_695' title='bbox 501 4321 635 4386; x_wconf 86' lang='lat' dir='ltr'><strong><em>post</em></strong></span> <span class='ocrx_word' id='word_1_696' title='bbox 657 4325 997 4386; x_wconf 81' lang='lat' dir='ltr'><strong><em>peccatorum</em></strong></span> <span class='ocrx_word' id='word_1_697' title='bbox 1018 4319 1405 4382; x_wconf 82' lang='lat' dir='ltr'><strong><em>remissionem,</em></strong></span> <span class='ocrx_word' id='word_1_698' title='bbox 1439 4316 1631 4370; x_wconf 87' lang='lat' dir='ltr'><strong><em>dicant</em></strong></span> <span class='ocrx_word' id='word_1_699' title='bbox 1663 4317 1856 4369; x_wconf 82' lang='lat' dir='ltr'><strong><em>statim</em></strong></span> <span class='ocrx_word' id='word_1_700' title='bbox 1880 4328 2099 4371; x_wconf 58' lang='lat' dir='ltr'><strong><em>camus</em></strong></span> 
     </span>
    </p>
   </div>
   <div class='ocr_carea' id='block_1_98' title="bbox 500 4388 2097 4455">
    <p class='ocr_par' dir='ltr' id='par_1_98' title="bbox 500 4388 2097 4455">
     <span class='ocr_line' id='line_1_98' title="bbox 500 4388 2097 4455; baseline -0.002 -12"><span class='ocrx_word' id='word_1_701' title='bbox 500 4392 956 4455; x_wconf 84' lang='lat' dir='ltr'><strong><em>resurrectionem,</em></strong></span> <span class='ocrx_word' id='word_1_702' title='bbox 988 4390 1389 4455; x_wconf 87' lang='lat' dir='ltr'><strong><em>Aquilejenses</em></strong></span> <span class='ocrx_word' id='word_1_703' title='bbox 1410 4390 1610 4455; x_wconf 87' lang='lat' dir='ltr'><strong><em>nostri,</em></strong></span> <span class='ocrx_word' id='word_1_704' title='bbox 1640 4389 1978 4454; x_wconf 90' lang='lat' dir='ltr'><strong><em>pronomine</em></strong></span> <span class='ocrx_word' id='word_1_705' title='bbox 2000 4388 2097 4441; x_wconf 90' lang='lat' dir='ltr'><strong><em>ad-</em></strong></span> 
     </span>
    </p>
   </div>
   <div class='ocr_carea' id='block_1_99' title="bbox 500 4461 2125 4528">
    <p class='ocr_par' dir='ltr' id='par_1_99' title="bbox 500 4461 2125 4528">
     <span class='ocr_line' id='line_1_99' title="bbox 500 4461 2125 4528; baseline -0.002 -10"><span class='ocrx_word' id='word_1_706' title='bbox 500 4464 636 4528; x_wconf 88' lang='lat' dir='ltr'><strong><em>dito,</em></strong></span> <span class='ocrx_word' id='word_1_707' title='bbox 652 4464 937 4517; x_wconf 83' lang='lat' dir='ltr'><strong><em>dicebant.</em></strong></span> <span class='ocrx_word' id='word_1_708' title='bbox 957 4473 1151 4517; x_wconf 73' lang='lat' dir='ltr'><strong><em>HUIUS</em></strong></span> <span class='ocrx_word' id='word_1_709' title='bbox 1162 4463 1347 4512; x_wconf 87' lang='lat' dir='ltr'><strong><em>carnis</em></strong></span> <span class='ocrx_word' id='word_1_710' title='bbox 1366 4462 1821 4513; x_wconf 84' lang='lat' dir='ltr'><strong><em>resurrectionem.</em></strong></span> <span class='ocrx_word' id='word_1_711' title='bbox 1846 4461 1955 4513; x_wconf 89' lang='lat' dir='ltr'><strong><em>Sed</em></strong></span> <span class='ocrx_word' id='word_1_712' title='bbox 1971 4461 2099 4515; x_wconf 89' lang='lat' dir='ltr'><strong><em>heic</em></strong></span> <span class='ocrx_word' id='word_1_713' title='bbox 2118 4466 2125 4471; x_wconf 87' lang='grc'><strong><em>“</em></strong></span> 
     </span>
    </p>
   </div>
   <div class='ocr_carea' id='block_1_100' title="bbox 500 4533 2100 4601">
    <p class='ocr_par' dir='ltr' id='par_1_100' title="bbox 500 4533 2100 4601">
     <span class='ocr_line' id='line_1_100' title="bbox 500 4533 2100 4601; baseline -0.004 -12"><span class='ocrx_word' id='word_1_714' title='bbox 500 4547 730 4601; x_wconf 89' lang='lat' dir='ltr'><strong><em>quoque</em></strong></span> <span class='ocrx_word' id='word_1_715' title='bbox 741 4534 1050 4601; x_wconf 88' lang='lat' dir='ltr'><strong><em>verbaipsa</em></strong></span> <span class='ocrx_word' id='word_1_716' title='bbox 1058 4534 1250 4596; x_wconf 81' lang='lat' dir='ltr'><strong><em>Rufini</em></strong></span> <span class='ocrx_word' id='word_1_717' title='bbox 1263 4533 2100 4600; x_wconf 76' lang='lat' dir='ltr'><strong><em>praestataudire:SanctaAqui-</em></strong></span> 
     </span>
    </p>
   </div>
   <div class='ocr_carea' id='block_1_101' title="bbox 393 4606 2104 4673">
    <p class='ocr_par' dir='ltr' id='par_1_101' title="bbox 393 4606 2104 4673">
     <span class='ocr_line' id='line_1_101' title="bbox 393 4606 2104 4673; baseline -0.001 -15"><span class='ocrx_word' id='word_1_718' title='bbox 393 4659 401 4669; x_wconf 74' lang='grc'><em>,</em></span> <span class='ocrx_word' id='word_1_719' title='bbox 501 4608 712 4672; x_wconf 87' lang='lat' dir='ltr'><strong><em>lejensis</em></strong></span> <span class='ocrx_word' id='word_1_720' title='bbox 753 4607 1002 4669; x_wconf 85' lang='lat' dir='ltr'><strong><em>Ecclesia,</em></strong></span> <span class='ocrx_word' id='word_1_721' title='bbox 1047 4607 1144 4657; x_wconf 88' lang='lat' dir='ltr'><strong><em>Dei</em></strong></span> <span class='ocrx_word' id='word_1_722' title='bbox 1177 4607 1395 4673; x_wconf 87' lang='lat' dir='ltr'><strong><em>spiritu,</em></strong></span> <span class='ocrx_word' id='word_1_723' title='bbox 1425 4607 1645 4671; x_wconf 83' lang='lat' dir='ltr'><strong><em>futuras</em></strong></span> <span class='ocrx_word' id='word_1_724' title='bbox 1684 4606 1975 4655; x_wconf 80' lang='lat' dir='ltr'><strong><em>adversum</em></strong></span> <span class='ocrx_word' id='word_1_725' title='bbox 2005 4621 2104 4656; x_wconf 92' lang='lat' dir='ltr'><strong><em>nos</em></strong></span> 
     </span>
    </p>
   </div>
   <div class='ocr_carea' id='block_1_102' title="bbox 499 4677 2096 4743">
    <p class='ocr_par' dir='ltr' id='par_1_102' title="bbox 499 4677 2096 4743">
     <span class='ocr_line' id='line_1_102' title="bbox 499 4677 2096 4743; baseline -0.001 -14"><span class='ocrx_word' id='word_1_726' title='bbox 499 4678 807 4730; x_wconf 85' lang='lat' dir='ltr'><strong><em>calumnias</em></strong></span> <span class='ocrx_word' id='word_1_727' title='bbox 813 4677 1247 4743; x_wconf 62' lang='lat' dir='ltr'><strong><em>previdentembi</em></strong></span> <span class='ocrx_word' id='word_1_728' title='bbox 1261 4678 1428 4737; x_wconf 79' lang='lat' dir='ltr'><strong><em>tradit</em></strong></span> <span class='ocrx_word' id='word_1_729' title='bbox 1439 4679 1626 4729; x_wconf 82' lang='lat' dir='ltr'><strong><em>carnis</em></strong></span> <span class='ocrx_word' id='word_1_730' title='bbox 1634 4677 2096 4743; x_wconf 85' lang='lat' dir='ltr'><strong><em>resurrectionem,</em></strong></span> 
     </span>
    </p>
   </div>
   <div class='ocr_carea' id='block_1_103' title="bbox 497 4748 2095 4816">
    <p class='ocr_par' dir='ltr' id='par_1_103' title="bbox 497 4748 2095 4816">
     <span class='ocr_line' id='line_1_103' title="bbox 497 4748 2095 4816; baseline -0.001 -15"><span class='ocrx_word' id='word_1_731' title='bbox 497 4748 653 4801; x_wconf 86' lang='lat' dir='ltr'><strong><em>addit</em></strong></span> <span class='ocrx_word' id='word_1_732' title='bbox 675 4751 844 4800; x_wconf 88' lang='lat' dir='ltr'><strong><em>unius</em></strong></span> <span class='ocrx_word' id='word_1_733' title='bbox 854 4750 1201 4815; x_wconf 85' lang='lat' dir='ltr'><strong><em>pronominis</em></strong></span> <span class='ocrx_word' id='word_1_734' title='bbox 1221 4749 1507 4816; x_wconf 83' lang='lat' dir='ltr'><strong><em>syllabam,</em></strong></span> <span class='ocrx_word' id='word_1_735' title='bbox 1526 4755 1573 4799; x_wconf 89' lang='lat' dir='ltr'><strong><em>et</em></strong></span> <span class='ocrx_word' id='word_1_736' title='bbox 1591 4764 1694 4814; x_wconf 91' lang='lat' dir='ltr'><strong><em>pro</em></strong></span> <span class='ocrx_word' id='word_1_737' title='bbox 1719 4763 1776 4798; x_wconf 91' lang='lat' dir='ltr'><strong><em>eo</em></strong></span> <span class='ocrx_word' id='word_1_738' title='bbox 1801 4748 1947 4812; x_wconf 90' lang='lat' dir='ltr'><strong><em>quod</em></strong></span> <span class='ocrx_word' id='word_1_739' title='bbox 1967 4755 2095 4799; x_wconf 80' lang='lat' dir='ltr'><strong><em>cete-</em></strong></span> 
     </span>
    </p>
   </div>
   <div class='ocr_carea' id='block_1_104' title="bbox 495 4820 2093 4878">
    <p class='ocr_par' dir='ltr' id='par_1_104' title="bbox 495 4820 2093 4878">
     <span class='ocr_line' id='line_1_104' title="bbox 495 4820 2093 4878; baseline 0.001 -6"><span class='ocrx_word' id='word_1_740' title='bbox 495 4822 550 4872; x_wconf 53' lang='lat' dir='ltr'><strong><em>ﬂ.</em></strong></span> <span class='ocrx_word' id='word_1_741' title='bbox 563 4824 741 4873; x_wconf 86' lang='lat' dir='ltr'><strong><em>dicunt</em></strong></span> <span class='ocrx_word' id='word_1_742' title='bbox 755 4832 973 4876; x_wconf 73' lang='lat' dir='ltr'><strong><em>GARle</em></strong></span> <span class='ocrx_word' id='word_1_743' title='bbox 985 4833 1535 4878; x_wconf 69' lang='lat' dir='ltr'><strong><em>RBSURRBCTIONBK</em></strong></span> <span class='ocrx_word' id='word_1_744' title='bbox 1545 4836 1644 4871; x_wconf 84' lang='lat' dir='ltr'><strong><em>nos</em></strong></span> <span class='ocrx_word' id='word_1_745' title='bbox 1657 4820 1889 4870; x_wconf 88' lang='lat' dir='ltr'><strong><em>dicimus</em></strong></span> <span class='ocrx_word' id='word_1_746' title='bbox 1900 4831 2093 4876; x_wconf 68' lang='lat' dir='ltr'><strong>HUIUS</strong></span> 
     </span>
    </p>
   </div>
   <div class='ocr_carea' id='block_1_105' title="bbox 493 4890 2089 4960">
    <p class='ocr_par' dir='ltr' id='par_1_105' title="bbox 493 4890 2089 4960">
     <span class='ocr_line' id='line_1_105' title="bbox 493 4890 2089 4960; baseline -0.001 -16"><span class='ocrx_word' id='word_1_747' title='bbox 493 4894 1145 4960; x_wconf 84' lang='lat' dir='ltr'><strong><em>carnisresurrectionem,</em></strong></span> <span class='ocrx_word' id='word_1_748' title='bbox 1168 4909 1276 4959; x_wconf 89' lang='lat' dir='ltr'><strong><em>quo</em></strong></span> <span class='ocrx_word' id='word_1_749' title='bbox 1298 4894 1492 4945; x_wconf 84' lang='lat' dir='ltr'><strong><em>scilicet</em></strong></span> <span class='ocrx_word' id='word_1_750' title='bbox 1511 4892 1765 4955; x_wconf 82' lang='lat' dir='ltr'><strong><em>frontem,</em></strong></span> <span class='ocrx_word' id='word_1_751' title='bbox 1804 4896 1862 4940; x_wconf 91' lang='lat' dir='ltr'><strong><em>ut</em></strong></span> <span class='ocrx_word' id='word_1_752' title='bbox 1874 4890 1987 4943; x_wconf 80' lang='lat' dir='ltr'><strong><em>mos</em></strong></span> <span class='ocrx_word' id='word_1_753' title='bbox 2002 4898 2089 4955; x_wconf 92' lang='lat' dir='ltr'><strong><em>est,</em></strong></span> 
     </span>
    </p>
   </div>
   <div class='ocr_carea' id='block_1_106' title="bbox 491 4965 2093 5032">
    <p class='ocr_par' dir='ltr' id='par_1_106' title="bbox 491 4965 2093 5032">
     <span class='ocr_line' id='line_1_106' title="bbox 491 4965 2093 5032; baseline 0.001 -16"><span class='ocrx_word' id='word_1_754' title='bbox 491 4965 556 5016; x_wconf 89' lang='lat' dir='ltr'><strong><em>in</em></strong></span> <span class='ocrx_word' id='word_1_755' title='bbox 596 4967 706 5029; x_wconf 77' lang='lat' dir='ltr'><strong><em>ﬁne</em></strong></span> <span class='ocrx_word' id='word_1_756' title='bbox 745 4965 973 5032; x_wconf 85' lang='lat' dir='ltr'><strong><em>symboli</em></strong></span> <span class='ocrx_word' id='word_1_757' title='bbox 990 4966 1269 5032; x_wconf 89' lang='lat' dir='ltr'><strong><em>signaculo</em></strong></span> <span class='ocrx_word' id='word_1_758' title='bbox 1291 4966 1668 5029; x_wconf 86' lang='lat' dir='ltr'><strong><em>contingentes,</em></strong></span> <span class='ocrx_word' id='word_1_759' title='bbox 1708 4969 1755 5014; x_wconf 92' lang='lat' dir='ltr'><strong><em>et</em></strong></span> <span class='ocrx_word' id='word_1_760' title='bbox 1777 4977 1883 5024; x_wconf 91' lang='lat' dir='ltr'><strong><em>ore,</em></strong></span> <span class='ocrx_word' id='word_1_761' title='bbox 1907 4966 2093 5017; x_wconf 88' lang='lat' dir='ltr'><strong><em>carnis</em></strong></span> 
     </span>
    </p>
   </div>
   <div class='ocr_carea' id='block_1_107' title="bbox 489 5035 2085 5104">
    <p class='ocr_par' dir='ltr' id='par_1_107' title="bbox 489 5035 2085 5104">
     <span class='ocr_line' id='line_1_107' title="bbox 489 5035 2085 5104; baseline -0.004 -11"><span class='ocrx_word' id='word_1_762' title='bbox 489 5049 708 5103; x_wconf 75' lang='lat' dir='ltr'><strong><em>HUIUS,</em></strong></span> <span class='ocrx_word' id='word_1_763' title='bbox 738 5039 990 5097; x_wconf 81' lang='lat' dir='ltr'><strong><em>videlicet,</em></strong></span> <span class='ocrx_word' id='word_1_764' title='bbox 1024 5054 1193 5104; x_wconf 90' lang='lat' dir='ltr'><strong><em>quam</em></strong></span> <span class='ocrx_word' id='word_1_765' title='bbox 1220 5037 1605 5102; x_wconf 88' lang='lat' dir='ltr'><strong><em>contingimus,</em></strong></span> <span class='ocrx_word' id='word_1_766' title='bbox 1629 5035 2085 5101; x_wconf 86' lang='lat' dir='ltr'><strong><em>resurrectionem,</em></strong></span> 
     </span>
    </p>
   </div>
   <div class='ocr_carea' id='block_1_108' title="bbox 487 5107 2090 5175">
    <p class='ocr_par' dir='ltr' id='par_1_108' title="bbox 487 5107 2090 5175">
     <span class='ocr_line' id='line_1_108' title="bbox 487 5107 2090 5175; baseline -0.001 -15"><span class='ocrx_word' id='word_1_767' title='bbox 487 5110 728 5175; x_wconf 82' lang='lat' dir='ltr'><strong><em>fatentes,</em></strong></span> <span class='ocrx_word' id='word_1_768' title='bbox 752 5125 967 5161; x_wconf 88' lang='lat' dir='ltr'><strong><em>omnem</em></strong></span> <span class='ocrx_word' id='word_1_769' title='bbox 982 5116 1251 5161; x_wconf 67' lang='lat' dir='ltr'><strong><em>venenatae</em></strong></span> <span class='ocrx_word' id='word_1_770' title='bbox 1265 5111 1553 5159; x_wconf 85' lang='lat' dir='ltr'><strong><em>adversum</em></strong></span> <span class='ocrx_word' id='word_1_771' title='bbox 1564 5120 1661 5157; x_wconf 87' lang='lat' dir='ltr'><strong><em>nos</em></strong></span> <span class='ocrx_word' id='word_1_772' title='bbox 1672 5107 1869 5172; x_wconf 72' lang='lat' dir='ltr'><strong><em>linguae</em></strong></span> <span class='ocrx_word' id='word_1_773' title='bbox 1887 5110 2090 5160; x_wconf 85' lang='lat' dir='ltr'><strong><em>calum-</em></strong></span> 
     </span>
    </p>
   </div>
   <div class='ocr_carea' id='block_1_109' title="bbox 485 5177 2087 5248">
    <p class='ocr_par' dir='ltr' id='par_1_109' title="bbox 485 5177 2087 5248">
     <span class='ocr_line' id='line_1_109' title="bbox 485 5177 2087 5248; baseline 0.001 -17"><span class='ocrx_word' id='word_1_774' title='bbox 485 5182 687 5232; x_wconf 89' lang='lat' dir='ltr'><strong><em>niandi</em></strong></span> <span class='ocrx_word' id='word_1_775' title='bbox 709 5182 924 5232; x_wconf 85' lang='lat' dir='ltr'><strong><em>aditum</em></strong></span> <span class='ocrx_word' id='word_1_776' title='bbox 941 5188 1351 5248; x_wconf 61' lang='lat' dir='ltr'><strong><em>prestruamus.</em></strong></span> <span class='ocrx_word' id='word_1_777' title='bbox 1381 5181 1503 5231; x_wconf 83' lang='lat' dir='ltr'><strong><em>Hoc</em></strong></span> <span class='ocrx_word' id='word_1_778' title='bbox 1525 5177 1679 5231; x_wconf 89' lang='lat' dir='ltr'><strong><em>idem</em></strong></span> <span class='ocrx_word' id='word_1_779' title='bbox 1702 5184 1902 5244; x_wconf 87' lang='lat' dir='ltr'><strong><em>postea</em></strong></span> <span class='ocrx_word' id='word_1_780' title='bbox 1916 5180 1974 5231; x_wconf 89' lang='lat' dir='ltr'><strong><em>in</em></strong></span> <span class='ocrx_word' id='word_1_781' title='bbox 1984 5193 2087 5233; x_wconf 84' lang='lat' dir='ltr'><strong><em>ex-</em></strong></span> 
     </span>
    </p>
   </div>
   <div class='ocr_carea' id='block_1_110' title="bbox 485 5252 2085 5319">
    <p class='ocr_par' dir='ltr' id='par_1_110' title="bbox 485 5252 2085 5319">
     <span class='ocr_line' id='line_1_110' title="bbox 485 5252 2085 5319; baseline -0.001 -12"><span class='ocrx_word' id='word_1_782' title='bbox 485 5252 786 5318; x_wconf 85' lang='lat' dir='ltr'><strong><em>plicatione</em></strong></span> <span class='ocrx_word' id='word_1_783' title='bbox 818 5253 1083 5319; x_wconf 83' lang='lat' dir='ltr'><strong><em>symboli,</em></strong></span> <span class='ocrx_word' id='word_1_784' title='bbox 1121 5253 1387 5319; x_wconf 80' lang='lat' dir='ltr'><strong><em>Ruﬁnum</em></strong></span> <span class='ocrx_word' id='word_1_785' title='bbox 1424 5256 1691 5304; x_wconf 88' lang='lat' dir='ltr'><strong><em>accurate</em></strong></span> <span class='ocrx_word' id='word_1_786' title='bbox 1726 5257 2085 5307; x_wconf 86' lang='lat' dir='ltr'><strong><em>enarrantem</em></strong></span> 
     </span>
    </p>
   </div>
   <div class='ocr_carea' id='block_1_111' title="bbox 482 5318 2084 5392">
    <p class='ocr_par' dir='ltr' id='par_1_111' title="bbox 482 5318 2084 5392">
     <span class='ocr_line' id='line_1_111' title="bbox 482 5318 2084 5392; baseline 0.001 -15"><span class='ocrx_word' id='word_1_787' title='bbox 482 5327 805 5392; x_wconf 88' lang='lat' dir='ltr'><strong><em>audiemus,</em></strong></span> <span class='ocrx_word' id='word_1_788' title='bbox 836 5318 894 5378; x_wconf 86' lang='lat' dir='ltr'><strong><em>et</em></strong></span> <span class='ocrx_word' id='word_1_789' title='bbox 914 5326 1153 5391; x_wconf 88' lang='lat' dir='ltr'><strong><em>insuper</em></strong></span> <span class='ocrx_word' id='word_1_790' title='bbox 1172 5318 1377 5376; x_wconf 89' lang='lat' dir='ltr'><strong><em>&#39;omnes</em></strong></span> <span class='ocrx_word' id='word_1_791' title='bbox 1413 5323 1664 5376; x_wconf 78' lang='lat' dir='ltr'><strong><em>haereses</em></strong></span> <span class='ocrx_word' id='word_1_792' title='bbox 1688 5324 1917 5391; x_wconf 88' lang='lat' dir='ltr'><strong><em>Origeni</em></strong></span> <span class='ocrx_word' id='word_1_793' title='bbox 1948 5324 2084 5379; x_wconf 86' lang='lat' dir='ltr'><strong><em>ads-</em></strong></span> 
     </span>
    </p>
   </div>
   <div class='ocr_carea' id='block_1_112' title="bbox 479 5395 2076 5467">
    <p class='ocr_par' dir='ltr' id='par_1_112' title="bbox 479 5395 2076 5467">
     <span class='ocr_line' id='line_1_112' title="bbox 479 5395 2076 5467; baseline 0.001 -16"><span class='ocrx_word' id='word_1_794' title='bbox 479 5398 709 5464; x_wconf 85' lang='lat' dir='ltr'><strong><em>criptas,</em></strong></span> <span class='ocrx_word' id='word_1_795' title='bbox 727 5400 875 5451; x_wconf 88' lang='lat' dir='ltr'><strong><em>clare</em></strong></span> <span class='ocrx_word' id='word_1_796' title='bbox 899 5398 1295 5467; x_wconf 85' lang='lat' dir='ltr'><strong><em>damnantem.</em></strong></span> <span class='ocrx_word' id='word_1_797' title='bbox 1318 5396 1453 5448; x_wconf 81' lang='lat' dir='ltr'><strong><em>Mox</em></strong></span> <span class='ocrx_word' id='word_1_798' title='bbox 1468 5395 1798 5467; x_wconf 83' lang='lat' dir='ltr'><strong><em>omniajam</em></strong></span> <span class='ocrx_word' id='word_1_799' title='bbox 1825 5398 2076 5462; x_wconf 86' lang='lat' dir='ltr'><strong><em>recitata,</em></strong></span> 
     </span>
    </p>
   </div>
   <div class='ocr_carea' id='block_1_113' title="bbox 477 5466 2081 5536">
    <p class='ocr_par' dir='ltr' id='par_1_113' title="bbox 477 5466 2081 5536">
     <span class='ocr_line' id='line_1_113' title="bbox 477 5466 2081 5536; baseline -0.001 -14"><span class='ocrx_word' id='word_1_800' title='bbox 477 5469 665 5523; x_wconf 87' lang='lat' dir='ltr'><strong><em>isthoc</em></strong></span> <span class='ocrx_word' id='word_1_801' title='bbox 679 5470 1003 5536; x_wconf 88' lang='lat' dir='ltr'><strong><em>emphatico</em></strong></span> <span class='ocrx_word' id='word_1_802' title='bbox 1018 5466 1455 5532; x_wconf 89' lang='lat' dir='ltr'><strong><em>epiphonemate</em></strong></span> <span class='ocrx_word' id='word_1_803' title='bbox 1465 5466 1868 5521; x_wconf 63' lang='lat' dir='ltr'><strong><em>concluditzEst</em></strong></span> <span class='ocrx_word' id='word_1_804' title='bbox 1883 5485 1951 5520; x_wconf 87' lang='lat' dir='ltr'><strong><em>ne</em></strong></span> <span class='ocrx_word' id='word_1_805' title='bbox 1981 5471 2081 5520; x_wconf 81' lang='lat' dir='ltr'><strong><em>ali-</em></strong></span> 
     </span>
    </p>
   </div>
   <div class='ocr_carea' id='block_1_114' title="bbox 475 5538 2079 5611">
    <p class='ocr_par' dir='ltr' id='par_1_114' title="bbox 475 5538 2079 5611">
     <span class='ocr_line' id='line_1_114' title="bbox 475 5538 2079 5611; baseline 0.001 -20"><span class='ocrx_word' id='word_1_806' title='bbox 475 5543 612 5611; x_wconf 87' lang='lat' dir='ltr'><strong><em>quid</em></strong></span> <span class='ocrx_word' id='word_1_807' title='bbox 636 5543 737 5593; x_wconf 90' lang='lat' dir='ltr'><strong><em>hac</em></strong></span> <span class='ocrx_word' id='word_1_808' title='bbox 764 5540 1092 5611; x_wconf 69' lang='lat' dir='ltr'><strong><em>confessione</em></strong></span> <span class='ocrx_word' id='word_1_809' title='bbox 1108 5538 1363 5611; x_wconf 77' lang='lat' dir='ltr'><strong><em>plenius?</em></strong></span> <span class='ocrx_word' id='word_1_810' title='bbox 1389 5540 1481 5591; x_wconf 84' lang='lat' dir='ltr'><strong><em>Est</em></strong></span> <span class='ocrx_word' id='word_1_811' title='bbox 1500 5540 1714 5606; x_wconf 88' lang='lat' dir='ltr'><strong><em>aliquid</em></strong></span> <span class='ocrx_word' id='word_1_812' title='bbox 1736 5541 1840 5591; x_wconf 88' lang='lat' dir='ltr'><strong><em>ista</em></strong></span> <span class='ocrx_word' id='word_1_813' title='bbox 1862 5541 2079 5607; x_wconf 66' lang='lat' dir='ltr'><strong><em>exposi—</em></strong></span> 
     </span>
    </p>
   </div>
   <div class='ocr_carea' id='block_1_115' title="bbox 473 5609 2077 5679">
    <p class='ocr_par' dir='ltr' id='par_1_115' title="bbox 473 5609 2077 5679">
     <span class='ocr_line' id='line_1_115' title="bbox 473 5609 2077 5679; baseline -0.001 -15"><span class='ocrx_word' id='word_1_814' title='bbox 473 5609 617 5664; x_wconf 75' lang='lat' dir='ltr'><strong><em>tione</em></strong></span> <span class='ocrx_word' id='word_1_815' title='bbox 658 5611 982 5679; x_wconf 76' lang='lat' dir='ltr'><strong><em>perfectius?</em></strong></span> <span class='ocrx_word' id='word_1_816' title='bbox 1027 5609 1132 5661; x_wconf 92' lang='lat' dir='ltr'><strong><em>Sed</em></strong></span> <span class='ocrx_word' id='word_1_817' title='bbox 1175 5611 1347 5677; x_wconf 85' lang='lat' dir='ltr'><strong><em>nihil,</em></strong></span> <span class='ocrx_word' id='word_1_818' title='bbox 1370 5618 1431 5663; x_wconf 87' lang='lat' dir='ltr'><strong><em>ut</em></strong></span> <span class='ocrx_word' id='word_1_819' title='bbox 1465 5612 1640 5675; x_wconf 83' lang='lat' dir='ltr'><strong><em>video,</em></strong></span> <span class='ocrx_word' id='word_1_820' title='bbox 1667 5613 1879 5679; x_wconf 83' lang='lat' dir='ltr'><strong><em>profuit</em></strong></span> <span class='ocrx_word' id='word_1_821' title='bbox 1922 5613 2077 5663; x_wconf 90' lang='lat' dir='ltr'><strong><em>nobis</em></strong></span> 
     </span>
    </p>
   </div>
   <div class='ocr_carea' id='block_1_116' title="bbox 469 5682 2075 5747">
    <p class='ocr_par' dir='ltr' id='par_1_116' title="bbox 469 5682 2075 5747">
     <span class='ocr_line' id='line_1_116' title="bbox 469 5682 2075 5747; baseline -0.001 -10"><span class='ocrx_word' id='word_1_822' title='bbox 469 5689 626 5737; x_wconf 78' lang='lat' dir='ltr'><strong><em>tanta</em></strong></span> <span class='ocrx_word' id='word_1_823' title='bbox 649 5686 756 5735; x_wconf 62' lang='lat' dir='ltr'><strong><em>hac</em></strong></span> <span class='ocrx_word' id='word_1_824' title='bbox 784 5682 991 5733; x_wconf 87' lang='lat' dir='ltr'><strong><em>cautela</em></strong></span> <span class='ocrx_word' id='word_1_825' title='bbox 1027 5682 1265 5747; x_wconf 82' lang='lat' dir='ltr'><strong><em>Spiritus</em></strong></span> <span class='ocrx_word' id='word_1_826' title='bbox 1310 5684 1514 5736; x_wconf 82' lang='lat' dir='ltr'><strong><em>Sancti.</em></strong></span> <span class='ocrx_word' id='word_1_827' title='bbox 1561 5686 1701 5737; x_wconf 66' lang='lat' dir='ltr'><strong><em>ch</em></strong></span> <span class='ocrx_word' id='word_1_828' title='bbox 1729 5684 1800 5737; x_wconf 91' lang='lat' dir='ltr'><strong><em>de</em></strong></span> <span class='ocrx_word' id='word_1_829' title='bbox 1836 5684 2075 5738; x_wconf 88' lang='lat' dir='ltr'><strong><em>articulo</em></strong></span> 
     </span>
    </p>
   </div>
   <div class='ocr_carea' id='block_1_117' title="bbox 466 5753 2073 5821">
    <p class='ocr_par' dir='ltr' id='par_1_117' title="bbox 466 5753 2073 5821">
     <span class='ocr_line' id='line_1_117' title="bbox 466 5753 2073 5821; baseline -0.001 -13"><span class='ocrx_word' id='word_1_830' title='bbox 466 5754 878 5808; x_wconf 80' lang='lat' dir='ltr'><strong><em>resurrectionis</em></strong></span> <span class='ocrx_word' id='word_1_831' title='bbox 920 5753 983 5806; x_wconf 88' lang='lat' dir='ltr'><strong><em>in</em></strong></span> <span class='ocrx_word' id='word_1_832' title='bbox 1014 5755 1240 5821; x_wconf 88' lang='lat' dir='ltr'><strong><em>propria</em></strong></span> <span class='ocrx_word' id='word_1_833' title='bbox 1275 5769 1410 5810; x_wconf 83' lang='lat' dir='ltr'><strong><em>vera</em></strong></span> <span class='ocrx_word' id='word_1_834' title='bbox 1450 5759 1509 5810; x_wconf 86' lang='lat' dir='ltr'><strong><em>et</em></strong></span> <span class='ocrx_word' id='word_1_835' title='bbox 1545 5755 1832 5821; x_wconf 86' lang='lat' dir='ltr'><strong><em>palpabili,</em></strong></span> <span class='ocrx_word' id='word_1_836' title='bbox 1855 5755 1957 5807; x_wconf 87' lang='lat' dir='ltr'><strong><em>sed</em></strong></span> <span class='ocrx_word' id='word_1_837' title='bbox 1979 5755 2073 5808; x_wconf 89' lang='lat' dir='ltr'><strong><em>in-</em></strong></span> 
     </span>
    </p>
   </div>
   <div class='ocr_carea' id='block_1_118' title="bbox 463 5826 2069 5894">
    <p class='ocr_par' dir='ltr' id='par_1_118' title="bbox 463 5826 2069 5894">
     <span class='ocr_line' id='line_1_118' title="bbox 463 5826 2069 5894; baseline -0.002 -11"><span class='ocrx_word' id='word_1_838' title='bbox 463 5826 820 5894; x_wconf 83' lang='lat' dir='ltr'><strong><em>corruptibili</em></strong></span> <span class='ocrx_word' id='word_1_839' title='bbox 829 5838 1002 5879; x_wconf 88' lang='lat' dir='ltr'><strong><em>carne</em></strong></span> <span class='ocrx_word' id='word_1_840' title='bbox 1018 5827 1291 5889; x_wconf 83' lang='lat' dir='ltr'><strong><em>humana,</em></strong></span> <span class='ocrx_word' id='word_1_841' title='bbox 1317 5840 1450 5894; x_wconf 73' lang='lat' dir='ltr'><strong><em>quae</em></strong></span> <span class='ocrx_word' id='word_1_842' title='bbox 1463 5829 1695 5880; x_wconf 89' lang='lat' dir='ltr'><strong><em>ossibus</em></strong></span> <span class='ocrx_word' id='word_1_843' title='bbox 1717 5830 1777 5880; x_wconf 91' lang='lat' dir='ltr'><strong><em>et</em></strong></span> <span class='ocrx_word' id='word_1_844' title='bbox 1792 5828 2069 5880; x_wconf 87' lang='lat' dir='ltr'><strong><em>membris</em></strong></span> 
     </span>
    </p>
   </div>
   <div class='ocr_carea' id='block_1_119' title="bbox 463 5898 2069 5966">
    <p class='ocr_par' dir='ltr' id='par_1_119' title="bbox 463 5898 2069 5966">
     <span class='ocr_line' id='line_1_119' title="bbox 463 5898 2069 5966; baseline -0.001 -12"><span class='ocrx_word' id='word_1_845' title='bbox 463 5900 592 5954; x_wconf 77' lang='lat' dir='ltr'><strong><em>suis</em></strong></span> <span class='ocrx_word' id='word_1_846' title='bbox 603 5901 842 5960; x_wconf 83' lang='lat' dir='ltr'><strong><em>constet,</em></strong></span> <span class='ocrx_word' id='word_1_847' title='bbox 856 5898 1029 5952; x_wconf 82' lang='lat' dir='ltr'><strong><em>latius</em></strong></span> <span class='ocrx_word' id='word_1_848' title='bbox 1041 5899 1233 5953; x_wconf 88' lang='lat' dir='ltr'><strong><em>adhuc</em></strong></span> <span class='ocrx_word' id='word_1_849' title='bbox 1243 5900 1626 5966; x_wconf 85' lang='lat' dir='ltr'><strong><em>persequitur,</em></strong></span> <span class='ocrx_word' id='word_1_850' title='bbox 1637 5904 1703 5953; x_wconf 88' lang='lat' dir='ltr'><strong><em>ut</em></strong></span> <span class='ocrx_word' id='word_1_851' title='bbox 1711 5899 1785 5952; x_wconf 86' lang='lat' dir='ltr'><strong><em>ab</em></strong></span> <span class='ocrx_word' id='word_1_852' title='bbox 1796 5911 1860 5953; x_wconf 90' lang='lat' dir='ltr'><strong><em>se</em></strong></span> <span class='ocrx_word' id='word_1_853' title='bbox 1871 5911 2069 5966; x_wconf 81' lang='lat' dir='ltr'><strong><em>quam-</em></strong></span> 
     </span>
    </p>
   </div>
   <div class='ocr_carea' id='block_1_120' title="bbox 406 5971 2068 6053">
    <p class='ocr_par' dir='ltr' id='par_1_120' title="bbox 406 5971 2068 6053">
     <span class='ocr_line' id='line_1_120' title="bbox 406 5971 2068 6053; baseline 0.002 -28"><span class='ocrx_word' id='word_1_854' title='bbox 406 6044 419 6053; x_wconf 30' lang='lat'><em>.</em></span> <span class='ocrx_word' id='word_1_855' title='bbox 462 5981 716 6035; x_wconf 62' lang='lat' dir='ltr'><strong><em>umque</em></strong></span> <span class='ocrx_word' id='word_1_856' title='bbox 737 5971 1129 6038; x_wconf 78' lang='lat' dir='ltr'><strong><em>ambiguitatis</em></strong></span> <span class='ocrx_word' id='word_1_857' title='bbox 1157 5977 1215 6026; x_wconf 86' lang='lat' dir='ltr'><strong><em>et</em></strong></span> <span class='ocrx_word' id='word_1_858' title='bbox 1249 5972 1595 6038; x_wconf 85' lang='lat' dir='ltr'><strong><em>suspicionis</em></strong></span> <span class='ocrx_word' id='word_1_859' title='bbox 1617 5971 1885 6028; x_wconf 79' lang='lat' dir='ltr'><strong><em>umbram</em></strong></span> <span class='ocrx_word' id='word_1_860' title='bbox 1912 5983 2068 6028; x_wconf 85' lang='lat' dir='ltr'><strong><em>amo-</em></strong></span> 
     </span>
    </p>
   </div>
   <div class='ocr_carea' id='block_1_121' title="bbox 2200 3387 3829 3461">
    <p class='ocr_par' dir='ltr' id='par_1_121' title="bbox 2200 3387 3829 3461">
     <span class='ocr_line' id='line_1_121' title="bbox 2200 3387 3829 3461; baseline -0.013 -14"><span class='ocrx_word' id='word_1_861' title='bbox 2200 3396 2447 3461; x_wconf 66' lang='lat' dir='ltr'><strong><em>qusedam</em></strong></span> <span class='ocrx_word' id='word_1_862' title='bbox 2462 3394 2920 3442; x_wconf 82' lang='lat' dir='ltr'><strong><em>demonstraretur</em></strong></span> <span class='ocrx_word' id='word_1_863' title='bbox 2932 3387 3146 3438; x_wconf 86' lang='lat' dir='ltr'><strong><em>eminus</em></strong></span> <span class='ocrx_word' id='word_1_864' title='bbox 3161 3388 3447 3461; x_wconf 85' lang='lat' dir='ltr'><strong><em>adventare</em></strong></span> <span class='ocrx_word' id='word_1_865' title='bbox 3476 3402 3569 3451; x_wconf 86' lang='lat' dir='ltr'><strong><em>per</em></strong></span> <span class='ocrx_word' id='word_1_866' title='bbox 3586 3387 3829 3461; x_wconf 51' lang='lat' dir='ltr'><strong><em>Pelagus</em></strong></span> 
     </span>
    </p>
   </div>
   <div class='ocr_carea' id='block_1_122' title="bbox 2200 3457 3826 3532">
    <p class='ocr_par' dir='ltr' id='par_1_122' title="bbox 2200 3457 3826 3532">
     <span class='ocr_line' id='line_1_122' title="bbox 2200 3457 3826 3532; baseline -0.004 -16"><span class='ocrx_word' id='word_1_867' title='bbox 2200 3457 2317 3532; x_wconf 66' lang='lat' dir='ltr'><strong><em>qua:</em></strong></span> <span class='ocrx_word' id='word_1_868' title='bbox 2339 3480 2510 3531; x_wconf 86' lang='lat' dir='ltr'><strong><em>quum</em></strong></span> <span class='ocrx_word' id='word_1_869' title='bbox 2529 3468 2749 3529; x_wconf 88' lang='lat' dir='ltr'><strong><em>portum</em></strong></span> <span class='ocrx_word' id='word_1_870' title='bbox 2770 3462 2956 3523; x_wconf 87' lang='lat' dir='ltr'><strong><em>fuisset</em></strong></span> <span class='ocrx_word' id='word_1_871' title='bbox 2980 3461 3242 3525; x_wconf 90' lang='lat' dir='ltr'><strong><em>ingressa,</em></strong></span> <span class='ocrx_word' id='word_1_872' title='bbox 3264 3459 3434 3532; x_wconf 82' lang='lat' dir='ltr'><strong><em>nodos</em></strong></span> <span class='ocrx_word' id='word_1_873' title='bbox 3455 3473 3565 3532; x_wconf 72' lang='lat' dir='ltr'><strong><em>suae</em></strong></span> <span class='ocrx_word' id='word_1_874' title='bbox 3592 3457 3826 3532; x_wconf 69' lang='lat' dir='ltr'><strong><em>haesita-</em></strong></span> 
     </span>
    </p>
   </div>
   <div class='ocr_carea' id='block_1_123' title="bbox 2200 3530 3827 3596">
    <p class='ocr_par' dir='ltr' id='par_1_123' title="bbox 2200 3530 3827 3596">
     <span class='ocr_line' id='line_1_123' title="bbox 2200 3530 3827 3596; baseline -0.005 -8"><span class='ocrx_word' id='word_1_875' title='bbox 2200 3530 2364 3588; x_wconf 81' lang='lat' dir='ltr'><strong><em>tionis</em></strong></span> <span class='ocrx_word' id='word_1_876' title='bbox 2385 3536 2683 3586; x_wconf 86' lang='lat' dir='ltr'><strong><em>absolveret.</em></strong></span> <span class='ocrx_word' id='word_1_877' title='bbox 2722 3534 3011 3596; x_wconf 73' lang='lat' dir='ltr'><strong><em>Emurgens</em></strong></span> <span class='ocrx_word' id='word_1_878' title='bbox 3032 3546 3152 3581; x_wconf 82' lang='lat' dir='ltr'><strong><em>vero</em></strong></span> <span class='ocrx_word' id='word_1_879' title='bbox 3176 3545 3347 3596; x_wconf 87' lang='lat' dir='ltr'><strong><em>quum</em></strong></span> <span class='ocrx_word' id='word_1_880' title='bbox 3377 3530 3438 3580; x_wconf 85' lang='lat' dir='ltr'><strong><em>de</em></strong></span> <span class='ocrx_word' id='word_1_881' title='bbox 3461 3530 3578 3579; x_wconf 85' lang='lat' dir='ltr'><strong><em>visu</em></strong></span> <span class='ocrx_word' id='word_1_882' title='bbox 3613 3530 3827 3581; x_wconf 87' lang='lat' dir='ltr'><strong><em>sollici-</em></strong></span> 
     </span>
    </p>
   </div>
   <div class='ocr_carea' id='block_1_124' title="bbox 2198 3602 3830 3673">
    <p class='ocr_par' dir='ltr' id='par_1_124' title="bbox 2198 3602 3830 3673">
     <span class='ocr_line' id='line_1_124' title="bbox 2198 3602 3830 3673; baseline -0.005 -13"><span class='ocrx_word' id='word_1_883' title='bbox 2198 3615 2283 3660; x_wconf 88' lang='lat' dir='ltr'><strong><em>tus</em></strong></span> <span class='ocrx_word' id='word_1_884' title='bbox 2306 3609 2576 3673; x_wconf 87' lang='lat' dir='ltr'><strong><em>cogitaret,</em></strong></span> <span class='ocrx_word' id='word_1_885' title='bbox 2607 3620 2705 3655; x_wconf 88' lang='lat' dir='ltr'><strong><em>nos</em></strong></span> <span class='ocrx_word' id='word_1_886' title='bbox 2720 3603 3083 3669; x_wconf 82' lang='lat' dir='ltr'><strong><em>supervenisse</em></strong></span> <span class='ocrx_word' id='word_1_887' title='bbox 3110 3602 3284 3652; x_wconf 87' lang='lat' dir='ltr'><strong><em>aiebat</em></strong></span> <span class='ocrx_word' id='word_1_888' title='bbox 3320 3603 3380 3651; x_wconf 89' lang='lat' dir='ltr'><strong><em>in</em></strong></span> <span class='ocrx_word' id='word_1_889' title='bbox 3407 3606 3640 3665; x_wconf 86' lang='lat' dir='ltr'><strong><em>tempore</em></strong></span> <span class='ocrx_word' id='word_1_890' title='bbox 3657 3617 3673 3650; x_wconf 90' lang='lat'><em>:</em></span> <span class='ocrx_word' id='word_1_891' title='bbox 3692 3602 3830 3666; x_wconf 85' lang='lat' dir='ltr'><strong><em>qui-</em></strong></span> 
     </span>
    </p>
   </div>
   <div class='ocr_carea' id='block_1_125' title="bbox 2199 3673 3828 3741">
    <p class='ocr_par' dir='ltr' id='par_1_125' title="bbox 2199 3673 3828 3741">
     <span class='ocr_line' id='line_1_125' title="bbox 2199 3673 3828 3741; baseline -0.005 -9"><span class='ocrx_word' id='word_1_892' title='bbox 2199 3682 2294 3732; x_wconf 88' lang='lat' dir='ltr'><strong><em>bus</em></strong></span> <span class='ocrx_word' id='word_1_893' title='bbox 2316 3681 2572 3731; x_wconf 86' lang='lat' dir='ltr'><strong><em>continuo</em></strong></span> <span class='ocrx_word' id='word_1_894' title='bbox 2595 3683 2640 3727; x_wconf 91' lang='lat' dir='ltr'><strong><em>et</em></strong></span> <span class='ocrx_word' id='word_1_895' title='bbox 2663 3676 3033 3741; x_wconf 74' lang='lat' dir='ltr'><strong><em>opusculasua</em></strong></span> <span class='ocrx_word' id='word_1_896' title='bbox 3054 3673 3517 3735; x_wconf 86' lang='lat' dir='ltr'><strong><em>etambiguitatem</em></strong></span> <span class='ocrx_word' id='word_1_897' title='bbox 3539 3673 3828 3724; x_wconf 83' lang='lat' dir='ltr'><strong><em>indicavit</em></strong></span> 
     </span>
    </p>
   </div>
   <div class='ocr_carea' id='block_1_126' title="bbox 2197 3744 3827 3807">
    <p class='ocr_par' dir='ltr' id='par_1_126' title="bbox 2197 3744 3827 3807">
     <span class='ocr_line' id='line_1_126' title="bbox 2197 3744 3827 3807; baseline -0.003 -4"><span class='ocrx_word' id='word_1_898' title='bbox 2197 3758 2243 3803; x_wconf 92' lang='lat' dir='ltr'><strong><em>et</em></strong></span> <span class='ocrx_word' id='word_1_899' title='bbox 2273 3754 2466 3803; x_wconf 86' lang='lat' dir='ltr'><strong><em>visum.</em></strong></span> <span class='ocrx_word' id='word_1_900' title='bbox 2509 3748 2761 3801; x_wconf 89' lang='lat' dir='ltr'><strong><em>Subinde</em></strong></span> <span class='ocrx_word' id='word_1_901' title='bbox 2798 3746 3080 3800; x_wconf 84' lang='lat' dir='ltr'><strong><em>Macarius</em></strong></span> <span class='ocrx_word' id='word_1_902' title='bbox 3112 3747 3186 3798; x_wconf 92' lang='lat' dir='ltr'><strong><em>ab</em></strong></span> <span class='ocrx_word' id='word_1_903' title='bbox 3222 3745 3431 3798; x_wconf 76' lang='lat' dir='ltr'><strong><em>Ruﬁno</em></strong></span> <span class='ocrx_word' id='word_1_904' title='bbox 3455 3744 3827 3807; x_wconf 86' lang='lat' dir='ltr'><strong><em>sciscitatus,</em></strong></span> 
     </span>
    </p>
   </div>
   <div class='ocr_carea' id='block_1_127' title="bbox 2198 3816 3828 3889">
    <p class='ocr_par' dir='ltr' id='par_1_127' title="bbox 2198 3816 3828 3889">
     <span class='ocr_line' id='line_1_127' title="bbox 2198 3816 3828 3889; baseline -0.005 -13"><span class='ocrx_word' id='word_1_905' title='bbox 2198 3824 2339 3889; x_wconf 89' lang='lat' dir='ltr'><strong><em>quid</em></strong></span> <span class='ocrx_word' id='word_1_906' title='bbox 2362 3823 2434 3875; x_wconf 91' lang='lat' dir='ltr'><strong><em>de</em></strong></span> <span class='ocrx_word' id='word_1_907' title='bbox 2458 3821 2668 3874; x_wconf 85' lang='lat' dir='ltr'><strong><em>talibus</em></strong></span> <span class='ocrx_word' id='word_1_908' title='bbox 2692 3819 2933 3871; x_wconf 87' lang='lat' dir='ltr'><strong><em>sentiret</em></strong></span> <span class='ocrx_word' id='word_1_909' title='bbox 2954 3818 3249 3882; x_wconf 87' lang='lat' dir='ltr'><strong><em>Origenes,</em></strong></span> <span class='ocrx_word' id='word_1_910' title='bbox 3286 3817 3515 3889; x_wconf 14' lang='lat' dir='ltr'><strong><em>breviter,</em></strong></span> <span class='ocrx_word' id='word_1_911' title='bbox 3537 3816 3641 3865; x_wconf 84' lang='lat' dir='ltr'><strong><em>sibi</em></strong></span> <span class='ocrx_word' id='word_1_912' title='bbox 3676 3818 3828 3881; x_wconf 84' lang='lat' dir='ltr'><strong><em>ejus,</em></strong></span> 
     </span>
    </p>
   </div>
   <div class='ocr_carea' id='block_1_128' title="bbox 2203 3888 3827 3959">
    <p class='ocr_par' dir='ltr' id='par_1_128' title="bbox 2203 3888 3827 3959">
     <span class='ocr_line' id='line_1_128' title="bbox 2203 3888 3827 3959; baseline -0.001 -14"><span class='ocrx_word' id='word_1_913' title='bbox 2203 3894 2503 3959; x_wconf 83' lang='lat' dir='ltr'><strong><em>desingulis</em></strong></span> <span class='ocrx_word' id='word_1_914' title='bbox 2527 3891 2823 3957; x_wconf 87' lang='lat' dir='ltr'><strong><em>quibusque</em></strong></span> <span class='ocrx_word' id='word_1_915' title='bbox 2844 3892 3153 3949; x_wconf 87' lang='lat' dir='ltr'><strong><em>sententias,</em></strong></span> <span class='ocrx_word' id='word_1_916' title='bbox 3173 3893 3293 3940; x_wconf 88' lang='lat' dir='ltr'><strong><em>orat</em></strong></span> <span class='ocrx_word' id='word_1_917' title='bbox 3316 3888 3532 3953; x_wconf 69' lang='lat' dir='ltr'><strong><em>exponi.</em></strong></span> <span class='ocrx_word' id='word_1_918' title='bbox 3558 3889 3827 3943; x_wconf 84' lang='lat' dir='ltr'><strong><em>Rutlnus</em></strong></span> 
     </span>
    </p>
   </div>
   <div class='ocr_carea' id='block_1_129' title="bbox 2201 3959 3827 4021">
    <p class='ocr_par' dir='ltr' id='par_1_129' title="bbox 2201 3959 3827 4021">
     <span class='ocr_line' id='line_1_129' title="bbox 2201 3959 3827 4021; baseline -0.006 0"><span class='ocrx_word' id='word_1_919' title='bbox 2201 3981 2325 4021; x_wconf 90' lang='lat' dir='ltr'><strong><em>rem</em></strong></span> <span class='ocrx_word' id='word_1_920' title='bbox 2336 3967 2488 4020; x_wconf 84' lang='lat' dir='ltr'><strong><em>factu</em></strong></span> <span class='ocrx_word' id='word_1_921' title='bbox 2498 3978 2629 4018; x_wconf 89' lang='lat' dir='ltr'><strong><em>esse</em></strong></span> <span class='ocrx_word' id='word_1_922' title='bbox 2641 3963 2931 4015; x_wconf 72' lang='lat' dir='ltr'><strong><em>difﬁcilem</em></strong></span> <span class='ocrx_word' id='word_1_923' title='bbox 2943 3965 3269 4021; x_wconf 86' lang='lat' dir='ltr'><strong><em>caussatus,</em></strong></span> <span class='ocrx_word' id='word_1_924' title='bbox 3281 3959 3521 4021; x_wconf 89' lang='lat' dir='ltr'><strong><em>addidit,</em></strong></span> <span class='ocrx_word' id='word_1_925' title='bbox 3543 3960 3761 4011; x_wconf 72' lang='lat' dir='ltr'><strong><em>Sancta</em></strong></span> <span class='ocrx_word' id='word_1_926' title='bbox 3772 3981 3827 4011; x_wconf 87' lang='lat' dir='ltr'><strong><em>m</em></strong></span> 
     </span>
    </p>
   </div>
   <div class='ocr_carea' id='block_1_130' title="bbox 2199 4031 3833 4102">
    <p class='ocr_par' dir='ltr' id='par_1_130' title="bbox 2199 4031 3833 4102">
     <span class='ocr_line' id='line_1_130' title="bbox 2199 4031 3833 4102; baseline -0.005 -12"><span class='ocrx_word' id='word_1_927' title='bbox 2199 4045 2377 4089; x_wconf 88' lang='lat' dir='ltr'><strong><em>tamen</em></strong></span> <span class='ocrx_word' id='word_1_928' title='bbox 2389 4037 2748 4102; x_wconf 88' lang='lat' dir='ltr'><strong><em>Pamphilum</em></strong></span> <span class='ocrx_word' id='word_1_929' title='bbox 2760 4040 3059 4099; x_wconf 80' lang='lat' dir='ltr'><strong><em>martyrem</em></strong></span> <span class='ocrx_word' id='word_1_930' title='bbox 3073 4050 3104 4097; x_wconf 91' lang='lat' dir='ltr'><strong><em>q</em></strong></span> <span class='ocrx_word' id='word_1_931' title='bbox 3113 4034 3315 4082; x_wconf 85' lang='lat' dir='ltr'><strong><em>uadam</em></strong></span> <span class='ocrx_word' id='word_1_932' title='bbox 3336 4048 3402 4082; x_wconf 64' lang='lat' dir='ltr'><strong><em>ea:</em></strong></span> <span class='ocrx_word' id='word_1_933' title='bbox 3417 4036 3571 4097; x_wconf 87' lang='lat' dir='ltr'><strong><em>parte</em></strong></span> <span class='ocrx_word' id='word_1_934' title='bbox 3588 4031 3695 4081; x_wconf 87' lang='lat' dir='ltr'><strong><em>tale</em></strong></span> <span class='ocrx_word' id='word_1_935' title='bbox 3707 4033 3833 4083; x_wconf 84' lang='lat' dir='ltr'><strong><em>ali-</em></strong></span> 
     </span>
    </p>
   </div>
   <div class='ocr_carea' id='block_1_131' title="bbox 2198 4104 3829 4177">
    <p class='ocr_par' dir='ltr' id='par_1_131' title="bbox 2198 4104 3829 4177">
     <span class='ocr_line' id='line_1_131' title="bbox 2198 4104 3829 4177; baseline -0.002 -17"><span class='ocrx_word' id='word_1_936' title='bbox 2198 4111 2336 4177; x_wconf 88' lang='lat' dir='ltr'><strong><em>quid</em></strong></span> <span class='ocrx_word' id='word_1_937' title='bbox 2363 4110 2538 4175; x_wconf 86' lang='lat' dir='ltr'><strong><em>operis</em></strong></span> <span class='ocrx_word' id='word_1_938' title='bbox 2560 4108 2905 4172; x_wconf 84' lang='lat' dir='ltr'><strong><em>conscripisse</em></strong></span> <span class='ocrx_word' id='word_1_939' title='bbox 2928 4106 2989 4155; x_wconf 90' lang='lat' dir='ltr'><strong><em>in</em></strong></span> <span class='ocrx_word' id='word_1_940' title='bbox 3021 4105 3357 4177; x_wconf 80' lang='lat' dir='ltr'><strong><em>Apologetico</em></strong></span> <span class='ocrx_word' id='word_1_941' title='bbox 3378 4104 3829 4177; x_wconf 36' lang='lat' dir='ltr'><strong><em>suoLMacarius</em></strong></span> 
     </span>
    </p>
   </div>
   <div class='ocr_carea' id='block_1_132' title="bbox 2197 4172 3827 4243">
    <p class='ocr_par' dir='ltr' id='par_1_132' title="bbox 2197 4172 3827 4243">
     <span class='ocr_line' id='line_1_132' title="bbox 2197 4172 3827 4243; baseline -0.002 -11"><span class='ocrx_word' id='word_1_942' title='bbox 2197 4172 2452 4233; x_wconf 76' lang='lat' dir='ltr'><strong><em>continuo</em></strong></span> <span class='ocrx_word' id='word_1_943' title='bbox 2481 4180 2539 4229; x_wconf 90' lang='lat' dir='ltr'><strong><em>id</em></strong></span> <span class='ocrx_word' id='word_1_944' title='bbox 2569 4179 2671 4229; x_wconf 88' lang='lat' dir='ltr'><strong><em>sibi</em></strong></span> <span class='ocrx_word' id='word_1_945' title='bbox 2694 4179 2857 4243; x_wconf 90' lang='lat' dir='ltr'><strong><em>poscit</em></strong></span> <span class='ocrx_word' id='word_1_946' title='bbox 2894 4179 2956 4227; x_wconf 86' lang='lat' dir='ltr'><strong><em>in</em></strong></span> <span class='ocrx_word' id='word_1_947' title='bbox 2994 4176 3230 4227; x_wconf 88' lang='lat' dir='ltr'><strong><em>latinum</em></strong></span> <span class='ocrx_word' id='word_1_948' title='bbox 3253 4177 3403 4240; x_wconf 86' lang='lat' dir='ltr'><strong><em>verti,</em></strong></span> <span class='ocrx_word' id='word_1_949' title='bbox 3441 4172 3585 4226; x_wconf 87' lang='lat' dir='ltr'><strong><em>nihil</em></strong></span> <span class='ocrx_word' id='word_1_950' title='bbox 3611 4175 3827 4229; x_wconf 75' lang='lat' dir='ltr'><strong><em>Ruﬁni</em></strong></span> 
     </span>
    </p>
   </div>
   <div class='ocr_carea' id='block_1_133' title="bbox 2198 4245 3827 4314">
    <p class='ocr_par' dir='ltr' id='par_1_133' title="bbox 2198 4245 3827 4314">
     <span class='ocr_line' id='line_1_133' title="bbox 2198 4245 3827 4314; baseline -0.003 -9"><span class='ocrx_word' id='word_1_951' title='bbox 2198 4252 2632 4305; x_wconf 86' lang='lat' dir='ltr'><strong><em>excusationem</em></strong></span> <span class='ocrx_word' id='word_1_952' title='bbox 2642 4254 2919 4311; x_wconf 87' lang='lat' dir='ltr'><strong><em>moratus,</em></strong></span> <span class='ocrx_word' id='word_1_953' title='bbox 2938 4261 3085 4314; x_wconf 90' lang='lat' dir='ltr'><strong><em>opus</em></strong></span> <span class='ocrx_word' id='word_1_954' title='bbox 3098 4251 3392 4313; x_wconf 82' lang='lat' dir='ltr'><strong><em>propterea</em></strong></span> <span class='ocrx_word' id='word_1_955' title='bbox 3407 4245 3478 4298; x_wconf 88' lang='lat' dir='ltr'><strong><em>de</em></strong></span> <span class='ocrx_word' id='word_1_956' title='bbox 3486 4248 3827 4313; x_wconf 87' lang='lat' dir='ltr'><strong><em>trectantis,</em></strong></span> 
     </span>
    </p>
   </div>
   <div class='ocr_carea' id='block_1_134' title="bbox 2200 4317 3829 4388">
    <p class='ocr_par' dir='ltr' id='par_1_134' title="bbox 2200 4317 3829 4388">
     <span class='ocr_line' id='line_1_134' title="bbox 2200 4317 3829 4388; baseline -0.004 -12"><span class='ocrx_word' id='word_1_957' title='bbox 2200 4324 2355 4388; x_wconf 90' lang='lat' dir='ltr'><strong><em>quod</em></strong></span> <span class='ocrx_word' id='word_1_958' title='bbox 2377 4338 2540 4372; x_wconf 85' lang='lat' dir='ltr'><strong><em>usum</em></strong></span> <span class='ocrx_word' id='word_1_959' title='bbox 2578 4321 2950 4387; x_wconf 85' lang='lat' dir='ltr'><strong><em>hujuscemodi</em></strong></span> <span class='ocrx_word' id='word_1_960' title='bbox 2985 4320 3159 4383; x_wconf 86' lang='lat' dir='ltr'><strong><em>operis</em></strong></span> <span class='ocrx_word' id='word_1_961' title='bbox 3188 4335 3302 4369; x_wconf 86' lang='lat' dir='ltr'><strong><em>non</em></strong></span> <span class='ocrx_word' id='word_1_962' title='bbox 3327 4317 3555 4379; x_wconf 88' lang='lat' dir='ltr'><strong><em>haberet,</em></strong></span> <span class='ocrx_word' id='word_1_963' title='bbox 3586 4322 3634 4367; x_wconf 88' lang='lat' dir='ltr'><strong><em>et</em></strong></span> <span class='ocrx_word' id='word_1_964' title='bbox 3657 4333 3716 4367; x_wconf 90' lang='lat' dir='ltr'><strong><em>se</em></strong></span> <span class='ocrx_word' id='word_1_965' title='bbox 3743 4321 3829 4370; x_wconf 85' lang='lat' dir='ltr'><strong><em>ad</em></strong></span> 
     </span>
    </p>
   </div>
   <div class='ocr_carea' id='block_1_135' title="bbox 2199 4389 3825 4458">
    <p class='ocr_par' dir='ltr' id='par_1_135' title="bbox 2199 4389 3825 4458">
     <span class='ocr_line' id='line_1_135' title="bbox 2199 4389 3825 4458; baseline -0.002 -12"><span class='ocrx_word' id='word_1_966' title='bbox 2199 4396 2439 4447; x_wconf 86' lang='lat' dir='ltr'><strong><em>latinum</em></strong></span> <span class='ocrx_word' id='word_1_967' title='bbox 2452 4409 2751 4445; x_wconf 88' lang='lat' dir='ltr'><strong><em>sermonem</em></strong></span> <span class='ocrx_word' id='word_1_968' title='bbox 2765 4392 3052 4443; x_wconf 87' lang='lat' dir='ltr'><strong><em>tricennali</em></strong></span> <span class='ocrx_word' id='word_1_969' title='bbox 3060 4392 3181 4458; x_wconf 86' lang='lat' dir='ltr'><strong><em>jam</em></strong></span> <span class='ocrx_word' id='word_1_970' title='bbox 3190 4406 3326 4457; x_wconf 89' lang='lat' dir='ltr'><strong><em>pene</em></strong></span> <span class='ocrx_word' id='word_1_971' title='bbox 3336 4389 3557 4440; x_wconf 87' lang='lat' dir='ltr'><strong><em>incuria</em></strong></span> <span class='ocrx_word' id='word_1_972' title='bbox 3568 4395 3825 4456; x_wconf 82' lang='lat' dir='ltr'><strong><em>tarpuis-</em></strong></span> 
     </span>
    </p>
   </div>
   <div class='ocr_carea' id='block_1_136' title="bbox 2198 4461 3826 4527">
    <p class='ocr_par' dir='ltr' id='par_1_136' title="bbox 2198 4461 3826 4527">
     <span class='ocr_line' id='line_1_136' title="bbox 2198 4461 3826 4527; baseline -0.007 -6"><span class='ocrx_word' id='word_1_973' title='bbox 2198 4483 2250 4518; x_wconf 77' lang='lat' dir='ltr'><strong><em>se</em></strong></span> <span class='ocrx_word' id='word_1_974' title='bbox 2267 4466 2596 4521; x_wconf 79' lang='lat' dir='ltr'><strong><em>afﬁrmaret.</em></strong></span> <span class='ocrx_word' id='word_1_975' title='bbox 2623 4466 2859 4517; x_wconf 83' lang='lat' dir='ltr'><strong><em>Perstitit</em></strong></span> <span class='ocrx_word' id='word_1_976' title='bbox 2872 4470 3051 4514; x_wconf 89' lang='lat' dir='ltr'><strong><em>tamen</em></strong></span> <span class='ocrx_word' id='word_1_977' title='bbox 3066 4461 3347 4514; x_wconf 85' lang='lat' dir='ltr'><strong><em>Macarius</em></strong></span> <span class='ocrx_word' id='word_1_978' title='bbox 3357 4462 3649 4527; x_wconf 84' lang='lat' dir='ltr'><strong><em>deprecans</em></strong></span> <span class='ocrx_word' id='word_1_979' title='bbox 3663 4477 3826 4527; x_wconf 80' lang='lat' dir='ltr'><strong><em>qua-</em></strong></span> 
     </span>
    </p>
   </div>
   <div class='ocr_carea' id='block_1_137' title="bbox 2197 4536 3829 4605">
    <p class='ocr_par' dir='ltr' id='par_1_137' title="bbox 2197 4536 3829 4605">
     <span class='ocr_line' id='line_1_137' title="bbox 2197 4536 3829 4605; baseline -0.002 -15"><span class='ocrx_word' id='word_1_980' title='bbox 2197 4539 2467 4605; x_wconf 86' lang='lat' dir='ltr'><strong><em>licumque</em></strong></span> <span class='ocrx_word' id='word_1_981' title='bbox 2488 4553 2729 4590; x_wconf 71' lang='lat' dir='ltr'><strong><em>sermone</em></strong></span> <span class='ocrx_word' id='word_1_982' title='bbox 2739 4536 2994 4588; x_wconf 87' lang='lat' dir='ltr'><strong><em>notitiam</em></strong></span> <span class='ocrx_word' id='word_1_983' title='bbox 3005 4536 3107 4586; x_wconf 90' lang='lat' dir='ltr'><strong><em>sibi</em></strong></span> <span class='ocrx_word' id='word_1_984' title='bbox 3120 4540 3333 4585; x_wconf 89' lang='lat' dir='ltr'><strong><em>tantum</em></strong></span> <span class='ocrx_word' id='word_1_985' title='bbox 3347 4548 3557 4594; x_wconf 87' lang='lat' dir='ltr'><strong><em>eorum,</em></strong></span> <span class='ocrx_word' id='word_1_986' title='bbox 3583 4548 3709 4598; x_wconf 60' lang='lat' dir='ltr'><strong><em>qum</em></strong></span> <span class='ocrx_word' id='word_1_987' title='bbox 3719 4552 3829 4586; x_wconf 82' lang='lat' dir='ltr'><strong><em>cu-</em></strong></span> 
     </span>
    </p>
   </div>
   <div class='ocr_carea' id='block_1_138' title="bbox 2198 4605 3826 4677">
    <p class='ocr_par' dir='ltr' id='par_1_138' title="bbox 2198 4605 3826 4677">
     <span class='ocr_line' id='line_1_138' title="bbox 2198 4605 3826 4677; baseline -0.001 -15"><span class='ocrx_word' id='word_1_988' title='bbox 2198 4611 2394 4677; x_wconf 88' lang='lat' dir='ltr'><strong><em>piebat,</em></strong></span> <span class='ocrx_word' id='word_1_989' title='bbox 2426 4611 2648 4662; x_wconf 87' lang='lat' dir='ltr'><strong><em>ostendi.</em></strong></span> <span class='ocrx_word' id='word_1_990' title='bbox 2674 4613 2853 4673; x_wconf 84' lang='lat' dir='ltr'><strong><em>Quare</em></strong></span> <span class='ocrx_word' id='word_1_991' title='bbox 2895 4608 3129 4660; x_wconf 81' lang='lat' dir='ltr'><strong><em>tandem</em></strong></span> <span class='ocrx_word' id='word_1_992' title='bbox 3166 4608 3416 4670; x_wconf 82' lang='lat' dir='ltr'><strong><em>Ruﬁnus,</em></strong></span> <span class='ocrx_word' id='word_1_993' title='bbox 3452 4605 3729 4670; x_wconf 84' lang='lat' dir='ltr'><strong><em>precibus</em></strong></span> <span class='ocrx_word' id='word_1_994' title='bbox 3760 4612 3826 4660; x_wconf 84' lang='lat' dir='ltr'><strong><em>et</em></strong></span> 
     </span>
    </p>
   </div>
   <div class='ocr_carea' id='block_1_139' title="bbox 2200 4678 3824 4749">
    <p class='ocr_par' dir='ltr' id='par_1_139' title="bbox 2200 4678 3824 4749">
     <span class='ocr_line' id='line_1_139' title="bbox 2200 4678 3824 4749; baseline -0.003 -13"><span class='ocrx_word' id='word_1_995' title='bbox 2200 4683 2660 4749; x_wconf 85' lang='lat' dir='ltr'><strong><em>adjurationibus</em></strong></span> <span class='ocrx_word' id='word_1_996' title='bbox 2687 4680 2918 4732; x_wconf 82' lang='lat' dir='ltr'><strong><em>Macarii</em></strong></span> <span class='ocrx_word' id='word_1_997' title='bbox 2937 4678 3289 4743; x_wconf 88' lang='lat' dir='ltr'><strong><em>compulsus,</em></strong></span> <span class='ocrx_word' id='word_1_998' title='bbox 3311 4682 3628 4740; x_wconf 89' lang='lat' dir='ltr'><strong><em>utrumque</em></strong></span> <span class='ocrx_word' id='word_1_999' title='bbox 3652 4690 3824 4743; x_wconf 89' lang='lat' dir='ltr'><strong><em>opus</em></strong></span> 
     </span>
    </p>
   </div>
   <div class='ocr_carea' id='block_1_140' title="bbox 2112 4709 3821 4818">
    <p class='ocr_par' dir='ltr' id='par_1_140' title="bbox 2112 4709 3821 4818">
     <span class='ocr_line' id='line_1_140' title="bbox 2112 4709 3821 4786; baseline -0.006 -49"><span class='ocrx_word' id='word_1_1000' title='bbox 2112 4709 2172 4786; x_wconf 87' lang='lat' dir='ltr'><strong>D</strong></span> <span class='ocrx_word' id='word_1_1001' title='bbox 2200 4709 2660 4749; x_wconf 63' lang='grc' dir='ltr'><strong><em>αυδυιταιιυωυυδ</em></strong></span> <span class='ocrx_word' id='word_1_1002' title='bbox 2687 4709 2858 4732; x_wconf 71' lang='grc' dir='ltr'><strong><em>ιηαυωι</em></strong></span> <span class='ocrx_word' id='word_1_1003' title='bbox 2878 4709 2916 4729; x_wconf 75' lang='grc' dir='ltr'><strong>ιι</strong></span> <span class='ocrx_word' id='word_1_1004' title='bbox 2937 4709 3289 4743; x_wconf 70' lang='grc' dir='ltr'><strong><em>υυωμυιοιιῠ,</em></strong></span> <span class='ocrx_word' id='word_1_1005' title='bbox 3315 4709 3402 4730; x_wconf 63' lang='lat' dir='ltr'><strong><em>uva</em></strong></span> <span class='ocrx_word' id='word_1_1006' title='bbox 3416 4709 3628 4740; x_wconf 64' lang='lat' dir='ltr'><strong><em>usuun</em></strong></span> <span class='ocrx_word' id='word_1_1007' title='bbox 3652 4709 3821 4743; x_wconf 71' lang='grc' dir='ltr'><strong><em>υμυδ</em></strong></span> 
     </span>
     <span class='ocr_line' id='line_1_141' title="bbox 2194 4749 3821 4818; baseline -0.003 -11"><span class='ocrx_word' id='word_1_1008' title='bbox 2194 4755 2467 4816; x_wconf 87' lang='lat' dir='ltr'><strong><em>absolvit,</em></strong></span> <span class='ocrx_word' id='word_1_1009' title='bbox 2513 4755 2574 4807; x_wconf 91' lang='lat' dir='ltr'><strong><em>in</em></strong></span> <span class='ocrx_word' id='word_1_1010' title='bbox 2607 4751 3041 4818; x_wconf 64' lang='lat' dir='ltr'><strong><em>praefationibus</em></strong></span> <span class='ocrx_word' id='word_1_1011' title='bbox 3076 4749 3248 4801; x_wconf 77' lang='lat' dir='ltr'><strong><em>[idem</em></strong></span> <span class='ocrx_word' id='word_1_1012' title='bbox 3279 4761 3443 4801; x_wconf 84' lang='lat' dir='ltr'><strong><em>suam</em></strong></span> <span class='ocrx_word' id='word_1_1013' title='bbox 3469 4760 3821 4815; x_wconf 80' lang='lat' dir='ltr'><strong><em>exponens,</em></strong></span> 
     </span>
    </p>
   </div>
   <div class='ocr_carea' id='block_1_141' title="bbox 2192 4818 3817 4891">
    <p class='ocr_par' dir='ltr' id='par_1_141' title="bbox 2192 4818 3817 4891">
     <span class='ocr_line' id='line_1_142' title="bbox 2192 4818 3817 4891; baseline -0.004 -12"><span class='ocrx_word' id='word_1_1014' title='bbox 2192 4830 2543 4891; x_wconf 82' lang='lat' dir='ltr'><strong><em>protestatus</em></strong></span> <span class='ocrx_word' id='word_1_1015' title='bbox 2590 4838 2651 4878; x_wconf 88' lang='lat' dir='ltr'><strong><em>se</em></strong></span> <span class='ocrx_word' id='word_1_1016' title='bbox 2683 4826 2764 4877; x_wconf 88' lang='lat' dir='ltr'><strong><em>ita</em></strong></span> <span class='ocrx_word' id='word_1_1017' title='bbox 2797 4823 3023 4880; x_wconf 86' lang='lat' dir='ltr'><strong><em>credere,</em></strong></span> <span class='ocrx_word' id='word_1_1018' title='bbox 3057 4820 3195 4871; x_wconf 89' lang='lat' dir='ltr'><strong><em>sicut</em></strong></span> <span class='ocrx_word' id='word_1_1019' title='bbox 3234 4820 3363 4883; x_wconf 82' lang='lat' dir='ltr'><strong><em>ﬁdes</em></strong></span> <span class='ocrx_word' id='word_1_1020' title='bbox 3395 4818 3663 4891; x_wconf 79' lang='lat' dir='ltr'><strong><em>catholica</em></strong></span> <span class='ocrx_word' id='word_1_1021' title='bbox 3710 4829 3817 4873; x_wconf 75' lang='lat' dir='ltr'><strong><em>est.</em></strong></span> 
     </span>
    </p>
   </div>
   <div class='ocr_carea' id='block_1_142' title="bbox 2192 4890 3824 4963">
    <p class='ocr_par' dir='ltr' id='par_1_142' title="bbox 2192 4890 3824 4963">
     <span class='ocr_line' id='line_1_143' title="bbox 2192 4890 3824 4963; baseline -0.004 -12"><span class='ocrx_word' id='word_1_1022' title='bbox 2192 4890 2452 4963; x_wconf 86' lang='lat' dir='ltr'><strong><em>Singulis,</em></strong></span> <span class='ocrx_word' id='word_1_1023' title='bbox 2476 4897 2548 4950; x_wconf 88' lang='lat' dir='ltr'><strong><em>de</em></strong></span> <span class='ocrx_word' id='word_1_1024' title='bbox 2572 4896 2786 4962; x_wconf 90' lang='lat' dir='ltr'><strong><em>quibus</em></strong></span> <span class='ocrx_word' id='word_1_1025' title='bbox 2808 4894 2869 4946; x_wconf 91' lang='lat' dir='ltr'><strong><em>in</em></strong></span> <span class='ocrx_word' id='word_1_1026' title='bbox 2894 4893 3097 4945; x_wconf 90' lang='lat' dir='ltr'><strong><em>iisdem</em></strong></span> <span class='ocrx_word' id='word_1_1027' title='bbox 3112 4890 3541 4963; x_wconf 62' lang='lat' dir='ltr'><strong><em>praefationibus</em></strong></span> <span class='ocrx_word' id='word_1_1028' title='bbox 3556 4890 3824 4945; x_wconf 84' lang='lat' dir='ltr'><strong><em>lectores</em></strong></span> 
     </span>
    </p>
   </div>
   <div class='ocr_carea' id='block_1_143' title="bbox 2187 4961 3823 5032">
    <p class='ocr_par' dir='ltr' id='par_1_143' title="bbox 2187 4961 3823 5032">
     <span class='ocr_line' id='line_1_144' title="bbox 2187 4961 3823 5032; baseline -0.002 -10"><span class='ocrx_word' id='word_1_1029' title='bbox 2187 4961 2439 5022; x_wconf 82' lang='lat' dir='ltr'><strong><em>monitos</em></strong></span> <span class='ocrx_word' id='word_1_1030' title='bbox 2470 4961 2673 5031; x_wconf 85' lang='lat' dir='ltr'><strong><em>voluit,</em></strong></span> <span class='ocrx_word' id='word_1_1031' title='bbox 2717 4966 2988 5032; x_wconf 88' lang='lat' dir='ltr'><strong><em>repetitis,</em></strong></span> <span class='ocrx_word' id='word_1_1032' title='bbox 3029 4976 3155 5016; x_wconf 69' lang='lat' dir='ltr'><strong><em>sum</em></strong></span> <span class='ocrx_word' id='word_1_1033' title='bbox 3191 4962 3350 5016; x_wconf 89' lang='lat' dir='ltr'><strong><em>Fidei</em></strong></span> <span class='ocrx_word' id='word_1_1034' title='bbox 3385 4961 3823 5018; x_wconf 88' lang='lat' dir='ltr'><strong><em>documentum</em></strong></span> 
     </span>
    </p>
   </div>
   <div class='ocr_carea' id='block_1_144' title="bbox 2185 5033 3816 5100">
    <p class='ocr_par' dir='ltr' id='par_1_144' title="bbox 2185 5033 3816 5100">
     <span class='ocr_line' id='line_1_145' title="bbox 2185 5033 3816 5100; baseline -0.002 -7"><span class='ocrx_word' id='word_1_1035' title='bbox 2185 5041 2320 5094; x_wconf 90' lang='lat' dir='ltr'><strong><em>inde</em></strong></span> <span class='ocrx_word' id='word_1_1036' title='bbox 2340 5040 2675 5095; x_wconf 87' lang='lat' dir='ltr'><strong><em>habendum</em></strong></span> <span class='ocrx_word' id='word_1_1037' title='bbox 2697 5051 2827 5091; x_wconf 90' lang='lat' dir='ltr'><strong><em>esse</em></strong></span> <span class='ocrx_word' id='word_1_1038' title='bbox 2861 5036 3188 5099; x_wconf 87' lang='lat' dir='ltr'><strong><em>contendit;</em></strong></span> <span class='ocrx_word' id='word_1_1039' title='bbox 3221 5035 3350 5099; x_wconf 90' lang='lat' dir='ltr'><strong><em>ejus</em></strong></span> <span class='ocrx_word' id='word_1_1040' title='bbox 3375 5033 3534 5087; x_wconf 87' lang='lat' dir='ltr'><strong><em>salva</em></strong></span> <span class='ocrx_word' id='word_1_1041' title='bbox 3550 5034 3816 5100; x_wconf 88' lang='lat' dir='ltr'><strong><em>ratione,</em></strong></span> 
     </span>
    </p>
   </div>
   <div class='ocr_carea' id='block_1_145' title="bbox 2186 5105 3819 5178">
    <p class='ocr_par' dir='ltr' id='par_1_145' title="bbox 2186 5105 3819 5178">
     <span class='ocr_line' id='line_1_146' title="bbox 2186 5105 3819 5178; baseline -0.002 -12"><span class='ocrx_word' id='word_1_1042' title='bbox 2186 5126 2248 5166; x_wconf 92' lang='lat' dir='ltr'><strong><em>se</em></strong></span> <span class='ocrx_word' id='word_1_1043' title='bbox 2288 5114 2502 5178; x_wconf 90' lang='lat' dir='ltr'><strong><em>legere,</em></strong></span> <span class='ocrx_word' id='word_1_1044' title='bbox 2540 5114 2850 5175; x_wconf 87' lang='lat' dir='ltr'><strong><em>disserere,</em></strong></span> <span class='ocrx_word' id='word_1_1045' title='bbox 2883 5107 3242 5173; x_wconf 86' lang='lat' dir='ltr'><strong><em>interpretari</em></strong></span> <span class='ocrx_word' id='word_1_1046' title='bbox 3287 5105 3610 5159; x_wconf 89' lang='lat' dir='ltr'><strong><em>secundum</em></strong></span> <span class='ocrx_word' id='word_1_1047' title='bbox 3653 5106 3819 5162; x_wconf 86' lang='lat' dir='ltr'><strong><em>illud</em></strong></span> 
     </span>
    </p>
   </div>
   <div class='ocr_carea' id='block_1_146' title="bbox 2184 5178 3817 5251">
    <p class='ocr_par' dir='ltr' id='par_1_146' title="bbox 2184 5178 3817 5251">
     <span class='ocr_line' id='line_1_147' title="bbox 2184 5178 3817 5251; baseline -0.005 -13"><span class='ocrx_word' id='word_1_1048' title='bbox 2184 5184 2469 5251; x_wconf 87' lang='lat' dir='ltr'><strong><em>Apostoli;</em></strong></span> <span class='ocrx_word' id='word_1_1049' title='bbox 2502 5186 2692 5236; x_wconf 88' lang='lat' dir='ltr'><strong><em>omnia</em></strong></span> <span class='ocrx_word' id='word_1_1050' title='bbox 2717 5180 3019 5249; x_wconf 88' lang='lat' dir='ltr'><strong><em>probantes,</em></strong></span> <span class='ocrx_word' id='word_1_1051' title='bbox 3046 5181 3192 5245; x_wconf 90' lang='lat' dir='ltr'><strong><em>quod</em></strong></span> <span class='ocrx_word' id='word_1_1052' title='bbox 3219 5178 3420 5229; x_wconf 89' lang='lat' dir='ltr'><strong><em>bonum</em></strong></span> <span class='ocrx_word' id='word_1_1053' title='bbox 3442 5184 3515 5227; x_wconf 87' lang='lat' dir='ltr'><strong><em>est</em></strong></span> <span class='ocrx_word' id='word_1_1054' title='bbox 3541 5184 3817 5251; x_wconf 75' lang='lat' dir='ltr'><strong><em>tenentes,</em></strong></span> 
     </span>
    </p>
   </div>
   <div class='ocr_carea' id='block_1_147' title="bbox 2180 5250 3818 5322">
    <p class='ocr_par' dir='ltr' id='par_1_147' title="bbox 2180 5250 3818 5322">
     <span class='ocr_line' id='line_1_148' title="bbox 2180 5250 3818 5322; baseline -0.001 -15"><span class='ocrx_word' id='word_1_1055' title='bbox 2180 5250 2253 5307; x_wconf 87' lang='lat' dir='ltr'><strong><em>ab</em></strong></span> <span class='ocrx_word' id='word_1_1056' title='bbox 2266 5258 2419 5308; x_wconf 88' lang='lat' dir='ltr'><strong><em>omni</em></strong></span> <span class='ocrx_word' id='word_1_1057' title='bbox 2432 5258 2598 5322; x_wconf 87' lang='lat' dir='ltr'><strong><em>specie</em></strong></span> <span class='ocrx_word' id='word_1_1058' title='bbox 2620 5256 2769 5305; x_wconf 90' lang='lat' dir='ltr'><strong><em>mala</em></strong></span> <span class='ocrx_word' id='word_1_1059' title='bbox 2793 5268 2889 5303; x_wconf 89' lang='lat' dir='ltr'><strong><em>nos</em></strong></span> <span class='ocrx_word' id='word_1_1060' title='bbox 2912 5252 3246 5303; x_wconf 82' lang='lat' dir='ltr'><strong><em>abstinentes.</em></strong></span> <span class='ocrx_word' id='word_1_1061' title='bbox 3275 5252 3469 5314; x_wconf 89' lang='lat' dir='ltr'><strong><em>Neque</em></strong></span> <span class='ocrx_word' id='word_1_1062' title='bbox 3493 5263 3555 5301; x_wconf 88' lang='lat' dir='ltr'><strong><em>se</em></strong></span> <span class='ocrx_word' id='word_1_1063' title='bbox 3570 5250 3647 5302; x_wconf 88' lang='lat' dir='ltr'><strong><em>ab</em></strong></span> <span class='ocrx_word' id='word_1_1064' title='bbox 3666 5250 3818 5306; x_wconf 86' lang='lat' dir='ltr'><strong><em>aliis</em></strong></span> 
     </span>
    </p>
   </div>
   <div class='ocr_carea' id='block_1_148' title="bbox 2178 5322 3815 5385">
    <p class='ocr_par' dir='ltr' id='par_1_148' title="bbox 2178 5322 3815 5385">
     <span class='ocr_line' id='line_1_149' title="bbox 2178 5322 3815 5385; baseline -0.003 -3"><span class='ocrx_word' id='word_1_1065' title='bbox 2178 5328 2540 5382; x_wconf 86' lang='lat' dir='ltr'><strong><em>admonitum</em></strong></span> <span class='ocrx_word' id='word_1_1066' title='bbox 2564 5327 2655 5381; x_wconf 86' lang='lat' dir='ltr'><strong><em>vel</em></strong></span> <span class='ocrx_word' id='word_1_1067' title='bbox 2666 5330 2929 5378; x_wconf 89' lang='lat' dir='ltr'><strong><em>coactum</em></strong></span> <span class='ocrx_word' id='word_1_1068' title='bbox 2952 5324 3079 5375; x_wconf 57' lang='lat' dir='ltr'><strong><em>huic</em></strong></span> <span class='ocrx_word' id='word_1_1069' title='bbox 3094 5322 3266 5376; x_wconf 92' lang='lat' dir='ltr'><strong><em>modo</em></strong></span> <span class='ocrx_word' id='word_1_1070' title='bbox 3280 5322 3487 5382; x_wconf 87' lang='lat' dir='ltr'><strong><em>dicere,</em></strong></span> <span class='ocrx_word' id='word_1_1071' title='bbox 3505 5332 3639 5385; x_wconf 69' lang='lat' dir='ltr'><strong><em>qum</em></strong></span> <span class='ocrx_word' id='word_1_1072' title='bbox 3655 5330 3815 5377; x_wconf 78' lang='lat' dir='ltr'><strong><em>ante</em></strong></span> 
     </span>
    </p>
   </div>
   <div class='ocr_carea' id='block_1_149' title="bbox 2177 5393 3816 5465">
    <p class='ocr_par' dir='ltr' id='par_1_149' title="bbox 2177 5393 3816 5465">
     <span class='ocr_line' id='line_1_150' title="bbox 2177 5393 3816 5465; baseline -0.004 -10"><span class='ocrx_word' id='word_1_1073' title='bbox 2177 5413 2297 5454; x_wconf 90' lang='lat' dir='ltr'><strong><em>non</em></strong></span> <span class='ocrx_word' id='word_1_1074' title='bbox 2322 5401 2582 5461; x_wconf 86' lang='lat' dir='ltr'><strong><em>senserit,</em></strong></span> <span class='ocrx_word' id='word_1_1075' title='bbox 2598 5411 2778 5465; x_wconf 88' lang='lat' dir='ltr'><strong><em>quum</em></strong></span> <span class='ocrx_word' id='word_1_1076' title='bbox 2803 5397 3141 5461; x_wconf 89' lang='lat' dir='ltr'><strong><em>priusquam</em></strong></span> <span class='ocrx_word' id='word_1_1077' title='bbox 3163 5395 3237 5447; x_wconf 88' lang='lat' dir='ltr'><strong><em>ab</em></strong></span> <span class='ocrx_word' id='word_1_1078' title='bbox 3262 5393 3378 5446; x_wconf 91' lang='lat' dir='ltr'><strong><em>ullo</em></strong></span> <span class='ocrx_word' id='word_1_1079' title='bbox 3401 5398 3816 5463; x_wconf 85' lang='lat' dir='ltr'><strong><em>appeteretur,</em></strong></span> 
     </span>
    </p>
   </div>
   <div class='ocr_carea' id='block_1_150' title="bbox 2175 5466 3822 5534">
    <p class='ocr_par' dir='ltr' id='par_1_150' title="bbox 2175 5466 3822 5534">
     <span class='ocr_line' id='line_1_151' title="bbox 2175 5466 3822 5534; baseline -0.004 -9"><span class='ocrx_word' id='word_1_1080' title='bbox 2175 5472 2302 5525; x_wconf 65' lang='lat' dir='ltr'><strong><em>haec</em></strong></span> <span class='ocrx_word' id='word_1_1081' title='bbox 2327 5472 2400 5525; x_wconf 90' lang='lat' dir='ltr'><strong><em>de</em></strong></span> <span class='ocrx_word' id='word_1_1082' title='bbox 2423 5484 2529 5524; x_wconf 88' lang='lat' dir='ltr'><strong><em>sua</em></strong></span> <span class='ocrx_word' id='word_1_1083' title='bbox 2565 5471 2675 5522; x_wconf 82' lang='lat' dir='ltr'><strong><em>tlde</em></strong></span> <span class='ocrx_word' id='word_1_1084' title='bbox 2708 5468 2985 5534; x_wconf 62' lang='lat' dir='ltr'><strong><em>praefatus</em></strong></span> <span class='ocrx_word' id='word_1_1085' title='bbox 3011 5466 3200 5530; x_wconf 80' lang='lat' dir='ltr'><strong><em>fuerit,</em></strong></span> <span class='ocrx_word' id='word_1_1086' title='bbox 3233 5466 3312 5518; x_wconf 87' lang='lat' dir='ltr'><strong><em>ita</em></strong></span> <span class='ocrx_word' id='word_1_1087' title='bbox 3336 5469 3405 5518; x_wconf 90' lang='lat' dir='ltr'><strong><em>ut</em></strong></span> <span class='ocrx_word' id='word_1_1088' title='bbox 3439 5466 3626 5531; x_wconf 89' lang='lat' dir='ltr'><strong><em>prima</em></strong></span> <span class='ocrx_word' id='word_1_1089' title='bbox 3649 5478 3822 5524; x_wconf 80' lang='lat' dir='ltr'><strong><em>con-</em></strong></span> 
     </span>
    </p>
   </div>
   <div class='ocr_carea' id='block_1_151' title="bbox 2174 5537 3820 5605">
    <p class='ocr_par' dir='ltr' id='par_1_151' title="bbox 2174 5537 3820 5605">
     <span class='ocr_line' id='line_1_152' title="bbox 2174 5537 3820 5605; baseline -0.008 -9"><span class='ocrx_word' id='word_1_1090' title='bbox 2174 5544 2445 5597; x_wconf 85' lang='lat' dir='ltr'><strong><em>fessionis</em></strong></span> <span class='ocrx_word' id='word_1_1091' title='bbox 2457 5556 2582 5595; x_wconf 70' lang='lat' dir='ltr'><strong><em>sure</em></strong></span> <span class='ocrx_word' id='word_1_1092' title='bbox 2605 5555 2723 5594; x_wconf 80' lang='lat' dir='ltr'><strong><em>vox</em></strong></span> <span class='ocrx_word' id='word_1_1093' title='bbox 2744 5552 2978 5593; x_wconf 89' lang='lat' dir='ltr'><strong><em>omnem</em></strong></span> <span class='ocrx_word' id='word_1_1094' title='bbox 2993 5538 3262 5592; x_wconf 88' lang='lat' dir='ltr'><strong><em>contrarii</em></strong></span> <span class='ocrx_word' id='word_1_1095' title='bbox 3286 5537 3577 5603; x_wconf 88' lang='lat' dir='ltr'><strong><em>dogmatis</em></strong></span> <span class='ocrx_word' id='word_1_1096' title='bbox 3605 5543 3820 5605; x_wconf 70' lang='lat' dir='ltr'><strong><em>suem.</em></strong></span> 
     </span>
    </p>
   </div>
   <div class='ocr_carea' id='block_1_152' title="bbox 2173 5609 3814 5679">
    <p class='ocr_par' dir='ltr' id='par_1_152' title="bbox 2173 5609 3814 5679">
     <span class='ocr_line' id='line_1_153' title="bbox 2173 5609 3814 5679; baseline -0.004 -11"><span class='ocrx_word' id='word_1_1097' title='bbox 2173 5615 2399 5668; x_wconf 89' lang='lat' dir='ltr'><strong><em>cionem</em></strong></span> <span class='ocrx_word' id='word_1_1098' title='bbox 2414 5613 2613 5679; x_wconf 89' lang='lat' dir='ltr'><strong><em>procul</em></strong></span> <span class='ocrx_word' id='word_1_1099' title='bbox 2622 5616 2863 5666; x_wconf 86' lang='lat' dir='ltr'><strong><em>avertat.</em></strong></span> <span class='ocrx_word' id='word_1_1100' title='bbox 2890 5614 2954 5663; x_wconf 89' lang='lat' dir='ltr'><strong><em>In</em></strong></span> <span class='ocrx_word' id='word_1_1101' title='bbox 2966 5610 3124 5663; x_wconf 91' lang='lat' dir='ltr'><strong><em>libris</em></strong></span> <span class='ocrx_word' id='word_1_1102' title='bbox 3142 5610 3487 5662; x_wconf 83' lang='lat' dir='ltr'><strong><em>Periarchon</em></strong></span> <span class='ocrx_word' id='word_1_1103' title='bbox 3502 5609 3814 5675; x_wconf 75' lang='lat' dir='ltr'><strong><em>interpre.</em></strong></span> 
     </span>
    </p>
   </div>
   <div class='ocr_carea' id='block_1_153' title="bbox 2172 5680 3815 5748">
    <p class='ocr_par' dir='ltr' id='par_1_153' title="bbox 2172 5680 3815 5748">
     <span class='ocr_line' id='line_1_154' title="bbox 2172 5680 3815 5748; baseline -0.004 -9"><span class='ocrx_word' id='word_1_1104' title='bbox 2172 5687 2365 5739; x_wconf 85' lang='lat' dir='ltr'><strong><em>tandis</em></strong></span> <span class='ocrx_word' id='word_1_1105' title='bbox 2388 5688 2469 5739; x_wconf 86' lang='lat' dir='ltr'><strong><em>ait</em></strong></span> <span class='ocrx_word' id='word_1_1106' title='bbox 2496 5700 2558 5739; x_wconf 91' lang='lat' dir='ltr'><strong><em>se</em></strong></span> <span class='ocrx_word' id='word_1_1107' title='bbox 2574 5685 2814 5746; x_wconf 86' lang='lat' dir='ltr'><strong><em>cavisse,</em></strong></span> <span class='ocrx_word' id='word_1_1108' title='bbox 2850 5698 2925 5738; x_wconf 90' lang='lat' dir='ltr'><strong><em>ne</em></strong></span> <span class='ocrx_word' id='word_1_1109' title='bbox 2956 5684 3053 5736; x_wconf 88' lang='lat' dir='ltr'><strong><em>illa</em></strong></span> <span class='ocrx_word' id='word_1_1110' title='bbox 3076 5682 3369 5748; x_wconf 84' lang='lat' dir='ltr'><strong><em>proferret,</em></strong></span> <span class='ocrx_word' id='word_1_1111' title='bbox 3395 5693 3529 5746; x_wconf 70' lang='lat' dir='ltr'><strong><em>qua:</em></strong></span> <span class='ocrx_word' id='word_1_1112' title='bbox 3551 5680 3815 5747; x_wconf 80' lang='lat' dir='ltr'><strong><em>Origem</em></strong></span> 
     </span>
    </p>
   </div>
   <div class='ocr_carea' id='block_1_154' title="bbox 2171 5753 3811 5824">
    <p class='ocr_par' dir='ltr' id='par_1_154' title="bbox 2171 5753 3811 5824">
     <span class='ocr_line' id='line_1_155' title="bbox 2171 5753 3811 5824; baseline -0.001 -14"><span class='ocrx_word' id='word_1_1113' title='bbox 2171 5759 2280 5824; x_wconf 91' lang='lat' dir='ltr'><strong><em>ipsi</em></strong></span> <span class='ocrx_word' id='word_1_1114' title='bbox 2300 5763 2499 5811; x_wconf 88' lang='lat' dir='ltr'><strong><em>essent</em></strong></span> <span class='ocrx_word' id='word_1_1115' title='bbox 2512 5757 2809 5821; x_wconf 80' lang='lat' dir='ltr'><strong><em>contraria,</em></strong></span> <span class='ocrx_word' id='word_1_1116' title='bbox 2837 5768 2953 5809; x_wconf 92' lang='lat' dir='ltr'><strong><em>non</em></strong></span> <span class='ocrx_word' id='word_1_1117' title='bbox 2976 5766 3109 5820; x_wconf 67' lang='lat' dir='ltr'><strong><em>quas</em></strong></span> <span class='ocrx_word' id='word_1_1118' title='bbox 3128 5754 3201 5806; x_wconf 90' lang='lat' dir='ltr'><strong><em>ab</em></strong></span> <span class='ocrx_word' id='word_1_1119' title='bbox 3215 5753 3344 5804; x_wconf 87' lang='lat' dir='ltr'><strong><em>aliis</em></strong></span> <span class='ocrx_word' id='word_1_1120' title='bbox 3367 5753 3811 5819; x_wconf 80' lang='lat' dir='ltr'><strong><em>discreparent,</em></strong></span> 
     </span>
    </p>
   </div>
   <div class='ocr_carea' id='block_1_155' title="bbox 2168 5825 3813 5895">
    <p class='ocr_par' dir='ltr' id='par_1_155' title="bbox 2168 5825 3813 5895">
     <span class='ocr_line' id='line_1_156' title="bbox 2168 5825 3813 5895; baseline -0.004 -12"><span class='ocrx_word' id='word_1_1121' title='bbox 2168 5830 2550 5895; x_wconf 89' lang='lat' dir='ltr'><strong><em>quemadmod</em></strong></span> <span class='ocrx_word' id='word_1_1122' title='bbox 2560 5842 2654 5882; x_wconf 90' lang='lat' dir='ltr'><strong><em>um</em></strong></span> <span class='ocrx_word' id='word_1_1123' title='bbox 2670 5830 2730 5882; x_wconf 92' lang='lat' dir='ltr'><strong><em>in</em></strong></span> <span class='ocrx_word' id='word_1_1124' title='bbox 2740 5828 3072 5895; x_wconf 62' lang='lat' dir='ltr'><strong><em>praefatione</em></strong></span> <span class='ocrx_word' id='word_1_1125' title='bbox 3086 5838 3148 5877; x_wconf 91' lang='lat' dir='ltr'><strong><em>se</em></strong></span> <span class='ocrx_word' id='word_1_1126' title='bbox 3163 5825 3447 5877; x_wconf 82' lang='lat' dir='ltr'><strong><em>facturum</em></strong></span> <span class='ocrx_word' id='word_1_1127' title='bbox 3461 5826 3813 5889; x_wconf 72' lang='lat' dir='ltr'><strong><em>spoponde.</em></strong></span> 
     </span>
    </p>
   </div>
   <div class='ocr_carea' id='block_1_156' title="bbox 2163 5894 3808 5973">
    <p class='ocr_par' dir='ltr' id='par_1_156' title="bbox 2163 5894 3808 5973">
     <span class='ocr_line' id='line_1_157' title="bbox 2163 5894 3808 5973; baseline -0.002 -18"><span class='ocrx_word' id='word_1_1128' title='bbox 2163 5894 2254 5955; x_wconf 83' lang='lat' dir='ltr'><strong><em>rat</em></strong></span> <span class='ocrx_word' id='word_1_1129' title='bbox 2273 5914 2434 5968; x_wconf 68' lang='lat' dir='ltr'><strong><em>:quaa</em></strong></span> <span class='ocrx_word' id='word_1_1130' title='bbox 2454 5902 2527 5955; x_wconf 91' lang='lat' dir='ltr'><strong><em>de</em></strong></span> <span class='ocrx_word' id='word_1_1131' title='bbox 2554 5903 2671 5955; x_wconf 91' lang='lat' dir='ltr'><strong><em>Deo</em></strong></span> <span class='ocrx_word' id='word_1_1132' title='bbox 2693 5894 2981 5973; x_wconf 83' lang='lat' dir='ltr'><strong><em>dicuntur,</em></strong></span> <span class='ocrx_word' id='word_1_1133' title='bbox 3004 5897 3082 5949; x_wconf 85' lang='lat' dir='ltr'><strong><em>ad</em></strong></span> <span class='ocrx_word' id='word_1_1134' title='bbox 3100 5896 3335 5973; x_wconf 76' lang='lat' dir='ltr'><strong><em>Fidem;</em></strong></span> <span class='ocrx_word' id='word_1_1135' title='bbox 3362 5907 3494 5973; x_wconf 59' lang='lat' dir='ltr'><strong><em>qum</em></strong></span> <span class='ocrx_word' id='word_1_1136' title='bbox 3524 5894 3599 5973; x_wconf 68' lang='lat' dir='ltr'><strong><em>de</em></strong></span> <span class='ocrx_word' id='word_1_1137' title='bbox 3624 5908 3808 5973; x_wconf 71' lang='lat' dir='ltr'><strong><em>crea-</em></strong></span> 
     </span>
    </p>
   </div>
   <div class='ocr_carea' id='block_1_157' title="bbox 2164 5967 3813 6043">
    <p class='ocr_par' dir='ltr' id='par_1_157' title="bbox 2164 5967 3813 6043">
     <span class='ocr_line' id='line_1_158' title="bbox 2164 5967 3813 6043; baseline -0.004 -14"><span class='ocrx_word' id='word_1_1138' title='bbox 2164 5967 2340 6043; x_wconf 83' lang='lat' dir='ltr'><strong><em>turis,</em></strong></span> <span class='ocrx_word' id='word_1_1139' title='bbox 2379 5974 2454 6029; x_wconf 87' lang='lat' dir='ltr'><strong><em>ad</em></strong></span> <span class='ocrx_word' id='word_1_1140' title='bbox 2489 5973 2772 6030; x_wconf 84' lang='lat' dir='ltr'><strong><em>rationem</em></strong></span> <span class='ocrx_word' id='word_1_1141' title='bbox 2803 5970 3089 6039; x_wconf 88' lang='lat' dir='ltr'><strong><em>pertinere</em></strong></span> <span class='ocrx_word' id='word_1_1142' title='bbox 3137 5967 3403 6024; x_wconf 83' lang='lat' dir='ltr'><strong><em>declarat.</em></strong></span> <span class='ocrx_word' id='word_1_1143' title='bbox 3418 5967 3663 6024; x_wconf 84' lang='lat' dir='ltr'><strong><em>‘Senihil</em></strong></span> <span class='ocrx_word' id='word_1_1144' title='bbox 3687 5975 3813 6028; x_wconf 80' lang='lat' dir='ltr'><strong><em>sui</em></strong></span> 
     </span>
    </p>
   </div>
  </div>
