3894 6444
95 421 201 481 145

1379 421 1575 477 VITA.
1612 422 1750 478 LIB.
1782 397 1852 475 i1.
1888 419 2037 474 CAP.
2072 420 2167 475 Iv.

3312 412 3419 476 “6

96 536 761 618 protulisse;0rigener_n,
779 544 844 592 ut
866 539 1224 618 Apostolum,
1248 545 1353 593 aut
1366 540 1709 618 prophetam
1728 543 1784 618 Α
1807 537 1910 618 det.
1948 538 2071 590 Hoc
2086 542 2418 618 postquam
2453 535 2799 618 _n_on_solui_n
2828 549 2899 618 _s_e
2922 532 3424 618 nunquam__scrip

93 609 553 676 haudquaquam
585 610 872 676 laudasse;
902 612 1103 665 Fidem
1127 624 1297 666 suam
1318 613 1705 678 praemisisse,

95 696 212 747 quas
233 682 295 732 in
309 682 566 733 omnibus
589 698 713 733 eum
738 683 1111 734 Ecclesiastica
1142 685 1472 750 confessione
1487 699 1710 735 concor-

95 754 194 805 det.
220 755 288 806 In
312 754 745 820 interpretando
761 793 777 820 ,
802 768 865 806 se
880 755 1214 822 Hieronymi
1245 756 1578 822 exemplum
1617 769 1706 807 se-

95 828 659 891 quntum,suumque
670 827 1025 892 propositum
1034 827 1223 893 palam
1235 828 1409 881 etiam
1421 828 1619 895 design
1625 840 1710 880 ειε-

99 910 182 950 se.
196 900 347 950 Dum
363 897 514 951 mala
529 911 601 952 ex
616 899 989 952 translatione
1008 899 1259 963 sustulit,
1277 901 1430 952 bona
1442 899 1709 963 reddidit,

94 970 237 1022 nihil
251 983 428 1023 suum
442 970 755 1023 addidisse.
781 972 846 1022 In
863 971 1114 1036 quodam
1136 972 1262 1025 loco
1278 971 1710 1037 interpretando

95 1043 345 1107 quaestio
368 1043 687 1095 habebatur
708 1042 770 1095 in
787 1042 1220 1097 Valentinianus
1231 1050 1289 1097 et
1300 1046 1715 1110 Antropomor-

97 1114 305 1179 phitas,
331 1117 520 1167 Deum
548 1126 886 1179 corporeum
911 1115 1187 1179 dicentes,
1209 1118 1269 1169 et
1293 1115 1711 1168 humaniseum

96 1186 374 1239 membris
408 1187 723 1251 habituque
746 1187 1159 1251 describentes;
1195 1187 1320 1239 heic
1342 1189 1592 1249 Ruﬁnus,
1611 1200 1712 1239 na-

98 1263 290 1311 turam
314 1259 434 1322 Dei,
460 1257 604 1311 nulli
628 1258 916 1312 visibilem
935 1272 1062 1312 esse
1088 1259 1169 1311 sic
1191 1259 1528 1312 afﬁrmavit:
1543 1259 1712 1309 Aliud

95 1330 317 1395 quidem
331 1336 404 1380 est
432 1330 627 1392 videre,
653 1330 811 1380 aliter
838 1345 1081 1380 noscera.
1116 1330 1299 1380 Videri
1327 1338 1373 1380 et
1394 1331 1571 1381 videre
1593 1346 1713 1381 cor-

93 1415 296 1466 porum
337 1406 430 1466 est,
472 1402 620 1452 nosci
649 1406 695 1451 et
719 1416 932 1451 noscere
970 1401 1342 1453 intellectualis
1376 1406 1590 1452 naturae
1621 1406 1709 1455 est.

94 1475 220 1525 Hoc
255 1473 505 1540 amplius
544 1476 953 1539 prosequutus,
988 1474 1060 1526 de
1096 1474 1165 1525 iis
1189 1475 1573 1539 conqueritur.
1611 1467 1713 1539 qui

94 1544 171 1594 ad
193 1544 581 1595 insidiandum
606 1545 713 1597 sibi
737 1546 808 1598 de
826 1545 1037 1596 Oriente
1072 1547 1380 1596 transmissi
1406 1552 1534 1596 sunt
1568 1547 1713 1609 (heic

94 1614 363 1683 desrgnat
387 1617 699 1670 Eusebium
722 1618 1186 1681 Cremonensem)
1223 1619 1339 1682 qui,
1379 1623 1446 1670 ut
1475 1619 1572 1679 ait,
1600 1633 1713 1668 non

89 1689 270 1738 solum
301 1703 554 1753 perversa
582 1687 957 1754 intelligentia,
1000 1704 1189 1739 verum
1233 1691 1397 1739 etiam
1432 1689 1714 1739 verborum

90 1759 361 1810 adulterio
399 1760 593 1812 donati
613 1766 738 1810 sunt
762 1761 1058 1825 infamare.
1105 1762 1199 1813 Ait
1244 1774 1307 1814 se
1346 1774 1713 1826 nequaquam

91 1831 406 1897 loquutum
429 1832 500 1885 de
520 1832 944 1898 comparatione
984 1834 1185 1895 Patris,
1215 1838 1317 1886 aut
1342 1833 1487 1892 Filii,
1514 1834 1612 1886 sed
1637 1834 1709 1885 de

1808 611 1974 670 sisse,
2008 610 2109 662 sed
2130 615 2188 663 et
2214 611 2288 662 ab
2312 610 2424 663 alio
2449 611 2718 663 falsatum
2749 609 3083 667 indicasset,
3114 605 3427 661 anathema

1807 682 2206 747 dicitneganti,
2230 682 2386 747 quod
2410 697 2524 733 non
2545 683 2626 732 ita
2666 682 2806 732 videt
2835 681 3008 731 Filius
3028 680 3266 738 Patrem,
3282 677 3424 729 sicut

1806 756 1968 806 Pater
1978 755 2199 817 Filium,
2229 762 2277 804 et
2298 770 2410 805 non
2434 756 2515 805 ita
2542 754 2682 805 videt
2698 754 2937 819 Spiritus
2954 751 3184 803 Sanctus
3197 751 3419 802 Patrem

1805 831 1852 877 et
1874 827 2098 887 Filium,
2137 826 2275 876 sicut
2311 827 2460 877 viddt
2492 828 2655 878 Pater
2675 827 2878 876 Filium
2901 829 2948 875 et
2974 823 3248 890 Spiritum
3273 822 3425 874 San-

1807 903 1968 949 ctum.
2028 898 2175 949 Videt
2224 899 2403 960 enim,
2442 898 2646 964 inquit,
2674 903 2721 948 et
2744 897 3017 948 verissime
3044 895 3217 960 videt,
3247 893 3338 945 sed
3362 902 3429 948 ut

1807 969 1949 1020 Deus
1978 970 2168 1031 Deum,
2202 975 2247 1021 et
2271 971 2373 1021 tua:
2396 970 2585 1033 lucem;
2610 985 2723 1021 non
2746 974 2806 1019 ut
2825 983 2953 1019 caro
2976 982 3218 1028 carnem;
3239 967 3330 1016 sed
3364 968 3427 1015 ut

1810 1041 2052 1107 Spiritus
2070 1041 2323 1105 Sanctus,
2339 1058 2453 1092 non
2471 1042 2740 1109 corporeis
2749 1040 3004 1101 sensibus,
3026 1040 3114 1090 sed
3133 1037 3425 1088 virtutibus

1808 1114 2053 1165 Deitatis.
2092 1114 2279 1178 Siquis
2300 1115 2408 1165 haec
2430 1120 2606 1179 negat,
2631 1114 2702 1163 sit
2726 1113 3025 1163 anathema
3045 1111 3108 1161 in
3137 1116 3425 1161 aeternum.

1812 1186 1894 1238 Ex
1907 1184 1998 1236 his
2009 1191 2205 1251 aperte
2217 1184 2681 1251 coiiegitur,iilud
2690 1182 3418 1237 assumentumRufinlana

1810 1258 2171 1311 translationi
2195 1258 2647 1323 superadditum,
2672 1270 2808 1319 non,
2846 1261 2914 1310 ut
2939 1255 3256 1320 interpreti,
3292 1253 3416 1316 sed,

1809 1335 1876 1382 ut
1913 1330 2160 1395 Origeni,
2197 1331 2486 1384 hmreseos
2521 1331 2743 1383 crimen
2773 1328 3206 1394 impingeretur,
3246 1338 3392 1391 quas

1810 1401 2085 1454 nimirum
2098 1401 2234 1454 illud
2257 1402 2411 1455 idem
2433 1402 2493 1455 in
2515 1403 2715 1457 Graec
2744 1405 3053 1467 repertum,
3091 1400 3322 1463 Rufinus
3343 1398 3418 1451 ab

1809 1472 1990 1525 latina
2017 1474 2283 1526 versione
2304 1474 2667 1527 resecuisset.
2690 1474 2813 1526 Hoc
2835 1470 3087 1538 produnt
3110 1472 3290 1523 verba
3310 1472 3422 1523 Ru-

1815 1543 1913 1596 ﬁni
1940 1558 1953 1595 :
1984 1545 2211 1595 Memini
2233 1561 2380 1608 sane,
2406 1546 2552 1611 quod
2573 1545 2778 1610 aliquis
2800 1558 3009 1607 eorum,
3034 1558 3208 1608 quum
3230 1555 3424 1608 argue-

1808 1621 1960 1665 retur
1977 1616 2197 1680 falsasse
2214 1618 2338 1682 haec,
2354 1617 2629 1683 respondit
2650 1617 2811 1678 mihi,
2829 1617 2892 1665 in
2918 1616 3094 1666 Greco
3106 1614 3187 1665 ita
3210 1612 3415 1675 haberi,

1814 1694 2085 1737 meautem
2098 1689 2157 1738 in
2171 1689 2342 1739 latino
2354 1690 2648 1739 immutare
2656 1687 3098 1741 voluisse.Hanc
3129 1685 3426 1737 sententiam

1812 1764 1985 1823 negat
2029 1762 2257 1812 exstare
2297 1761 2358 1813 in
2404 1760 2597 1813 codice
2627 1761 2846 1823 Grmco;
2888 1763 2941 1812 et
2982 1756 3215 1822 quando
3259 1756 3432 1809 etiam

1808 1835 2149 1893 exstaret,se
2164 1844 2531 1896 nequaquam
2545 1830 2915 1897 culpandum,
2937 1830 2997 1887 sit
3010 1830 3079 1886 ab
3099 1830 3435 1893 interpreta-

91 1904 222 1995 ipsa
237 1904 481 1995 deiiatisj
498 1910 722 1995 natura,
746 1917 891 1967 num
910 1905 964 1995 Si
983 1909 1184 1995 aptum
1212 1905 1563 1995 visibiiitatis
1604 1918 1712 1987 vo:
1743 1920 1798 1995 B
1818 1904 2095 1995 tipnesua
2109 1903 2262 1955 illam
2275 1904 2543 1995 gesecuit,
2565 1916 2746 1987 quum
2758 1903 2819 1955 in
2834 1901 3294 1995 praefatiuncpli‘s:
3311 1898 3436 1995 suis

92 1974 370 2028 cabulum
386 1974 697 2040 videretur,
715 1989 891 2041 seque
910 1976 1195 2029 haereticis
1216 1977 1598 2042 respondisse,
1617 1975 1715 2040 qui

96 2048 286 2100 Deum
298 2046 605 2112 visibilem,
622 2048 758 2112 quia
769 2060 1124 2113 corporeum,
1147 2048 1364 2112 dicunt;
1393 2049 1538 2101 visio
1562 2048 1718 2101 enim

99 2118 329 2184 proprie
345 2119 597 2183 corporis
628 2123 733 2171 est.
759 2120 942 2182 Quare
964 2119 1241 2183 Origenes
1266 2119 1505 2173 visionis
1521 2119 1716 2184 appel-

100 2188 398 2252 lationem,
423 2194 700 2254 tanquam
712 2194 1043 2255 suspectam
1062 2189 1374 2255 refugiens,
1392 2190 1598 2242 melius
1612 2203 1719 2255 pu-

105 2260 256 2314 tavit
278 2261 341 2313 in
362 2264 567 2313 natura
589 2260 838 2325 deitatis,
861 2274 1069 2326 nempe
1094 2262 1244 2313 inter
1272 2264 1493 2314 Patrem
1528 2264 1585 2314 et
1626 2262 1718 2312 Fi-

105 2332 274 2395 lium,
286 2331 383 2385 illo
408 2345 673 2385 sermone
690 2333 791 2388 uti.
804 2345 978 2397 quem
1002 2333 1127 2398 ipse
1142 2334 1423 2386 Dominus
1441 2333 1715 2400 definivit,

106 2404 440 2455 Nemonovit
460 2404 658 2467 ﬁlium,
672 2405 782 2454 nisi
807 2406 984 2466 Pater,
1008 2420 1180 2470 neque
1207 2412 1419 2469 patrem
1436 2406 1558 2470 quis
1574 2406 1720 2454 novit

100 2476 217 2527 nisi
250 2475 419 2539 ﬁlius,
457 2476 567 2527 hoc
595 2480 762 2540 pacto
784 2475 858 2529 ad
899 2476 1325 2528 excludendam
1360 2477 1722 2528 occasionem

98 2548 447 2610 hmresibus,
465 2548 747 2598 nationem
762 2548 954 2613 potius
971 2548 1033 2601 in
1056 2550 1264 2601 natura
1283 2549 1530 2609 deitatis,
1546 2559 1722 2612 quam

100 2621 395 2674 visionem
419 2620 636 2685 dicens;
671 2634 852 2685 quum
895 2621 1029 2671 visio
1067 2621 1431 2673 occasionem
1470 2620 1723 2685 aliquam

102 2692 396 2747 haereticis
420 2694 674 2756 praebere
697 2692 998 2746 videretur.
1026 2692 1190 2744 Notio
1210 2697 1403 2745 autem
1438 2692 1586 2743 inter
1619 2693 1725 2743 Pa-

105 2768 258 2817 trem
296 2769 356 2817 et
388 2763 594 2817 Filium
640 2766 831 2816 servat
872 2763 1361 2817 indissociabilem
1399 2764 1723 2824 veritatem,

104 2836 400 2902 praecipue
422 2835 719 2900 Evangelii
739 2835 1079 2888 auctoritate
1106 2835 1433 2888 accedente.
1468 2837 1726 2898 Ingenue

107 2909 345 2972 fatetur,
381 2921 442 2959 se
467 2907 734 2970 verba,in
756 2908 955 2960 Graeco
977 2907 1268 2960 incautius
1283 2907 1527 2960 fortasse
1543 2906 1729 2972 posita

112 2980 515 3042 declinavisse,
532 2978 859 3044 quodratio,
882 2991 1058 3043 quam
1078 2980 1370 3045 exposuit,
1393 2984 1594 3031 contra
1606 2979 1731 3030 hae-

113 3066 277 3106 reses
302 3052 462 3104 utilis
491 3052 795 3103 videretur.
823 3053 945 3103 Hoc
966 3055 1163 3103 tamen
1179 3051 1400 3116 judicio
1413 3051 1730 3116 legentium

110 3123 408 3188 relinquit,
428 3135 627 3175 eorum
644 3122 875 3187 scilicet,
892 3136 1142 3187 quorum
1161 3123 1391 3175 animus
1402 3124 1474 3174 ab
1490 3120 1730 3184 invidia,

116 3187 316 3249 favore
338 3200 397 3248 et
423 3194 556 3247 odio
580 3194 661 3246 sic
686 3207 925 3246 vacuus.
948 3195 1076 3248 Non
1090 3194 1273 3247 videri
1295 3194 1355 3247 id
1379 3195 1488 3246 sibi
1506 3192 1730 3246 crimini

111 3267 481 3329 vertendum,
499 3274 835 3332 quanquam
851 3267 1094 3320 fortasse
1107 3266 1389 3331 otiosum;
1414 3267 1513 3318 ubi
1530 3265 1731 3319 invisi-

111 3339 354 3393 bilitatis
365 3338 666 3403 aequalitas
676 3339 824 3391 inter
848 3341 1073 3390 Patrem
1090 3343 1147 3392 et
1160 3338 1366 3390 Filium
1383 3342 1440 3391 et
1456 3339 1727 3403 Spiritum

112 3413 393 3465 Sanctum
406 3411 790 3463 confirmatur.
805 3411 1053 3464 Ulterius
1064 3410 1378 3463 inSchedas
1393 3424 1530 3463 suas
1546 3410 1658 3474 imp
1668 3409 1724 3462 ia

109 3485 310 3547 verba,
333 3483 490 3548 quod
516 3496 687 3548 supra
710 3483 990 3546 tetigerat,
1016 3482 1237 3535 intrusa
1259 3482 1440 3535 fuisse
1464 3493 1720 3547 conque-

108 3556 278 3609 ritur.
314 3556 436 3607 Hoc
465 3560 530 3607 ut
560 3555 764 3607 clarius
799 3555 1051 3620 patefiat,
1089 3559 1377 3620 utranque
1415 3554 1721 3607 lectionem

109 3627 241 3682 heic
257 3628 509 3693 junctim
527 3627 1089 3693 reprmsentabimus.

118 3790 289 3841 Verba
302 3790 547 3856 genuina
565 3789 905 3854 Origenianae
938 3789 1106 3840 Verba
1128 3790 1441 3841 adulterina
1466 3789 1721 3855 Origenia

268 3862 530 3913 versionis
539 3862 743 3926 Ruﬁni.
1020 3877 1103 3912 nae
1130 3863 1389 3913 versionis
1420 3861 1629 3927 Ruﬁni.

108 3934 344 4000 Quodsi
362 3932 906 4000 requirisamequid
934 3934 1092 3997 Quod
1140 3934 1191 3986 si
1230 3933 1474 3998 requiris
1523 3945 1558 3984 a
1607 3945 1719 3996 me,

169 4006 350 4061 etiam
424 4005 495 4058 de
581 4006 707 4071 ipso
772 4006 905 4058 uni-
995 4006 1132 4071 quid
1156 4007 1329 4059 etiam
1352 4005 1422 4057 de
1446 4004 1571 4071 ipso
1595 4006 1722 4056 uni-

167 4078 370 4144 genito
411 4076 677 4141 sentiam,
728 4076 795 4140 si,
834 4089 907 4129 ne

170 4149 300 4215 ipse
324 4146 560 4212 quidem
613 4146 906 4200 visibilem

167 4230 359 4272 (3103.03
390 4229 644 4271 naturam
671 4218 790 4280 Dei,
807 4217 907 4282 qui

166 4291 508 4344 naturaliter
600 4289 905 4342 invisibilis

169 4369 282 4428 est;
317 4375 441 4416 non
465 4362 573 4414 sibi
596 4362 793 4414 statim
817 4361 905 4414 vel

164 4434 411 4499 impium
436 4432 701 4486 videatur
743 4445 872 4486 esse
887 4471 899 4493 ,

995 4077 1188 4143 genito
1226 4077 1491 4135 sentiam.
1530 4076 1597 4136 si,
1648 4088 1720 4128 ne

994 4151 1119 4215 ipse
1163 4149 1396 4214 quidem
1437 4149 1720 4203 visibilem

995 4221 1182 4275 dicam
1198 4226 1465 4274 naturam
1478 4221 1601 4285 Dei,
1619 4222 1719 4285 qui

994 4294 1332 4347 naturaliter
1412 4293 1720 4346 invisibilis

993 4368 1101 4432 est,
1130 4378 1250 4419 non
1272 4366 1374 4418 tibi
1406 4366 1604 4419 statim
1629 4366 1719 4420 vel

991 4438 1254 4503 impium,
1276 4438 1371 4492 vel
1403 4437 1719 4491 absurdum

166 4504 606 4567 velabsurdum;
622 4504 907 4557 rationem
948 4514 951 4517 '
991 4510 1254 4565 videatur
1296 4523 1444 4574 esse,
1469 4510 1603 4575 quia
1652 4511 1721 4563 si-

165 4576 383 4643 quippe
405 4576 676 4630 dabimus
701 4589 903 4631 conse-
991 4587 1091 4636 cut
1114 4582 1294 4636 Filius
1338 4583 1563 4636 Patrem
1599 4596 1718 4636 non

165 4652 431 4714 quenter.
992 4654 1169 4717 videt,
1216 4653 1296 4706 ita
1328 4667 1435 4707 nec
1479 4654 1718 4719 Spiritus

991 4727 1235 4779 Sanctus
1257 4725 1415 4779 videt
1429 4726 1648 4779 Filium.

96 4832 188 4885 0b
225 4830 339 4884 hoc
370 4830 611 4895 facinus,
648 4836 717 4884 ut
749 4832 848 4896 ait,
876 4834 937 4884 in
964 4834 1178 4885 ecclesia
1206 4833 1542 4901 inauditum,
1570 4847 1724 4888 acer-

98 4903 246 4956 rime
278 4903 573 4956 invehitur
601 4905 660 4958 in
691 4906 1009 4959 Eusebium
1043 4908 1103 4960 et
1145 4906 1490 4969 Marcellam,
1516 4911 1723 4960 neutro

99 4981 301 5029 tamen
335 4988 437 5042 pro
459 4977 745 5031 modestia
761 4990 884 5041 sua,
909 4978 1250 5032 nominatim
1276 4993 1569 5046 expresso.
1616 4982 1720 5033 Er-

99 5061 231 5101 rore
278 5048 610 5114 scribentis,
666 5055 770 5103 aut
811 5051 981 5115 lapsu
1015 5052 1298 5104 sermonis
1343 5053 1718 5118 deprehenso.

97 5119 351 5172 schedas
376 5120 583 5187 corrigi
606 5127 664 5176 et
686 5122 979 5175 emendari
1003 5123 1303 5187 voluisset,
1326 5137 1446 5177 non
1470 5124 1613 5178 falsa
1635 5125 1719 5177 iu-

96 5191 323 5254 terseri,
344 5193 522 5242 utvita
542 5194 737 5258 fratris
765 5195 1155 5259 infamaretur.
1191 5198 1378 5259 Quum
1401 5196 1604 5249 falsam
1618 5196 1720 5249 hu-

92 5262 354 5329 iusmodi
367 5265 1026 5319 sententiamMediolani
1038 5267 1146 5320 sibi
1157 5268 1419 5321 recitaret
1430 5269 1716 5322 Eusebius

96 5340 160 5388 et
190 5335 267 5388 ab
293 5346 375 5397 se,
401 5347 535 5401 qua
556 5337 800 5403 legebat,
828 5337 973 5390 falsa
997 5350 1126 5391 esse
1165 5338 1508 5401 dicerentur,
1547 5340 1716 5390 inter-

94 5410 355 5470 rogatum
368 5423 405 5458 a
432 5423 540 5473 quo
561 5410 838 5476 accepisset
853 5410 1211 5476 exemplaria,
1229 5412 1597 5476 respondisse
1640 5412 1716 5464 si-

93 5479 411 5542 gnificavit,
429 5486 745 5532 matronam
762 5483 1469 5549 quandu-mMarcellam)sibi
1494 5485 1709 5535 dedisse.

92 5551 176 5602 De
209 5564 281 5604 ea
316 5552 570 5616 Ruﬁnus,
609 5568 957 5619 quacumque
999 5554 1097 5605 illa
1134 5560 1227 5617 est,
1266 5557 1406 5609 nihil
1433 5570 1494 5608 se
1528 5557 1714 5610 dicere

94 5623 425 5687 scribit,sed
450 5625 541 5677 sui
564 5638 691 5678 eam
708 5631 766 5678 et
792 5626 893 5678 Dei
910 5627 1281 5680 conscientiae
1303 5628 1711 5694 derelinquere.

89 5696 207 5748 Sibi
235 5708 372 5749 vero
417 5698 518 5750 Dei
544 5699 973 5763 testimonium,
1028 5699 1254 5752 Macarii
1295 5706 1354 5753 et
1403 5701 1713 5766 Aproniani

96 5767 362 5820 sufficere
380 5808 392 5831 ,
420 5768 521 5832 qui
538 5769 781 5822 schedas
795 5772 1185 5839 autographae
1199 5773 1447 5824 necdum
1465 5772 1713 5839 comple-

93 5842 216 5904 tas,
258 5829 509 5892 abinitio
545 5840 809 5904 legerint,
846 5829 903 5895 et
938 5829 1266 5894 Etiamnum
1307 5829 1712 5897 assumentiim

90 5901 239 5962 illud
273 5901 663 5966 adulterinum
698 5914 1075 5974 servet:Quia
1117 5914 1255 5965 sicut
1284 5916 1457 5967 Filius
1486 5931 1599 5968 non
1630 5917 1715 5967 vi-

89 5982 181 6035 det
236 5983 474 6048 Patrem,
516 5985 596 6038 ita
639 6000 734 6038 nec
788 5985 1032 6052 Spiritus
1082 5985 1314 6042 Sanctus
1370 5987 1575 6043 Filium
1627 5990 1710 6042 vi-

1819 1974 2028 2026 diserte
2063 1975 2451 2040 spoponderit,
2473 1990 2527 2025 se
2548 1976 2899 2039 omissurum,
2925 1989 3060 2041 quin
3088 1971 3429 2027 catholicam

1817 2045 2155 2109 religionem
2178 2047 2554 2102 offenderent.
2567 2051 2771 2112 utpote
2795 2060 2892 2113 per
2912 2047 3215 2101 haereticos
3240 2043 3432 2108 Orige-

1818 2117 2003 2169 nianis
2029 2118 2255 2183 scriptis
2275 2119 2510 2181 inserta,
2534 2118 2629 2172 vel
2651 2120 2825 2171 etiam
2840 2120 2914 2172 ab
2930 2120 3174 2186 ipsomet
3187 2115 3431 2181 Origene

1817 2188 2047 2240 incaute
2071 2190 2327 2254 quidem,
2350 2204 2471 2242 non
2493 2192 2761 2243 consulto
2784 2190 3021 2256 prolata.
3041 2192 3110 2242 Se
3133 2192 3434 2255 propterea

1817 2260 1961 2312 nihil
2004 2262 2226 2325 absque
2278 2263 2568 2327 promisso
2606 2263 2699 2315 vel
2732 2264 2956 2316 ratione
3006 2263 3228 2323 fecisse,
3252 2256 3438 2325 pergit

1818 2332 2139 2395 ostendere,
2167 2333 2227 2384 in
2245 2333 2686 2398 quatuorlibris,
2710 2335 2783 2386 ab
2797 2347 2858 2387 se
2880 2335 3163 2387 latinitate
3184 2329 3434 2392 donatis,

1818 2403 1919 2455 ubi
1936 2406 2183 2470 sparsim
2205 2405 2277 2457 de
2293 2405 2569 2470 Trinitate
2586 2418 2685 2470 per
2700 2404 2959 2470 singulas
2977 2405 3220 2470 paginas
3233 2402 3434 2470 dispu-

1823 2465 1995 2529 tatur‘,
2031 2468 2253 2523 nullum
2300 2468 2476 2520 alium
2521 2465 2823 2533 repertum'
2850 2465 3081 2531 locu'm,‘
3089 2468 3141 2521 ei
3167 2465 3436 2525 similem,

1821 2550 1991 2601 quem
2008 2538 2563 2603 produxerat.Quare
2577 2541 2621 2591 si
2642 2553 2742 2605 per
2756 2553 2928 2593 omne
2937 2540 3215 2593 librorum
3229 2548 3440 2601 corpus

1822 2622 2114 2674 nusquam
2169 2611 2246 2664 sit
2294 2611 2390 2663 illa
2430 2610 2750 2664 differentia
2803 2611 3121 2675 Trinitatis,
3166 2608 3279 2662 dici
3323 2619 3441 2661 non

1824 2694 2014 2744 posse,
2041 2694 2160 2735 uno
2183 2682 2303 2735 solo
2324 2682 2509 2747 capite
2530 2683 2801 2737 haeresim
2829 2685 2903 2737 ab
2922 2683 3019 2737 illo
3043 2682 3442 2736 confirmatam

1825 2754 2024 2819 fuisse,
2043 2756 2140 2820 qui
2161 2770 2283 2805 eam
2308 2756 2455 2807 mille
2473 2755 2741 2822 capitibus
2760 2755 3170 2822 expugnaverit.
3184 2752 3380 2817 Addit,
3391 2751 3443 2806 si

1826 2834 1888 2887 in
1904 2836 2138 2888 schedis
2158 2837 2283 2889 suis
2308 2837 2452 2890 illud
2470 2849 2605 2890 vere
2628 2842 2919 2903 repertum
2932 2837 3159 2896 fuisset,
3176 2836 3369 2901 ipsum
3380 2837 3441 2888 et

1828 2907 2103 2959 Rufinum
2129 2913 2269 2960 tunc
2302 2910 2502 2963 Romte
2526 2914 2894 2976 praesentem,
2922 2912 2981 2963 et
3027 2922 3164 2962 cum
3192 2904 3442 2961 Eusebio

1827 2977 1887 3030 in
1925 2980 2188 3032 oratione
2232 2980 2754 3034 communicantem
2806 2981 3098 3035 conveniri
3148 2978 3441 3041 debuisse,

1830 3048 2018 3113 deque
2041 3064 2227 3103 errore
2244 3052 2485 3116 moneri,
2502 3056 2569 3104 ut
2584 3052 2794 3117 scripta
2807 3052 3070 3105 nondum
3089 3050 3244 3105 edita
3256 3060 3445 3103 emen-

1830 3120 2128 3174 darentur:
2146 3121 2208 3173 Si
2230 3123 2344 3185 hoc,
2377 3124 2582 3189 inquit,
2607 3123 2669 3174 in
2688 3125 2821 3174 meis
2848 3123 3039 3175 litteris
3060 3122 3366 3181 invenisset,
3391 3127 3443 3171 et

1830 3207 1946 3243 vere
1963 3193 2284 3260 scrupulum
2302 3194 2542 3260 aliquem
2560 3210 2629 3246 ea:
2655 3195 2775 3261 ipsa
2789 3195 3004 3246 lectione
3014 3195 3247 3260 cepisset,
3265 3207 3439 3259 quum

1830 3279 1930 3328 me,
1973 3266 2110 3316 sicut
2139 3268 2250 3333 ipse
2270 3269 2432 3333 nosti,
2462 3269 2642 3319 Romae
2658 3268 2922 3334 positum,
2960 3268 3173 3319 haberet
3204 3279 3441 3333 prasen-

1831 3342 1952 3399 tem,
1978 3340 2236 3391 continuo
2272 3340 2459 3406 utique
2478 3341 2792 3406 perquisset,
2822 3344 2869 3391 et
2888 3341 3011 3406 ipsa
3032 3339 3107 3391 ad
3128 3353 3213 3390 me
3233 3337 3438 3404 scripta

1827 3409 2112 3472 detulisset;
2147 3412 2348 3478 quippe
2379 3413 2478 3477 qui
2508 3427 2679 3477 usque
2711 3412 2786 3462 ad
2814 3412 2998 3477 ipsum
3034 3416 3242 3477 tempus
3274 3409 3440 3461 etiam

1820 3480 2000 3531 videre
2024 3498 2109 3533 me
2137 3490 2183 3533 et
2198 3483 2457 3545 salutare,
2485 3489 2532 3534 et
2559 3485 2622 3534 in
2650 3484 2899 3535 oratione
2920 3479 3436 3535 communicaresoli

1822 3559 1909 3604 tus
1947 3560 2078 3608 erat.
2113 3555 2429 3607 Contulisset
2457 3556 2575 3607 sine
2597 3555 2763 3608 dubio
2785 3571 2997 3607 mecum
3016 3556 3081 3607 de
3104 3555 3209 3617 his,
3237 3553 3437 3620 quibus

1819 3625 2101 3676 videbatur
2140 3626 2365 3693 offendi.
2396 3627 2717 3693 Inquisisset
2752 3628 3022 3695 quomodo
3056 3643 3095 3679 a
3127 3642 3214 3679 me
3249 3626 3440 3691 fuisset

1815 3697 2115 3764 prolatum,
2158 3700 2429 3765 quomodo
2467 3700 2751 3751 haberetur
2786 3701 2848 3751 in
2874 3701 3070 3752 Greco.
3096 3700 3244 3752 Certe
3269 3698 3436 3750 etiam

1821 3769 1919 3820 hoc
1963 3770 2148 3835 glorias
2187 3773 2431 3837 sufficere
2460 3772 2564 3823 sibi
2584 3777 2845 3838 putasset,
2884 3773 2933 3824 si
2968 3774 3115 3823 visus
3157 3771 3345 3837 fuisset
3367 3770 3432 3821 in

1819 3841 1977 3892 dictis
2008 3844 2209 3894 nostris
2226 3844 2306 3897 vel
2324 3845 2541 3911 scriptis
2560 3844 2742 3910 fecisse
2780 3845 2999 3911 aliquid
3026 3860 3128 3911 per
3164 3859 3218 3895 se
3248 3859 3433 3895 emen-

1818 3914 1963 3964 dari.
1987 3914 2098 3965 Aut
2136 3916 2185 3966 si
2210 3916 2374 3979 furor
2393 3917 2576 3967 animi
2596 3931 2713 3968 non
2735 3922 2848 3967 tam
2867 3918 3154 3969 emendare
3175 3931 3438 3979 errorem,

1819 4000 1989 4051 quam
2028 3986 2275 4051 proferre
2322 3989 2384 4037 in
2416 3988 2695 4052 publicum
2736 3988 3093 4054 compulisset,
3124 3987 3242 4038 sine
3268 3986 3435 4038 dubio

1817 4072 2111 4122 nunquam
2146 4058 2371 4124 elegisset
2389 4058 2657 4110 absentem
2692 4059 2946 4121 lacerare,
2982 4073 3143 4124 quem
3177 4057 3435 4125 potuisse-

1818 4130 2041 4196 gravius
2074 4132 2356 4196 confutare
2391 4138 2725 4197 prasentem.
2776 4131 2881 4183 Sed
2911 4132 3079 4182 istum
3112 4130 3245 4197 quia
3305 4130 3437 4194 falsi

1818 4202 2143 4253 conscientia
2186 4203 2494 4265 deterrebat,
2550 4203 2625 4254 ad
2666 4218 2752 4255 me
2799 4204 3022 4270 quidem
3059 4203 3217 4268 cujus
3256 4207 3432 4263 erant,

1818 4274 2023 4339 scripta
2053 4291 2172 4341 quae
2206 4274 2404 4326 volebat
2440 4275 2735 4327 criminari
2777 4291 2893 4327 non
2932 4275 3151 4337 detulit,
3204 4273 3296 4325 sed
3335 4288 3432 4338 per

1818 4346 2021 4409 domos,
2065 4364 2164 4414 per
2200 4353 2499 4410 matronas,
2535 4363 2633 4415 per
2668 4348 3024 4412 monasteria,
3055 4362 3154 4413 per
3192 4344 3435 4411 singulos

1818 4432 2030 4483 quoque
2042 4420 2284 4483 fratrum
2306 4420 2634 4485 circumfert,
2660 4436 2769 4487 quo
2791 4421 2901 4471 solo
2922 4420 3087 4485 possit
3108 4416 3434 4470 conturbare

1816 4490 2033 4558 auditu,
2058 4493 2128 4542 Et
2136 4494 2251 4558 _hoc
2277 4493 2401 4557 fecit
2420 4492 2517 4558 sub
2538 4492 2655 4558 ipso
2677 4497 2927 4558 tempore,
2940 4506 3055 4558 quq
3077 4488 3354 4558 ωηίαιὲῑη
3367 4502 3436 4558 εξ

1818 4551 1948 4603 urbe
1970 4550 2388 4617 discederet,'nec
2408 4555 2487 4606 vel
2500 4550 3056 4620 comprehensus'facti
3077 4550 3436 4620 sui'redderet

1817 4638 2050 4677 caussas.
2065 4616 2379 4680 Eusebium
2390 4626 2587 4692 carpit,
2605 4616 2937 4693 quodjussu
2948 4622 3282 4690 Hieronymi
3310 4616 3436 4675 ma-

1736 4680 1795 4754 D
1814 4695 1972 4760 gistri
1994 4697 2098 4757 sui,
2117 4710 2218 4761 per
2243 4680 2424 4752 totam
2443 4680 2684 4764 Italiam,
2710 4680 2909 4752 tu'rbas
2935 4697 3044 4751 sibi
3069 4680 3428 4757 excitaverit,

1834 4769 2188 4821 conturbarit
2202 4770 2493 4835 ecclesias,
2512 4786 2672 4824 aures
2696 4771 3054 4835 sacerdotum,
3070 4768 3195 4824 sive
3214 4768 3436 4835 episco-

1832 4852 2036 4904 porum
2048 4839 2330 4905 polluerit,
2341 4843 2534 4896 Rufini
2546 4843 2844 4908 modestia,
2861 4845 3138 4909 tanquam
3148 4839 3436 4895 conscien-

1823 4910 1903 4964 tio
1935 4912 2242 4965 abutendo.
2261 4914 2310 4964 A
2326 4912 2609 4979 discipulo
2627 4915 2699 4967 ad
2722 4914 3054 4979 magistrum
3077 4912 3304 4978 transit,
3336 4910 3431 4965 cui

1821 4983 2238 5049 objicitnovam
2252 4983 2525 5037 ﬁbrarum
2540 4986 2883 5039 Periarchon
2903 4984 3430 5051 interpretationem

1819 5056 1893 5109 ab
1916 5055 2010 5108 illo
2032 5055 2389 5119 adornatam,
2414 5056 2705 5121 omnibus,
2729 5070 2862 5121 qum
2887 5057 3031 5122 ipse,
3052 5061 3122 5110 ut
3139 5056 3287 5123 imp‘
3313 5057 3436 5110 iba-

1819 5127 1953 5180 bilia
2015 5127 2475 5193 prietermiserat,
2522 5128 2710 5181 eidem
2746 5129 3013 5182 insertis:
3054 5129 3120 5179 Ut
3164 5129 3277 5180 Ron
3332 5127 3433 5191 mi,

1812 5198 2019 5264 inquit,
2044 5217 2139 5266 per
2162 5202 2342 5267 ipsum
2364 5205 2683 5265 cognoscant
2718 5200 2968 5266 Origenis
2990 5199 3161 5262 mala,
3185 5206 3230 5251 et
3260 5201 3313 5266 ὀρ
3328 5214 3428 5251 no-

1814 5276 1934 5322 rent
1975 5273 2139 5339 bona;
2166 5274 2472 5340 scripserat
2499 5272 2653 5326 enim
2687 5273 3076 5338 Hieronymus
3117 5272 3429 5338 aliquando

1814 5342 1887 5395 ad
1928 5344 2342 5408 Vigilantium:
2375 5347 2479 5397 Per
2526 5360 2609 5397 me
2633 5344 2816 5397 Latini
2857 5349 3183 5407 cognoscunt
3243 5358 3429 5395 omnes

1817 5414 2064 5479 Origcnis
2088 5418 2254 5478 mala,
2301 5424 2347 5469 et
2384 5420 2644 5485 ignorant
2689 5416 2847 5470 bona.
2886 5418 3055 5480 1Eng
3096 5415 3224 5479 fert,
3267 5427 3331 5468 se
3364 5414 3429 5470 in

1812 5486 2102 5541 haereseos
2148 5490 2538 5557 suspicionem
2580 5490 2806 5554 adduci,
2852 5487 3241 5540 incessabiliter
3274 5487 3430 5542 mitti

1817 5560 2004 5620 Canes,
2040 5561 2140 5625 qui
2188 5574 2253 5614 se
2292 5578 2390 5627 per
2418 5564 2589 5626 urbes,
2632 5580 2733 5631 per
2760 5564 2919 5623 vicos,
2947 5576 3044 5628 per
3084 5561 3187 5611 iter
3214 5575 3427 5626 quoque

1815 5638 2199 5694 transeuntem,
2255 5635 2671 5687 calumniarum
2734 5634 3018 5687 latratibus
3079 5634 3428 5685 insectentur.

1814 5705 2067 5757 Tandem
2092 5705 2163 5757 ad
2194 5705 2611 5771 Hieronymum
2655 5708 2849 5772 ipsum
2890 5706 3207 5760 orationem
3260 5717 3429 5759 suam

1812 5776 2218 5842 convertit,qui
2226 5776 2463 5842 jamdud
2472 5780 3013 5841 um,utecclesiarum
3026 5778 3353 5844 magistrum
3362 5778 3425 5831 in

1811 5847 2012 5901 decem
2039 5848 2183 5902 locis
2207 5847 2788 5915 laudaritOrigenem,
2803 5852 2941 5903 tunc
2960 5851 3225 5905 nondum
3248 5849 3432 5903 imre-

1809 5919 2008 5975 ticum.
2033 5922 2101 5975 In
2115 5921 2225 5976 hoc
2248 5919 2507 5989 pressius
2529 5920 2965 5987 Hieronymum.
2997 5934 3177 5988 quem
3200 5933 3426 5987 semper

1807 5994 2138 6060 magistrum
2158 5993 2422 6062 appellat,
2438 5993 2729 6062 exagitare
2748 6005 2870 6051 non
2883 5998 3095 6059 cessat,
3109 6004 3418 6051 censuram
