  <div class='ocr_page' id='page_1' title='image "/cluster/home/n/w/nwhite01/storage/ocr_20150623/21/umn.319510024773153/077.png"; bbox 0 0 3894 6438; ppageno 0'>
   <div class='ocr_carea' id='block_1_1' title="bbox 478 453 581 511">
    <p class='ocr_par' dir='ltr' id='par_1_1' title="bbox 478 453 581 511">
     <span class='ocr_line' id='line_1_1' title="bbox 478 453 581 511; baseline -0.019 0"><span class='ocrx_word' id='word_1_1' title='bbox 478 453 581 511; x_wconf 72' lang='grc'>147</span> 
     </span>
    </p>
   </div>
   <div class='ocr_carea' id='block_1_2' title="bbox 1771 446 2485 500">
    <p class='ocr_par' dir='ltr' id='par_1_2' title="bbox 1771 446 2485 500">
     <span class='ocr_line' id='line_1_2' title="bbox 1771 446 2485 500; baseline 0.003 -3"><span class='ocrx_word' id='word_1_2' title='bbox 1771 446 2015 498; x_wconf 82' lang='lat' dir='ltr'>RUFINI</span> <span class='ocrx_word' id='word_1_3' title='bbox 2046 446 2485 500; x_wconf 83' lang='lat' dir='ltr'>PRESBYTERI</span> 
     </span>
    </p>
   </div>
   <div class='ocr_carea' id='block_1_3' title="bbox 3671 442 3772 501">
    <p class='ocr_par' dir='ltr' id='par_1_3' title="bbox 3671 442 3772 501">
     <span class='ocr_line' id='line_1_3' title="bbox 3671 442 3772 501; baseline -0.02 0"><span class='ocrx_word' id='word_1_4' title='bbox 3671 442 3772 501; x_wconf 72' lang='grc'>148</span> 
     </span>
    </p>
   </div>
   <div class='ocr_carea' id='block_1_4' title="bbox 477 560 3787 641">
    <p class='ocr_par' dir='ltr' id='par_1_4' title="bbox 477 560 3787 641">
     <span class='ocr_line' id='line_1_4' title="bbox 477 560 3787 641; baseline -0.003 -18"><span class='ocrx_word' id='word_1_5' title='bbox 477 570 759 623; x_wconf 78' lang='lat' dir='ltr'>immitem</span> <span class='ocrx_word' id='word_1_6' title='bbox 783 566 1277 641; x_wconf 81' lang='lat' dir='ltr'>exercensinejus</span> <span class='ocrx_word' id='word_1_7' title='bbox 1292 561 2082 641; x_wconf 62' lang='lat' dir='ltr'>commentariosjampridem</span> <span class='ocrx_word' id='word_1_8' title='bbox 2101 567 2157 641; x_wconf 76' lang='grc' dir='ltr'>Α</span> <span class='ocrx_word' id='word_1_9' title='bbox 2186 576 2314 618; x_wconf 90' lang='lat' dir='ltr'>eam</span> <span class='ocrx_word' id='word_1_10' title='bbox 2343 564 2492 641; x_wconf 88' lang='lat' dir='ltr'>nolle</span> <span class='ocrx_word' id='word_1_11' title='bbox 2524 566 2719 641; x_wconf 85' lang='lat' dir='ltr'>tamen</span> <span class='ocrx_word' id='word_1_12' title='bbox 2765 576 2827 617; x_wconf 89' lang='lat' dir='ltr'>se</span> <span class='ocrx_word' id='word_1_13' title='bbox 2862 563 3154 641; x_wconf 75' lang='lat' dir='ltr'>publicare</span> <span class='ocrx_word' id='word_1_14' title='bbox 3188 563 3319 641; x_wconf 79' lang='lat' dir='ltr'>ante</span> <span class='ocrx_word' id='word_1_15' title='bbox 3344 565 3612 641; x_wconf 73' lang='lat' dir='ltr'>tempus,</span> <span class='ocrx_word' id='word_1_16' title='bbox 3654 560 3787 641; x_wconf 79' lang='lat' dir='ltr'>quia</span> 
     </span>
    </p>
   </div>
   <div class='ocr_carea' id='block_1_5' title="bbox 478 634 2083 706">
    <p class='ocr_par' dir='ltr' id='par_1_5' title="bbox 478 634 2083 706">
     <span class='ocr_line' id='line_1_5' title="bbox 478 634 2083 706; baseline -0.006 -10"><span class='ocrx_word' id='word_1_17' title='bbox 478 644 723 696; x_wconf 87' lang='lat' dir='ltr'>emissos</span> <span class='ocrx_word' id='word_1_18' title='bbox 763 654 935 706; x_wconf 87' lang='lat' dir='ltr'>super</span> <span class='ocrx_word' id='word_1_19' title='bbox 972 639 1237 701; x_wconf 78' lang='lat' dir='ltr'>epistolas</span> <span class='ocrx_word' id='word_1_20' title='bbox 1280 636 1471 689; x_wconf 80' lang='lat' dir='ltr'>Sancti</span> <span class='ocrx_word' id='word_1_21' title='bbox 1517 634 1692 687; x_wconf 85' lang='lat' dir='ltr'>Pauli.</span> <span class='ocrx_word' id='word_1_22' title='bbox 1743 635 1853 687; x_wconf 89' lang='lat' dir='ltr'>Sed</span> <span class='ocrx_word' id='word_1_23' title='bbox 1899 648 2083 706; x_wconf 87' lang='lat' dir='ltr'>quum</span> 
     </span>
    </p>
   </div>
   <div class='ocr_carea' id='block_1_6' title="bbox 478 705 2082 767">
    <p class='ocr_par' dir='ltr' id='par_1_6' title="bbox 478 705 2082 767">
     <span class='ocr_line' id='line_1_6' title="bbox 478 705 2082 767; baseline -0.004 0"><span class='ocrx_word' id='word_1_24' title='bbox 478 715 675 767; x_wconf 85' lang='lat' dir='ltr'>Sixtus</span> <span class='ocrx_word' id='word_1_25' title='bbox 705 705 971 765; x_wconf 89' lang='lat' dir='ltr'>Senensis</span> <span class='ocrx_word' id='word_1_26' title='bbox 996 712 1054 763; x_wconf 92' lang='lat' dir='ltr'>in</span> <span class='ocrx_word' id='word_1_27' title='bbox 1089 709 1435 762; x_wconf 91' lang='lat' dir='ltr'>Bibliotheca</span> <span class='ocrx_word' id='word_1_28' title='bbox 1462 708 1560 760; x_wconf 90' lang='lat' dir='ltr'>lib.</span> <span class='ocrx_word' id='word_1_29' title='bbox 1598 708 1691 758; x_wconf 88' lang='lat' dir='ltr'>VI.</span> <span class='ocrx_word' id='word_1_30' title='bbox 1723 708 1931 759; x_wconf 81' lang='lat' dir='ltr'>Annot.</span> <span class='ocrx_word' id='word_1_31' title='bbox 1957 705 2082 761; x_wconf 71' lang='lat'>287.</span> 
     </span>
    </p>
   </div>
   <div class='ocr_carea' id='block_1_7' title="bbox 477 779 2083 850">
    <p class='ocr_par' dir='ltr' id='par_1_7' title="bbox 477 779 2083 850">
     <span class='ocr_line' id='line_1_7' title="bbox 477 779 2083 850; baseline -0.005 -11"><span class='ocrx_word' id='word_1_32' title='bbox 477 792 535 839; x_wconf 89' lang='lat' dir='ltr'>et</span> <span class='ocrx_word' id='word_1_33' title='bbox 569 786 965 850; x_wconf 77' lang='lat' dir='ltr'>sequentibus,</span> <span class='ocrx_word' id='word_1_34' title='bbox 995 783 1249 845; x_wconf 88' lang='lat' dir='ltr'>singulas</span> <span class='ocrx_word' id='word_1_35' title='bbox 1283 780 1475 833; x_wconf 78' lang='lat' dir='ltr'>Ruﬁni</span> <span class='ocrx_word' id='word_1_36' title='bbox 1517 779 1914 833; x_wconf 72' lang='lat' dir='ltr'>accusationes</span> <span class='ocrx_word' id='word_1_37' title='bbox 1948 792 2083 831; x_wconf 91' lang='lat' dir='ltr'>cum</span> 
     </span>
    </p>
   </div>
   <div class='ocr_carea' id='block_1_8' title="bbox 477 850 2082 922">
    <p class='ocr_par' dir='ltr' id='par_1_8' title="bbox 477 850 2082 922">
     <span class='ocr_line' id='line_1_8' title="bbox 477 850 2082 922; baseline -0.004 -13"><span class='ocrx_word' id='word_1_38' title='bbox 477 857 807 922; x_wconf 77' lang='lat' dir='ltr'>Hieronymi</span> <span class='ocrx_word' id='word_1_39' title='bbox 836 854 1305 918; x_wconf 88' lang='lat' dir='ltr'>responsionibus</span> <span class='ocrx_word' id='word_1_40' title='bbox 1327 851 1634 917; x_wconf 82' lang='lat' dir='ltr'>diligenter</span> <span class='ocrx_word' id='word_1_41' title='bbox 1649 850 1971 915; x_wconf 81' lang='lat' dir='ltr'>adduxerit,</span> <span class='ocrx_word' id='word_1_42' title='bbox 1983 863 2082 904; x_wconf 90' lang='lat' dir='ltr'>eas</span> 
     </span>
    </p>
   </div>
   <div class='ocr_carea' id='block_1_9' title="bbox 475 927 1039 980">
    <p class='ocr_par' dir='ltr' id='par_1_9' title="bbox 475 927 1039 980">
     <span class='ocr_line' id='line_1_9' title="bbox 475 927 1039 980; baseline -0.009 1"><span class='ocrx_word' id='word_1_43' title='bbox 475 928 755 980; x_wconf 74' lang='lat' dir='ltr'>indicasse</span> <span class='ocrx_word' id='word_1_44' title='bbox 780 927 1039 977; x_wconf 71' lang='lat' dir='ltr'>sufﬁciat.</span> 
     </span>
    </p>
   </div>
   <div class='ocr_carea' id='block_1_10' title="bbox 538 994 2082 1061">
    <p class='ocr_par' dir='ltr' id='par_1_10' title="bbox 538 994 2082 1061">
     <span class='ocr_line' id='line_1_10' title="bbox 538 994 2082 1061; baseline -0.003 -10"><span class='ocrx_word' id='word_1_45' title='bbox 538 1002 631 1051; x_wconf 89' lang='lat' dir='ltr'>IV.</span> <span class='ocrx_word' id='word_1_46' title='bbox 669 1000 977 1061; x_wconf 83' lang='lat' dir='ltr'>Postquam</span> <span class='ocrx_word' id='word_1_47' title='bbox 1013 995 1354 1060; x_wconf 87' lang='lat' dir='ltr'>dogmaticis</span> <span class='ocrx_word' id='word_1_48' title='bbox 1387 994 1825 1058; x_wconf 88' lang='lat' dir='ltr'>objectionibus,</span> <span class='ocrx_word' id='word_1_49' title='bbox 1872 997 1938 1046; x_wconf 87' lang='lat' dir='ltr'>ut</span> <span class='ocrx_word' id='word_1_50' title='bbox 1983 994 2082 1055; x_wconf 87' lang='lat' dir='ltr'>ait,</span> 
     </span>
    </p>
   </div>
   <div class='ocr_carea' id='block_1_11' title="bbox 477 1066 2083 1132">
    <p class='ocr_par' dir='ltr' id='par_1_11' title="bbox 477 1066 2083 1132">
     <span class='ocr_line' id='line_1_11' title="bbox 477 1066 2083 1132; baseline -0.002 -10"><span class='ocrx_word' id='word_1_51' title='bbox 477 1071 756 1122; x_wconf 89' lang='lat' dir='ltr'>immerito</span> <span class='ocrx_word' id='word_1_52' title='bbox 782 1068 1183 1132; x_wconf 86' lang='lat' dir='ltr'>sibiimpactis,</span> <span class='ocrx_word' id='word_1_53' title='bbox 1196 1068 1256 1119; x_wconf 91' lang='lat' dir='ltr'>iu</span> <span class='ocrx_word' id='word_1_54' title='bbox 1273 1066 1474 1132; x_wconf 82' lang='lat' dir='ltr'>prioris</span> <span class='ocrx_word' id='word_1_55' title='bbox 1494 1078 1616 1118; x_wconf 73' lang='lat' dir='ltr'>suae</span> <span class='ocrx_word' id='word_1_56' title='bbox 1632 1066 1925 1131; x_wconf 64' lang='lat' dir='ltr'>Apologia:</span> <span class='ocrx_word' id='word_1_57' title='bbox 1940 1066 2083 1118; x_wconf 86' lang='lat' dir='ltr'>libro</span> 
     </span>
    </p>
   </div>
   <div class='ocr_carea' id='block_1_12' title="bbox 475 1138 2080 1206">
    <p class='ocr_par' dir='ltr' id='par_1_12' title="bbox 475 1138 2080 1206">
     <span class='ocr_line' id='line_1_12' title="bbox 475 1138 2080 1206; baseline -0.002 -13"><span class='ocrx_word' id='word_1_58' title='bbox 475 1142 784 1206; x_wconf 86' lang='lat' dir='ltr'>respondit,</span> <span class='ocrx_word' id='word_1_59' title='bbox 811 1141 871 1192; x_wconf 92' lang='lat' dir='ltr'>in</span> <span class='ocrx_word' id='word_1_60' title='bbox 894 1141 1074 1192; x_wconf 90' lang='lat' dir='ltr'>altero</span> <span class='ocrx_word' id='word_1_61' title='bbox 1105 1140 1261 1191; x_wconf 89' lang='lat' dir='ltr'>varia</span> <span class='ocrx_word' id='word_1_62' title='bbox 1283 1139 1344 1189; x_wconf 89' lang='lat' dir='ltr'>in</span> <span class='ocrx_word' id='word_1_63' title='bbox 1370 1138 1785 1201; x_wconf 84' lang='lat' dir='ltr'>Hieronymum</span> <span class='ocrx_word' id='word_1_64' title='bbox 1802 1138 2080 1202; x_wconf 83' lang='lat' dir='ltr'>congerit.</span> 
     </span>
    </p>
   </div>
   <div class='ocr_carea' id='block_1_13' title="bbox 475 1210 2084 1277">
    <p class='ocr_par' dir='ltr' id='par_1_13' title="bbox 475 1210 2084 1277">
     <span class='ocr_line' id='line_1_13' title="bbox 475 1210 2084 1277; baseline -0.004 -12"><span class='ocrx_word' id='word_1_65' title='bbox 475 1214 642 1265; x_wconf 89' lang='lat' dir='ltr'>Dolet</span> <span class='ocrx_word' id='word_1_66' title='bbox 664 1213 845 1277; x_wconf 90' lang='lat' dir='ltr'>primo</span> <span class='ocrx_word' id='word_1_67' title='bbox 869 1211 993 1263; x_wconf 92' lang='lat' dir='ltr'>loco</span> <span class='ocrx_word' id='word_1_68' title='bbox 1019 1210 1238 1275; x_wconf 78' lang='lat' dir='ltr'>jactari,</span> <span class='ocrx_word' id='word_1_69' title='bbox 1266 1210 1649 1271; x_wconf 82' lang='lat' dir='ltr'>con/&#39;cederatos</span> <span class='ocrx_word' id='word_1_70' title='bbox 1684 1225 1788 1258; x_wconf 86' lang='lat' dir='ltr'>esse</span> <span class='ocrx_word' id='word_1_71' title='bbox 1820 1210 2084 1273; x_wconf 83' lang='lat' dir='ltr'>quosdam</span> 
     </span>
    </p>
   </div>
   <div class='ocr_carea' id='block_1_14' title="bbox 480 1280 2083 1348">
    <p class='ocr_par' dir='ltr' id='par_1_14' title="bbox 480 1280 2083 1348">
     <span class='ocr_line' id='line_1_14' title="bbox 480 1280 2083 1348; baseline -0.004 -14"><span class='ocrx_word' id='word_1_72' title='bbox 480 1284 700 1348; x_wconf 86' lang='lat' dir='ltr'>Origeni</span> <span class='ocrx_word' id='word_1_73' title='bbox 719 1284 793 1332; x_wconf 86' lang='lat' dir='ltr'>ad</span> <span class='ocrx_word' id='word_1_74' title='bbox 806 1282 1133 1348; x_wconf 87' lang='lat' dir='ltr'>perjurium,</span> <span class='ocrx_word' id='word_1_75' title='bbox 1152 1287 1196 1329; x_wconf 88' lang='lat' dir='ltr'>et</span> <span class='ocrx_word' id='word_1_76' title='bbox 1216 1282 1360 1329; x_wconf 87' lang='lat' dir='ltr'>istud</span> <span class='ocrx_word' id='word_1_77' title='bbox 1387 1280 1617 1343; x_wconf 65' lang='lat' dir='ltr'>mysticae</span> <span class='ocrx_word' id='word_1_78' title='bbox 1642 1281 1962 1330; x_wconf 88' lang='lat' dir='ltr'>traditionis</span> <span class='ocrx_word' id='word_1_79' title='bbox 1983 1297 2083 1330; x_wconf 86' lang='lat' dir='ltr'>ar-</span> 
     </span>
    </p>
   </div>
   <div class='ocr_carea' id='block_1_15' title="bbox 478 1351 2080 1417">
    <p class='ocr_par' dir='ltr' id='par_1_15' title="bbox 478 1351 2080 1417">
     <span class='ocr_line' id='line_1_15' title="bbox 478 1351 2080 1417; baseline -0.001 -12"><span class='ocrx_word' id='word_1_80' title='bbox 478 1372 695 1415; x_wconf 86' lang='lat' dir='ltr'>canum,</span> <span class='ocrx_word' id='word_1_81' title='bbox 720 1354 1091 1404; x_wconf 86' lang='lat' dir='ltr'>absconditum</span> <span class='ocrx_word' id='word_1_82' title='bbox 1107 1368 1209 1402; x_wconf 84' lang='lat' dir='ltr'>esse</span> <span class='ocrx_word' id='word_1_83' title='bbox 1246 1353 1467 1401; x_wconf 72' lang='lat' dir='ltr'>inserto</span> <span class='ocrx_word' id='word_1_84' title='bbox 1502 1351 1855 1401; x_wconf 88' lang='lat' dir='ltr'>Stromatum.</span> <span class='ocrx_word' id='word_1_85' title='bbox 1882 1354 2080 1417; x_wconf 85' lang='lat' dir='ltr'>Negat.</span> 
     </span>
    </p>
   </div>
   <div class='ocr_carea' id='block_1_16' title="bbox 480 1422 2083 1491">
    <p class='ocr_par' dir='ltr' id='par_1_16' title="bbox 480 1422 2083 1491">
     <span class='ocr_line' id='line_1_16' title="bbox 480 1422 2083 1491; baseline -0.003 -13"><span class='ocrx_word' id='word_1_86' title='bbox 480 1435 536 1479; x_wconf 89' lang='lat' dir='ltr'>et</span> <span class='ocrx_word' id='word_1_87' title='bbox 558 1430 927 1491; x_wconf 84' lang='lat' dir='ltr'>pernegat,se</span> <span class='ocrx_word' id='word_1_88' title='bbox 954 1425 1096 1476; x_wconf 87' lang='lat' dir='ltr'>scire</span> <span class='ocrx_word' id='word_1_89' title='bbox 1132 1424 1273 1487; x_wconf 91' lang='lat' dir='ltr'>quid</span> <span class='ocrx_word' id='word_1_90' title='bbox 1314 1424 1429 1475; x_wconf 91' lang='lat' dir='ltr'>sint</span> <span class='ocrx_word' id='word_1_91' title='bbox 1463 1422 1802 1472; x_wconf 82' lang='lat' dir='ltr'>Stromalum</span> <span class='ocrx_word' id='word_1_92' title='bbox 1832 1422 1976 1486; x_wconf 90' lang='lat' dir='ltr'>libri,</span> <span class='ocrx_word' id='word_1_93' title='bbox 2009 1424 2083 1475; x_wconf 84' lang='lat' dir='ltr'>ab</span> 
     </span>
    </p>
   </div>
   <div class='ocr_carea' id='block_1_17' title="bbox 482 1492 2086 1561">
    <p class='ocr_par' dir='ltr' id='par_1_17' title="bbox 482 1492 2086 1561">
     <span class='ocr_line' id='line_1_17' title="bbox 482 1492 2086 1561; baseline -0.002 -12"><span class='ocrx_word' id='word_1_94' title='bbox 482 1498 718 1561; x_wconf 79' lang='lat' dir='ltr'>Origene</span> <span class='ocrx_word' id='word_1_95' title='bbox 734 1496 944 1560; x_wconf 89' lang='lat' dir='ltr'>scripti,</span> <span class='ocrx_word' id='word_1_96' title='bbox 966 1508 1141 1558; x_wconf 90' lang='lat' dir='ltr'>seque</span> <span class='ocrx_word' id='word_1_97' title='bbox 1158 1494 1286 1545; x_wconf 90' lang='lat' dir='ltr'>illos</span> <span class='ocrx_word' id='word_1_98' title='bbox 1305 1506 1557 1557; x_wconf 82' lang='lat' dir='ltr'>unquam</span> <span class='ocrx_word' id='word_1_99' title='bbox 1573 1492 1798 1557; x_wconf 88' lang='lat' dir='ltr'>legisse.</span> <span class='ocrx_word' id='word_1_100' title='bbox 1818 1494 1907 1545; x_wconf 86' lang='lat' dir='ltr'>Ab</span> <span class='ocrx_word' id='word_1_101' title='bbox 1929 1494 2086 1546; x_wconf 92' lang='lat' dir='ltr'>omni</span> 
     </span>
    </p>
   </div>
   <div class='ocr_carea' id='block_1_18' title="bbox 481 1565 2084 1634">
    <p class='ocr_par' dir='ltr' id='par_1_18' title="bbox 481 1565 2084 1634">
     <span class='ocr_line' id='line_1_18' title="bbox 481 1565 2084 1634; baseline -0.002 -14"><span class='ocrx_word' id='word_1_102' title='bbox 481 1568 724 1634; x_wconf 85' lang='lat' dir='ltr'>perjurio</span> <span class='ocrx_word' id='word_1_103' title='bbox 748 1580 809 1618; x_wconf 90' lang='lat' dir='ltr'>se</span> <span class='ocrx_word' id='word_1_104' title='bbox 831 1567 1082 1618; x_wconf 88' lang='lat' dir='ltr'>alienum</span> <span class='ocrx_word' id='word_1_105' title='bbox 1097 1565 1412 1630; x_wconf 85' lang='lat' dir='ltr'>profitetur,</span> <span class='ocrx_word' id='word_1_106' title='bbox 1430 1569 1488 1616; x_wconf 92' lang='lat' dir='ltr'>et</span> <span class='ocrx_word' id='word_1_107' title='bbox 1506 1577 1677 1616; x_wconf 90' lang='lat' dir='ltr'>secus</span> <span class='ocrx_word' id='word_1_108' title='bbox 1700 1566 2084 1618; x_wconf 88' lang='lat' dir='ltr'>sentientibus</span> 
     </span>
    </p>
   </div>
   <div class='ocr_carea' id='block_1_19' title="bbox 480 1637 2085 1701">
    <p class='ocr_par' dir='ltr' id='par_1_19' title="bbox 480 1637 2085 1701">
     <span class='ocr_line' id='line_1_19' title="bbox 480 1637 2085 1701; baseline -0.004 -8"><span class='ocrx_word' id='word_1_109' title='bbox 480 1640 785 1693; x_wconf 86' lang='lat' dir='ltr'>anathema</span> <span class='ocrx_word' id='word_1_110' title='bbox 806 1639 941 1690; x_wconf 88' lang='lat' dir='ltr'>dicit</span> <span class='ocrx_word' id='word_1_111' title='bbox 963 1638 1054 1689; x_wconf 88' lang='lat' dir='ltr'>his</span> <span class='ocrx_word' id='word_1_112' title='bbox 1080 1638 1294 1691; x_wconf 79' lang='lat' dir='ltr'>verbis:</span> <span class='ocrx_word' id='word_1_113' title='bbox 1315 1638 1501 1688; x_wconf 89' lang='lat' dir='ltr'>Omnis</span> <span class='ocrx_word' id='word_1_114' title='bbox 1534 1637 1630 1701; x_wconf 89' lang='lat' dir='ltr'>qui</span> <span class='ocrx_word' id='word_1_115' title='bbox 1656 1638 1797 1687; x_wconf 80' lang='lat' dir='ltr'>docet</span> <span class='ocrx_word' id='word_1_116' title='bbox 1838 1652 2085 1701; x_wconf 89' lang='lat' dir='ltr'>quacun-</span> 
     </span>
    </p>
   </div>
   <div class='ocr_carea' id='block_1_20' title="bbox 485 1708 2081 1776">
    <p class='ocr_par' dir='ltr' id='par_1_20' title="bbox 485 1708 2081 1776">
     <span class='ocr_line' id='line_1_20' title="bbox 485 1708 2081 1776; baseline -0.001 -15"><span class='ocrx_word' id='word_1_117' title='bbox 485 1727 585 1776; x_wconf 91' lang='lat' dir='ltr'>que</span> <span class='ocrx_word' id='word_1_118' title='bbox 608 1726 675 1761; x_wconf 78' lang='lat' dir='ltr'>ea:</span> <span class='ocrx_word' id='word_1_119' title='bbox 699 1726 890 1760; x_wconf 81' lang='lat' dir='ltr'>caussa</span> <span class='ocrx_word' id='word_1_120' title='bbox 929 1709 1288 1774; x_wconf 85' lang='lat' dir='ltr'>pejerandum</span> <span class='ocrx_word' id='word_1_121' title='bbox 1304 1724 1425 1771; x_wconf 88' lang='lat' dir='ltr'>esse,</span> <span class='ocrx_word' id='word_1_122' title='bbox 1450 1724 1575 1773; x_wconf 84' lang='lat' dir='ltr'>egoo</span> <span class='ocrx_word' id='word_1_123' title='bbox 1599 1710 1683 1758; x_wconf 88' lang='lat' dir='ltr'>dic</span> <span class='ocrx_word' id='word_1_124' title='bbox 1707 1709 1850 1773; x_wconf 88' lang='lat' dir='ltr'>quod</span> <span class='ocrx_word' id='word_1_125' title='bbox 1872 1708 2081 1759; x_wconf 87' lang='lat' dir='ltr'>alienus</span> 
     </span>
    </p>
   </div>
   <div class='ocr_carea' id='block_1_21' title="bbox 481 1779 2077 1837">
    <p class='ocr_par' dir='ltr' id='par_1_21' title="bbox 481 1779 2077 1837">
     <span class='ocr_line' id='line_1_21' title="bbox 481 1779 2077 1837; baseline 0 -5"><span class='ocrx_word' id='word_1_126' title='bbox 481 1785 549 1833; x_wconf 89' lang='lat' dir='ltr'>sit</span> <span class='ocrx_word' id='word_1_127' title='bbox 585 1799 621 1831; x_wconf 91' lang='lat' dir='ltr'>a</span> <span class='ocrx_word' id='word_1_128' title='bbox 663 1782 790 1831; x_wconf 88' lang='lat' dir='ltr'>Fide</span> <span class='ocrx_word' id='word_1_129' title='bbox 833 1781 1059 1837; x_wconf 77' lang='lat' dir='ltr'>Christi.</span> <span class='ocrx_word' id='word_1_130' title='bbox 1086 1785 1131 1829; x_wconf 91' lang='lat' dir='ltr'>et</span> <span class='ocrx_word' id='word_1_131' title='bbox 1168 1779 1234 1829; x_wconf 86' lang='lat' dir='ltr'>ab</span> <span class='ocrx_word' id='word_1_132' title='bbox 1259 1780 1499 1829; x_wconf 70' lang='lat' dir='ltr'>Ecclesiae</span> <span class='ocrx_word' id='word_1_133' title='bbox 1540 1785 1747 1829; x_wconf 76' lang='lat' dir='ltr'>unitate</span> <span class='ocrx_word' id='word_1_134' title='bbox 1792 1781 2077 1832; x_wconf 56' lang='lat' dir='ltr'>catholica.</span> 
     </span>
    </p>
   </div>
   <div class='ocr_carea' id='block_1_22' title="bbox 484 1851 2080 1916">
    <p class='ocr_par' dir='ltr' id='par_1_22' title="bbox 484 1851 2080 1916">
     <span class='ocr_line' id='line_1_22' title="bbox 484 1851 2080 1916; baseline -0.002 -10"><span class='ocrx_word' id='word_1_135' title='bbox 484 1854 632 1906; x_wconf 86' lang='lat' dir='ltr'>Hinc</span> <span class='ocrx_word' id='word_1_136' title='bbox 654 1852 859 1905; x_wconf 83' lang='lat' dir='ltr'>transit</span> <span class='ocrx_word' id='word_1_137' title='bbox 886 1852 959 1903; x_wconf 91' lang='lat' dir='ltr'>ad</span> <span class='ocrx_word' id='word_1_138' title='bbox 982 1851 1406 1912; x_wconf 88' lang='lat' dir='ltr'>criminandum</span> <span class='ocrx_word' id='word_1_139' title='bbox 1432 1852 1861 1916; x_wconf 75' lang='lat' dir='ltr'>Hieronymum,</span> <span class='ocrx_word' id='word_1_140' title='bbox 1894 1853 2080 1904; x_wconf 88' lang='lat' dir='ltr'>varias</span> 
     </span>
    </p>
   </div>
   <div class='ocr_carea' id='block_1_23' title="bbox 485 1922 2160 2020">
    <p class='ocr_par' dir='ltr' id='par_1_23' title="bbox 485 1922 2160 2020">
     <span class='ocr_line' id='line_1_23' title="bbox 485 1922 2160 2020; baseline -0.001 -43"><span class='ocrx_word' id='word_1_141' title='bbox 485 1938 559 1978; x_wconf 85' lang='lat' dir='ltr'>ex</span> <span class='ocrx_word' id='word_1_142' title='bbox 589 1926 717 1989; x_wconf 88' lang='lat' dir='ltr'>ejus</span> <span class='ocrx_word' id='word_1_143' title='bbox 730 1923 971 2020; x_wconf 83' lang='lat' dir='ltr'>lscriptis</span> <span class='ocrx_word' id='word_1_144' title='bbox 996 1922 1313 2020; x_wconf 67' lang='lat' dir='ltr'>sententias</span> <span class='ocrx_word' id='word_1_145' title='bbox 1339 1922 1668 2020; x_wconf 44' lang='lat' dir='ltr'>decerpeans,</span> <span class='ocrx_word' id='word_1_146' title='bbox 1703 1935 1847 2020; x_wconf 70' lang='lat' dir='ltr'>quas</span> <span class='ocrx_word' id='word_1_147' title='bbox 1881 1936 2080 1988; x_wconf 85' lang='lat' dir='ltr'>perpe-</span> <span class='ocrx_word' id='word_1_148' title='bbox 2108 1947 2160 2020; x_wconf 82' lang='lat' dir='ltr'>B</span> 
     </span>
     <span class='ocr_line' id='line_1_24' title="bbox 486 1995 2077 2020; baseline 0 0"><span class='ocrx_word' id='word_1_149' title='bbox 486 2009 604 2020; x_wconf 70' lang='grc' dir='ltr'>..η-ιν.</span> <span class='ocrx_word' id='word_1_150' title='bbox 656 2009 726 2020; x_wconf 65' lang='grc' dir='ltr'>-.Α</span> <span class='ocrx_word' id='word_1_151' title='bbox 761 1995 1101 2020; x_wconf 64' lang='grc' dir='ltr'>ζηηηηιηηηλ</span> <span class='ocrx_word' id='word_1_152' title='bbox 1128 2006 1154 2020; x_wconf 67' lang='grc' dir='ltr'>α</span> <span class='ocrx_word' id='word_1_153' title='bbox 1188 2007 1524 2020; x_wconf 64' lang='grc' dir='ltr'>ηρΛροΛηΛ-ιι</span> <span class='ocrx_word' id='word_1_154' title='bbox 1594 2010 1624 2020; x_wconf 79' lang='grc' dir='ltr'>η</span> <span class='ocrx_word' id='word_1_155' title='bbox 1673 1995 1743 2020; x_wconf 67' lang='grc' dir='ltr'>ἕο..</span> <span class='ocrx_word' id='word_1_156' title='bbox 1806 1995 2077 2020; x_wconf 60' lang='grc' dir='ltr'>ἏΛΜΆΛῖη</span> 
     </span>
    </p>
   </div>
   <div class='ocr_carea' id='block_1_24' title="bbox 486 1995 2082 2059">
    <p class='ocr_par' dir='ltr' id='par_1_24' title="bbox 486 1995 2082 2059">
     <span class='ocr_line' id='line_1_25' title="bbox 486 1995 2082 2059; baseline -0.001 -11"><span class='ocrx_word' id='word_1_157' title='bbox 486 2009 627 2057; x_wconf 90' lang='lat' dir='ltr'>ram,</span> <span class='ocrx_word' id='word_1_158' title='bbox 656 1995 746 2047; x_wconf 85' lang='lat' dir='ltr'>vel</span> <span class='ocrx_word' id='word_1_159' title='bbox 761 1995 987 2046; x_wconf 89' lang='lat' dir='ltr'>incaute</span> <span class='ocrx_word' id='word_1_160' title='bbox 1003 1995 1250 2059; x_wconf 86' lang='lat' dir='ltr'>prolatas</span> <span class='ocrx_word' id='word_1_161' title='bbox 1267 2008 1395 2046; x_wconf 86' lang='lat' dir='ltr'>esse</span> <span class='ocrx_word' id='word_1_162' title='bbox 1412 2008 1530 2046; x_wconf 92' lang='lat' dir='ltr'>non</span> <span class='ocrx_word' id='word_1_163' title='bbox 1552 1995 1791 2055; x_wconf 80' lang='lat' dir='ltr'>dubitat,</span> <span class='ocrx_word' id='word_1_164' title='bbox 1806 1995 2082 2059; x_wconf 89' lang='lat' dir='ltr'>nempein</span> 
     </span>
    </p>
   </div>
   <div class='ocr_carea' id='block_1_25' title="bbox 488 2066 2095 2131">
    <p class='ocr_par' dir='ltr' id='par_1_25' title="bbox 488 2066 2095 2131">
     <span class='ocr_line' id='line_1_26' title="bbox 488 2066 2095 2131; baseline -0.002 -10"><span class='ocrx_word' id='word_1_165' title='bbox 488 2068 648 2122; x_wconf 88' lang='lat' dir='ltr'>libris</span> <span class='ocrx_word' id='word_1_166' title='bbox 660 2067 731 2119; x_wconf 91' lang='lat' dir='ltr'>de</span> <span class='ocrx_word' id='word_1_167' title='bbox 742 2066 1099 2131; x_wconf 88' lang='lat' dir='ltr'>Virginitate,</span> <span class='ocrx_word' id='word_1_168' title='bbox 1114 2066 1561 2119; x_wconf 90' lang='lat' dir='ltr'>Christianorum</span> <span class='ocrx_word' id='word_1_169' title='bbox 1574 2067 1786 2131; x_wconf 87' lang='lat' dir='ltr'>gradus</span> <span class='ocrx_word' id='word_1_170' title='bbox 1802 2071 1859 2119; x_wconf 89' lang='lat' dir='ltr'>et</span> <span class='ocrx_word' id='word_1_171' title='bbox 1870 2068 2095 2118; x_wconf 85' lang='lat' dir='ltr'>ordines</span> 
     </span>
    </p>
   </div>
   <div class='ocr_carea' id='block_1_26' title="bbox 487 2137 2095 2202">
    <p class='ocr_par' dir='ltr' id='par_1_26' title="bbox 487 2137 2095 2202">
     <span class='ocr_line' id='line_1_27' title="bbox 487 2137 2095 2202; baseline -0.002 -10"><span class='ocrx_word' id='word_1_172' title='bbox 487 2140 796 2201; x_wconf 85' lang='lat' dir='ltr'>lacerasse;</span> <span class='ocrx_word' id='word_1_173' title='bbox 832 2137 1106 2200; x_wconf 89' lang='lat' dir='ltr'>Ciceroni,</span> <span class='ocrx_word' id='word_1_174' title='bbox 1133 2138 1456 2202; x_wconf 88' lang='lat' dir='ltr'>Porphyrio,</span> <span class='ocrx_word' id='word_1_175' title='bbox 1498 2142 1555 2190; x_wconf 89' lang='lat' dir='ltr'>et</span> <span class='ocrx_word' id='word_1_176' title='bbox 1585 2140 1860 2192; x_wconf 71' lang='lat' dir='ltr'>Barabbaa</span> <span class='ocrx_word' id='word_1_177' title='bbox 1891 2138 2095 2191; x_wconf 70' lang='lat' dir='ltr'>Judmo</span> 
     </span>
    </p>
   </div>
   <div class='ocr_carea' id='block_1_27' title="bbox 487 2208 2095 2275">
    <p class='ocr_par' dir='ltr' id='par_1_27' title="bbox 487 2208 2095 2275">
     <span class='ocr_line' id='line_1_28' title="bbox 487 2208 2095 2275; baseline -0.002 -11"><span class='ocrx_word' id='word_1_178' title='bbox 487 2222 719 2275; x_wconf 88' lang='lat' dir='ltr'>operam</span> <span class='ocrx_word' id='word_1_179' title='bbox 746 2208 990 2265; x_wconf 87' lang='lat' dir='ltr'>dedisse,</span> <span class='ocrx_word' id='word_1_180' title='bbox 1026 2222 1211 2271; x_wconf 86' lang='lat' dir='ltr'>neque</span> <span class='ocrx_word' id='word_1_181' title='bbox 1236 2208 1459 2259; x_wconf 89' lang='lat' dir='ltr'>illorum</span> <span class='ocrx_word' id='word_1_182' title='bbox 1483 2209 1787 2261; x_wconf 90' lang='lat' dir='ltr'>lectionem</span> <span class='ocrx_word' id='word_1_183' title='bbox 1811 2210 2095 2274; x_wconf 89' lang='lat' dir='ltr'>abjecisse</span> 
     </span>
    </p>
   </div>
   <div class='ocr_carea' id='block_1_28' title="bbox 488 2279 2095 2348">
    <p class='ocr_par' dir='ltr' id='par_1_28' title="bbox 488 2279 2095 2348">
     <span class='ocr_line' id='line_1_29' title="bbox 488 2279 2095 2348; baseline -0.001 -15"><span class='ocrx_word' id='word_1_184' title='bbox 488 2286 794 2348; x_wconf 85' lang='lat' dir='ltr'>postquam</span> <span class='ocrx_word' id='word_1_185' title='bbox 816 2280 874 2331; x_wconf 89' lang='lat' dir='ltr'>in</span> <span class='ocrx_word' id='word_1_186' title='bbox 908 2280 1126 2331; x_wconf 90' lang='lat' dir='ltr'>somnis</span> <span class='ocrx_word' id='word_1_187' title='bbox 1152 2279 1223 2332; x_wconf 89' lang='lat' dir='ltr'>ad</span> <span class='ocrx_word' id='word_1_188' title='bbox 1260 2280 1506 2332; x_wconf 85' lang='lat' dir='ltr'>tribunal</span> <span class='ocrx_word' id='word_1_189' title='bbox 1531 2281 1751 2332; x_wconf 90' lang='lat' dir='ltr'>Judicis</span> <span class='ocrx_word' id='word_1_190' title='bbox 1786 2286 2006 2346; x_wconf 89' lang='lat' dir='ltr'>raptus,</span> <span class='ocrx_word' id='word_1_191' title='bbox 2034 2293 2095 2332; x_wconf 90' lang='lat' dir='ltr'>se</span> 
     </span>
    </p>
   </div>
   <div class='ocr_carea' id='block_1_29' title="bbox 486 2352 2096 2417">
    <p class='ocr_par' dir='ltr' id='par_1_29' title="bbox 486 2352 2096 2417">
     <span class='ocr_line' id='line_1_30' title="bbox 486 2352 2096 2417; baseline -0.002 -11"><span class='ocrx_word' id='word_1_192' title='bbox 486 2354 641 2407; x_wconf 87' lang='lat' dir='ltr'>illam</span> <span class='ocrx_word' id='word_1_193' title='bbox 657 2354 1034 2417; x_wconf 89' lang='lat' dir='ltr'>imposterum</span> <span class='ocrx_word' id='word_1_194' title='bbox 1056 2352 1414 2416; x_wconf 88' lang='lat' dir='ltr'>abjecturum</span> <span class='ocrx_word' id='word_1_195' title='bbox 1434 2355 1791 2405; x_wconf 88' lang='lat' dir='ltr'>sacramento</span> <span class='ocrx_word' id='word_1_196' title='bbox 1815 2354 2096 2405; x_wconf 71' lang='lat' dir='ltr'>afﬁrmas-</span> 
     </span>
    </p>
   </div>
   <div class='ocr_carea' id='block_1_30' title="bbox 494 2422 2096 2489">
    <p class='ocr_par' dir='ltr' id='par_1_30' title="bbox 494 2422 2096 2489">
     <span class='ocr_line' id='line_1_31' title="bbox 494 2422 2096 2489; baseline -0.001 -12"><span class='ocrx_word' id='word_1_197' title='bbox 494 2428 599 2477; x_wconf 84' lang='lat' dir='ltr'>set.</span> <span class='ocrx_word' id='word_1_198' title='bbox 643 2426 724 2477; x_wconf 88' lang='lat' dir='ltr'>De</span> <span class='ocrx_word' id='word_1_199' title='bbox 768 2423 859 2475; x_wconf 90' lang='lat' dir='ltr'>his</span> <span class='ocrx_word' id='word_1_200' title='bbox 893 2426 1087 2474; x_wconf 77' lang='lat' dir='ltr'>tamen</span> <span class='ocrx_word' id='word_1_201' title='bbox 1125 2436 1187 2475; x_wconf 90' lang='lat' dir='ltr'>se</span> <span class='ocrx_word' id='word_1_202' title='bbox 1216 2422 1498 2487; x_wconf 88' lang='lat' dir='ltr'>judicium</span> <span class='ocrx_word' id='word_1_203' title='bbox 1540 2437 1711 2476; x_wconf 91' lang='lat' dir='ltr'>omne</span> <span class='ocrx_word' id='word_1_204' title='bbox 1745 2425 2096 2489; x_wconf 88' lang='lat' dir='ltr'>suspendere</span> 
     </span>
    </p>
   </div>
   <div class='ocr_carea' id='block_1_31' title="bbox 490 2494 2097 2563">
    <p class='ocr_par' dir='ltr' id='par_1_31' title="bbox 490 2494 2097 2563">
     <span class='ocr_line' id='line_1_32' title="bbox 490 2494 2097 2563; baseline -0.002 -14"><span class='ocrx_word' id='word_1_205' title='bbox 490 2497 805 2563; x_wconf 84' lang='lat' dir='ltr'>profitetur.</span> <span class='ocrx_word' id='word_1_206' title='bbox 855 2494 996 2553; x_wconf 85' lang='lat' dir='ltr'>Quia</span> <span class='ocrx_word' id='word_1_207' title='bbox 1031 2496 1094 2544; x_wconf 85' lang='lat' dir='ltr'>de</span> <span class='ocrx_word' id='word_1_208' title='bbox 1141 2497 1336 2545; x_wconf 89' lang='lat' dir='ltr'>anima</span> <span class='ocrx_word' id='word_1_209' title='bbox 1384 2496 1623 2545; x_wconf 81' lang='lat' dir='ltr'>hominis</span> <span class='ocrx_word' id='word_1_210' title='bbox 1659 2512 1742 2545; x_wconf 88' lang='lat' dir='ltr'>res</span> <span class='ocrx_word' id='word_1_211' title='bbox 1793 2498 1996 2559; x_wconf 88' lang='lat' dir='ltr'>agitur,</span> <span class='ocrx_word' id='word_1_212' title='bbox 2036 2496 2097 2545; x_wconf 85' lang='lat' dir='ltr'>de</span> 
     </span>
    </p>
   </div>
   <div class='ocr_carea' id='block_1_32' title="bbox 492 2566 2096 2633">
    <p class='ocr_par' dir='ltr' id='par_1_32' title="bbox 492 2566 2096 2633">
     <span class='ocr_line' id='line_1_33' title="bbox 492 2566 2096 2633; baseline -0.001 -16"><span class='ocrx_word' id='word_1_213' title='bbox 492 2568 727 2633; x_wconf 86' lang='lat' dir='ltr'>perjurii</span> <span class='ocrx_word' id='word_1_214' title='bbox 754 2566 1003 2629; x_wconf 82' lang='lat' dir='ltr'>crimine,</span> <span class='ocrx_word' id='word_1_215' title='bbox 1034 2567 1095 2615; x_wconf 85' lang='lat' dir='ltr'>de</span> <span class='ocrx_word' id='word_1_216' title='bbox 1116 2569 1418 2630; x_wconf 77' lang='lat' dir='ltr'>negationis</span> <span class='ocrx_word' id='word_1_217' title='bbox 1444 2568 1646 2618; x_wconf 74' lang='lat' dir='ltr'>Christi</span> <span class='ocrx_word' id='word_1_218' title='bbox 1662 2568 1958 2630; x_wconf 70' lang='lat' dir='ltr'>sacrilegio,</span> <span class='ocrx_word' id='word_1_219' title='bbox 1984 2582 2096 2617; x_wconf 87' lang='lat' dir='ltr'>non</span> 
     </span>
    </p>
   </div>
   <div class='ocr_carea' id='block_1_33' title="bbox 496 2636 2097 2704">
    <p class='ocr_par' dir='ltr' id='par_1_33' title="bbox 496 2636 2097 2704">
     <span class='ocr_line' id='line_1_34' title="bbox 496 2636 2097 2704; baseline 0 -15"><span class='ocrx_word' id='word_1_220' title='bbox 496 2646 659 2704; x_wconf 79' lang='lat' dir='ltr'>potest</span> <span class='ocrx_word' id='word_1_221' title='bbox 673 2637 853 2701; x_wconf 78' lang='lat' dir='ltr'>facitis</span> <span class='ocrx_word' id='word_1_222' title='bbox 878 2636 1063 2685; x_wconf 85' lang='lat' dir='ltr'>haberi</span> <span class='ocrx_word' id='word_1_223' title='bbox 1078 2640 1454 2688; x_wconf 83' lang='lat' dir='ltr'>condemnatio</span> <span class='ocrx_word' id='word_1_224' title='bbox 1472 2641 1663 2702; x_wconf 91' lang='lat' dir='ltr'>;atque</span> <span class='ocrx_word' id='word_1_225' title='bbox 1675 2639 1809 2690; x_wconf 92' lang='lat' dir='ltr'>hinc</span> <span class='ocrx_word' id='word_1_226' title='bbox 1830 2640 2097 2702; x_wconf 81' lang='lat' dir='ltr'>declarat,</span> 
     </span>
    </p>
   </div>
   <div class='ocr_carea' id='block_1_34' title="bbox 496 2710 2098 2773">
    <p class='ocr_par' dir='ltr' id='par_1_34' title="bbox 496 2710 2098 2773">
     <span class='ocr_line' id='line_1_35' title="bbox 496 2710 2098 2773; baseline -0.002 -10"><span class='ocrx_word' id='word_1_227' title='bbox 496 2713 769 2763; x_wconf 85' lang='lat' dir='ltr'>absentes</span> <span class='ocrx_word' id='word_1_228' title='bbox 813 2722 920 2760; x_wconf 91' lang='lat' dir='ltr'>nec</span> <span class='ocrx_word' id='word_1_229' title='bbox 954 2720 1101 2773; x_wconf 89' lang='lat' dir='ltr'>reos,</span> <span class='ocrx_word' id='word_1_230' title='bbox 1151 2722 1258 2762; x_wconf 92' lang='lat' dir='ltr'>nec</span> <span class='ocrx_word' id='word_1_231' title='bbox 1305 2710 1705 2773; x_wconf 85' lang='lat' dir='ltr'>interrogatos,</span> <span class='ocrx_word' id='word_1_232' title='bbox 1747 2723 1864 2762; x_wconf 93' lang='lat' dir='ltr'>non</span> <span class='ocrx_word' id='word_1_233' title='bbox 1895 2710 2098 2761; x_wconf 88' lang='lat' dir='ltr'>debere</span> 
     </span>
    </p>
   </div>
   <div class='ocr_carea' id='block_1_35' title="bbox 497 2780 2099 2846">
    <p class='ocr_par' dir='ltr' id='par_1_35' title="bbox 497 2780 2099 2846">
     <span class='ocr_line' id='line_1_36' title="bbox 497 2780 2099 2846; baseline -0.001 -12"><span class='ocrx_word' id='word_1_234' title='bbox 497 2783 657 2835; x_wconf 82' lang='lat' dir='ltr'>facile</span> <span class='ocrx_word' id='word_1_235' title='bbox 692 2780 1089 2842; x_wconf 90' lang='lat' dir='ltr'>condemnari;</span> <span class='ocrx_word' id='word_1_236' title='bbox 1118 2793 1232 2845; x_wconf 92' lang='lat' dir='ltr'>qua</span> <span class='ocrx_word' id='word_1_237' title='bbox 1254 2782 1314 2832; x_wconf 92' lang='lat' dir='ltr'>in</span> <span class='ocrx_word' id='word_1_238' title='bbox 1342 2795 1400 2832; x_wconf 86' lang='lat' dir='ltr'>re</span> <span class='ocrx_word' id='word_1_239' title='bbox 1424 2793 1692 2833; x_wconf 86' lang='lat' dir='ltr'>caussam</span> <span class='ocrx_word' id='word_1_240' title='bbox 1724 2793 1889 2833; x_wconf 92' lang='lat' dir='ltr'>suam</span> <span class='ocrx_word' id='word_1_241' title='bbox 1922 2794 2099 2846; x_wconf 86' lang='lat' dir='ltr'>agens</span> 
     </span>
    </p>
   </div>
   <div class='ocr_carea' id='block_1_36' title="bbox 497 2850 2099 2918">
    <p class='ocr_par' dir='ltr' id='par_1_36' title="bbox 497 2850 2099 2918">
     <span class='ocr_line' id='line_1_37' title="bbox 497 2850 2099 2918; baseline -0.002 -12"><span class='ocrx_word' id='word_1_242' title='bbox 497 2855 580 2906; x_wconf 88' lang='lat' dir='ltr'>ita</span> <span class='ocrx_word' id='word_1_243' title='bbox 632 2850 924 2906; x_wconf 90' lang='lat' dir='ltr'>concludit</span> <span class='ocrx_word' id='word_1_244' title='bbox 953 2867 966 2903; x_wconf 68' lang='grc' dir='ltr'>ς</span> <span class='ocrx_word' id='word_1_245' title='bbox 994 2852 1250 2910; x_wconf 80' lang='lat' dir='ltr'>Quamvis</span> <span class='ocrx_word' id='word_1_246' title='bbox 1284 2868 1406 2917; x_wconf 89' lang='lat' dir='ltr'>ergo</span> <span class='ocrx_word' id='word_1_247' title='bbox 1436 2868 1617 2902; x_wconf 79' lang='lat' dir='ltr'>omnes</span> <span class='ocrx_word' id='word_1_248' title='bbox 1656 2853 1813 2902; x_wconf 88' lang='lat' dir='ltr'>libelli</span> <span class='ocrx_word' id='word_1_249' title='bbox 1847 2854 1959 2918; x_wconf 87' lang='lat' dir='ltr'>ejus</span> <span class='ocrx_word' id='word_1_250' title='bbox 2004 2854 2099 2903; x_wconf 91' lang='lat' dir='ltr'>hoc</span> 
     </span>
    </p>
   </div>
   <div class='ocr_carea' id='block_1_37' title="bbox 499 2925 2098 2988">
    <p class='ocr_par' dir='ltr' id='par_1_37' title="bbox 499 2925 2098 2988">
     <span class='ocr_line' id='line_1_38' title="bbox 499 2925 2098 2988; baseline -0.002 -12"><span class='ocrx_word' id='word_1_251' title='bbox 499 2930 765 2985; x_wconf 80' lang='lat' dir='ltr'>testentur,</span> <span class='ocrx_word' id='word_1_252' title='bbox 801 2928 844 2971; x_wconf 85' lang='lat' dir='ltr'>et</span> <span class='ocrx_word' id='word_1_253' title='bbox 880 2925 1155 2986; x_wconf 84' lang='lat' dir='ltr'>superﬂua</span> <span class='ocrx_word' id='word_1_254' title='bbox 1194 2926 1255 2973; x_wconf 89' lang='lat' dir='ltr'>de</span> <span class='ocrx_word' id='word_1_255' title='bbox 1297 2925 1394 2974; x_wconf 89' lang='lat' dir='ltr'>hoc</span> <span class='ocrx_word' id='word_1_256' title='bbox 1426 2939 1545 2973; x_wconf 87' lang='lat' dir='ltr'>mea</span> <span class='ocrx_word' id='word_1_257' title='bbox 1577 2925 1824 2973; x_wconf 89' lang='lat' dir='ltr'>videatur</span> <span class='ocrx_word' id='word_1_258' title='bbox 1857 2926 2098 2988; x_wconf 83' lang='lat' dir='ltr'>assertio,</span> 
     </span>
    </p>
   </div>
   <div class='ocr_carea' id='block_1_38' title="bbox 506 2994 2101 3060">
    <p class='ocr_par' dir='ltr' id='par_1_38' title="bbox 506 2994 2101 3060">
     <span class='ocr_line' id='line_1_39' title="bbox 506 2994 2101 3060; baseline -0.001 -13"><span class='ocrx_word' id='word_1_259' title='bbox 506 3004 684 3047; x_wconf 85' lang='lat' dir='ltr'>tamen</span> <span class='ocrx_word' id='word_1_260' title='bbox 699 2994 959 3045; x_wconf 85' lang='lat' dir='ltr'>utendum</span> <span class='ocrx_word' id='word_1_261' title='bbox 973 2995 1160 3059; x_wconf 86' lang='lat' dir='ltr'>aliquo</span> <span class='ocrx_word' id='word_1_262' title='bbox 1176 2996 1393 3060; x_wconf 80' lang='lat' dir='ltr'>speciali</span> <span class='ocrx_word' id='word_1_263' title='bbox 1410 2996 1709 3045; x_wconf 87' lang='lat' dir='ltr'>testimonio</span> <span class='ocrx_word' id='word_1_264' title='bbox 1720 3000 1808 3053; x_wconf 85' lang='lat' dir='ltr'>est,</span> <span class='ocrx_word' id='word_1_265' title='bbox 1837 3012 1902 3045; x_wconf 88' lang='lat' dir='ltr'>ne</span> <span class='ocrx_word' id='word_1_266' title='bbox 1917 2997 2101 3045; x_wconf 87' lang='lat' dir='ltr'>minus</span> 
     </span>
    </p>
   </div>
   <div class='ocr_carea' id='block_1_39' title="bbox 499 3065 2101 3134">
    <p class='ocr_par' dir='ltr' id='par_1_39' title="bbox 499 3065 2101 3134">
     <span class='ocr_line' id='line_1_40' title="bbox 499 3065 2101 3134; baseline -0.002 -15"><span class='ocrx_word' id='word_1_267' title='bbox 499 3069 720 3134; x_wconf 84' lang='lat' dir='ltr'>plenum</span> <span class='ocrx_word' id='word_1_268' title='bbox 745 3067 848 3128; x_wconf 84' lang='lat' dir='ltr'>his,</span> <span class='ocrx_word' id='word_1_269' title='bbox 870 3065 967 3128; x_wconf 81' lang='lat' dir='ltr'>qui</span> <span class='ocrx_word' id='word_1_270' title='bbox 987 3066 1122 3128; x_wconf 81' lang='lat' dir='ltr'>forte</span> <span class='ocrx_word' id='word_1_271' title='bbox 1143 3067 1255 3131; x_wconf 86' lang='lat' dir='ltr'>ejus</span> <span class='ocrx_word' id='word_1_272' title='bbox 1270 3067 1469 3130; x_wconf 86' lang='lat' dir='ltr'>scripta</span> <span class='ocrx_word' id='word_1_273' title='bbox 1491 3083 1600 3116; x_wconf 90' lang='lat' dir='ltr'>non</span> <span class='ocrx_word' id='word_1_274' title='bbox 1626 3068 1882 3131; x_wconf 86' lang='lat' dir='ltr'>legerunt,</span> <span class='ocrx_word' id='word_1_275' title='bbox 1918 3068 2101 3117; x_wconf 87' lang='lat' dir='ltr'>videa-</span> 
     </span>
    </p>
   </div>
   <div class='ocr_carea' id='block_1_40' title="bbox 504 3138 2104 3207">
    <p class='ocr_par' dir='ltr' id='par_1_40' title="bbox 504 3138 2104 3207">
     <span class='ocr_line' id='line_1_41' title="bbox 504 3138 2104 3207; baseline 0 -17"><span class='ocrx_word' id='word_1_276' title='bbox 504 3146 593 3190; x_wconf 91' lang='lat' dir='ltr'>tur</span> <span class='ocrx_word' id='word_1_277' title='bbox 612 3157 715 3191; x_wconf 86' lang='lat' dir='ltr'>esse</span> <span class='ocrx_word' id='word_1_278' title='bbox 754 3142 899 3207; x_wconf 86' lang='lat' dir='ltr'>quod</span> <span class='ocrx_word' id='word_1_279' title='bbox 918 3138 1167 3189; x_wconf 79' lang='lat' dir='ltr'>dicimus.</span> <span class='ocrx_word' id='word_1_280' title='bbox 1198 3139 1608 3191; x_wconf 86' lang='lat' dir='ltr'>Adversarium</span> <span class='ocrx_word' id='word_1_281' title='bbox 1643 3139 1891 3203; x_wconf 83' lang='lat' dir='ltr'>graviter</span> <span class='ocrx_word' id='word_1_282' title='bbox 1922 3138 2104 3190; x_wconf 86' lang='lat' dir='ltr'>incre-</span> 
     </span>
    </p>
   </div>
   <div class='ocr_carea' id='block_1_41' title="bbox 502 3211 2103 3279">
    <p class='ocr_par' dir='ltr' id='par_1_41' title="bbox 502 3211 2103 3279">
     <span class='ocr_line' id='line_1_42' title="bbox 502 3211 2103 3279; baseline -0.002 -14"><span class='ocrx_word' id='word_1_283' title='bbox 502 3219 619 3278; x_wconf 87' lang='lat' dir='ltr'>pat,</span> <span class='ocrx_word' id='word_1_284' title='bbox 663 3214 825 3276; x_wconf 88' lang='lat' dir='ltr'>quasi</span> <span class='ocrx_word' id='word_1_285' title='bbox 862 3212 1170 3279; x_wconf 88' lang='lat' dir='ltr'>Porphyrio</span> <span class='ocrx_word' id='word_1_286' title='bbox 1204 3211 1590 3263; x_wconf 89' lang='lat' dir='ltr'>introductore</span> <span class='ocrx_word' id='word_1_287' title='bbox 1623 3211 1695 3262; x_wconf 91' lang='lat' dir='ltr'>ad</span> <span class='ocrx_word' id='word_1_288' title='bbox 1732 3211 1975 3274; x_wconf 88' lang='lat' dir='ltr'>logicam</span> <span class='ocrx_word' id='word_1_289' title='bbox 2019 3211 2103 3263; x_wconf 88' lang='lat' dir='ltr'>uti</span> 
     </span>
    </p>
   </div>
   <div class='ocr_carea' id='block_1_42' title="bbox 503 3281 2103 3349">
    <p class='ocr_par' dir='ltr' id='par_1_42' title="bbox 503 3281 2103 3349">
     <span class='ocr_line' id='line_1_43' title="bbox 503 3281 2103 3349; baseline -0.001 -14"><span class='ocrx_word' id='word_1_290' title='bbox 503 3284 786 3346; x_wconf 90' lang='lat' dir='ltr'>maluerit,</span> <span class='ocrx_word' id='word_1_291' title='bbox 825 3298 1001 3349; x_wconf 88' lang='lat' dir='ltr'>quam</span> <span class='ocrx_word' id='word_1_292' title='bbox 1033 3284 1146 3341; x_wconf 87' lang='lat' dir='ltr'>illo,</span> <span class='ocrx_word' id='word_1_293' title='bbox 1183 3282 1278 3346; x_wconf 89' lang='lat' dir='ltr'>qui</span> <span class='ocrx_word' id='word_1_294' title='bbox 1313 3282 1625 3334; x_wconf 87' lang='lat' dir='ltr'>introducit</span> <span class='ocrx_word' id='word_1_295' title='bbox 1655 3281 1727 3333; x_wconf 91' lang='lat' dir='ltr'>ad</span> <span class='ocrx_word' id='word_1_296' title='bbox 1765 3284 2003 3334; x_wconf 89' lang='lat' dir='ltr'>Patrem.</span> <span class='ocrx_word' id='word_1_297' title='bbox 2041 3283 2103 3334; x_wconf 89' lang='lat' dir='ltr'>Ei</span> 
     </span>
    </p>
   </div>
   <div class='ocr_carea' id='block_1_43' title="bbox 2189 633 3785 702">
    <p class='ocr_par' dir='ltr' id='par_1_43' title="bbox 2189 633 3785 702">
     <span class='ocr_line' id='line_1_44' title="bbox 2189 633 3785 702; baseline -0.001 -16"><span class='ocrx_word' id='word_1_298' title='bbox 2189 638 2466 686; x_wconf 84' lang='lat' dir='ltr'>secretiora</span> <span class='ocrx_word' id='word_1_299' title='bbox 2477 638 2721 702; x_wconf 82' lang='lat' dir='ltr'>quaedam</span> <span class='ocrx_word' id='word_1_300' title='bbox 2746 637 3053 690; x_wconf 84' lang='lat' dir='ltr'>contineat.</span> <span class='ocrx_word' id='word_1_301' title='bbox 3070 638 3155 689; x_wconf 88' lang='lat' dir='ltr'>Ob</span> <span class='ocrx_word' id='word_1_302' title='bbox 3179 635 3497 689; x_wconf 89' lang='lat' dir='ltr'>doctrinam</span> <span class='ocrx_word' id='word_1_303' title='bbox 3513 639 3573 687; x_wconf 90' lang='lat' dir='ltr'>et</span> <span class='ocrx_word' id='word_1_304' title='bbox 3584 633 3785 685; x_wconf 85' lang='lat' dir='ltr'>sancti-</span> 
     </span>
    </p>
   </div>
   <div class='ocr_carea' id='block_1_44' title="bbox 2183 706 3780 775">
    <p class='ocr_par' dir='ltr' id='par_1_44' title="bbox 2183 706 3780 775">
     <span class='ocr_line' id='line_1_45' title="bbox 2183 706 3780 775; baseline -0.006 -13"><span class='ocrx_word' id='word_1_305' title='bbox 2183 713 2359 762; x_wconf 88' lang='lat' dir='ltr'>tatem</span> <span class='ocrx_word' id='word_1_306' title='bbox 2402 711 2705 763; x_wconf 80' lang='lat' dir='ltr'>Ambrosio</span> <span class='ocrx_word' id='word_1_307' title='bbox 2739 710 2991 770; x_wconf 85' lang='lat' dir='ltr'>laudato,</span> <span class='ocrx_word' id='word_1_308' title='bbox 3021 711 3191 775; x_wconf 80' lang='lat' dir='ltr'>juxta</span> <span class='ocrx_word' id='word_1_309' title='bbox 3234 709 3407 769; x_wconf 89' lang='lat' dir='ltr'>hunc,</span> <span class='ocrx_word' id='word_1_310' title='bbox 3449 720 3512 759; x_wconf 86' lang='lat' dir='ltr'>se</span> <span class='ocrx_word' id='word_1_311' title='bbox 3551 706 3780 772; x_wconf 86' lang='lat' dir='ltr'>puticem</span> 
     </span>
    </p>
   </div>
   <div class='ocr_carea' id='block_1_45' title="bbox 2181 779 3784 847">
    <p class='ocr_par' dir='ltr' id='par_1_45' title="bbox 2181 779 3784 847">
     <span class='ocr_line' id='line_1_46' title="bbox 2181 779 3784 847; baseline -0.003 -13"><span class='ocrx_word' id='word_1_312' title='bbox 2181 788 2374 834; x_wconf 88' lang='lat' dir='ltr'>vocat:</span> <span class='ocrx_word' id='word_1_313' title='bbox 2402 796 2520 833; x_wconf 91' lang='lat' dir='ltr'>non</span> <span class='ocrx_word' id='word_1_314' title='bbox 2543 782 2749 835; x_wconf 88' lang='lat' dir='ltr'>debere</span> <span class='ocrx_word' id='word_1_315' title='bbox 2773 783 3061 847; x_wconf 91' lang='lat' dir='ltr'>conqueri.</span> <span class='ocrx_word' id='word_1_316' title='bbox 3089 782 3137 834; x_wconf 89' lang='lat' dir='ltr'>si</span> <span class='ocrx_word' id='word_1_317' title='bbox 3171 786 3301 847; x_wconf 90' lang='lat' dir='ltr'>post</span> <span class='ocrx_word' id='word_1_318' title='bbox 3340 783 3570 832; x_wconf 89' lang='lat' dir='ltr'>tantum</span> <span class='ocrx_word' id='word_1_319' title='bbox 3596 779 3784 830; x_wconf 91' lang='lat' dir='ltr'>vitum</span> 
     </span>
    </p>
   </div>
   <div class='ocr_carea' id='block_1_46' title="bbox 2182 848 3786 919">
    <p class='ocr_par' dir='ltr' id='par_1_46' title="bbox 2182 848 3786 919">
     <span class='ocr_line' id='line_1_47' title="bbox 2182 848 3786 919; baseline -0.002 -16"><span class='ocrx_word' id='word_1_320' title='bbox 2182 854 2304 917; x_wconf 90' lang='lat' dir='ltr'>ipse</span> <span class='ocrx_word' id='word_1_321' title='bbox 2327 855 2572 906; x_wconf 84' lang='lat' dir='ltr'>Rufinus</span> <span class='ocrx_word' id='word_1_322' title='bbox 2598 860 2876 919; x_wconf 85' lang='lat' dir='ltr'>carpatur,</span> <span class='ocrx_word' id='word_1_323' title='bbox 2905 866 3078 919; x_wconf 88' lang='lat' dir='ltr'>quem</span> <span class='ocrx_word' id='word_1_324' title='bbox 3102 858 3293 905; x_wconf 88' lang='lat' dir='ltr'>tamen</span> <span class='ocrx_word' id='word_1_325' title='bbox 3316 852 3705 914; x_wconf 86' lang='lat' dir='ltr'>Hieronymus</span> <span class='ocrx_word' id='word_1_326' title='bbox 3726 848 3786 900; x_wconf 93' lang='lat' dir='ltr'>in</span> 
     </span>
    </p>
   </div>
   <div class='ocr_carea' id='block_1_47' title="bbox 2182 920 3785 988">
    <p class='ocr_par' dir='ltr' id='par_1_47' title="bbox 2182 920 3785 988">
     <span class='ocr_line' id='line_1_48' title="bbox 2182 920 3785 988; baseline -0.006 -11"><span class='ocrx_word' id='word_1_327' title='bbox 2182 924 2439 988; x_wconf 87' lang='lat' dir='ltr'>epistolis</span> <span class='ocrx_word' id='word_1_328' title='bbox 2460 929 2594 979; x_wconf 91' lang='lat' dir='ltr'>ante</span> <span class='ocrx_word' id='word_1_329' title='bbox 2616 926 2966 987; x_wconf 87' lang='lat' dir='ltr'>laudaverat,</span> <span class='ocrx_word' id='word_1_330' title='bbox 2986 928 3043 977; x_wconf 90' lang='lat' dir='ltr'>et</span> <span class='ocrx_word' id='word_1_331' title='bbox 3064 925 3125 977; x_wconf 91' lang='lat' dir='ltr'>in</span> <span class='ocrx_word' id='word_1_332' title='bbox 3149 924 3433 976; x_wconf 83' lang='lat' dir='ltr'>Chronicis</span> <span class='ocrx_word' id='word_1_333' title='bbox 3452 921 3723 974; x_wconf 84' lang='lat' dir='ltr'>Florentio</span> <span class='ocrx_word' id='word_1_334' title='bbox 3739 920 3785 969; x_wconf 81' lang='lat' dir='ltr'>ei</span> 
     </span>
    </p>
   </div>
   <div class='ocr_carea' id='block_1_48' title="bbox 2181 992 3786 1061">
    <p class='ocr_par' dir='ltr' id='par_1_48' title="bbox 2181 992 3786 1061">
     <span class='ocr_line' id='line_1_49' title="bbox 2181 992 3786 1061; baseline -0.002 -14"><span class='ocrx_word' id='word_1_335' title='bbox 2181 997 2390 1047; x_wconf 87' lang='lat' dir='ltr'>Bonoso</span> <span class='ocrx_word' id='word_1_336' title='bbox 2425 1013 2525 1061; x_wconf 77' lang='lat' dir='ltr'>pro</span> <span class='ocrx_word' id='word_1_337' title='bbox 2566 998 2683 1047; x_wconf 74' lang='lat' dir='ltr'>vita:</span> <span class='ocrx_word' id='word_1_338' title='bbox 2715 997 2946 1047; x_wconf 87' lang='lat' dir='ltr'>nobilate</span> <span class='ocrx_word' id='word_1_339' title='bbox 2985 997 3382 1061; x_wconf 77' lang='lat' dir='ltr'>conjunxerat.</span> <span class='ocrx_word' id='word_1_340' title='bbox 3440 995 3525 1047; x_wconf 90' lang='lat' dir='ltr'>De</span> <span class='ocrx_word' id='word_1_341' title='bbox 3580 992 3786 1045; x_wconf 85' lang='lat' dir='ltr'>iisdem</span> 
     </span>
    </p>
   </div>
   <div class='ocr_carea' id='block_1_49' title="bbox 2182 1064 3780 1133">
    <p class='ocr_par' dir='ltr' id='par_1_49' title="bbox 2182 1064 3780 1133">
     <span class='ocr_line' id='line_1_50' title="bbox 2182 1064 3780 1133; baseline -0.003 -14"><span class='ocrx_word' id='word_1_342' title='bbox 2182 1066 2475 1120; x_wconf 89' lang='lat' dir='ltr'>Chronicis</span> <span class='ocrx_word' id='word_1_343' title='bbox 2513 1069 2932 1133; x_wconf 85' lang='lat' dir='ltr'>Hieronymum</span> <span class='ocrx_word' id='word_1_344' title='bbox 2956 1068 3217 1121; x_wconf 62' lang='lat' dir='ltr'>Melania:</span> <span class='ocrx_word' id='word_1_345' title='bbox 3261 1079 3477 1120; x_wconf 91' lang='lat' dir='ltr'>nomen</span> <span class='ocrx_word' id='word_1_346' title='bbox 3509 1064 3780 1124; x_wconf 89' lang='lat' dir='ltr'>erasisse,</span> 
     </span>
    </p>
   </div>
   <div class='ocr_carea' id='block_1_50' title="bbox 2183 1135 3787 1203">
    <p class='ocr_par' dir='ltr' id='par_1_50' title="bbox 2183 1135 3787 1203">
     <span class='ocr_line' id='line_1_51' title="bbox 2183 1135 3787 1203; baseline -0.002 -16"><span class='ocrx_word' id='word_1_347' title='bbox 2183 1153 2305 1188; x_wconf 87' lang='lat' dir='ltr'>cum</span> <span class='ocrx_word' id='word_1_348' title='bbox 2328 1144 2476 1189; x_wconf 86' lang='lat' dir='ltr'>actus</span> <span class='ocrx_word' id='word_1_349' title='bbox 2502 1156 2624 1190; x_wconf 87' lang='lat' dir='ltr'>suos</span> <span class='ocrx_word' id='word_1_350' title='bbox 2648 1141 2856 1191; x_wconf 83' lang='lat' dir='ltr'>vidisset</span> <span class='ocrx_word' id='word_1_351' title='bbox 2879 1140 3222 1190; x_wconf 84' lang='lat' dir='ltr'>districtioris</span> <span class='ocrx_word' id='word_1_352' title='bbox 3251 1138 3547 1203; x_wconf 68' lang='lat' dir='ltr'>disciplinae</span> <span class='ocrx_word' id='word_1_353' title='bbox 3569 1135 3787 1199; x_wconf 71' lang='lat' dir='ltr'>feminae</span> 
     </span>
    </p>
   </div>
   <div class='ocr_carea' id='block_1_51' title="bbox 2183 1209 3787 1277">
    <p class='ocr_par' dir='ltr' id='par_1_51' title="bbox 2183 1209 3787 1277">
     <span class='ocr_line' id='line_1_52' title="bbox 2183 1209 3787 1277; baseline 0 -19"><span class='ocrx_word' id='word_1_354' title='bbox 2183 1209 2473 1274; x_wconf 77' lang='lat' dir='ltr'>displicere.</span> <span class='ocrx_word' id='word_1_355' title='bbox 2501 1212 2569 1263; x_wconf 93' lang='lat' dir='ltr'>Se</span> <span class='ocrx_word' id='word_1_356' title='bbox 2592 1226 2698 1265; x_wconf 91' lang='lat' dir='ltr'>nec</span> <span class='ocrx_word' id='word_1_357' title='bbox 2718 1212 3154 1277; x_wconf 90' lang='lat' dir='ltr'>Hieronymum,</span> <span class='ocrx_word' id='word_1_358' title='bbox 3178 1224 3286 1263; x_wconf 93' lang='lat' dir='ltr'>nec</span> <span class='ocrx_word' id='word_1_359' title='bbox 3302 1210 3479 1261; x_wconf 90' lang='lat' dir='ltr'>alium</span> <span class='ocrx_word' id='word_1_360' title='bbox 3502 1209 3787 1260; x_wconf 87' lang='lat' dir='ltr'>errantem</span> 
     </span>
    </p>
   </div>
   <div class='ocr_carea' id='block_1_52' title="bbox 2182 1278 3786 1348">
    <p class='ocr_par' dir='ltr' id='par_1_52' title="bbox 2182 1278 3786 1348">
     <span class='ocr_line' id='line_1_53' title="bbox 2182 1278 3786 1348; baseline -0.004 -15"><span class='ocrx_word' id='word_1_361' title='bbox 2182 1294 2439 1345; x_wconf 88' lang='lat' dir='ltr'>unquam</span> <span class='ocrx_word' id='word_1_362' title='bbox 2465 1288 2796 1348; x_wconf 88' lang='lat' dir='ltr'>sequutum.</span> <span class='ocrx_word' id='word_1_363' title='bbox 2822 1284 2923 1337; x_wconf 92' lang='lat' dir='ltr'>sed</span> <span class='ocrx_word' id='word_1_364' title='bbox 2954 1285 3015 1333; x_wconf 90' lang='lat' dir='ltr'>in</span> <span class='ocrx_word' id='word_1_365' title='bbox 3040 1283 3231 1333; x_wconf 87' lang='lat' dir='ltr'>virtute</span> <span class='ocrx_word' id='word_1_366' title='bbox 3260 1282 3462 1334; x_wconf 81' lang='lat' dir='ltr'>Christi</span> <span class='ocrx_word' id='word_1_367' title='bbox 3494 1278 3786 1331; x_wconf 72' lang='lat' dir='ltr'>Ecclesium</span> 
     </span>
    </p>
   </div>
   <div class='ocr_carea' id='block_1_53' title="bbox 2187 1348 3788 1420">
    <p class='ocr_par' dir='ltr' id='par_1_53' title="bbox 2187 1348 3788 1420">
     <span class='ocr_line' id='line_1_54' title="bbox 2187 1348 3788 1420; baseline -0.002 -18"><span class='ocrx_word' id='word_1_368' title='bbox 2187 1352 2518 1404; x_wconf 79' lang='lat' dir='ltr'>Catholicam</span> <span class='ocrx_word' id='word_1_369' title='bbox 2552 1356 2731 1420; x_wconf 88' lang='lat' dir='ltr'>sequi,</span> <span class='ocrx_word' id='word_1_370' title='bbox 2766 1368 2954 1419; x_wconf 90' lang='lat' dir='ltr'>neque</span> <span class='ocrx_word' id='word_1_371' title='bbox 3003 1355 3122 1407; x_wconf 92' lang='lat' dir='ltr'>ulla</span> <span class='ocrx_word' id='word_1_372' title='bbox 3163 1366 3270 1406; x_wconf 87' lang='lat' dir='ltr'>sua</span> <span class='ocrx_word' id='word_1_373' title='bbox 3294 1352 3509 1417; x_wconf 89' lang='lat' dir='ltr'>scripta</span> <span class='ocrx_word' id='word_1_374' title='bbox 3551 1348 3788 1416; x_wconf 82' lang='lat' dir='ltr'>proferri</span> 
     </span>
    </p>
   </div>
   <div class='ocr_carea' id='block_1_54' title="bbox 2183 1422 3779 1493">
    <p class='ocr_par' dir='ltr' id='par_1_54' title="bbox 2183 1422 3779 1493">
     <span class='ocr_line' id='line_1_55' title="bbox 2183 1422 3779 1493; baseline -0.003 -17"><span class='ocrx_word' id='word_1_375' title='bbox 2183 1436 2370 1488; x_wconf 89' lang='lat' dir='ltr'>posse,</span> <span class='ocrx_word' id='word_1_376' title='bbox 2392 1426 2447 1476; x_wconf 93' lang='lat' dir='ltr'>in</span> <span class='ocrx_word' id='word_1_377' title='bbox 2470 1427 2683 1490; x_wconf 91' lang='lat' dir='ltr'>quibus</span> <span class='ocrx_word' id='word_1_378' title='bbox 2705 1427 2798 1480; x_wconf 91' lang='lat' dir='ltr'>vel</span> <span class='ocrx_word' id='word_1_379' title='bbox 2821 1428 2882 1479; x_wconf 93' lang='lat' dir='ltr'>in</span> <span class='ocrx_word' id='word_1_380' title='bbox 2896 1428 3205 1493; x_wconf 88' lang='lat' dir='ltr'>juventute</span> <span class='ocrx_word' id='word_1_381' title='bbox 3230 1437 3450 1477; x_wconf 87' lang='lat' dir='ltr'>errasse</span> <span class='ocrx_word' id='word_1_382' title='bbox 3471 1422 3779 1493; x_wconf 77' lang='lat' dir='ltr'>convinca-</span> 
     </span>
    </p>
   </div>
   <div class='ocr_carea' id='block_1_55' title="bbox 2185 1492 3790 1563">
    <p class='ocr_par' dir='ltr' id='par_1_55' title="bbox 2185 1492 3790 1563">
     <span class='ocr_line' id='line_1_56' title="bbox 2185 1492 3790 1563; baseline -0.001 -19"><span class='ocrx_word' id='word_1_383' title='bbox 2185 1499 2294 1545; x_wconf 90' lang='lat' dir='ltr'>tur.</span> <span class='ocrx_word' id='word_1_384' title='bbox 2314 1495 2729 1562; x_wconf 89' lang='lat' dir='ltr'>Hieronymum</span> <span class='ocrx_word' id='word_1_385' title='bbox 2745 1499 2803 1550; x_wconf 90' lang='lat' dir='ltr'>in</span> <span class='ocrx_word' id='word_1_386' title='bbox 2823 1492 3086 1563; x_wconf 86' lang='lat' dir='ltr'>Origenis</span> <span class='ocrx_word' id='word_1_387' title='bbox 3105 1497 3331 1562; x_wconf 87' lang='lat' dir='ltr'>scriptis</span> <span class='ocrx_word' id='word_1_388' title='bbox 3345 1492 3790 1559; x_wconf 84' lang='lat' dir='ltr'>interpretandis</span> 
     </span>
    </p>
   </div>
   <div class='ocr_carea' id='block_1_56' title="bbox 2184 1564 3791 1633">
    <p class='ocr_par' dir='ltr' id='par_1_56' title="bbox 2184 1564 3791 1633">
     <span class='ocr_line' id='line_1_57' title="bbox 2184 1564 3791 1633; baseline -0.002 -19"><span class='ocrx_word' id='word_1_389' title='bbox 2184 1566 2368 1617; x_wconf 87' lang='lat' dir='ltr'>multa</span> <span class='ocrx_word' id='word_1_390' title='bbox 2392 1569 2717 1631; x_wconf 88' lang='lat' dir='ltr'>sustulisse,</span> <span class='ocrx_word' id='word_1_391' title='bbox 2746 1570 3012 1633; x_wconf 91' lang='lat' dir='ltr'>idemque</span> <span class='ocrx_word' id='word_1_392' title='bbox 3033 1582 3069 1620; x_wconf 89' lang='lat' dir='ltr'>a</span> <span class='ocrx_word' id='word_1_393' title='bbox 3094 1581 3157 1620; x_wconf 91' lang='lat' dir='ltr'>se</span> <span class='ocrx_word' id='word_1_394' title='bbox 3180 1571 3401 1619; x_wconf 88' lang='lat' dir='ltr'>actum:</span> <span class='ocrx_word' id='word_1_395' title='bbox 3419 1564 3633 1630; x_wconf 76' lang='lat' dir='ltr'>Scripta</span> <span class='ocrx_word' id='word_1_396' title='bbox 3650 1578 3791 1625; x_wconf 79' lang='lat' dir='ltr'>mea,</span> 
     </span>
    </p>
   </div>
   <div class='ocr_carea' id='block_1_57' title="bbox 2182 1635 3794 1706">
    <p class='ocr_par' dir='ltr' id='par_1_57' title="bbox 2182 1635 3794 1706">
     <span class='ocr_line' id='line_1_58' title="bbox 2182 1635 3794 1706; baseline -0.002 -19"><span class='ocrx_word' id='word_1_397' title='bbox 2182 1635 2390 1701; x_wconf 84' lang='lat' dir='ltr'>inquit,</span> <span class='ocrx_word' id='word_1_398' title='bbox 2413 1641 2569 1691; x_wconf 85' lang='lat' dir='ltr'>nulla</span> <span class='ocrx_word' id='word_1_399' title='bbox 2592 1647 2823 1703; x_wconf 70' lang='lat' dir='ltr'>exstant,</span> <span class='ocrx_word' id='word_1_400' title='bbox 2844 1642 2902 1690; x_wconf 90' lang='lat' dir='ltr'>in</span> <span class='ocrx_word' id='word_1_401' title='bbox 2927 1641 3121 1706; x_wconf 83' lang='lat' dir='ltr'>quibus</span> <span class='ocrx_word' id='word_1_402' title='bbox 3143 1654 3295 1689; x_wconf 82' lang='lat' dir='ltr'>error</span> <span class='ocrx_word' id='word_1_403' title='bbox 3312 1654 3457 1688; x_wconf 88' lang='lat' dir='ltr'>meus</span> <span class='ocrx_word' id='word_1_404' title='bbox 3468 1636 3674 1701; x_wconf 87' lang='lat' dir='ltr'>aliquis</span> <span class='ocrx_word' id='word_1_405' title='bbox 3686 1651 3794 1685; x_wconf 79' lang='lat' dir='ltr'>cor-</span> 
     </span>
    </p>
   </div>
   <div class='ocr_carea' id='block_1_58' title="bbox 2181 1708 3788 1777">
    <p class='ocr_par' dir='ltr' id='par_1_58' title="bbox 2181 1708 3788 1777">
     <span class='ocr_line' id='line_1_59' title="bbox 2181 1708 3788 1777; baseline 0.001 -21"><span class='ocrx_word' id='word_1_406' title='bbox 2181 1708 2439 1772; x_wconf 88' lang='lat' dir='ltr'>rigendus</span> <span class='ocrx_word' id='word_1_407' title='bbox 2454 1714 2523 1762; x_wconf 88' lang='lat' dir='ltr'>sit</span> <span class='ocrx_word' id='word_1_408' title='bbox 2540 1728 2552 1764; x_wconf 90' lang='lat'><strong>:</strong></span> <span class='ocrx_word' id='word_1_409' title='bbox 2574 1714 2907 1777; x_wconf 85' lang='lat' dir='ltr'>Hieronymi</span> <span class='ocrx_word' id='word_1_410' title='bbox 2923 1726 3060 1765; x_wconf 89' lang='lat' dir='ltr'>vero</span> <span class='ocrx_word' id='word_1_411' title='bbox 3075 1711 3258 1763; x_wconf 87' lang='lat' dir='ltr'>multa</span> <span class='ocrx_word' id='word_1_412' title='bbox 3269 1724 3395 1763; x_wconf 90' lang='lat' dir='ltr'>esse</span> <span class='ocrx_word' id='word_1_413' title='bbox 3414 1708 3788 1762; x_wconf 89' lang='lat' dir='ltr'>contendens.</span> 
     </span>
    </p>
   </div>
   <div class='ocr_carea' id='block_1_59' title="bbox 2180 1778 3789 1848">
    <p class='ocr_par' dir='ltr' id='par_1_59' title="bbox 2180 1778 3789 1848">
     <span class='ocr_line' id='line_1_60' title="bbox 2180 1778 3789 1848; baseline -0.002 -19"><span class='ocrx_word' id='word_1_414' title='bbox 2180 1778 2346 1832; x_wconf 87' lang='lat' dir='ltr'>Illum</span> <span class='ocrx_word' id='word_1_415' title='bbox 2365 1786 2531 1837; x_wconf 89' lang='lat' dir='ltr'>antea</span> <span class='ocrx_word' id='word_1_416' title='bbox 2554 1785 2863 1836; x_wconf 88' lang='lat' dir='ltr'>damnasse</span> <span class='ocrx_word' id='word_1_417' title='bbox 2887 1786 3125 1836; x_wconf 90' lang='lat' dir='ltr'>modum</span> <span class='ocrx_word' id='word_1_418' title='bbox 3141 1780 3551 1848; x_wconf 76' lang='lat' dir='ltr'>interpretandi</span> <span class='ocrx_word' id='word_1_419' title='bbox 3568 1780 3789 1829; x_wconf 86' lang='lat' dir='ltr'>verbum</span> 
     </span>
    </p>
   </div>
   <div class='ocr_carea' id='block_1_60' title="bbox 2180 1849 3790 1921">
    <p class='ocr_par' dir='ltr' id='par_1_60' title="bbox 2180 1849 3790 1921">
     <span class='ocr_line' id='line_1_61' title="bbox 2180 1849 3790 1921; baseline 0.001 -22"><span class='ocrx_word' id='word_1_420' title='bbox 2180 1849 2242 1921; x_wconf 80' lang='lat' dir='ltr'>de</span> <span class='ocrx_word' id='word_1_421' title='bbox 2266 1853 2435 1917; x_wconf 85' lang='lat' dir='ltr'>verbo,</span> <span class='ocrx_word' id='word_1_422' title='bbox 2454 1861 2511 1907; x_wconf 91' lang='lat' dir='ltr'>et</span> <span class='ocrx_word' id='word_1_423' title='bbox 2537 1862 2731 1921; x_wconf 91' lang='lat' dir='ltr'>postea</span> <span class='ocrx_word' id='word_1_424' title='bbox 2759 1856 2817 1907; x_wconf 92' lang='lat' dir='ltr'>in</span> <span class='ocrx_word' id='word_1_425' title='bbox 2852 1854 3295 1920; x_wconf 86' lang='lat' dir='ltr'>interpretandis</span> <span class='ocrx_word' id='word_1_426' title='bbox 3331 1851 3592 1916; x_wconf 89' lang='lat' dir='ltr'>Origenis</span> <span class='ocrx_word' id='word_1_427' title='bbox 3629 1850 3790 1903; x_wconf 90' lang='lat' dir='ltr'>libris</span> 
     </span>
    </p>
   </div>
   <div class='ocr_carea' id='block_1_61' title="bbox 2186 1920 3790 1991">
    <p class='ocr_par' dir='ltr' id='par_1_61' title="bbox 2186 1920 3790 1991">
     <span class='ocr_line' id='line_1_62' title="bbox 2186 1920 3790 1991; baseline 0.001 -22"><span class='ocrx_word' id='word_1_428' title='bbox 2186 1920 2524 1978; x_wconf 88' lang='lat' dir='ltr'>Periarchon</span> <span class='ocrx_word' id='word_1_429' title='bbox 2540 1920 2695 1978; x_wconf 83' lang='lat' dir='ltr'>hanc</span> <span class='ocrx_word' id='word_1_430' title='bbox 2720 1928 2904 1991; x_wconf 88' lang='lat' dir='ltr'>ipsam</span> <span class='ocrx_word' id='word_1_431' title='bbox 2926 1939 3206 1985; x_wconf 88' lang='lat' dir='ltr'>normam,</span> <span class='ocrx_word' id='word_1_432' title='bbox 3228 1924 3357 1977; x_wconf 91' lang='lat' dir='ltr'>licet</span> <span class='ocrx_word' id='word_1_433' title='bbox 3372 1921 3648 1976; x_wconf 89' lang='lat' dir='ltr'>inutiliori</span> <span class='ocrx_word' id='word_1_434' title='bbox 3672 1934 3790 1971; x_wconf 88' lang='lat' dir='ltr'>ser-</span> 
     </span>
    </p>
   </div>
   <div class='ocr_carea' id='block_1_62' title="bbox 2186 1993 3791 2063">
    <p class='ocr_par' dir='ltr' id='par_1_62' title="bbox 2186 1993 3791 2063">
     <span class='ocr_line' id='line_1_63' title="bbox 2186 1993 3791 2063; baseline -0.003 -15"><span class='ocrx_word' id='word_1_435' title='bbox 2186 2003 2356 2048; x_wconf 87' lang='lat' dir='ltr'>mone</span> <span class='ocrx_word' id='word_1_436' title='bbox 2375 2004 2707 2060; x_wconf 88' lang='lat' dir='ltr'>sequutum.</span> <span class='ocrx_word' id='word_1_437' title='bbox 2724 2000 3139 2063; x_wconf 88' lang='lat' dir='ltr'>Hieronymum</span> <span class='ocrx_word' id='word_1_438' title='bbox 3164 2009 3297 2049; x_wconf 89' lang='lat' dir='ltr'>vero</span> <span class='ocrx_word' id='word_1_439' title='bbox 3312 1997 3372 2048; x_wconf 90' lang='lat' dir='ltr'>in</span> <span class='ocrx_word' id='word_1_440' title='bbox 3400 2006 3556 2047; x_wconf 86' lang='lat' dir='ltr'>nova</span> <span class='ocrx_word' id='word_1_441' title='bbox 3579 2006 3685 2045; x_wconf 90' lang='lat' dir='ltr'>sua</span> <span class='ocrx_word' id='word_1_442' title='bbox 3701 1993 3791 2044; x_wconf 91' lang='lat' dir='ltr'>in-</span> 
     </span>
    </p>
   </div>
   <div class='ocr_carea' id='block_1_63' title="bbox 2193 2067 3793 2134">
    <p class='ocr_par' dir='ltr' id='par_1_63' title="bbox 2193 2067 3793 2134">
     <span class='ocr_line' id='line_1_64' title="bbox 2193 2067 3793 2134; baseline -0.003 -14"><span class='ocrx_word' id='word_1_443' title='bbox 2193 2072 2599 2134; x_wconf 87' lang='lat' dir='ltr'>terpretatione</span> <span class='ocrx_word' id='word_1_444' title='bbox 2633 2070 2846 2120; x_wconf 81' lang='lat' dir='ltr'>verbum</span> <span class='ocrx_word' id='word_1_445' title='bbox 2871 2070 2933 2120; x_wconf 88' lang='lat' dir='ltr'>de</span> <span class='ocrx_word' id='word_1_446' title='bbox 2968 2070 3120 2120; x_wconf 88' lang='lat' dir='ltr'>verbo</span> <span class='ocrx_word' id='word_1_447' title='bbox 3160 2067 3538 2130; x_wconf 86' lang='lat' dir='ltr'>transtulisse,</span> <span class='ocrx_word' id='word_1_448' title='bbox 3579 2076 3793 2128; x_wconf 86' lang='lat' dir='ltr'>eosque</span> 
     </span>
    </p>
   </div>
   <div class='ocr_carea' id='block_1_64' title="bbox 2194 2136 3793 2207">
    <p class='ocr_par' dir='ltr' id='par_1_64' title="bbox 2194 2136 3793 2207">
     <span class='ocr_line' id='line_1_65' title="bbox 2194 2136 3793 2207; baseline -0.004 -14"><span class='ocrx_word' id='word_1_449' title='bbox 2194 2154 2445 2205; x_wconf 86' lang='lat' dir='ltr'>arguere,</span> <span class='ocrx_word' id='word_1_450' title='bbox 2474 2143 2573 2207; x_wconf 90' lang='lat' dir='ltr'>qui</span> <span class='ocrx_word' id='word_1_451' title='bbox 2606 2144 2910 2205; x_wconf 82' lang='lat' dir='ltr'>Origenem</span> <span class='ocrx_word' id='word_1_452' title='bbox 2939 2142 3273 2194; x_wconf 76' lang='lat' dir='ltr'>haereticum</span> <span class='ocrx_word' id='word_1_453' title='bbox 3303 2140 3629 2203; x_wconf 86' lang='lat' dir='ltr'>designant,</span> <span class='ocrx_word' id='word_1_454' title='bbox 3652 2136 3793 2188; x_wconf 90' lang='lat' dir='ltr'>dum</span> 
     </span>
    </p>
   </div>
   <div class='ocr_carea' id='block_1_65' title="bbox 2196 2208 3794 2277">
    <p class='ocr_par' dir='ltr' id='par_1_65' title="bbox 2196 2208 3794 2277">
     <span class='ocr_line' id='line_1_66' title="bbox 2196 2208 3794 2277; baseline -0.004 -12"><span class='ocrx_word' id='word_1_455' title='bbox 2196 2218 2389 2265; x_wconf 89' lang='lat' dir='ltr'>tamen</span> <span class='ocrx_word' id='word_1_456' title='bbox 2412 2213 2694 2267; x_wconf 88' lang='lat' dir='ltr'>adversus</span> <span class='ocrx_word' id='word_1_457' title='bbox 2714 2228 2814 2266; x_wconf 88' lang='lat' dir='ltr'>eos</span> <span class='ocrx_word' id='word_1_458' title='bbox 2837 2215 2972 2277; x_wconf 79' lang='lat' dir='ltr'>agit,</span> <span class='ocrx_word' id='word_1_459' title='bbox 2991 2213 3091 2277; x_wconf 91' lang='lat' dir='ltr'>qui</span> <span class='ocrx_word' id='word_1_460' title='bbox 3114 2212 3418 2277; x_wconf 88' lang='lat' dir='ltr'>Origenem</span> <span class='ocrx_word' id='word_1_461' title='bbox 3436 2208 3794 2263; x_wconf 90' lang='lat' dir='ltr'>Catholicum</span> 
     </span>
    </p>
   </div>
   <div class='ocr_carea' id='block_1_66' title="bbox 2195 2280 3794 2351">
    <p class='ocr_par' dir='ltr' id='par_1_66' title="bbox 2195 2280 3794 2351">
     <span class='ocr_line' id='line_1_67' title="bbox 2195 2280 3794 2351; baseline -0.003 -14"><span class='ocrx_word' id='word_1_462' title='bbox 2195 2286 2529 2346; x_wconf 87' lang='lat' dir='ltr'>defendunt,</span> <span class='ocrx_word' id='word_1_463' title='bbox 2547 2286 2777 2349; x_wconf 91' lang='lat' dir='ltr'>quando</span> <span class='ocrx_word' id='word_1_464' title='bbox 2793 2287 2915 2351; x_wconf 87' lang='lat' dir='ltr'>ipse</span> <span class='ocrx_word' id='word_1_465' title='bbox 2933 2286 3175 2337; x_wconf 77' lang='lat' dir='ltr'>Rufinus</span> <span class='ocrx_word' id='word_1_466' title='bbox 3191 2285 3263 2336; x_wconf 91' lang='lat' dir='ltr'>ab</span> <span class='ocrx_word' id='word_1_467' title='bbox 3288 2297 3354 2335; x_wconf 94' lang='lat' dir='ltr'>eo</span> <span class='ocrx_word' id='word_1_468' title='bbox 3381 2295 3494 2334; x_wconf 93' lang='lat' dir='ltr'>non</span> <span class='ocrx_word' id='word_1_469' title='bbox 3510 2280 3794 2345; x_wconf 84' lang='lat' dir='ltr'>culpatur,</span> 
     </span>
    </p>
   </div>
   <div class='ocr_carea' id='block_1_67' title="bbox 2196 2351 3792 2421">
    <p class='ocr_par' dir='ltr' id='par_1_67' title="bbox 2196 2351 3792 2421">
     <span class='ocr_line' id='line_1_68' title="bbox 2196 2351 3792 2421; baseline -0.005 -12"><span class='ocrx_word' id='word_1_470' title='bbox 2196 2356 2351 2420; x_wconf 90' lang='lat' dir='ltr'>quod</span> <span class='ocrx_word' id='word_1_471' title='bbox 2385 2357 2688 2421; x_wconf 88' lang='lat' dir='ltr'>Origenem</span> <span class='ocrx_word' id='word_1_472' title='bbox 2719 2358 3055 2409; x_wconf 68' lang='lat' dir='ltr'>haereticum</span> <span class='ocrx_word' id='word_1_473' title='bbox 3083 2355 3182 2407; x_wconf 92' lang='lat' dir='ltr'>sed</span> <span class='ocrx_word' id='word_1_474' title='bbox 3201 2353 3543 2407; x_wconf 88' lang='lat' dir='ltr'>catholicum</span> <span class='ocrx_word' id='word_1_475' title='bbox 3578 2351 3792 2403; x_wconf 85' lang='lat' dir='ltr'>fecerit.</span> 
     </span>
    </p>
   </div>
   <div class='ocr_carea' id='block_1_68' title="bbox 2196 2423 3798 2493">
    <p class='ocr_par' dir='ltr' id='par_1_68' title="bbox 2196 2423 3798 2493">
     <span class='ocr_line' id='line_1_69' title="bbox 2196 2423 3798 2493; baseline -0.004 -13"><span class='ocrx_word' id='word_1_476' title='bbox 2196 2428 2627 2493; x_wconf 86' lang='lat' dir='ltr'>Apologeticum</span> <span class='ocrx_word' id='word_1_477' title='bbox 2640 2442 2739 2493; x_wconf 91' lang='lat' dir='ltr'>pro</span> <span class='ocrx_word' id='word_1_478' title='bbox 2762 2430 3001 2493; x_wconf 78' lang='lat' dir='ltr'>Origene</span> <span class='ocrx_word' id='word_1_479' title='bbox 3018 2427 3304 2492; x_wconf 86' lang='lat' dir='ltr'>Pamphilo</span> <span class='ocrx_word' id='word_1_480' title='bbox 3318 2425 3554 2490; x_wconf 86' lang='lat' dir='ltr'>martyri</span> <span class='ocrx_word' id='word_1_481' title='bbox 3568 2424 3659 2484; x_wconf 88' lang='lat' dir='ltr'>abj</span> <span class='ocrx_word' id='word_1_482' title='bbox 3669 2423 3798 2475; x_wconf 89' lang='lat' dir='ltr'>udi-</span> 
     </span>
    </p>
   </div>
   <div class='ocr_carea' id='block_1_69' title="bbox 2196 2495 3798 2559">
    <p class='ocr_par' dir='ltr' id='par_1_69' title="bbox 2196 2495 3798 2559">
     <span class='ocr_line' id='line_1_70' title="bbox 2196 2495 3798 2559; baseline -0.006 -8"><span class='ocrx_word' id='word_1_483' title='bbox 2196 2501 2445 2552; x_wconf 89' lang='lat' dir='ltr'>candum</span> <span class='ocrx_word' id='word_1_484' title='bbox 2482 2514 2599 2553; x_wconf 91' lang='lat' dir='ltr'>non</span> <span class='ocrx_word' id='word_1_485' title='bbox 2636 2502 2775 2553; x_wconf 88' lang='lat' dir='ltr'>satis</span> <span class='ocrx_word' id='word_1_486' title='bbox 2800 2515 2927 2553; x_wconf 88' lang='lat' dir='ltr'>esse</span> <span class='ocrx_word' id='word_1_487' title='bbox 2963 2500 3273 2552; x_wconf 76' lang='lat' dir='ltr'>afﬁrmare:</span> <span class='ocrx_word' id='word_1_488' title='bbox 3300 2497 3427 2547; x_wconf 86' lang='lat' dir='ltr'>Non</span> <span class='ocrx_word' id='word_1_489' title='bbox 3464 2497 3637 2555; x_wconf 80' lang='lat' dir='ltr'>credo,</span> <span class='ocrx_word' id='word_1_490' title='bbox 3663 2495 3798 2559; x_wconf 83' lang='lat' dir='ltr'>quia</span> 
     </span>
    </p>
   </div>
   <div class='ocr_carea' id='block_1_70' title="bbox 2198 2567 3795 2636">
    <p class='ocr_par' dir='ltr' id='par_1_70' title="bbox 2198 2567 3795 2636">
     <span class='ocr_line' id='line_1_71' title="bbox 2198 2567 3795 2636; baseline -0.004 -16"><span class='ocrx_word' id='word_1_491' title='bbox 2198 2574 2457 2636; x_wconf 76' lang='lat' dir='ltr'>martyris</span> <span class='ocrx_word' id='word_1_492' title='bbox 2479 2573 2563 2624; x_wconf 90' lang='lat' dir='ltr'>sit.</span> <span class='ocrx_word' id='word_1_493' title='bbox 2590 2574 2718 2633; x_wconf 86' lang='lat' dir='ltr'>Hoc,</span> <span class='ocrx_word' id='word_1_494' title='bbox 2753 2572 2957 2636; x_wconf 86' lang='lat' dir='ltr'>inquit,</span> <span class='ocrx_word' id='word_1_495' title='bbox 2994 2572 3042 2620; x_wconf 90' lang='lat' dir='ltr'>si</span> <span class='ocrx_word' id='word_1_496' title='bbox 3067 2572 3288 2620; x_wconf 86' lang='lat' dir='ltr'>velimus</span> <span class='ocrx_word' id='word_1_497' title='bbox 3312 2570 3373 2618; x_wconf 88' lang='lat' dir='ltr'>de</span> <span class='ocrx_word' id='word_1_498' title='bbox 3393 2568 3644 2618; x_wconf 87' lang='lat' dir='ltr'>omnibus</span> <span class='ocrx_word' id='word_1_499' title='bbox 3659 2567 3795 2617; x_wconf 85' lang='lat' dir='ltr'>scri-</span> 
     </span>
    </p>
   </div>
   <div class='ocr_carea' id='block_1_71' title="bbox 2194 2638 3796 2709">
    <p class='ocr_par' dir='ltr' id='par_1_71' title="bbox 2194 2638 3796 2709">
     <span class='ocr_line' id='line_1_72' title="bbox 2194 2638 3796 2709; baseline -0.004 -17"><span class='ocrx_word' id='word_1_500' title='bbox 2194 2650 2412 2709; x_wconf 82' lang='lat' dir='ltr'>ptorum</span> <span class='ocrx_word' id='word_1_501' title='bbox 2446 2646 2615 2694; x_wconf 82' lang='lat' dir='ltr'>dicere</span> <span class='ocrx_word' id='word_1_502' title='bbox 2640 2644 2841 2707; x_wconf 85' lang='lat' dir='ltr'>libellis,</span> <span class='ocrx_word' id='word_1_503' title='bbox 2866 2661 2982 2709; x_wconf 73' lang='lat' dir='ltr'>quae</span> <span class='ocrx_word' id='word_1_504' title='bbox 3010 2644 3107 2693; x_wconf 83' lang='lat' dir='ltr'>erit</span> <span class='ocrx_word' id='word_1_505' title='bbox 3128 2644 3183 2692; x_wconf 90' lang='lat' dir='ltr'>in</span> <span class='ocrx_word' id='word_1_506' title='bbox 3209 2641 3439 2705; x_wconf 86' lang='lat' dir='ltr'>singulis</span> <span class='ocrx_word' id='word_1_507' title='bbox 3457 2638 3721 2705; x_wconf 75' lang='lat' dir='ltr'>probatio,</span> <span class='ocrx_word' id='word_1_508' title='bbox 3749 2638 3796 2686; x_wconf 89' lang='lat' dir='ltr'>si</span> 
     </span>
    </p>
   </div>
   <div class='ocr_carea' id='block_1_72' title="bbox 2198 2711 3798 2781">
    <p class='ocr_par' dir='ltr' id='par_1_72' title="bbox 2198 2711 3798 2781">
     <span class='ocr_line' id='line_1_73' title="bbox 2198 2711 3798 2781; baseline -0.005 -16"><span class='ocrx_word' id='word_1_509' title='bbox 2198 2717 2406 2766; x_wconf 84' lang='lat' dir='ltr'>dicam:</span> <span class='ocrx_word' id='word_1_510' title='bbox 2434 2732 2545 2765; x_wconf 89' lang='lat' dir='ltr'>non</span> <span class='ocrx_word' id='word_1_511' title='bbox 2565 2723 2635 2765; x_wconf 85' lang='lat' dir='ltr'>cst</span> <span class='ocrx_word' id='word_1_512' title='bbox 2652 2733 2855 2776; x_wconf 87' lang='lat' dir='ltr'>verum;</span> <span class='ocrx_word' id='word_1_513' title='bbox 2873 2717 3005 2781; x_wconf 87' lang='lat' dir='ltr'>quia</span> <span class='ocrx_word' id='word_1_514' title='bbox 3032 2716 3363 2765; x_wconf 80' lang='lat' dir='ltr'>Stromatum</span> <span class='ocrx_word' id='word_1_515' title='bbox 3389 2712 3531 2769; x_wconf 82' lang='lat' dir='ltr'>libri,</span> <span class='ocrx_word' id='word_1_516' title='bbox 3555 2726 3688 2775; x_wconf 88' lang='lat' dir='ltr'>quos</span> <span class='ocrx_word' id='word_1_517' title='bbox 3721 2711 3798 2758; x_wconf 82' lang='lat' dir='ltr'>di-</span> 
     </span>
    </p>
   </div>
   <div class='ocr_carea' id='block_1_73' title="bbox 2198 2783 3799 2852">
    <p class='ocr_par' dir='ltr' id='par_1_73' title="bbox 2198 2783 3799 2852">
     <span class='ocr_line' id='line_1_74' title="bbox 2198 2783 3799 2852; baseline -0.004 -15"><span class='ocrx_word' id='word_1_518' title='bbox 2198 2789 2292 2847; x_wconf 89' lang='lat' dir='ltr'>cis,</span> <span class='ocrx_word' id='word_1_519' title='bbox 2325 2787 2574 2851; x_wconf 84' lang='lat' dir='ltr'>Origenis</span> <span class='ocrx_word' id='word_1_520' title='bbox 2603 2804 2713 2837; x_wconf 89' lang='lat' dir='ltr'>non</span> <span class='ocrx_word' id='word_1_521' title='bbox 2743 2794 2888 2840; x_wconf 88' lang='lat' dir='ltr'>sunt.</span> <span class='ocrx_word' id='word_1_522' title='bbox 2950 2788 3099 2838; x_wconf 87' lang='lat' dir='ltr'>Unde</span> <span class='ocrx_word' id='word_1_523' title='bbox 3131 2788 3301 2852; x_wconf 85' lang='lat' dir='ltr'>ipsius</span> <span class='ocrx_word' id='word_1_524' title='bbox 3324 2801 3427 2835; x_wconf 85' lang='lat' dir='ltr'>esse</span> <span class='ocrx_word' id='word_1_525' title='bbox 3456 2783 3799 2848; x_wconf 76' lang='lat' dir='ltr'>probantur?</span> 
     </span>
    </p>
   </div>
   <div class='ocr_carea' id='block_1_74' title="bbox 2194 2853 3795 2924">
    <p class='ocr_par' dir='ltr' id='par_1_74' title="bbox 2194 2853 3795 2924">
     <span class='ocr_line' id='line_1_75' title="bbox 2194 2853 3795 2924; baseline -0.005 -15"><span class='ocrx_word' id='word_1_526' title='bbox 2194 2860 2320 2909; x_wconf 87' lang='lat' dir='ltr'>Non</span> <span class='ocrx_word' id='word_1_527' title='bbox 2337 2875 2402 2909; x_wconf 75' lang='lat' dir='ltr'>ex</span> <span class='ocrx_word' id='word_1_528' title='bbox 2418 2860 2777 2909; x_wconf 83' lang='lat' dir='ltr'>similitudine</span> <span class='ocrx_word' id='word_1_529' title='bbox 2801 2861 2929 2923; x_wconf 77' lang='lat' dir='ltr'>styli</span> <span class='ocrx_word' id='word_1_530' title='bbox 2964 2860 3099 2924; x_wconf 90' lang='lat' dir='ltr'>quia</span> <span class='ocrx_word' id='word_1_531' title='bbox 3126 2860 3219 2922; x_wconf 87' lang='lat' dir='ltr'>qui</span> <span class='ocrx_word' id='word_1_532' title='bbox 3242 2858 3447 2921; x_wconf 78' lang='lat' dir='ltr'>falsum</span> <span class='ocrx_word' id='word_1_533' title='bbox 3469 2855 3646 2919; x_wconf 83' lang='lat' dir='ltr'>facere</span> <span class='ocrx_word' id='word_1_534' title='bbox 3668 2853 3795 2913; x_wconf 85' lang='lat' dir='ltr'>vult,</span> 
     </span>
    </p>
   </div>
   <div class='ocr_carea' id='block_1_75' title="bbox 2202 2925 3797 2995">
    <p class='ocr_par' dir='ltr' id='par_1_75' title="bbox 2202 2925 3797 2995">
     <span class='ocr_line' id='line_1_76' title="bbox 2202 2925 3797 2995; baseline -0.003 -15"><span class='ocrx_word' id='word_1_535' title='bbox 2202 2932 2347 2980; x_wconf 89' lang='lat' dir='ltr'>hunc</span> <span class='ocrx_word' id='word_1_536' title='bbox 2367 2937 2528 2995; x_wconf 82' lang='lat' dir='ltr'>potest</span> <span class='ocrx_word' id='word_1_537' title='bbox 2553 2932 2783 2983; x_wconf 82' lang='lat' dir='ltr'>imitari.</span> <span class='ocrx_word' id='word_1_538' title='bbox 2810 2932 2898 2983; x_wconf 80' lang='lat' dir='ltr'>Ad</span> <span class='ocrx_word' id='word_1_539' title='bbox 2940 2931 3261 2995; x_wconf 83' lang='lat' dir='ltr'>respuenda</span> <span class='ocrx_word' id='word_1_540' title='bbox 3284 2930 3495 2993; x_wconf 88' lang='lat' dir='ltr'>scripta</span> <span class='ocrx_word' id='word_1_541' title='bbox 3520 2925 3797 2991; x_wconf 87' lang='lat' dir='ltr'>Pamphili</span> 
     </span>
    </p>
   </div>
   <div class='ocr_carea' id='block_1_76' title="bbox 2202 2998 3799 3069">
    <p class='ocr_par' dir='ltr' id='par_1_76' title="bbox 2202 2998 3799 3069">
     <span class='ocr_line' id='line_1_77' title="bbox 2202 2998 3799 3069; baseline -0.004 -15"><span class='ocrx_word' id='word_1_542' title='bbox 2202 3002 2436 3067; x_wconf 84' lang='lat' dir='ltr'>proferri</span> <span class='ocrx_word' id='word_1_543' title='bbox 2448 3003 2732 3067; x_wconf 86' lang='lat' dir='ltr'>debuisse,</span> <span class='ocrx_word' id='word_1_544' title='bbox 2747 3017 2877 3067; x_wconf 68' lang='lat' dir='ltr'>quas</span> <span class='ocrx_word' id='word_1_545' title='bbox 2894 3003 3333 3069; x_wconf 89' lang='lat' dir='ltr'>reprehensione</span> <span class='ocrx_word' id='word_1_546' title='bbox 3345 3001 3519 3064; x_wconf 84' lang='lat' dir='ltr'>digna</span> <span class='ocrx_word' id='word_1_547' title='bbox 3543 2998 3637 3050; x_wconf 92' lang='lat' dir='ltr'>vid</span> <span class='ocrx_word' id='word_1_548' title='bbox 3645 3009 3799 3049; x_wconf 80' lang='lat' dir='ltr'>ereu-</span> 
     </span>
    </p>
   </div>
   <div class='ocr_carea' id='block_1_77' title="bbox 2203 3069 3801 3140">
    <p class='ocr_par' dir='ltr' id='par_1_77' title="bbox 2203 3069 3801 3140">
     <span class='ocr_line' id='line_1_78' title="bbox 2203 3069 3801 3140; baseline -0.006 -15"><span class='ocrx_word' id='word_1_549' title='bbox 2203 3078 2320 3127; x_wconf 89' lang='lat' dir='ltr'>tur:</span> <span class='ocrx_word' id='word_1_550' title='bbox 2339 3075 2405 3124; x_wconf 86' lang='lat' dir='ltr'>Et</span> <span class='ocrx_word' id='word_1_551' title='bbox 2450 3081 2575 3125; x_wconf 89' lang='lat' dir='ltr'>tunc</span> <span class='ocrx_word' id='word_1_552' title='bbox 2606 3076 2977 3140; x_wconf 83' lang='lat' dir='ltr'>unusquisque</span> <span class='ocrx_word' id='word_1_553' title='bbox 2997 3076 3283 3139; x_wconf 88' lang='lat' dir='ltr'>legentium</span> <span class='ocrx_word' id='word_1_554' title='bbox 3306 3074 3534 3131; x_wconf 83' lang='lat' dir='ltr'>vidisset,</span> <span class='ocrx_word' id='word_1_555' title='bbox 3560 3070 3698 3135; x_wconf 88' lang='lat' dir='ltr'>quid</span> <span class='ocrx_word' id='word_1_556' title='bbox 3724 3069 3801 3117; x_wconf 85' lang='lat' dir='ltr'>ibi</span> 
     </span>
    </p>
   </div>
   <div class='ocr_carea' id='block_1_78' title="bbox 2202 3140 3809 3210">
    <p class='ocr_par' dir='ltr' id='par_1_78' title="bbox 2202 3140 3809 3210">
     <span class='ocr_line' id='line_1_79' title="bbox 2202 3140 3809 3210; baseline -0.004 -15"><span class='ocrx_word' id='word_1_557' title='bbox 2202 3151 2323 3195; x_wconf 89' lang='lat' dir='ltr'>esset</span> <span class='ocrx_word' id='word_1_558' title='bbox 2343 3145 2656 3207; x_wconf 88' lang='lat' dir='ltr'>absurdum,</span> <span class='ocrx_word' id='word_1_559' title='bbox 2689 3147 2825 3209; x_wconf 86' lang='lat' dir='ltr'>quid</span> <span class='ocrx_word' id='word_1_560' title='bbox 2851 3161 3188 3210; x_wconf 85' lang='lat' dir='ltr'>consequens,</span> <span class='ocrx_word' id='word_1_561' title='bbox 3212 3144 3347 3207; x_wconf 87' lang='lat' dir='ltr'>quid</span> <span class='ocrx_word' id='word_1_562' title='bbox 3362 3144 3642 3207; x_wconf 87' lang='lat' dir='ltr'>iniquum,</span> <span class='ocrx_word' id='word_1_563' title='bbox 3668 3140 3809 3205; x_wconf 84' lang='lat' dir='ltr'>quid</span> 
     </span>
    </p>
   </div>
   <div class='ocr_carea' id='block_1_79' title="bbox 2204 3212 3811 3283">
    <p class='ocr_par' dir='ltr' id='par_1_79' title="bbox 2204 3212 3811 3283">
     <span class='ocr_line' id='line_1_80' title="bbox 2204 3212 3811 3283; baseline -0.002 -16"><span class='ocrx_word' id='word_1_564' title='bbox 2204 3223 2333 3267; x_wconf 89' lang='lat' dir='ltr'>certe</span> <span class='ocrx_word' id='word_1_565' title='bbox 2366 3225 2555 3268; x_wconf 88' lang='lat' dir='ltr'>contra</span> <span class='ocrx_word' id='word_1_566' title='bbox 2581 3219 2911 3283; x_wconf 83' lang='lat' dir='ltr'>Apostolicas</span> <span class='ocrx_word' id='word_1_567' title='bbox 2946 3217 3288 3283; x_wconf 84' lang='lat' dir='ltr'>regulas.Sed</span> <span class='ocrx_word' id='word_1_568' title='bbox 3319 3226 3591 3268; x_wconf 85' lang='lat' dir='ltr'>concesso</span> <span class='ocrx_word' id='word_1_569' title='bbox 3628 3212 3811 3265; x_wconf 87' lang='lat' dir='ltr'>etiam</span> 
     </span>
    </p>
   </div>
   <div class='ocr_carea' id='block_1_80' title="bbox 2206 3286 3810 3355">
    <p class='ocr_par' dir='ltr' id='par_1_80' title="bbox 2206 3286 3810 3355">
     <span class='ocr_line' id='line_1_81' title="bbox 2206 3286 3810 3355; baseline -0.004 -12"><span class='ocrx_word' id='word_1_570' title='bbox 2206 3289 2376 3353; x_wconf 90' lang='lat' dir='ltr'>(quod</span> <span class='ocrx_word' id='word_1_571' title='bbox 2411 3292 2603 3343; x_wconf 89' lang='lat' dir='ltr'>tamen</span> <span class='ocrx_word' id='word_1_572' title='bbox 2646 3304 3014 3355; x_wconf 86' lang='lat' dir='ltr'>nequaquam</span> <span class='ocrx_word' id='word_1_573' title='bbox 3052 3290 3328 3352; x_wconf 89' lang='lat' dir='ltr'>concedit)</span> <span class='ocrx_word' id='word_1_574' title='bbox 3360 3286 3686 3352; x_wconf 82' lang='lat' dir='ltr'>Apologiam</span> <span class='ocrx_word' id='word_1_575' title='bbox 3704 3296 3810 3350; x_wconf 90' lang='lat' dir='ltr'>pro</span> 
     </span>
    </p>
   </div>
   <div class='ocr_carea' id='block_1_81' title="bbox 505 3329 3814 3427">
    <p class='ocr_par' dir='ltr' id='par_1_81' title="bbox 505 3329 3814 3427">
     <span class='ocr_line' id='line_1_82' title="bbox 505 3329 3814 3427; baseline -0.004 -9"><span class='ocrx_word' id='word_1_576' title='bbox 505 3355 726 3427; x_wconf 77' lang='lat' dir='ltr'>crimini</span> <span class='ocrx_word' id='word_1_577' title='bbox 755 3329 941 3417; x_wconf 49' lang='lat' dir='ltr'>venit:</span> <span class='ocrx_word' id='word_1_578' title='bbox 956 3354 1110 3427; x_wconf 55' lang='lat' dir='ltr'>quod</span> <span class='ocrx_word' id='word_1_579' title='bbox 1132 3329 1230 3427; x_wconf 65' lang='grc' dir='ltr'>ὲ)θὲ</span> <span class='ocrx_word' id='word_1_580' title='bbox 1251 3354 1560 3427; x_wconf 60' lang='lat' dir='ltr'>monac-hos</span> <span class='ocrx_word' id='word_1_581' title='bbox 1577 3353 1779 3427; x_wconf 65' lang='lat' dir='ltr'>Oliveti</span> <span class='ocrx_word' id='word_1_582' title='bbox 1805 3353 2108 3427; x_wconf 59' lang='lat' dir='ltr'>quamplg-</span> <span class='ocrx_word' id='word_1_583' title='bbox 2129 3329 2178 3404; x_wconf 84' lang='lat' dir='ltr'><strong>C</strong></span> <span class='ocrx_word' id='word_1_584' title='bbox 2202 3329 2603 3426; x_wconf 60' lang='grc' dir='ltr'>3τῖέέηὲῖῖὄέ</span> <span class='ocrx_word' id='word_1_585' title='bbox 2618 3329 2755 3415; x_wconf 58' lang='grc' dir='ltr'>δὲ’ξὲ</span> <span class='ocrx_word' id='word_1_586' title='bbox 2768 3329 3038 3427; x_wconf 55' lang='grc' dir='ltr'>ἔέιεῖἓῖε</span> <span class='ocrx_word' id='word_1_587' title='bbox 3052 3329 3489 3427; x_wconf 48' lang='lat' dir='ltr'>“Signia-[ita</span> <span class='ocrx_word' id='word_1_588' title='bbox 3508 3329 3814 3423; x_wconf 58' lang='lat' dir='ltr'>citjuscz‘m-</span> 
     </span>
    </p>
   </div>
   <div class='ocr_carea' id='block_1_82' title="bbox 504 3424 2108 3489">
    <p class='ocr_par' dir='ltr' id='par_1_82' title="bbox 504 3424 2108 3489">
     <span class='ocr_line' id='line_1_83' title="bbox 504 3424 2108 3489; baseline -0.001 -12"><span class='ocrx_word' id='word_1_589' title='bbox 504 3426 682 3477; x_wconf 88' lang='lat' dir='ltr'>rimos</span> <span class='ocrx_word' id='word_1_590' title='bbox 719 3426 1002 3478; x_wconf 88' lang='lat' dir='ltr'>Ciceronis</span> <span class='ocrx_word' id='word_1_591' title='bbox 1048 3424 1304 3488; x_wconf 87' lang='lat' dir='ltr'>dialogos</span> <span class='ocrx_word' id='word_1_592' title='bbox 1346 3424 1406 3476; x_wconf 91' lang='lat' dir='ltr'>in</span> <span class='ocrx_word' id='word_1_593' title='bbox 1439 3425 1620 3489; x_wconf 90' lang='lat' dir='ltr'>ipsius</span> <span class='ocrx_word' id='word_1_594' title='bbox 1655 3424 1848 3476; x_wconf 83' lang='lat' dir='ltr'>Ruﬁni</span> <span class='ocrx_word' id='word_1_595' title='bbox 1890 3424 2108 3476; x_wconf 89' lang='lat' dir='ltr'>cellulis</span> 
     </span>
    </p>
   </div>
   <div class='ocr_carea' id='block_1_83' title="bbox 503 3496 2107 3562">
    <p class='ocr_par' dir='ltr' id='par_1_83' title="bbox 503 3496 2107 3562">
     <span class='ocr_line' id='line_1_84' title="bbox 503 3496 2107 3562; baseline 0.001 -13"><span class='ocrx_word' id='word_1_596' title='bbox 503 3496 662 3562; x_wconf 88' lang='lat' dir='ltr'>larga</span> <span class='ocrx_word' id='word_1_597' title='bbox 683 3500 944 3551; x_wconf 87' lang='lat' dir='ltr'>mercede</span> <span class='ocrx_word' id='word_1_598' title='bbox 970 3497 1080 3550; x_wconf 87' lang='lat' dir='ltr'>sibi</span> <span class='ocrx_word' id='word_1_599' title='bbox 1092 3497 1502 3548; x_wconf 79' lang='lat' dir='ltr'>describendas</span> <span class='ocrx_word' id='word_1_600' title='bbox 1532 3497 2009 3560; x_wconf 82' lang='lat' dir='ltr'>curaveritzquod</span> <span class='ocrx_word' id='word_1_601' title='bbox 2037 3497 2107 3550; x_wconf 92' lang='lat' dir='ltr'>de</span> 
     </span>
    </p>
   </div>
   <div class='ocr_carea' id='block_1_84' title="bbox 503 3566 2105 3633">
    <p class='ocr_par' dir='ltr' id='par_1_84' title="bbox 503 3566 2105 3633">
     <span class='ocr_line' id='line_1_85' title="bbox 503 3566 2105 3633; baseline 0 -14"><span class='ocrx_word' id='word_1_602' title='bbox 503 3568 797 3621; x_wconf 85' lang='lat' dir='ltr'>Bethleem</span> <span class='ocrx_word' id='word_1_603' title='bbox 812 3570 1271 3633; x_wconf 86' lang='lat' dir='ltr'>Hierosolymam</span> <span class='ocrx_word' id='word_1_604' title='bbox 1290 3567 1545 3629; x_wconf 89' lang='lat' dir='ltr'>veniens,</span> <span class='ocrx_word' id='word_1_605' title='bbox 1562 3567 1814 3618; x_wconf 86' lang='lat' dir='ltr'>codicem</span> <span class='ocrx_word' id='word_1_606' title='bbox 1835 3580 1968 3619; x_wconf 91' lang='lat' dir='ltr'>cum</span> <span class='ocrx_word' id='word_1_607' title='bbox 1981 3566 2105 3619; x_wconf 90' lang='lat' dir='ltr'>dia-</span> 
     </span>
    </p>
   </div>
   <div class='ocr_carea' id='block_1_85' title="bbox 503 3638 2105 3703">
    <p class='ocr_par' dir='ltr' id='par_1_85' title="bbox 503 3638 2105 3703">
     <span class='ocr_line' id='line_1_86' title="bbox 503 3638 2105 3703; baseline 0 -13"><span class='ocrx_word' id='word_1_608' title='bbox 503 3638 634 3703; x_wconf 86' lang='lat' dir='ltr'>logo</span> <span class='ocrx_word' id='word_1_609' title='bbox 660 3640 911 3693; x_wconf 89' lang='lat' dir='ltr'>Platonis</span> <span class='ocrx_word' id='word_1_610' title='bbox 937 3654 972 3693; x_wconf 89' lang='lat' dir='ltr'>a</span> <span class='ocrx_word' id='word_1_611' title='bbox 994 3642 1065 3692; x_wconf 80' lang='lat' dir='ltr'>M.</span> <span class='ocrx_word' id='word_1_612' title='bbox 1094 3639 1277 3691; x_wconf 89' lang='lat' dir='ltr'>Tullio</span> <span class='ocrx_word' id='word_1_613' title='bbox 1298 3638 1476 3689; x_wconf 89' lang='lat' dir='ltr'>latine</span> <span class='ocrx_word' id='word_1_614' title='bbox 1494 3638 1799 3699; x_wconf 89' lang='lat' dir='ltr'>redditum,</span> <span class='ocrx_word' id='word_1_615' title='bbox 1816 3639 1886 3689; x_wconf 89' lang='lat' dir='ltr'>ad</span> <span class='ocrx_word' id='word_1_616' title='bbox 1904 3639 2105 3690; x_wconf 85' lang='lat' dir='ltr'>descri-</span> 
     </span>
    </p>
   </div>
   <div class='ocr_carea' id='block_1_86' title="bbox 504 3709 2104 3775">
    <p class='ocr_par' dir='ltr' id='par_1_86' title="bbox 504 3709 2104 3775">
     <span class='ocr_line' id='line_1_87' title="bbox 504 3709 2104 3775; baseline 0 -12"><span class='ocrx_word' id='word_1_617' title='bbox 504 3712 757 3763; x_wconf 87' lang='lat' dir='ltr'>bendum</span> <span class='ocrx_word' id='word_1_618' title='bbox 771 3713 989 3765; x_wconf 90' lang='lat' dir='ltr'>dederit</span> <span class='ocrx_word' id='word_1_619' title='bbox 1008 3726 1021 3774; x_wconf 93' lang='lat'>;</span> <span class='ocrx_word' id='word_1_620' title='bbox 1034 3713 1095 3763; x_wconf 90' lang='lat' dir='ltr'>in</span> <span class='ocrx_word' id='word_1_621' title='bbox 1108 3712 1456 3763; x_wconf 86' lang='lat' dir='ltr'>monasterio</span> <span class='ocrx_word' id='word_1_622' title='bbox 1467 3709 1903 3762; x_wconf 88' lang='lat' dir='ltr'>Bethleemetico</span> <span class='ocrx_word' id='word_1_623' title='bbox 1915 3716 2104 3775; x_wconf 85' lang='lat' dir='ltr'>partes</span> 
     </span>
    </p>
   </div>
   <div class='ocr_carea' id='block_1_87' title="bbox 502 3781 2103 3848">
    <p class='ocr_par' dir='ltr' id='par_1_87' title="bbox 502 3781 2103 3848">
     <span class='ocr_line' id='line_1_88' title="bbox 502 3781 2103 3848; baseline 0 -14"><span class='ocrx_word' id='word_1_624' title='bbox 502 3786 907 3847; x_wconf 86' lang='lat' dir='ltr'>grammaticas</span> <span class='ocrx_word' id='word_1_625' title='bbox 919 3781 2103 3848; x_wconf 79' lang='lat' dir='ltr'>exequens,Virgilium,Comicos,Lyricos,</span> 
     </span>
    </p>
   </div>
   <div class='ocr_carea' id='block_1_88' title="bbox 503 3853 2106 3921">
    <p class='ocr_par' dir='ltr' id='par_1_88' title="bbox 503 3853 2106 3921">
     <span class='ocr_line' id='line_1_89' title="bbox 503 3853 2106 3921; baseline 0 -14"><span class='ocrx_word' id='word_1_626' title='bbox 503 3860 560 3907; x_wconf 90' lang='lat' dir='ltr'>et</span> <span class='ocrx_word' id='word_1_627' title='bbox 605 3857 922 3908; x_wconf 88' lang='lat' dir='ltr'>Historicos</span> <span class='ocrx_word' id='word_1_628' title='bbox 966 3859 1232 3910; x_wconf 88' lang='lat' dir='ltr'>auctores</span> <span class='ocrx_word' id='word_1_629' title='bbox 1270 3854 1477 3921; x_wconf 89' lang='lat' dir='ltr'>pueris,</span> <span class='ocrx_word' id='word_1_630' title='bbox 1526 3854 1598 3905; x_wconf 88' lang='lat' dir='ltr'>ad</span> <span class='ocrx_word' id='word_1_631' title='bbox 1632 3853 1971 3906; x_wconf 91' lang='lat' dir='ltr'>discendum</span> <span class='ocrx_word' id='word_1_632' title='bbox 2003 3856 2106 3907; x_wconf 91' lang='lat' dir='ltr'>Dei</span> 
     </span>
    </p>
   </div>
   <div class='ocr_carea' id='block_1_89' title="bbox 501 3926 2104 3991">
    <p class='ocr_par' dir='ltr' id='par_1_89' title="bbox 501 3926 2104 3991">
     <span class='ocr_line' id='line_1_90' title="bbox 501 3926 2104 3991; baseline -0.001 -13"><span class='ocrx_word' id='word_1_633' title='bbox 501 3927 763 3980; x_wconf 88' lang='lat' dir='ltr'>timorem</span> <span class='ocrx_word' id='word_1_634' title='bbox 778 3930 885 3980; x_wconf 91' lang='lat' dir='ltr'>sibi</span> <span class='ocrx_word' id='word_1_635' title='bbox 896 3928 1119 3981; x_wconf 89' lang='lat' dir='ltr'>traditis</span> <span class='ocrx_word' id='word_1_636' title='bbox 1131 3926 1903 3991; x_wconf 80' lang='lat' dir='ltr'>exposuerit.Verba,quibus</span> <span class='ocrx_word' id='word_1_637' title='bbox 1915 3931 2104 3979; x_wconf 90' lang='lat' dir='ltr'>tactus</span> 
     </span>
    </p>
   </div>
   <div class='ocr_carea' id='block_1_90' title="bbox 500 3998 2104 4065">
    <p class='ocr_par' dir='ltr' id='par_1_90' title="bbox 500 3998 2104 4065">
     <span class='ocr_line' id='line_1_91' title="bbox 500 3998 2104 4065; baseline 0.001 -16"><span class='ocrx_word' id='word_1_638' title='bbox 500 3998 699 4061; x_wconf 86' lang='lat' dir='ltr'>fuerat,</span> <span class='ocrx_word' id='word_1_639' title='bbox 728 4001 892 4064; x_wconf 89' lang='lat' dir='ltr'>quasi</span> <span class='ocrx_word' id='word_1_640' title='bbox 928 4013 989 4052; x_wconf 91' lang='lat' dir='ltr'>se</span> <span class='ocrx_word' id='word_1_641' title='bbox 1013 4000 1205 4065; x_wconf 90' lang='lat' dir='ltr'>ipsum</span> <span class='ocrx_word' id='word_1_642' title='bbox 1224 3999 1529 4059; x_wconf 90' lang='lat' dir='ltr'>docuisset,</span> <span class='ocrx_word' id='word_1_643' title='bbox 1549 4002 1717 4051; x_wconf 87' lang='lat' dir='ltr'>vocat</span> <span class='ocrx_word' id='word_1_644' title='bbox 1737 3999 2104 4063; x_wconf 82' lang='lat' dir='ltr'>responsione</span> 
     </span>
    </p>
   </div>
   <div class='ocr_carea' id='block_1_91' title="bbox 500 4071 2104 4137">
    <p class='ocr_par' dir='ltr' id='par_1_91' title="bbox 500 4071 2104 4137">
     <span class='ocr_line' id='line_1_92' title="bbox 500 4071 2104 4137; baseline 0.001 -16"><span class='ocrx_word' id='word_1_645' title='bbox 500 4071 603 4121; x_wconf 86' lang='lat' dir='ltr'>vix</span> <span class='ocrx_word' id='word_1_646' title='bbox 625 4071 815 4136; x_wconf 82' lang='lat' dir='ltr'>digna;</span> <span class='ocrx_word' id='word_1_647' title='bbox 841 4072 1251 4137; x_wconf 89' lang='lat' dir='ltr'>Hieronymum</span> <span class='ocrx_word' id='word_1_648' title='bbox 1273 4071 1538 4123; x_wconf 89' lang='lat' dir='ltr'>doctores</span> <span class='ocrx_word' id='word_1_649' title='bbox 1566 4082 1701 4121; x_wconf 89' lang='lat' dir='ltr'>suos</span> <span class='ocrx_word' id='word_1_650' title='bbox 1738 4082 1768 4121; x_wconf 93' lang='lat' dir='ltr'>e</span> <span class='ocrx_word' id='word_1_651' title='bbox 1801 4071 2104 4135; x_wconf 88' lang='lat' dir='ltr'>Synagoga</span> 
     </span>
    </p>
   </div>
   <div class='ocr_carea' id='block_1_92' title="bbox 500 4142 2105 4207">
    <p class='ocr_par' dir='ltr' id='par_1_92' title="bbox 500 4142 2105 4207">
     <span class='ocr_line' id='line_1_93' title="bbox 500 4142 2105 4207; baseline 0.001 -15"><span class='ocrx_word' id='word_1_652' title='bbox 500 4147 815 4194; x_wconf 89' lang='lat' dir='ltr'>mercatum</span> <span class='ocrx_word' id='word_1_653' title='bbox 828 4143 1068 4207; x_wconf 84' lang='lat' dir='ltr'>(hocque</span> <span class='ocrx_word' id='word_1_654' title='bbox 1085 4142 1163 4193; x_wconf 89' lang='lat' dir='ltr'>illi</span> <span class='ocrx_word' id='word_1_655' title='bbox 1177 4142 1391 4207; x_wconf 59' lang='lat' dir='ltr'>saepius</span> <span class='ocrx_word' id='word_1_656' title='bbox 1401 4142 1746 4206; x_wconf 77' lang='lat' dir='ltr'>exprobrat),</span> <span class='ocrx_word' id='word_1_657' title='bbox 1762 4154 1824 4193; x_wconf 90' lang='lat' dir='ltr'>se</span> <span class='ocrx_word' id='word_1_658' title='bbox 1839 4154 1974 4194; x_wconf 90' lang='lat' dir='ltr'>vero</span> <span class='ocrx_word' id='word_1_659' title='bbox 1991 4154 2105 4193; x_wconf 87' lang='lat' dir='ltr'>ma-</span> 
     </span>
    </p>
   </div>
   <div class='ocr_carea' id='block_1_93' title="bbox 497 4212 2102 4277">
    <p class='ocr_par' dir='ltr' id='par_1_93' title="bbox 497 4212 2102 4277">
     <span class='ocr_line' id='line_1_94' title="bbox 497 4212 2102 4277; baseline 0.001 -14"><span class='ocrx_word' id='word_1_660' title='bbox 497 4212 679 4276; x_wconf 87' lang='lat' dir='ltr'>jorem</span> <span class='ocrx_word' id='word_1_661' title='bbox 699 4217 757 4264; x_wconf 92' lang='lat' dir='ltr'>et</span> <span class='ocrx_word' id='word_1_662' title='bbox 774 4214 1052 4266; x_wconf 88' lang='lat' dir='ltr'>veriorem</span> <span class='ocrx_word' id='word_1_663' title='bbox 1076 4213 1546 4265; x_wconf 82' lang='lat' dir='ltr'>obtrectationem</span> <span class='ocrx_word' id='word_1_664' title='bbox 1570 4213 1961 4277; x_wconf 90' lang='lat' dir='ltr'>promeritum,</span> <span class='ocrx_word' id='word_1_665' title='bbox 1987 4225 2102 4265; x_wconf 94' lang='lat' dir='ltr'>non</span> 
     </span>
    </p>
   </div>
   <div class='ocr_carea' id='block_1_94' title="bbox 502 4283 2103 4348">
    <p class='ocr_par' dir='ltr' id='par_1_94' title="bbox 502 4283 2103 4348">
     <span class='ocr_line' id='line_1_95' title="bbox 502 4283 2103 4348; baseline -0.001 -14"><span class='ocrx_word' id='word_1_666' title='bbox 502 4283 656 4345; x_wconf 91' lang='lat' dir='ltr'>quod</span> <span class='ocrx_word' id='word_1_667' title='bbox 681 4285 805 4336; x_wconf 90' lang='lat' dir='ltr'>sine</span> <span class='ocrx_word' id='word_1_668' title='bbox 832 4285 1101 4347; x_wconf 77' lang='lat' dir='ltr'>magistro</span> <span class='ocrx_word' id='word_1_669' title='bbox 1126 4284 1415 4345; x_wconf 87' lang='lat' dir='ltr'>dedicerit,</span> <span class='ocrx_word' id='word_1_670' title='bbox 1442 4283 1543 4335; x_wconf 89' lang='lat' dir='ltr'>sed</span> <span class='ocrx_word' id='word_1_671' title='bbox 1574 4284 1719 4348; x_wconf 87' lang='lat' dir='ltr'>quod</span> <span class='ocrx_word' id='word_1_672' title='bbox 1746 4285 1921 4348; x_wconf 84' lang='lat' dir='ltr'>magis</span> <span class='ocrx_word' id='word_1_673' title='bbox 1963 4284 2103 4333; x_wconf 83' lang='lat' dir='ltr'>inter</span> 
     </span>
    </p>
   </div>
   <div class='ocr_carea' id='block_1_95' title="bbox 502 4354 2103 4421">
    <p class='ocr_par' dir='ltr' id='par_1_95' title="bbox 502 4354 2103 4421">
     <span class='ocr_line' id='line_1_96' title="bbox 502 4354 2103 4421; baseline 0.002 -19"><span class='ocrx_word' id='word_1_674' title='bbox 502 4354 693 4404; x_wconf 84' lang='lat' dir='ltr'>multos</span> <span class='ocrx_word' id='word_1_675' title='bbox 738 4361 784 4405; x_wconf 85' lang='lat' dir='ltr'>et</span> <span class='ocrx_word' id='word_1_676' title='bbox 829 4356 1112 4421; x_wconf 69' lang='lat' dir='ltr'>praeclaros</span> <span class='ocrx_word' id='word_1_677' title='bbox 1163 4356 1448 4418; x_wconf 80' lang='lat' dir='ltr'>magistros</span> <span class='ocrx_word' id='word_1_678' title='bbox 1504 4356 1601 4405; x_wconf 85' lang='lat' dir='ltr'>diu</span> <span class='ocrx_word' id='word_1_679' title='bbox 1644 4361 1906 4419; x_wconf 87' lang='lat' dir='ltr'>moratus,</span> <span class='ocrx_word' id='word_1_680' title='bbox 1955 4356 2103 4405; x_wconf 85' lang='lat' dir='ltr'>nihil</span> 
     </span>
    </p>
   </div>
   <div class='ocr_carea' id='block_1_96' title="bbox 498 4426 2099 4489">
    <p class='ocr_par' dir='ltr' id='par_1_96' title="bbox 498 4426 2099 4489">
     <span class='ocr_line' id='line_1_97' title="bbox 498 4426 2099 4489; baseline 0.004 -16"><span class='ocrx_word' id='word_1_681' title='bbox 498 4426 728 4488; x_wconf 88' lang='lat' dir='ltr'>dignum</span> <span class='ocrx_word' id='word_1_682' title='bbox 745 4443 931 4477; x_wconf 87' lang='lat' dir='ltr'>eorum</span> <span class='ocrx_word' id='word_1_683' title='bbox 955 4427 1031 4477; x_wconf 87' lang='lat' dir='ltr'>vel</span> <span class='ocrx_word' id='word_1_684' title='bbox 1048 4427 1355 4489; x_wconf 79' lang='lat' dir='ltr'>magisterio</span> <span class='ocrx_word' id='word_1_685' title='bbox 1382 4426 1457 4475; x_wconf 85' lang='lat' dir='ltr'>vel</span> <span class='ocrx_word' id='word_1_686' title='bbox 1479 4427 1907 4476; x_wconf 85' lang='lat' dir='ltr'>institutionibus</span> <span class='ocrx_word' id='word_1_687' title='bbox 1927 4426 2099 4479; x_wconf 85' lang='lat' dir='ltr'>habe-</span> 
     </span>
    </p>
   </div>
   <div class='ocr_carea' id='block_1_97' title="bbox 499 4497 2098 4562">
    <p class='ocr_par' dir='ltr' id='par_1_97' title="bbox 499 4497 2098 4562">
     <span class='ocr_line' id='line_1_98' title="bbox 499 4497 2098 4562; baseline 0 -15"><span class='ocrx_word' id='word_1_688' title='bbox 499 4499 598 4548; x_wconf 89' lang='lat' dir='ltr'>ret.</span> <span class='ocrx_word' id='word_1_689' title='bbox 636 4499 834 4561; x_wconf 88' lang='lat' dir='ltr'>Ipsum</span> <span class='ocrx_word' id='word_1_690' title='bbox 869 4500 1306 4562; x_wconf 84' lang='lat' dir='ltr'>Hieronymum,</span> <span class='ocrx_word' id='word_1_691' title='bbox 1342 4497 1500 4549; x_wconf 88' lang='lat' dir='ltr'>addit</span> <span class='ocrx_word' id='word_1_692' title='bbox 1524 4498 1787 4558; x_wconf 78' lang='lat' dir='ltr'>Ruﬁnus,</span> <span class='ocrx_word' id='word_1_693' title='bbox 1826 4513 1933 4547; x_wconf 88' lang='lat' dir='ltr'>non</span> <span class='ocrx_word' id='word_1_694' title='bbox 1968 4502 2098 4547; x_wconf 90' lang='lat' dir='ltr'>totos</span> 
     </span>
    </p>
   </div>
   <div class='ocr_carea' id='block_1_98' title="bbox 498 4569 2096 4631">
    <p class='ocr_par' dir='ltr' id='par_1_98' title="bbox 498 4569 2096 4631">
     <span class='ocr_line' id='line_1_99' title="bbox 498 4569 2096 4631; baseline 0.005 -16"><span class='ocrx_word' id='word_1_695' title='bbox 498 4569 725 4631; x_wconf 81' lang='lat' dir='ltr'>triginta</span> <span class='ocrx_word' id='word_1_696' title='bbox 754 4571 865 4619; x_wconf 89' lang='lat' dir='ltr'>dies</span> <span class='ocrx_word' id='word_1_697' title='bbox 887 4571 1250 4627; x_wconf 56' lang='lat' dir='ltr'>Alexandria,</span> <span class='ocrx_word' id='word_1_698' title='bbox 1284 4569 1369 4618; x_wconf 88' lang='lat' dir='ltr'>ubi</span> <span class='ocrx_word' id='word_1_699' title='bbox 1392 4574 1503 4618; x_wconf 88' lang='lat' dir='ltr'>erat</span> <span class='ocrx_word' id='word_1_700' title='bbox 1527 4570 1807 4631; x_wconf 72' lang='lat' dir='ltr'>Didymus,</span> <span class='ocrx_word' id='word_1_701' title='bbox 1844 4581 2096 4623; x_wconf 86' lang='lat' dir='ltr'>commo-</span> 
     </span>
    </p>
   </div>
   <div class='ocr_carea' id='block_1_99' title="bbox 2207 3433 3812 3498">
    <p class='ocr_par' dir='ltr' id='par_1_99' title="bbox 2207 3433 3812 3498">
     <span class='ocr_line' id='line_1_100' title="bbox 2207 3433 3812 3498; baseline -0.001 -16"><span class='ocrx_word' id='word_1_702' title='bbox 2207 3449 2307 3498; x_wconf 89' lang='lat' dir='ltr'>que</span> <span class='ocrx_word' id='word_1_703' title='bbox 2330 3434 2499 3483; x_wconf 85' lang='lat' dir='ltr'>unius</span> <span class='ocrx_word' id='word_1_704' title='bbox 2527 3434 2590 3484; x_wconf 87' lang='lat' dir='ltr'>de</span> <span class='ocrx_word' id='word_1_705' title='bbox 2613 3435 2862 3493; x_wconf 85' lang='lat' dir='ltr'>Ecclesia,</span> <span class='ocrx_word' id='word_1_706' title='bbox 2892 3448 3010 3487; x_wconf 92' lang='lat' dir='ltr'>non</span> <span class='ocrx_word' id='word_1_707' title='bbox 3035 3435 3156 3487; x_wconf 89' lang='lat' dir='ltr'>suis</span> <span class='ocrx_word' id='word_1_708' title='bbox 3189 3433 3382 3486; x_wconf 89' lang='lat' dir='ltr'>verbis</span> <span class='ocrx_word' id='word_1_709' title='bbox 3406 3443 3579 3494; x_wconf 86' lang='lat' dir='ltr'>usum</span> <span class='ocrx_word' id='word_1_710' title='bbox 3602 3434 3812 3482; x_wconf 85' lang='lat' dir='ltr'>aucto-</span> 
     </span>
    </p>
   </div>
   <div class='ocr_carea' id='block_1_100' title="bbox 2205 3500 3811 3568">
    <p class='ocr_par' dir='ltr' id='par_1_100' title="bbox 2205 3500 3811 3568">
     <span class='ocr_line' id='line_1_101' title="bbox 2205 3500 3811 3568; baseline -0.003 -11"><span class='ocrx_word' id='word_1_711' title='bbox 2205 3518 2346 3567; x_wconf 90' lang='lat' dir='ltr'>rem,</span> <span class='ocrx_word' id='word_1_712' title='bbox 2374 3506 2454 3558; x_wconf 89' lang='lat' dir='ltr'>ita</span> <span class='ocrx_word' id='word_1_713' title='bbox 2474 3510 2538 3558; x_wconf 91' lang='lat' dir='ltr'>ut</span> <span class='ocrx_word' id='word_1_714' title='bbox 2552 3506 2642 3557; x_wconf 87' lang='lat' dir='ltr'>vis</span> <span class='ocrx_word' id='word_1_715' title='bbox 2660 3506 2789 3558; x_wconf 90' lang='lat' dir='ltr'>libri</span> <span class='ocrx_word' id='word_1_716' title='bbox 2812 3508 2884 3558; x_wconf 89' lang='lat' dir='ltr'>ab</span> <span class='ocrx_word' id='word_1_717' title='bbox 2908 3508 3161 3559; x_wconf 88' lang='lat' dir='ltr'>auctoris</span> <span class='ocrx_word' id='word_1_718' title='bbox 3185 3505 3387 3557; x_wconf 78' lang='lat' dir='ltr'>merito</span> <span class='ocrx_word' id='word_1_719' title='bbox 3411 3501 3678 3568; x_wconf 88' lang='lat' dir='ltr'>pendeat,</span> <span class='ocrx_word' id='word_1_720' title='bbox 3705 3500 3811 3552; x_wconf 90' lang='lat' dir='ltr'>sed</span> 
     </span>
    </p>
   </div>
   <div class='ocr_carea' id='block_1_101' title="bbox 2203 3572 3816 3643">
    <p class='ocr_par' dir='ltr' id='par_1_101' title="bbox 2203 3572 3816 3643">
     <span class='ocr_line' id='line_1_102' title="bbox 2203 3572 3816 3643; baseline -0.005 -14"><span class='ocrx_word' id='word_1_721' title='bbox 2203 3590 2276 3629; x_wconf 86' lang='lat' dir='ltr'>ex</span> <span class='ocrx_word' id='word_1_722' title='bbox 2297 3577 2554 3641; x_wconf 85' lang='lat' dir='ltr'>Origenis</span> <span class='ocrx_word' id='word_1_723' title='bbox 2578 3577 2735 3629; x_wconf 85' lang='lat' dir='ltr'>libris</span> <span class='ocrx_word' id='word_1_724' title='bbox 2759 3578 3024 3643; x_wconf 84' lang='lat' dir='ltr'>exempla</span> <span class='ocrx_word' id='word_1_725' title='bbox 3060 3579 3345 3643; x_wconf 89' lang='lat' dir='ltr'>posuisse.</span> <span class='ocrx_word' id='word_1_726' title='bbox 3371 3580 3429 3628; x_wconf 88' lang='lat' dir='ltr'>et</span> <span class='ocrx_word' id='word_1_727' title='bbox 3443 3574 3579 3638; x_wconf 85' lang='lat' dir='ltr'>quid</span> <span class='ocrx_word' id='word_1_728' title='bbox 3602 3573 3670 3623; x_wconf 87' lang='lat' dir='ltr'>de</span> <span class='ocrx_word' id='word_1_729' title='bbox 3690 3572 3816 3621; x_wconf 86' lang='lat' dir='ltr'>sin-</span> 
     </span>
    </p>
   </div>
   <div class='ocr_carea' id='block_1_102' title="bbox 2201 3644 3814 3713">
    <p class='ocr_par' dir='ltr' id='par_1_102' title="bbox 2201 3644 3814 3713">
     <span class='ocr_line' id='line_1_103' title="bbox 2201 3644 3814 3713; baseline -0.004 -16"><span class='ocrx_word' id='word_1_730' title='bbox 2201 3648 2343 3712; x_wconf 88' lang='lat' dir='ltr'>gulis</span> <span class='ocrx_word' id='word_1_731' title='bbox 2379 3649 2591 3711; x_wconf 87' lang='lat' dir='ltr'>sentiat,</span> <span class='ocrx_word' id='word_1_732' title='bbox 2634 3664 2748 3698; x_wconf 86' lang='lat' dir='ltr'>non</span> <span class='ocrx_word' id='word_1_733' title='bbox 2796 3650 2908 3699; x_wconf 83' lang='lat' dir='ltr'>suis</span> <span class='ocrx_word' id='word_1_734' title='bbox 2962 3649 3277 3713; x_wconf 82' lang='lat' dir='ltr'>defensoriis</span> <span class='ocrx_word' id='word_1_735' title='bbox 3318 3646 3502 3707; x_wconf 86' lang='lat' dir='ltr'>verbis,</span> <span class='ocrx_word' id='word_1_736' title='bbox 3546 3645 3638 3694; x_wconf 84' lang='lat' dir='ltr'>sed</span> <span class='ocrx_word' id='word_1_737' title='bbox 3688 3644 3814 3706; x_wconf 65' lang='lat' dir='ltr'>ejus</span> 
     </span>
    </p>
   </div>
   <div class='ocr_carea' id='block_1_103' title="bbox 2200 3715 3813 3783">
    <p class='ocr_par' dir='ltr' id='par_1_103' title="bbox 2200 3715 3813 3783">
     <span class='ocr_line' id='line_1_104' title="bbox 2200 3715 3813 3783; baseline -0.001 -15"><span class='ocrx_word' id='word_1_738' title='bbox 2200 3720 2392 3783; x_wconf 88' lang='lat' dir='ltr'>ipsius,</span> <span class='ocrx_word' id='word_1_739' title='bbox 2418 3721 2513 3783; x_wconf 87' lang='lat' dir='ltr'>qui</span> <span class='ocrx_word' id='word_1_740' title='bbox 2536 3720 2891 3769; x_wconf 88' lang='lat' dir='ltr'>accusabatur</span> <span class='ocrx_word' id='word_1_741' title='bbox 2925 3722 3211 3783; x_wconf 85' lang='lat' dir='ltr'>ostendere;</span> <span class='ocrx_word' id='word_1_742' title='bbox 3229 3720 3510 3772; x_wconf 82' lang='lat' dir='ltr'>itautnon</span> <span class='ocrx_word' id='word_1_743' title='bbox 3532 3715 3813 3768; x_wconf 81' lang='lat' dir='ltr'>excusin-</span> 
     </span>
    </p>
   </div>
   <div class='ocr_carea' id='block_1_104' title="bbox 2207 3786 3807 3857">
    <p class='ocr_par' dir='ltr' id='par_1_104' title="bbox 2207 3786 3807 3857">
     <span class='ocr_line' id='line_1_105' title="bbox 2207 3786 3807 3857; baseline -0.003 -15"><span class='ocrx_word' id='word_1_744' title='bbox 2207 3791 2275 3842; x_wconf 85' lang='lat' dir='ltr'>tis</span> <span class='ocrx_word' id='word_1_745' title='bbox 2307 3791 2665 3850; x_wconf 90' lang='lat' dir='ltr'>auctoritate,</span> <span class='ocrx_word' id='word_1_746' title='bbox 2694 3792 2795 3844; x_wconf 87' lang='lat' dir='ltr'>sed</span> <span class='ocrx_word' id='word_1_747' title='bbox 2820 3792 2942 3844; x_wconf 91' lang='lat' dir='ltr'>suis</span> <span class='ocrx_word' id='word_1_748' title='bbox 2967 3792 3135 3844; x_wconf 91' lang='lat' dir='ltr'>dictis</span> <span class='ocrx_word' id='word_1_749' title='bbox 3151 3792 3422 3857; x_wconf 88' lang='lat' dir='ltr'>Origenes</span> <span class='ocrx_word' id='word_1_750' title='bbox 3446 3786 3807 3846; x_wconf 89' lang='lat' dir='ltr'>defendatur,</span> 
     </span>
    </p>
   </div>
   <div class='ocr_carea' id='block_1_105' title="bbox 2201 3858 3809 3928">
    <p class='ocr_par' dir='ltr' id='par_1_105' title="bbox 2201 3858 3809 3928">
     <span class='ocr_line' id='line_1_106' title="bbox 2201 3858 3809 3928; baseline -0.003 -14"><span class='ocrx_word' id='word_1_751' title='bbox 2201 3862 2442 3927; x_wconf 89' lang='lat' dir='ltr'>ideoque</span> <span class='ocrx_word' id='word_1_752' title='bbox 2481 3876 2965 3928; x_wconf 90' lang='lat' dir='ltr'>supervacaneam</span> <span class='ocrx_word' id='word_1_753' title='bbox 3006 3877 3132 3916; x_wconf 88' lang='lat' dir='ltr'>esse</span> <span class='ocrx_word' id='word_1_754' title='bbox 3164 3863 3237 3916; x_wconf 87' lang='lat' dir='ltr'>de</span> <span class='ocrx_word' id='word_1_755' title='bbox 3268 3866 3500 3915; x_wconf 90' lang='lat' dir='ltr'>auctore</span> <span class='ocrx_word' id='word_1_756' title='bbox 3523 3858 3809 3923; x_wconf 56' lang='lat' dir='ltr'>quaestio-</span> 
     </span>
    </p>
   </div>
   <div class='ocr_carea' id='block_1_106' title="bbox 2200 3933 3808 3999">
    <p class='ocr_par' dir='ltr' id='par_1_106' title="bbox 2200 3933 3808 3999">
     <span class='ocr_line' id='line_1_107' title="bbox 2200 3933 3808 3999; baseline -0.004 -13"><span class='ocrx_word' id='word_1_757' title='bbox 2200 3947 2333 3987; x_wconf 91' lang='lat' dir='ltr'>nem</span> <span class='ocrx_word' id='word_1_758' title='bbox 2396 3934 2494 3986; x_wconf 90' lang='lat' dir='ltr'>ubi</span> <span class='ocrx_word' id='word_1_759' title='bbox 2556 3933 2805 3987; x_wconf 88' lang='lat' dir='ltr'>defensio</span> <span class='ocrx_word' id='word_1_760' title='bbox 2859 3934 2988 3988; x_wconf 88' lang='lat' dir='ltr'>talis</span> <span class='ocrx_word' id='word_1_761' title='bbox 3041 3937 3151 3997; x_wconf 90' lang='lat' dir='ltr'>est,</span> <span class='ocrx_word' id='word_1_762' title='bbox 3206 3946 3339 3999; x_wconf 69' lang='lat' dir='ltr'>qum</span> <span class='ocrx_word' id='word_1_763' title='bbox 3401 3934 3635 3985; x_wconf 87' lang='lat' dir='ltr'>auctore</span> <span class='ocrx_word' id='word_1_764' title='bbox 3684 3941 3808 3981; x_wconf 91' lang='lat' dir='ltr'>non</span> 
     </span>
    </p>
   </div>
   <div class='ocr_carea' id='block_1_107' title="bbox 2201 4010 3230 4070">
    <p class='ocr_par' dir='ltr' id='par_1_107' title="bbox 2201 4010 3230 4070">
     <span class='ocr_line' id='line_1_108' title="bbox 2201 4010 3230 4070; baseline -0.014 -12"><span class='ocrx_word' id='word_1_765' title='bbox 2201 4010 2382 4070; x_wconf 88' lang='lat' dir='ltr'>egeat.</span> <span class='ocrx_word' id='word_1_766' title='bbox 3222 4036 3230 4044; x_wconf 91' lang='lat'>.</span> 
     </span>
    </p>
   </div>
   <div class='ocr_carea' id='block_1_108' title="bbox 2263 4071 3810 4143">
    <p class='ocr_par' dir='ltr' id='par_1_108' title="bbox 2263 4071 3810 4143">
     <span class='ocr_line' id='line_1_109' title="bbox 2263 4071 3810 4143; baseline -0.007 -12"><span class='ocrx_word' id='word_1_767' title='bbox 2263 4075 2313 4131; x_wconf 82' lang='lat'>5.</span> <span class='ocrx_word' id='word_1_768' title='bbox 2349 4077 2738 4143; x_wconf 88' lang='lat' dir='ltr'>Hieronymus</span> <span class='ocrx_word' id='word_1_769' title='bbox 2761 4077 2997 4138; x_wconf 80' lang='lat' dir='ltr'>dixerat,</span> <span class='ocrx_word' id='word_1_770' title='bbox 3031 4079 3159 4138; x_wconf 87' lang='lat' dir='ltr'>Quis</span> <span class='ocrx_word' id='word_1_771' title='bbox 3182 4074 3549 4142; x_wconf 78' lang='lat' dir='ltr'>prudentium,</span> <span class='ocrx_word' id='word_1_772' title='bbox 3574 4071 3655 4122; x_wconf 83' lang='lat' dir='ltr'>vel</span> <span class='ocrx_word' id='word_1_773' title='bbox 3679 4072 3810 4136; x_wconf 86' lang='lat' dir='ltr'>quis</span> 
     </span>
    </p>
   </div>
   <div class='ocr_carea' id='block_1_109' title="bbox 2202 4145 3807 4213">
    <p class='ocr_par' dir='ltr' id='par_1_109' title="bbox 2202 4145 3807 4213">
     <span class='ocr_line' id='line_1_110' title="bbox 2202 4145 3807 4213; baseline -0.001 -17"><span class='ocrx_word' id='word_1_774' title='bbox 2202 4147 2526 4197; x_wconf 86' lang='lat' dir='ltr'>Sanctorum</span> <span class='ocrx_word' id='word_1_775' title='bbox 2550 4150 2771 4213; x_wconf 85' lang='lat' dir='ltr'>aggredi</span> <span class='ocrx_word' id='word_1_776' title='bbox 2792 4150 2957 4199; x_wconf 88' lang='lat' dir='ltr'>voluit</span> <span class='ocrx_word' id='word_1_777' title='bbox 2984 4151 3045 4199; x_wconf 85' lang='lat' dir='ltr'>in</span> <span class='ocrx_word' id='word_1_778' title='bbox 3080 4150 3314 4201; x_wconf 86' lang='lat' dir='ltr'>latinum</span> <span class='ocrx_word' id='word_1_779' title='bbox 3336 4152 3528 4197; x_wconf 84' lang='lat' dir='ltr'>vertere</span> <span class='ocrx_word' id='word_1_780' title='bbox 3567 4145 3720 4209; x_wconf 84' lang='lat' dir='ltr'>quod</span> <span class='ocrx_word' id='word_1_781' title='bbox 3746 4150 3807 4191; x_wconf 82' lang='lat' dir='ltr'>tu</span> 
     </span>
    </p>
   </div>
   <div class='ocr_carea' id='block_1_110' title="bbox 2199 4214 3804 4285">
    <p class='ocr_par' dir='ltr' id='par_1_110' title="bbox 2199 4214 3804 4285">
     <span class='ocr_line' id='line_1_111' title="bbox 2199 4214 3804 4285; baseline -0.001 -18"><span class='ocrx_word' id='word_1_782' title='bbox 2199 4234 2366 4267; x_wconf 88' lang='lat' dir='ltr'>ausus</span> <span class='ocrx_word' id='word_1_783' title='bbox 2384 4234 2434 4268; x_wconf 83' lang='lat' dir='ltr'>es</span> <span class='ocrx_word' id='word_1_784' title='bbox 2450 4219 2477 4269; x_wconf 78' lang='lat'><strong><em>?</em></strong></span> <span class='ocrx_word' id='word_1_785' title='bbox 2500 4220 2611 4285; x_wconf 84' lang='lat' dir='ltr'>Ego</span> <span class='ocrx_word' id='word_1_786' title='bbox 2635 4221 2744 4285; x_wconf 88' lang='lat' dir='ltr'>ipse</span> <span class='ocrx_word' id='word_1_787' title='bbox 2766 4236 2895 4285; x_wconf 69' lang='lat' dir='ltr'>saepe</span> <span class='ocrx_word' id='word_1_788' title='bbox 2920 4228 3139 4285; x_wconf 86' lang='lat' dir='ltr'>rogatus</span> <span class='ocrx_word' id='word_1_789' title='bbox 3162 4237 3196 4269; x_wconf 93' lang='lat' dir='ltr'>a</span> <span class='ocrx_word' id='word_1_790' title='bbox 3216 4220 3417 4280; x_wconf 85' lang='lat' dir='ltr'>multis,</span> <span class='ocrx_word' id='word_1_791' title='bbox 3436 4232 3545 4268; x_wconf 88' lang='lat' dir='ltr'>non</span> <span class='ocrx_word' id='word_1_792' title='bbox 3557 4215 3682 4279; x_wconf 81' lang='lat' dir='ltr'>feci.</span> <span class='ocrx_word' id='word_1_793' title='bbox 3709 4214 3804 4267; x_wconf 82' lang='lat' dir='ltr'>Ad</span> 
     </span>
    </p>
   </div>
   <div class='ocr_carea' id='block_1_111' title="bbox 2200 4287 3808 4355">
    <p class='ocr_par' dir='ltr' id='par_1_111' title="bbox 2200 4287 3808 4355">
     <span class='ocr_line' id='line_1_112' title="bbox 2200 4287 3808 4355; baseline -0.004 -14"><span class='ocrx_word' id='word_1_794' title='bbox 2200 4289 2450 4355; x_wconf 90' lang='lat' dir='ltr'>primum</span> <span class='ocrx_word' id='word_1_795' title='bbox 2473 4292 2782 4355; x_wconf 85' lang='lat' dir='ltr'>respondet</span> <span class='ocrx_word' id='word_1_796' title='bbox 2804 4293 3067 4355; x_wconf 79' lang='lat' dir='ltr'>Rufinus,</span> <span class='ocrx_word' id='word_1_797' title='bbox 3098 4293 3224 4343; x_wconf 85' lang='lat' dir='ltr'>Non</span> <span class='ocrx_word' id='word_1_798' title='bbox 3251 4291 3506 4343; x_wconf 86' lang='lat' dir='ltr'>continuo</span> <span class='ocrx_word' id='word_1_799' title='bbox 3536 4287 3634 4352; x_wconf 87' lang='lat' dir='ltr'>qui</span> <span class='ocrx_word' id='word_1_800' title='bbox 3668 4302 3808 4337; x_wconf 81' lang='lat' dir='ltr'>san-</span> 
     </span>
    </p>
   </div>
   <div class='ocr_carea' id='block_1_112' title="bbox 2199 4357 3806 4427">
    <p class='ocr_par' dir='ltr' id='par_1_112' title="bbox 2199 4357 3806 4427">
     <span class='ocr_line' id='line_1_113' title="bbox 2199 4357 3806 4427; baseline -0.002 -18"><span class='ocrx_word' id='word_1_801' title='bbox 2199 4366 2310 4410; x_wconf 87' lang='lat' dir='ltr'>ctus</span> <span class='ocrx_word' id='word_1_802' title='bbox 2333 4367 2378 4409; x_wconf 89' lang='lat' dir='ltr'>ct</span> <span class='ocrx_word' id='word_1_803' title='bbox 2405 4363 2645 4426; x_wconf 86' lang='lat' dir='ltr'>prudens</span> <span class='ocrx_word' id='word_1_804' title='bbox 2676 4368 2745 4413; x_wconf 87' lang='lat' dir='ltr'>est</span> <span class='ocrx_word' id='word_1_805' title='bbox 2780 4365 3022 4424; x_wconf 88' lang='lat' dir='ltr'>Latinus,</span> <span class='ocrx_word' id='word_1_806' title='bbox 3055 4379 3177 4413; x_wconf 88' lang='lat' dir='ltr'>eum</span> <span class='ocrx_word' id='word_1_807' title='bbox 3210 4363 3406 4427; x_wconf 82' lang='lat' dir='ltr'>linguae</span> <span class='ocrx_word' id='word_1_808' title='bbox 3440 4361 3626 4412; x_wconf 59' lang='lat' dir='ltr'>Grece</span> <span class='ocrx_word' id='word_1_809' title='bbox 3650 4357 3806 4407; x_wconf 84' lang='lat' dir='ltr'>noti-</span> 
     </span>
    </p>
   </div>
   <div class='ocr_carea' id='block_1_113' title="bbox 2200 4429 3807 4498">
    <p class='ocr_par' dir='ltr' id='par_1_113' title="bbox 2200 4429 3807 4498">
     <span class='ocr_line' id='line_1_114' title="bbox 2200 4429 3807 4498; baseline -0.002 -18"><span class='ocrx_word' id='word_1_810' title='bbox 2200 4430 2332 4480; x_wconf 89' lang='lat' dir='ltr'>tiam</span> <span class='ocrx_word' id='word_1_811' title='bbox 2356 4432 2682 4495; x_wconf 81' lang='lat' dir='ltr'>sufﬂcienter</span> <span class='ocrx_word' id='word_1_812' title='bbox 2695 4433 3018 4495; x_wconf 81' lang='lat' dir='ltr'>habere,nec</span> <span class='ocrx_word' id='word_1_813' title='bbox 3032 4435 3305 4485; x_wconf 75' lang='lat' dir='ltr'>sanctitati</span> <span class='ocrx_word' id='word_1_814' title='bbox 3330 4434 3442 4498; x_wconf 82' lang='lat' dir='ltr'>ejus</span> <span class='ocrx_word' id='word_1_815' title='bbox 3455 4429 3694 4489; x_wconf 84' lang='lat' dir='ltr'>detrahi,</span> <span class='ocrx_word' id='word_1_816' title='bbox 3710 4429 3807 4478; x_wconf 84' lang='lat' dir='ltr'>cui</span> 
     </span>
    </p>
   </div>
   <div class='ocr_carea' id='block_1_114' title="bbox 2199 4502 3804 4569">
    <p class='ocr_par' dir='ltr' id='par_1_114' title="bbox 2199 4502 3804 4569">
     <span class='ocr_line' id='line_1_115' title="bbox 2199 4502 3804 4569; baseline -0.001 -18"><span class='ocrx_word' id='word_1_817' title='bbox 2199 4502 2333 4552; x_wconf 87' lang='lat' dir='ltr'>deest</span> <span class='ocrx_word' id='word_1_818' title='bbox 2367 4504 2659 4569; x_wconf 72' lang='lat' dir='ltr'>peregrinae</span> <span class='ocrx_word' id='word_1_819' title='bbox 2696 4505 2893 4569; x_wconf 67' lang='lat' dir='ltr'>linguae</span> <span class='ocrx_word' id='word_1_820' title='bbox 2916 4508 3150 4555; x_wconf 82' lang='lat' dir='ltr'>notitia:</span> <span class='ocrx_word' id='word_1_821' title='bbox 3179 4512 3236 4555; x_wconf 87' lang='lat' dir='ltr'>ut</span> <span class='ocrx_word' id='word_1_822' title='bbox 3259 4507 3477 4564; x_wconf 85' lang='lat' dir='ltr'>iterum,</span> <span class='ocrx_word' id='word_1_823' title='bbox 3512 4517 3625 4551; x_wconf 87' lang='lat' dir='ltr'>non</span> <span class='ocrx_word' id='word_1_824' title='bbox 3664 4516 3804 4551; x_wconf 86' lang='lat' dir='ltr'>con-</span> 
     </span>
    </p>
   </div>
   <div class='ocr_carea' id='block_1_115' title="bbox 2200 4574 3801 4642">
    <p class='ocr_par' dir='ltr' id='par_1_115' title="bbox 2200 4574 3801 4642">
     <span class='ocr_line' id='line_1_116' title="bbox 2200 4574 3801 4642; baseline -0.002 -20"><span class='ocrx_word' id='word_1_825' title='bbox 2200 4575 2354 4623; x_wconf 87' lang='lat' dir='ltr'>tinuo</span> <span class='ocrx_word' id='word_1_826' title='bbox 2384 4575 2431 4624; x_wconf 87' lang='lat' dir='ltr'>si</span> <span class='ocrx_word' id='word_1_827' title='bbox 2475 4576 2754 4626; x_wconf 87' lang='lat' dir='ltr'>scientiam</span> <span class='ocrx_word' id='word_1_828' title='bbox 2795 4579 2916 4642; x_wconf 82' lang='lat' dir='ltr'>quis</span> <span class='ocrx_word' id='word_1_829' title='bbox 2950 4578 3101 4628; x_wconf 83' lang='lat' dir='ltr'>habet</span> <span class='ocrx_word' id='word_1_830' title='bbox 3127 4579 3291 4628; x_wconf 68' lang='lat' dir='ltr'>Graeci</span> <span class='ocrx_word' id='word_1_831' title='bbox 3316 4574 3594 4635; x_wconf 84' lang='lat' dir='ltr'>sermonis,</span> <span class='ocrx_word' id='word_1_832' title='bbox 3629 4574 3801 4622; x_wconf 86' lang='lat' dir='ltr'>etiam</span> 
     </span>
    </p>
   </div>
   <div class='ocr_carea' id='block_1_116' title="bbox 497 4611 3801 4711">
    <p class='ocr_par' dir='ltr' id='par_1_116' title="bbox 497 4611 3801 4711">
     <span class='ocr_line' id='line_1_117' title="bbox 497 4611 3801 4711; baseline 0 -22"><span class='ocrx_word' id='word_1_833' title='bbox 497 4611 972 4701; x_wconf 51' lang='lat' dir='ltr'>rataum,ettamen</span> <span class='ocrx_word' id='word_1_834' title='bbox 984 4642 1207 4705; x_wconf 85' lang='lat' dir='ltr'>gloriari</span> <span class='ocrx_word' id='word_1_835' title='bbox 1220 4611 1628 4706; x_wconf 70' lang='lat' dir='ltr'>praeceptorem</span> <span class='ocrx_word' id='word_1_836' title='bbox 1639 4611 1911 4691; x_wconf 74' lang='lat' dir='ltr'>habuisse</span> <span class='ocrx_word' id='word_1_837' title='bbox 1928 4640 2097 4705; x_wconf 89' lang='lat' dir='ltr'>Didy-</span> <span class='ocrx_word' id='word_1_838' title='bbox 2121 4611 2179 4684; x_wconf 86' lang='lat' dir='ltr'>D</span> <span class='ocrx_word' id='word_1_839' title='bbox 2199 4646 2521 4696; x_wconf 77' lang='lat' dir='ltr'>voluntatem</span> <span class='ocrx_word' id='word_1_840' title='bbox 2556 4611 3338 4711; x_wconf 44' lang='lat' dir='ltr'>{MemmiandfhébJethJ</span> <span class='ocrx_word' id='word_1_841' title='bbox 3350 4648 3513 4698; x_wconf 87' lang='lat' dir='ltr'>etiam</span> <span class='ocrx_word' id='word_1_842' title='bbox 3533 4612 3594 4694; x_wconf 53' lang='lat' dir='ltr'>si,</span> <span class='ocrx_word' id='word_1_843' title='bbox 3621 4643 3801 4701; x_wconf 83' lang='lat' dir='ltr'>habet,</span> 
     </span>
    </p>
   </div>
   <div class='ocr_carea' id='block_1_117' title="bbox 497 4712 2093 4764">
    <p class='ocr_par' dir='ltr' id='par_1_117' title="bbox 497 4712 2093 4764">
     <span class='ocr_line' id='line_1_118' title="bbox 497 4712 2093 4764; baseline 0.003 -4"><span class='ocrx_word' id='word_1_844' title='bbox 497 4723 678 4761; x_wconf 89' lang='lat' dir='ltr'>mum.</span> <span class='ocrx_word' id='word_1_845' title='bbox 697 4714 767 4763; x_wconf 87' lang='lat' dir='ltr'>Se</span> <span class='ocrx_word' id='word_1_846' title='bbox 789 4712 1107 4763; x_wconf 63' lang='lat' dir='ltr'>ibidcmscx</span> <span class='ocrx_word' id='word_1_847' title='bbox 1129 4714 1294 4761; x_wconf 87' lang='lat' dir='ltr'>annis</span> <span class='ocrx_word' id='word_1_848' title='bbox 1318 4729 1377 4762; x_wconf 91' lang='lat' dir='ltr'>ca</span> <span class='ocrx_word' id='word_1_849' title='bbox 1388 4728 1509 4762; x_wconf 67' lang='lat' dir='ltr'>assa</span> <span class='ocrx_word' id='word_1_850' title='bbox 1529 4712 1626 4761; x_wconf 86' lang='lat' dir='ltr'>Dei</span> <span class='ocrx_word' id='word_1_851' title='bbox 1656 4717 2093 4764; x_wconf 90' lang='lat' dir='ltr'>commoratum-</span> 
     </span>
    </p>
   </div>
   <div class='ocr_carea' id='block_1_118' title="bbox 497 4782 2091 4849">
    <p class='ocr_par' dir='ltr' id='par_1_118' title="bbox 497 4782 2091 4849">
     <span class='ocr_line' id='line_1_119' title="bbox 497 4782 2091 4849; baseline 0.003 -18"><span class='ocrx_word' id='word_1_852' title='bbox 497 4786 556 4832; x_wconf 82' lang='lat' dir='ltr'>et</span> <span class='ocrx_word' id='word_1_853' title='bbox 599 4782 791 4832; x_wconf 81' lang='lat' dir='ltr'>iterum</span> <span class='ocrx_word' id='word_1_854' title='bbox 834 4789 947 4847; x_wconf 84' lang='lat' dir='ltr'>post</span> <span class='ocrx_word' id='word_1_855' title='bbox 972 4784 1315 4833; x_wconf 82' lang='lat' dir='ltr'>intervallum</span> <span class='ocrx_word' id='word_1_856' title='bbox 1348 4785 1553 4849; x_wconf 88' lang='lat' dir='ltr'>aliquot</span> <span class='ocrx_word' id='word_1_857' title='bbox 1594 4784 1718 4833; x_wconf 86' lang='lat' dir='ltr'>aliis</span> <span class='ocrx_word' id='word_1_858' title='bbox 1760 4782 1957 4843; x_wconf 82' lang='lat' dir='ltr'>diebus,</span> <span class='ocrx_word' id='word_1_859' title='bbox 1995 4785 2091 4835; x_wconf 88' lang='lat' dir='ltr'>ubi</span> 
     </span>
    </p>
   </div>
   <div class='ocr_carea' id='block_1_119' title="bbox 498 4852 2089 4920">
    <p class='ocr_par' dir='ltr' id='par_1_119' title="bbox 498 4852 2089 4920">
     <span class='ocr_line' id='line_1_120' title="bbox 498 4852 2089 4920; baseline 0.003 -17"><span class='ocrx_word' id='word_1_860' title='bbox 498 4852 809 4916; x_wconf 88' lang='lat' dir='ltr'>Didymum</span> <span class='ocrx_word' id='word_1_861' title='bbox 833 4855 1089 4918; x_wconf 89' lang='lat' dir='ltr'>aliosque</span> <span class='ocrx_word' id='word_1_862' title='bbox 1112 4856 1354 4920; x_wconf 90' lang='lat' dir='ltr'>Didymo</span> <span class='ocrx_word' id='word_1_863' title='bbox 1376 4869 1491 4909; x_wconf 89' lang='lat' dir='ltr'>non</span> <span class='ocrx_word' id='word_1_864' title='bbox 1514 4855 1809 4906; x_wconf 89' lang='lat' dir='ltr'>inferiores</span> <span class='ocrx_word' id='word_1_865' title='bbox 1832 4854 2089 4915; x_wconf 88' lang='lat' dir='ltr'>audierit,</span> 
     </span>
    </p>
   </div>
   <div class='ocr_carea' id='block_1_120' title="bbox 496 4926 2093 4991">
    <p class='ocr_par' dir='ltr' id='par_1_120' title="bbox 496 4926 2093 4991">
     <span class='ocr_line' id='line_1_121' title="bbox 496 4926 2093 4991; baseline 0.003 -17"><span class='ocrx_word' id='word_1_866' title='bbox 496 4936 644 4986; x_wconf 89' lang='lat' dir='ltr'>quos</span> <span class='ocrx_word' id='word_1_867' title='bbox 678 4926 1061 4991; x_wconf 78' lang='lat' dir='ltr'>Hieronymus</span> <span class='ocrx_word' id='word_1_868' title='bbox 1102 4940 1175 4979; x_wconf 90' lang='lat' dir='ltr'>ne</span> <span class='ocrx_word' id='word_1_869' title='bbox 1198 4928 1269 4979; x_wconf 89' lang='lat' dir='ltr'>de</span> <span class='ocrx_word' id='word_1_870' title='bbox 1301 4928 1440 4979; x_wconf 87' lang='lat' dir='ltr'>facie</span> <span class='ocrx_word' id='word_1_871' title='bbox 1469 4926 1701 4990; x_wconf 90' lang='lat' dir='ltr'>quidem</span> <span class='ocrx_word' id='word_1_872' title='bbox 1736 4927 1979 4985; x_wconf 84' lang='lat' dir='ltr'>noverit,</span> <span class='ocrx_word' id='word_1_873' title='bbox 2029 4929 2093 4978; x_wconf 92' lang='lat' dir='ltr'>ut</span> 
     </span>
    </p>
   </div>
   <div class='ocr_carea' id='block_1_121' title="bbox 495 4996 2088 5062">
    <p class='ocr_par' dir='ltr' id='par_1_121' title="bbox 495 4996 2088 5062">
     <span class='ocr_line' id='line_1_122' title="bbox 495 4996 2088 5062; baseline 0.003 -17"><span class='ocrx_word' id='word_1_874' title='bbox 495 4997 875 5061; x_wconf 84' lang='lat' dir='ltr'>Serapionem,</span> <span class='ocrx_word' id='word_1_875' title='bbox 902 4998 1187 5058; x_wconf 86' lang='lat' dir='ltr'>Menitem,</span> <span class='ocrx_word' id='word_1_876' title='bbox 1214 4999 1453 5050; x_wconf 87' lang='lat' dir='ltr'>Paulum</span> <span class='ocrx_word' id='word_1_877' title='bbox 1472 4998 1619 5049; x_wconf 81' lang='lat' dir='ltr'>Petri</span> <span class='ocrx_word' id='word_1_878' title='bbox 1634 4998 1901 5062; x_wconf 88' lang='lat' dir='ltr'>martyris</span> <span class='ocrx_word' id='word_1_879' title='bbox 1923 4996 2088 5049; x_wconf 91' lang='lat' dir='ltr'>disci-</span> 
     </span>
    </p>
   </div>
   <div class='ocr_carea' id='block_1_122' title="bbox 494 5067 2087 5132">
    <p class='ocr_par' dir='ltr' id='par_1_122' title="bbox 494 5067 2087 5132">
     <span class='ocr_line' id='line_1_123' title="bbox 494 5067 2087 5132; baseline 0 -14"><span class='ocrx_word' id='word_1_880' title='bbox 494 5067 713 5132; x_wconf 89' lang='lat' dir='ltr'>pulum,</span> <span class='ocrx_word' id='word_1_881' title='bbox 762 5073 941 5132; x_wconf 90' lang='lat' dir='ltr'>utque</span> <span class='ocrx_word' id='word_1_882' title='bbox 987 5071 1314 5130; x_wconf 81' lang='lat' dir='ltr'>Macarium,</span> <span class='ocrx_word' id='word_1_883' title='bbox 1359 5070 1662 5131; x_wconf 89' lang='lat' dir='ltr'>Isidorum,</span> <span class='ocrx_word' id='word_1_884' title='bbox 1696 5070 1754 5119; x_wconf 90' lang='lat' dir='ltr'>et</span> <span class='ocrx_word' id='word_1_885' title='bbox 1795 5069 2087 5129; x_wconf 87' lang='lat' dir='ltr'>Pambum,</span> 
     </span>
    </p>
   </div>
   <div class='ocr_carea' id='block_1_123' title="bbox 494 5138 2094 5204">
    <p class='ocr_par' dir='ltr' id='par_1_123' title="bbox 494 5138 2094 5204">
     <span class='ocr_line' id='line_1_124' title="bbox 494 5138 2094 5204; baseline 0.001 -15"><span class='ocrx_word' id='word_1_886' title='bbox 494 5150 695 5190; x_wconf 90' lang='lat' dir='ltr'>omnes</span> <span class='ocrx_word' id='word_1_887' title='bbox 711 5141 923 5191; x_wconf 88' lang='lat' dir='ltr'>amicos</span> <span class='ocrx_word' id='word_1_888' title='bbox 942 5142 1055 5202; x_wconf 88' lang='lat' dir='ltr'>Dei,</span> <span class='ocrx_word' id='word_1_889' title='bbox 1070 5142 1168 5204; x_wconf 89' lang='lat' dir='ltr'>qui</span> <span class='ocrx_word' id='word_1_890' title='bbox 1185 5154 1315 5192; x_wconf 89' lang='lat' dir='ltr'>eum</span> <span class='ocrx_word' id='word_1_891' title='bbox 1326 5141 1450 5193; x_wconf 66' lang='lat' dir='ltr'>hmo</span> <span class='ocrx_word' id='word_1_892' title='bbox 1464 5138 1912 5202; x_wconf 79' lang='lat' dir='ltr'>docuerint,quae</span> <span class='ocrx_word' id='word_1_893' title='bbox 1937 5139 2043 5202; x_wconf 88' lang='lat' dir='ltr'>ipsi</span> <span class='ocrx_word' id='word_1_894' title='bbox 2059 5151 2094 5191; x_wconf 87' lang='lat' dir='ltr'>a</span> 
     </span>
    </p>
   </div>
   <div class='ocr_carea' id='block_1_124' title="bbox 492 5210 2089 5273">
    <p class='ocr_par' dir='ltr' id='par_1_124' title="bbox 492 5210 2089 5273">
     <span class='ocr_line' id='line_1_125' title="bbox 492 5210 2089 5273; baseline 0.001 -12"><span class='ocrx_word' id='word_1_895' title='bbox 492 5210 611 5261; x_wconf 93' lang='lat' dir='ltr'>Deo</span> <span class='ocrx_word' id='word_1_896' title='bbox 642 5211 992 5264; x_wconf 87' lang='lat' dir='ltr'>didicissent.</span> <span class='ocrx_word' id='word_1_897' title='bbox 1030 5214 1171 5263; x_wconf 64' lang='lat' dir='ltr'>Haec</span> <span class='ocrx_word' id='word_1_898' title='bbox 1195 5225 1311 5264; x_wconf 91' lang='lat' dir='ltr'>non</span> <span class='ocrx_word' id='word_1_899' title='bbox 1338 5212 1461 5263; x_wconf 91' lang='lat' dir='ltr'>sine</span> <span class='ocrx_word' id='word_1_900' title='bbox 1498 5211 1701 5263; x_wconf 88' lang='lat' dir='ltr'>rubore</span> <span class='ocrx_word' id='word_1_901' title='bbox 1731 5223 1791 5261; x_wconf 91' lang='lat' dir='ltr'>se</span> <span class='ocrx_word' id='word_1_902' title='bbox 1815 5214 2089 5273; x_wconf 85' lang='lat' dir='ltr'>retexere,</span> 
     </span>
    </p>
   </div>
   <div class='ocr_carea' id='block_1_125' title="bbox 492 5280 2091 5348">
    <p class='ocr_par' dir='ltr' id='par_1_125' title="bbox 492 5280 2091 5348">
     <span class='ocr_line' id='line_1_126' title="bbox 492 5280 2091 5348; baseline 0.001 -15"><span class='ocrx_word' id='word_1_903' title='bbox 492 5294 611 5333; x_wconf 88' lang='lat' dir='ltr'>non</span> <span class='ocrx_word' id='word_1_904' title='bbox 623 5283 771 5346; x_wconf 87' lang='lat' dir='ltr'>quod</span> <span class='ocrx_word' id='word_1_905' title='bbox 784 5296 889 5335; x_wconf 88' lang='lat' dir='ltr'>suo</span> <span class='ocrx_word' id='word_1_906' title='bbox 903 5284 1130 5348; x_wconf 88' lang='lat' dir='ltr'>ingenio</span> <span class='ocrx_word' id='word_1_907' title='bbox 1142 5284 1419 5347; x_wconf 79' lang='lat' dir='ltr'>magistri,</span> <span class='ocrx_word' id='word_1_908' title='bbox 1435 5281 1538 5333; x_wconf 90' lang='lat' dir='ltr'>sed</span> <span class='ocrx_word' id='word_1_909' title='bbox 1549 5281 1737 5346; x_wconf 89' lang='lat' dir='ltr'>magis</span> <span class='ocrx_word' id='word_1_910' title='bbox 1749 5280 1902 5344; x_wconf 91' lang='lat' dir='ltr'>quod</span> <span class='ocrx_word' id='word_1_911' title='bbox 1917 5294 2091 5334; x_wconf 89' lang='lat' dir='ltr'>suum</span> 
     </span>
    </p>
   </div>
   <div class='ocr_carea' id='block_1_126' title="bbox 492 5352 2090 5420">
    <p class='ocr_par' dir='ltr' id='par_1_126' title="bbox 492 5352 2090 5420">
     <span class='ocr_line' id='line_1_127' title="bbox 492 5352 2090 5420; baseline -0.001 -16"><span class='ocrx_word' id='word_1_912' title='bbox 492 5352 685 5418; x_wconf 87' lang='lat' dir='ltr'>ingeni</span> <span class='ocrx_word' id='word_1_913' title='bbox 693 5368 789 5406; x_wconf 91' lang='lat' dir='ltr'>um</span> <span class='ocrx_word' id='word_1_914' title='bbox 804 5355 1097 5420; x_wconf 89' lang='lat' dir='ltr'>magistris</span> <span class='ocrx_word' id='word_1_915' title='bbox 1113 5355 1371 5406; x_wconf 90' lang='lat' dir='ltr'>defuerit.</span> <span class='ocrx_word' id='word_1_916' title='bbox 1391 5354 1738 5416; x_wconf 85' lang='lat' dir='ltr'>Hieronymo</span> <span class='ocrx_word' id='word_1_917' title='bbox 1753 5365 1952 5403; x_wconf 89' lang='lat' dir='ltr'>rursus</span> <span class='ocrx_word' id='word_1_918' title='bbox 1968 5352 2090 5403; x_wconf 87' lang='lat' dir='ltr'>irri-</span> 
     </span>
    </p>
   </div>
   <div class='ocr_carea' id='block_1_127' title="bbox 492 5423 2089 5488">
    <p class='ocr_par' dir='ltr' id='par_1_127' title="bbox 492 5423 2089 5488">
     <span class='ocr_line' id='line_1_128' title="bbox 492 5423 2089 5488; baseline 0.001 -13"><span class='ocrx_word' id='word_1_919' title='bbox 492 5426 733 5488; x_wconf 91' lang='lat' dir='ltr'>so,quod</span> <span class='ocrx_word' id='word_1_920' title='bbox 752 5428 1023 5479; x_wconf 68' lang='lat' dir='ltr'>Barabbze</span> <span class='ocrx_word' id='word_1_921' title='bbox 1040 5426 1326 5487; x_wconf 74' lang='lat' dir='ltr'>Judtno,et</span> <span class='ocrx_word' id='word_1_922' title='bbox 1350 5424 1641 5488; x_wconf 86' lang='lat' dir='ltr'>Porphyrii</span> <span class='ocrx_word' id='word_1_923' title='bbox 1671 5423 1896 5488; x_wconf 88' lang='lat' dir='ltr'>scriptis</span> <span class='ocrx_word' id='word_1_924' title='bbox 1920 5423 2089 5476; x_wconf 87' lang='lat' dir='ltr'>nimi-</span> 
     </span>
    </p>
   </div>
   <div class='ocr_carea' id='block_1_128' title="bbox 490 5494 2087 5561">
    <p class='ocr_par' dir='ltr' id='par_1_128' title="bbox 490 5494 2087 5561">
     <span class='ocr_line' id='line_1_129' title="bbox 490 5494 2087 5561; baseline -0.001 -14"><span class='ocrx_word' id='word_1_925' title='bbox 490 5509 584 5547; x_wconf 90' lang='lat' dir='ltr'>am</span> <span class='ocrx_word' id='word_1_926' title='bbox 600 5510 829 5561; x_wconf 87' lang='lat' dir='ltr'>operam</span> <span class='ocrx_word' id='word_1_927' title='bbox 846 5497 1201 5549; x_wconf 84' lang='lat' dir='ltr'>dederit.non</span> <span class='ocrx_word' id='word_1_928' title='bbox 1219 5496 1406 5548; x_wconf 91' lang='lat' dir='ltr'>solum</span> <span class='ocrx_word' id='word_1_929' title='bbox 1424 5495 1747 5558; x_wconf 87' lang='lat' dir='ltr'>Origenem,</span> <span class='ocrx_word' id='word_1_930' title='bbox 1759 5495 1936 5546; x_wconf 82' lang='lat' dir='ltr'>eﬂ‘use</span> <span class='ocrx_word' id='word_1_931' title='bbox 1953 5494 2087 5546; x_wconf 89' lang='lat' dir='ltr'>olim</span> 
     </span>
    </p>
   </div>
   <div class='ocr_carea' id='block_1_129' title="bbox 488 5565 2087 5630">
    <p class='ocr_par' dir='ltr' id='par_1_129' title="bbox 488 5565 2087 5630">
     <span class='ocr_line' id='line_1_130' title="bbox 488 5565 2087 5630; baseline -0.001 -12"><span class='ocrx_word' id='word_1_932' title='bbox 488 5568 561 5618; x_wconf 89' lang='lat' dir='ltr'>ab</span> <span class='ocrx_word' id='word_1_933' title='bbox 584 5566 677 5619; x_wconf 92' lang='lat' dir='ltr'>illo</span> <span class='ocrx_word' id='word_1_934' title='bbox 701 5567 1120 5623; x_wconf 83' lang='lat' dir='ltr'>laudatum,sed</span> <span class='ocrx_word' id='word_1_935' title='bbox 1143 5572 1199 5618; x_wconf 85' lang='lat' dir='ltr'>et</span> <span class='ocrx_word' id='word_1_936' title='bbox 1216 5566 1427 5618; x_wconf 89' lang='lat' dir='ltr'>multas</span> <span class='ocrx_word' id='word_1_937' title='bbox 1446 5568 1570 5630; x_wconf 89' lang='lat' dir='ltr'>ejus</span> <span class='ocrx_word' id='word_1_938' title='bbox 1598 5566 1870 5617; x_wconf 86' lang='lat' dir='ltr'>Homilias</span> <span class='ocrx_word' id='word_1_939' title='bbox 1887 5565 1945 5616; x_wconf 93' lang='lat' dir='ltr'>in</span> <span class='ocrx_word' id='word_1_940' title='bbox 1960 5566 2087 5617; x_wconf 91' lang='lat' dir='ltr'>lati-</span> 
     </span>
    </p>
   </div>
   <div class='ocr_carea' id='block_1_130' title="bbox 488 5637 2082 5700">
    <p class='ocr_par' dir='ltr' id='par_1_130' title="bbox 488 5637 2082 5700">
     <span class='ocr_line' id='line_1_131' title="bbox 488 5637 2082 5700; baseline -0.001 -11"><span class='ocrx_word' id='word_1_941' title='bbox 488 5650 627 5689; x_wconf 90' lang='lat' dir='ltr'>num</span> <span class='ocrx_word' id='word_1_942' title='bbox 642 5654 839 5691; x_wconf 76' lang='lat' dir='ltr'>versas</span> <span class='ocrx_word' id='word_1_943' title='bbox 863 5640 1203 5690; x_wconf 82' lang='lat' dir='ltr'>ostendit.Sc</span> <span class='ocrx_word' id='word_1_944' title='bbox 1230 5650 1345 5689; x_wconf 89' lang='lat' dir='ltr'>non</span> <span class='ocrx_word' id='word_1_945' title='bbox 1364 5638 1556 5689; x_wconf 90' lang='lat' dir='ltr'>mirari</span> <span class='ocrx_word' id='word_1_946' title='bbox 1572 5650 1701 5700; x_wconf 63' lang='lat' dir='ltr'>quas</span> <span class='ocrx_word' id='word_1_947' title='bbox 1721 5637 1779 5688; x_wconf 93' lang='lat' dir='ltr'>in</span> <span class='ocrx_word' id='word_1_948' title='bbox 1804 5650 1866 5688; x_wconf 86' lang='lat' dir='ltr'>se</span> <span class='ocrx_word' id='word_1_949' title='bbox 1887 5638 2082 5699; x_wconf 82' lang='lat' dir='ltr'>egerit,</span> 
     </span>
    </p>
   </div>
   <div class='ocr_carea' id='block_1_131' title="bbox 488 5708 2082 5774">
    <p class='ocr_par' dir='ltr' id='par_1_131' title="bbox 488 5708 2082 5774">
     <span class='ocr_line' id='line_1_132' title="bbox 488 5708 2082 5774; baseline 0 -14"><span class='ocrx_word' id='word_1_950' title='bbox 488 5722 667 5773; x_wconf 87' lang='lat' dir='ltr'>quum</span> <span class='ocrx_word' id='word_1_951' title='bbox 681 5710 1137 5767; x_wconf 87' lang='lat' dir='ltr'>Ambrosium,ut</span> <span class='ocrx_word' id='word_1_952' title='bbox 1148 5710 1407 5774; x_wconf 88' lang='lat' dir='ltr'>Origenis</span> <span class='ocrx_word' id='word_1_953' title='bbox 1418 5713 1475 5761; x_wconf 92' lang='lat' dir='ltr'>et</span> <span class='ocrx_word' id='word_1_954' title='bbox 1487 5708 1713 5773; x_wconf 85' lang='lat' dir='ltr'>Didymi</span> <span class='ocrx_word' id='word_1_955' title='bbox 1729 5709 2082 5772; x_wconf 83' lang='lat' dir='ltr'>plagiarium,</span> 
     </span>
    </p>
   </div>
   <div class='ocr_carea' id='block_1_132' title="bbox 487 5779 2085 5845">
    <p class='ocr_par' dir='ltr' id='par_1_132' title="bbox 487 5779 2085 5845">
     <span class='ocr_line' id='line_1_133' title="bbox 487 5779 2085 5845; baseline 0.001 -15"><span class='ocrx_word' id='word_1_956' title='bbox 487 5793 815 5845; x_wconf 86' lang='lat' dir='ltr'>quanquam</span> <span class='ocrx_word' id='word_1_957' title='bbox 848 5793 1156 5843; x_wconf 76' lang='lat' dir='ltr'>suppresso</span> <span class='ocrx_word' id='word_1_958' title='bbox 1190 5782 1442 5843; x_wconf 90' lang='lat' dir='ltr'>nomine,</span> <span class='ocrx_word' id='word_1_959' title='bbox 1474 5780 1767 5845; x_wconf 84' lang='lat' dir='ltr'>spreverit,</span> <span class='ocrx_word' id='word_1_960' title='bbox 1799 5786 1854 5830; x_wconf 89' lang='lat' dir='ltr'>et</span> <span class='ocrx_word' id='word_1_961' title='bbox 1888 5779 2085 5842; x_wconf 84' lang='lat' dir='ltr'>Orige-</span> 
     </span>
    </p>
   </div>
   <div class='ocr_carea' id='block_1_133' title="bbox 486 5850 2081 5916">
    <p class='ocr_par' dir='ltr' id='par_1_133' title="bbox 486 5850 2081 5916">
     <span class='ocr_line' id='line_1_134' title="bbox 486 5850 2081 5916; baseline -0.001 -13"><span class='ocrx_word' id='word_1_962' title='bbox 486 5865 640 5913; x_wconf 91' lang='lat' dir='ltr'>nem,</span> <span class='ocrx_word' id='word_1_963' title='bbox 679 5854 744 5902; x_wconf 89' lang='lat' dir='ltr'>ut</span> <span class='ocrx_word' id='word_1_964' title='bbox 786 5850 1139 5914; x_wconf 82' lang='lat' dir='ltr'>Apostolum.</span> <span class='ocrx_word' id='word_1_965' title='bbox 1167 5852 1573 5916; x_wconf 85' lang='lat' dir='ltr'>dogmatisten,</span> <span class='ocrx_word' id='word_1_966' title='bbox 1611 5857 1668 5904; x_wconf 93' lang='lat' dir='ltr'>et</span> <span class='ocrx_word' id='word_1_967' title='bbox 1705 5851 2081 5903; x_wconf 87' lang='lat' dir='ltr'>Ecclesiarum</span> 
     </span>
    </p>
   </div>
   <div class='ocr_carea' id='block_1_134' title="bbox 488 5922 2081 5987">
    <p class='ocr_par' dir='ltr' id='par_1_134' title="bbox 488 5922 2081 5987">
     <span class='ocr_line' id='line_1_135' title="bbox 488 5922 2081 5987; baseline 0.002 -14"><span class='ocrx_word' id='word_1_968' title='bbox 488 5923 830 5987; x_wconf 79' lang='lat' dir='ltr'>magistrum</span> <span class='ocrx_word' id='word_1_969' title='bbox 868 5922 1131 5974; x_wconf 89' lang='lat' dir='ltr'>laudibus</span> <span class='ocrx_word' id='word_1_970' title='bbox 1176 5925 1235 5977; x_wconf 92' lang='lat' dir='ltr'>in</span> <span class='ocrx_word' id='word_1_971' title='bbox 1265 5925 1475 5978; x_wconf 62' lang='lat' dir='ltr'>caelum</span> <span class='ocrx_word' id='word_1_972' title='bbox 1514 5923 1721 5987; x_wconf 89' lang='lat' dir='ltr'>tulerit;</span> <span class='ocrx_word' id='word_1_973' title='bbox 1764 5938 1825 5976; x_wconf 89' lang='lat' dir='ltr'>se</span> <span class='ocrx_word' id='word_1_974' title='bbox 1871 5923 2081 5976; x_wconf 89' lang='lat' dir='ltr'>habere</span> 
     </span>
    </p>
   </div>
   <div class='ocr_carea' id='block_1_135' title="bbox 488 5992 2079 6061">
    <p class='ocr_par' dir='ltr' id='par_1_135' title="bbox 488 5992 2079 6061">
     <span class='ocr_line' id='line_1_136' title="bbox 488 5992 2079 6061; baseline 0.003 -17"><span class='ocrx_word' id='word_1_975' title='bbox 488 5992 1147 6056; x_wconf 85' lang='lat' dir='ltr'>Hieronymiepistolam.</span> <span class='ocrx_word' id='word_1_976' title='bbox 1165 5997 1225 6047; x_wconf 92' lang='lat' dir='ltr'>in</span> <span class='ocrx_word' id='word_1_977' title='bbox 1240 6009 1351 6060; x_wconf 89' lang='lat' dir='ltr'>qua</span> <span class='ocrx_word' id='word_1_978' title='bbox 1372 5997 1710 6050; x_wconf 82' lang='lat' dir='ltr'>Ambrosius</span> <span class='ocrx_word' id='word_1_979' title='bbox 1736 6001 2079 6061; x_wconf 86' lang='lat' dir='ltr'>carperetur;</span> 
     </span>
    </p>
   </div>
   <div class='ocr_carea' id='block_1_136' title="bbox 2191 4717 3805 4784">
    <p class='ocr_par' dir='ltr' id='par_1_136' title="bbox 2191 4717 3805 4784">
     <span class='ocr_line' id='line_1_137' title="bbox 2191 4717 3805 4784; baseline -0.001 -18"><span class='ocrx_word' id='word_1_980' title='bbox 2191 4732 2301 4766; x_wconf 87' lang='lat' dir='ltr'>non</span> <span class='ocrx_word' id='word_1_981' title='bbox 2322 4719 2503 4767; x_wconf 89' lang='lat' dir='ltr'>statim</span> <span class='ocrx_word' id='word_1_982' title='bbox 2516 4720 2928 4781; x_wconf 84' lang='lat' dir='ltr'>discutiendum,</span> <span class='ocrx_word' id='word_1_983' title='bbox 2954 4736 3053 4769; x_wconf 87' lang='lat' dir='ltr'>cur</span> <span class='ocrx_word' id='word_1_984' title='bbox 3071 4720 3173 4781; x_wconf 85' lang='lat' dir='ltr'>ille,</span> <span class='ocrx_word' id='word_1_985' title='bbox 3201 4722 3298 4784; x_wconf 89' lang='lat' dir='ltr'>qui</span> <span class='ocrx_word' id='word_1_986' title='bbox 3320 4734 3494 4781; x_wconf 88' lang='lat' dir='ltr'>pauca</span> <span class='ocrx_word' id='word_1_987' title='bbox 3523 4717 3633 4766; x_wconf 87' lang='lat' dir='ltr'>inte</span> <span class='ocrx_word' id='word_1_988' title='bbox 3644 4729 3805 4779; x_wconf 74' lang='lat' dir='ltr'>rpre-</span> 
     </span>
    </p>
   </div>
   <div class='ocr_carea' id='block_1_137' title="bbox 2192 4786 3802 4855">
    <p class='ocr_par' dir='ltr' id='par_1_137' title="bbox 2192 4786 3802 4855">
     <span class='ocr_line' id='line_1_138' title="bbox 2192 4786 3802 4855; baseline -0.002 -18"><span class='ocrx_word' id='word_1_989' title='bbox 2192 4794 2331 4855; x_wconf 74' lang='lat' dir='ltr'>tatus</span> <span class='ocrx_word' id='word_1_990' title='bbox 2355 4794 2440 4849; x_wconf 88' lang='lat' dir='ltr'>est,</span> <span class='ocrx_word' id='word_1_991' title='bbox 2466 4806 2579 4855; x_wconf 63' lang='lat' dir='ltr'>non</span> <span class='ocrx_word' id='word_1_992' title='bbox 2607 4792 2771 4855; x_wconf 89' lang='lat' dir='ltr'>plura</span> <span class='ocrx_word' id='word_1_993' title='bbox 2791 4798 2889 4855; x_wconf 83' lang='lat' dir='ltr'>aut</span> <span class='ocrx_word' id='word_1_994' title='bbox 2912 4808 3017 4842; x_wconf 86' lang='lat' dir='ltr'>non</span> <span class='ocrx_word' id='word_1_995' title='bbox 3048 4794 3171 4849; x_wconf 67' lang='lat' dir='ltr'>haec,</span> <span class='ocrx_word' id='word_1_996' title='bbox 3201 4794 3290 4841; x_wconf 84' lang='lat' dir='ltr'>sed</span> <span class='ocrx_word' id='word_1_997' title='bbox 3312 4791 3408 4855; x_wconf 81' lang='lat' dir='ltr'>illa</span> <span class='ocrx_word' id='word_1_998' title='bbox 3432 4786 3802 4855; x_wconf 65' lang='lat' dir='ltr'>transtulerit.</span> 
     </span>
    </p>
   </div>
   <div class='ocr_carea' id='block_1_138' title="bbox 2191 4851 3803 4920">
    <p class='ocr_par' dir='ltr' id='par_1_138' title="bbox 2191 4851 3803 4920">
     <span class='ocr_line' id='line_1_139' title="bbox 2191 4851 3803 4920; baseline -0.001 -18"><span class='ocrx_word' id='word_1_999' title='bbox 2191 4851 2279 4903; x_wconf 83' lang='lat' dir='ltr'>Ad</span> <span class='ocrx_word' id='word_1_1000' title='bbox 2314 4851 2634 4904; x_wconf 85' lang='lat' dir='ltr'>secundum</span> <span class='ocrx_word' id='word_1_1001' title='bbox 2654 4854 2977 4919; x_wconf 91' lang='lat' dir='ltr'>respondet,</span> <span class='ocrx_word' id='word_1_1002' title='bbox 3000 4868 3115 4907; x_wconf 91' lang='lat' dir='ltr'>non</span> <span class='ocrx_word' id='word_1_1003' title='bbox 3138 4869 3283 4920; x_wconf 92' lang='lat' dir='ltr'>opus</span> <span class='ocrx_word' id='word_1_1004' title='bbox 3303 4854 3480 4905; x_wconf 88' lang='lat' dir='ltr'>fuisse</span> <span class='ocrx_word' id='word_1_1005' title='bbox 3511 4851 3803 4912; x_wconf 82' lang='lat' dir='ltr'>Hierony-</span> 
     </span>
    </p>
   </div>
   <div class='ocr_carea' id='block_1_139' title="bbox 2190 4921 3799 4990">
    <p class='ocr_par' dir='ltr' id='par_1_139' title="bbox 2190 4921 3799 4990">
     <span class='ocr_line' id='line_1_140' title="bbox 2190 4921 3799 4990; baseline -0.005 -15"><span class='ocrx_word' id='word_1_1006' title='bbox 2190 4936 2353 4975; x_wconf 88' lang='lat' dir='ltr'>mum</span> <span class='ocrx_word' id='word_1_1007' title='bbox 2388 4921 2564 4975; x_wconf 91' lang='lat' dir='ltr'>libros</span> <span class='ocrx_word' id='word_1_1008' title='bbox 2595 4925 2970 4987; x_wconf 88' lang='lat' dir='ltr'>interpretari,</span> <span class='ocrx_word' id='word_1_1009' title='bbox 3008 4942 3243 4990; x_wconf 88' lang='lat' dir='ltr'>quorum</span> <span class='ocrx_word' id='word_1_1010' title='bbox 3267 4928 3387 4990; x_wconf 86' lang='lat' dir='ltr'>jam</span> <span class='ocrx_word' id='word_1_1011' title='bbox 3418 4938 3550 4988; x_wconf 88' lang='lat' dir='ltr'>pene</span> <span class='ocrx_word' id='word_1_1012' title='bbox 3575 4935 3799 4972; x_wconf 86' lang='lat' dir='ltr'>omnem</span> 
     </span>
    </p>
   </div>
   <div class='ocr_carea' id='block_1_140' title="bbox 2190 4992 3799 5062">
    <p class='ocr_par' dir='ltr' id='par_1_140' title="bbox 2190 4992 3799 5062">
     <span class='ocr_line' id='line_1_141' title="bbox 2190 4992 3799 5062; baseline -0.001 -18"><span class='ocrx_word' id='word_1_1013' title='bbox 2190 4995 2577 5044; x_wconf 87' lang='lat' dir='ltr'>continentiam</span> <span class='ocrx_word' id='word_1_1014' title='bbox 2602 4996 2661 5044; x_wconf 90' lang='lat' dir='ltr'>in</span> <span class='ocrx_word' id='word_1_1015' title='bbox 2684 4997 2810 5046; x_wconf 88' lang='lat' dir='ltr'>aliis</span> <span class='ocrx_word' id='word_1_1016' title='bbox 2832 4997 2981 5047; x_wconf 88' lang='lat' dir='ltr'>libris</span> <span class='ocrx_word' id='word_1_1017' title='bbox 3010 4999 3331 5062; x_wconf 82' lang='lat' dir='ltr'>scripserat,</span> <span class='ocrx_word' id='word_1_1018' title='bbox 3354 4996 3486 5047; x_wconf 92' lang='lat' dir='ltr'>licet</span> <span class='ocrx_word' id='word_1_1019' title='bbox 3508 4994 3567 5045; x_wconf 88' lang='lat' dir='ltr'>in</span> <span class='ocrx_word' id='word_1_1020' title='bbox 3591 4992 3799 5055; x_wconf 72' lang='lat' dir='ltr'>Ruﬁno</span> 
     </span>
    </p>
   </div>
   <div class='ocr_carea' id='block_1_141' title="bbox 2194 5063 3798 5133">
    <p class='ocr_par' dir='ltr' id='par_1_141' title="bbox 2194 5063 3798 5133">
     <span class='ocr_line' id='line_1_142' title="bbox 2194 5063 3798 5133; baseline -0.003 -17"><span class='ocrx_word' id='word_1_1021' title='bbox 2194 5068 2330 5118; x_wconf 88' lang='lat' dir='ltr'>tunc</span> <span class='ocrx_word' id='word_1_1022' title='bbox 2346 5066 2794 5130; x_wconf 64' lang='lat' dir='ltr'>reprehendebat</span> <span class='ocrx_word' id='word_1_1023' title='bbox 2811 5068 2963 5131; x_wconf 89' lang='lat' dir='ltr'>quod</span> <span class='ocrx_word' id='word_1_1024' title='bbox 2982 5070 3101 5133; x_wconf 79' lang='lat' dir='ltr'>ipse</span> <span class='ocrx_word' id='word_1_1025' title='bbox 3116 5075 3250 5121; x_wconf 90' lang='lat' dir='ltr'>ante</span> <span class='ocrx_word' id='word_1_1026' title='bbox 3268 5069 3377 5119; x_wconf 91' lang='lat' dir='ltr'>sub</span> <span class='ocrx_word' id='word_1_1027' title='bbox 3390 5068 3515 5131; x_wconf 89' lang='lat' dir='ltr'>ejus</span> <span class='ocrx_word' id='word_1_1028' title='bbox 3538 5063 3798 5116; x_wconf 85' lang='lat' dir='ltr'>nominis</span> 
     </span>
    </p>
   </div>
   <div class='ocr_carea' id='block_1_142' title="bbox 2192 5133 3799 5204">
    <p class='ocr_par' dir='ltr' id='par_1_142' title="bbox 2192 5133 3799 5204">
     <span class='ocr_line' id='line_1_143' title="bbox 2192 5133 3799 5204; baseline -0.002 -16"><span class='ocrx_word' id='word_1_1029' title='bbox 2192 5149 2452 5188; x_wconf 87' lang='lat' dir='ltr'>sermone</span> <span class='ocrx_word' id='word_1_1030' title='bbox 2466 5138 2789 5202; x_wconf 87' lang='lat' dir='ltr'>protulerat.</span> <span class='ocrx_word' id='word_1_1031' title='bbox 2807 5141 3007 5203; x_wconf 78' lang='lat' dir='ltr'>Arguit</span> <span class='ocrx_word' id='word_1_1032' title='bbox 3018 5140 3346 5204; x_wconf 86' lang='lat' dir='ltr'>Hieronymi</span> <span class='ocrx_word' id='word_1_1033' title='bbox 3359 5149 3571 5190; x_wconf 86' lang='lat' dir='ltr'>novam</span> <span class='ocrx_word' id='word_1_1034' title='bbox 3584 5133 3799 5187; x_wconf 88' lang='lat' dir='ltr'>Biblio-</span> 
     </span>
    </p>
   </div>
   <div class='ocr_carea' id='block_1_143' title="bbox 2190 5204 3803 5273">
    <p class='ocr_par' dir='ltr' id='par_1_143' title="bbox 2190 5204 3803 5273">
     <span class='ocr_line' id='line_1_144' title="bbox 2190 5204 3803 5273; baseline -0.003 -15"><span class='ocrx_word' id='word_1_1035' title='bbox 2190 5221 2318 5258; x_wconf 90' lang='lat' dir='ltr'>rum</span> <span class='ocrx_word' id='word_1_1036' title='bbox 2343 5208 2863 5273; x_wconf 82' lang='lat' dir='ltr'>interpretationem</span> <span class='ocrx_word' id='word_1_1037' title='bbox 2902 5211 3156 5272; x_wconf 89' lang='lat' dir='ltr'>latinam,</span> <span class='ocrx_word' id='word_1_1038' title='bbox 3194 5225 3267 5263; x_wconf 84' lang='lat' dir='ltr'>ex</span> <span class='ocrx_word' id='word_1_1039' title='bbox 3293 5211 3490 5262; x_wconf 68' lang='lat' dir='ltr'>Ebrteo</span> <span class='ocrx_word' id='word_1_1040' title='bbox 3512 5207 3673 5258; x_wconf 89' lang='lat' dir='ltr'>fonte</span> <span class='ocrx_word' id='word_1_1041' title='bbox 3703 5204 3803 5255; x_wconf 86' lang='lat' dir='ltr'>de-</span> 
     </span>
    </p>
   </div>
   <div class='ocr_carea' id='block_1_144' title="bbox 2190 5278 3800 5347">
    <p class='ocr_par' dir='ltr' id='par_1_144' title="bbox 2190 5278 3800 5347">
     <span class='ocr_line' id='line_1_145' title="bbox 2190 5278 3800 5347; baseline -0.002 -17"><span class='ocrx_word' id='word_1_1042' title='bbox 2190 5278 2441 5342; x_wconf 82' lang='lat' dir='ltr'>ductam,</span> <span class='ocrx_word' id='word_1_1043' title='bbox 2456 5294 2637 5344; x_wconf 90' lang='lat' dir='ltr'>quum</span> <span class='ocrx_word' id='word_1_1044' title='bbox 2659 5294 2827 5334; x_wconf 91' lang='lat' dir='ltr'>nemo</span> <span class='ocrx_word' id='word_1_1045' title='bbox 2843 5288 2976 5335; x_wconf 88' lang='lat' dir='ltr'>ante</span> <span class='ocrx_word' id='word_1_1046' title='bbox 2992 5283 3047 5334; x_wconf 91' lang='lat' dir='ltr'>id</span> <span class='ocrx_word' id='word_1_1047' title='bbox 3066 5282 3448 5347; x_wconf 63' lang='lat' dir='ltr'>praestitisset,</span> <span class='ocrx_word' id='word_1_1048' title='bbox 3465 5280 3537 5331; x_wconf 91' lang='lat' dir='ltr'>ob</span> <span class='ocrx_word' id='word_1_1049' title='bbox 3551 5289 3800 5330; x_wconf 87' lang='lat' dir='ltr'>venera-</span> 
     </span>
    </p>
   </div>
   <div class='ocr_carea' id='block_1_145' title="bbox 2188 5351 3799 5417">
    <p class='ocr_par' dir='ltr' id='par_1_145' title="bbox 2188 5351 3799 5417">
     <span class='ocr_line' id='line_1_146' title="bbox 2188 5351 3799 5417; baseline -0.001 -15"><span class='ocrx_word' id='word_1_1050' title='bbox 2188 5351 2403 5402; x_wconf 86' lang='lat' dir='ltr'>tionem</span> <span class='ocrx_word' id='word_1_1051' title='bbox 2448 5366 2584 5417; x_wconf 87' lang='lat' dir='ltr'>erga</span> <span class='ocrx_word' id='word_1_1052' title='bbox 2632 5356 2881 5404; x_wconf 90' lang='lat' dir='ltr'>veterem</span> <span class='ocrx_word' id='word_1_1053' title='bbox 2928 5355 3360 5406; x_wconf 72' lang='lat' dir='ltr'>translationem</span> <span class='ocrx_word' id='word_1_1054' title='bbox 3412 5351 3669 5403; x_wconf 87' lang='lat' dir='ltr'>Italicam</span> <span class='ocrx_word' id='word_1_1055' title='bbox 3720 5360 3799 5397; x_wconf 80' lang='lat' dir='ltr'>ex</span> 
     </span>
    </p>
   </div>
   <div class='ocr_carea' id='block_1_146' title="bbox 2187 5417 3796 5488">
    <p class='ocr_par' dir='ltr' id='par_1_146' title="bbox 2187 5417 3796 5488">
     <span class='ocr_line' id='line_1_147' title="bbox 2187 5417 3796 5488; baseline -0.003 -15"><span class='ocrx_word' id='word_1_1056' title='bbox 2187 5422 2392 5473; x_wconf 84' lang='lat' dir='ltr'><strong>LXXII</strong></span> <span class='ocrx_word' id='word_1_1057' title='bbox 2440 5424 2849 5487; x_wconf 87' lang='lat' dir='ltr'>Interpretibus</span> <span class='ocrx_word' id='word_1_1058' title='bbox 2907 5424 3249 5483; x_wconf 88' lang='lat' dir='ltr'>derivatam,</span> <span class='ocrx_word' id='word_1_1059' title='bbox 3303 5436 3479 5488; x_wconf 88' lang='lat' dir='ltr'>quam</span> <span class='ocrx_word' id='word_1_1060' title='bbox 3527 5417 3796 5485; x_wconf 84' lang='lat' dir='ltr'>Apostoli</span> 
     </span>
    </p>
   </div>
   <div class='ocr_carea' id='block_1_147' title="bbox 2187 5489 3790 5555">
    <p class='ocr_par' dir='ltr' id='par_1_147' title="bbox 2187 5489 3790 5555">
     <span class='ocr_line' id='line_1_148' title="bbox 2187 5489 3790 5555; baseline -0.002 -12"><span class='ocrx_word' id='word_1_1061' title='bbox 2187 5493 2439 5545; x_wconf 89' lang='lat' dir='ltr'>ecclesiis</span> <span class='ocrx_word' id='word_1_1062' title='bbox 2463 5494 2669 5545; x_wconf 86' lang='lat' dir='ltr'>Christi</span> <span class='ocrx_word' id='word_1_1063' title='bbox 2704 5495 3070 5549; x_wconf 89' lang='lat' dir='ltr'>tradiderant.</span> <span class='ocrx_word' id='word_1_1064' title='bbox 3098 5499 3157 5549; x_wconf 86' lang='lat' dir='ltr'>Ei</span> <span class='ocrx_word' id='word_1_1065' title='bbox 3177 5496 3399 5548; x_wconf 88' lang='lat' dir='ltr'>crimini</span> <span class='ocrx_word' id='word_1_1066' title='bbox 3424 5493 3599 5545; x_wconf 89' lang='lat' dir='ltr'>vertit</span> <span class='ocrx_word' id='word_1_1067' title='bbox 3629 5489 3790 5555; x_wconf 87' lang='lat' dir='ltr'>quod</span> 
     </span>
    </p>
   </div>
   <div class='ocr_carea' id='block_1_148' title="bbox 2187 5564 3795 5632">
    <p class='ocr_par' dir='ltr' id='par_1_148' title="bbox 2187 5564 3795 5632">
     <span class='ocr_line' id='line_1_149' title="bbox 2187 5564 3795 5632; baseline -0.001 -17"><span class='ocrx_word' id='word_1_1068' title='bbox 2187 5564 2466 5617; x_wconf 75' lang='lat' dir='ltr'>Susannze</span> <span class='ocrx_word' id='word_1_1069' title='bbox 2509 5566 2825 5627; x_wconf 84' lang='lat' dir='ltr'>historiam,</span> <span class='ocrx_word' id='word_1_1070' title='bbox 2876 5572 3151 5630; x_wconf 86' lang='lat' dir='ltr'>tanquam</span> <span class='ocrx_word' id='word_1_1071' title='bbox 3186 5565 3595 5632; x_wconf 86' lang='lat' dir='ltr'>apocrypham,</span> <span class='ocrx_word' id='word_1_1072' title='bbox 3653 5574 3795 5615; x_wconf 84' lang='lat' dir='ltr'>cum</span> 
     </span>
    </p>
   </div>
   <div class='ocr_carea' id='block_1_149' title="bbox 2186 5636 3797 5701">
    <p class='ocr_par' dir='ltr' id='par_1_149' title="bbox 2186 5636 3797 5701">
     <span class='ocr_line' id='line_1_150' title="bbox 2186 5636 3797 5701; baseline -0.004 -14"><span class='ocrx_word' id='word_1_1073' title='bbox 2186 5636 2357 5688; x_wconf 90' lang='lat' dir='ltr'>trium</span> <span class='ocrx_word' id='word_1_1074' title='bbox 2388 5650 2692 5701; x_wconf 89' lang='lat' dir='ltr'>puerorum</span> <span class='ocrx_word' id='word_1_1075' title='bbox 2719 5638 2934 5701; x_wconf 87' lang='lat' dir='ltr'>hymno</span> <span class='ocrx_word' id='word_1_1076' title='bbox 2954 5640 3251 5701; x_wconf 86' lang='lat' dir='ltr'>abcidcrit;</span> <span class='ocrx_word' id='word_1_1077' title='bbox 3283 5640 3489 5691; x_wconf 81' lang='lat' dir='ltr'>LXXII</span> <span class='ocrx_word' id='word_1_1078' title='bbox 3530 5636 3797 5687; x_wconf 80' lang='lat' dir='ltr'>Vivorum</span> 
     </span>
    </p>
   </div>
   <div class='ocr_carea' id='block_1_150' title="bbox 2182 5708 3794 5773">
    <p class='ocr_par' dir='ltr' id='par_1_150' title="bbox 2182 5708 3794 5773">
     <span class='ocr_line' id='line_1_151' title="bbox 2182 5708 3794 5773; baseline -0.001 -17"><span class='ocrx_word' id='word_1_1079' title='bbox 2182 5724 2278 5771; x_wconf 88' lang='lat' dir='ltr'>per</span> <span class='ocrx_word' id='word_1_1080' title='bbox 2300 5708 2512 5757; x_wconf 76' lang='lat' dir='ltr'>cellulas</span> <span class='ocrx_word' id='word_1_1081' title='bbox 2534 5709 3007 5773; x_wconf 84' lang='lat' dir='ltr'>interpretantium</span> <span class='ocrx_word' id='word_1_1082' title='bbox 3022 5727 3190 5761; x_wconf 87' lang='lat' dir='ltr'>unam</span> <span class='ocrx_word' id='word_1_1083' title='bbox 3214 5717 3258 5761; x_wconf 88' lang='lat' dir='ltr'>et</span> <span class='ocrx_word' id='word_1_1084' title='bbox 3270 5722 3563 5760; x_wconf 84' lang='lat' dir='ltr'>consonam</span> <span class='ocrx_word' id='word_1_1085' title='bbox 3590 5721 3794 5757; x_wconf 82' lang='lat' dir='ltr'>vocem.</span> 
     </span>
    </p>
   </div>
   <div class='ocr_carea' id='block_1_151' title="bbox 2184 5778 3794 5847">
    <p class='ocr_par' dir='ltr' id='par_1_151' title="bbox 2184 5778 3794 5847">
     <span class='ocr_line' id='line_1_152' title="bbox 2184 5778 3794 5847; baseline 0.001 -19"><span class='ocrx_word' id='word_1_1086' title='bbox 2184 5778 2421 5843; x_wconf 86' lang='lat' dir='ltr'>Spiritus</span> <span class='ocrx_word' id='word_1_1087' title='bbox 2445 5780 2629 5830; x_wconf 84' lang='lat' dir='ltr'>Sancti</span> <span class='ocrx_word' id='word_1_1088' title='bbox 2656 5783 3087 5847; x_wconf 65' lang='lat' dir='ltr'>interpreta’itme</span> <span class='ocrx_word' id='word_1_1089' title='bbox 3108 5784 3399 5847; x_wconf 78' lang='lat' dir='ltr'>prolatam,</span> <span class='ocrx_word' id='word_1_1090' title='bbox 3426 5779 3794 5833; x_wconf 78' lang='lat' dir='ltr'>translationi</span> 
     </span>
    </p>
   </div>
   <div class='ocr_carea' id='block_1_152' title="bbox 2182 5852 3795 5919">
    <p class='ocr_par' dir='ltr' id='par_1_152' title="bbox 2182 5852 3795 5919">
     <span class='ocr_line' id='line_1_153' title="bbox 2182 5852 3795 5919; baseline -0.001 -18"><span class='ocrx_word' id='word_1_1091' title='bbox 2182 5863 2322 5911; x_wconf 64' lang='lat' dir='ltr'>suae,</span> <span class='ocrx_word' id='word_1_1092' title='bbox 2351 5852 2555 5905; x_wconf 71' lang='lat' dir='ltr'>Judzeo</span> <span class='ocrx_word' id='word_1_1093' title='bbox 2580 5855 2831 5905; x_wconf 83' lang='lat' dir='ltr'>Barabba</span> <span class='ocrx_word' id='word_1_1094' title='bbox 2844 5854 2915 5906; x_wconf 90' lang='lat' dir='ltr'>ad</span> <span class='ocrx_word' id='word_1_1095' title='bbox 2940 5856 3207 5919; x_wconf 85' lang='lat' dir='ltr'>spirante,</span> <span class='ocrx_word' id='word_1_1096' title='bbox 3232 5854 3528 5915; x_wconf 61' lang='lat' dir='ltr'>confectas,</span> <span class='ocrx_word' id='word_1_1097' title='bbox 3548 5854 3795 5915; x_wconf 86' lang='lat' dir='ltr'>postpo-</span> 
     </span>
    </p>
   </div>
   <div class='ocr_carea' id='block_1_153' title="bbox 2183 5923 3793 5989">
    <p class='ocr_par' dir='ltr' id='par_1_153' title="bbox 2183 5923 3793 5989">
     <span class='ocr_line' id='line_1_154' title="bbox 2183 5923 3793 5989; baseline -0.003 -14"><span class='ocrx_word' id='word_1_1098' title='bbox 2183 5924 2377 5976; x_wconf 89' lang='lat' dir='ltr'>suerit.</span> <span class='ocrx_word' id='word_1_1099' title='bbox 2410 5926 2485 5975; x_wconf 87' lang='lat' dir='ltr'>De</span> <span class='ocrx_word' id='word_1_1100' title='bbox 2509 5925 2703 5977; x_wconf 81' lang='lat' dir='ltr'>Italica</span> <span class='ocrx_word' id='word_1_1101' title='bbox 2725 5927 2898 5979; x_wconf 87' lang='lat' dir='ltr'>etiam</span> <span class='ocrx_word' id='word_1_1102' title='bbox 2931 5927 3214 5989; x_wconf 89' lang='lat' dir='ltr'>versione,</span> <span class='ocrx_word' id='word_1_1103' title='bbox 3244 5926 3371 5979; x_wconf 68' lang='lat' dir='ltr'>hmo</span> <span class='ocrx_word' id='word_1_1104' title='bbox 3395 5936 3527 5989; x_wconf 65' lang='lat' dir='ltr'>qum</span> <span class='ocrx_word' id='word_1_1105' title='bbox 3561 5923 3793 5983; x_wconf 82' lang='lat' dir='ltr'>scribit,</span> 
     </span>
    </p>
   </div>
   <div class='ocr_carea' id='block_1_154' title="bbox 2180 5995 3793 6062">
    <p class='ocr_par' dir='ltr' id='par_1_154' title="bbox 2180 5995 3793 6062">
     <span class='ocr_line' id='line_1_155' title="bbox 2180 5995 3793 6062; baseline -0.003 -15"><span class='ocrx_word' id='word_1_1106' title='bbox 2180 5998 2385 6049; x_wconf 89' lang='lat' dir='ltr'>notatu</span> <span class='ocrx_word' id='word_1_1107' title='bbox 2400 5996 2575 6062; x_wconf 88' lang='lat' dir='ltr'>digna</span> <span class='ocrx_word' id='word_1_1108' title='bbox 2608 5998 2777 6052; x_wconf 84' lang='lat' dir='ltr'>nobis</span> <span class='ocrx_word' id='word_1_1109' title='bbox 2798 5997 3092 6051; x_wconf 87' lang='lat' dir='ltr'>videntur:</span> <span class='ocrx_word' id='word_1_1110' title='bbox 3113 5999 3304 6049; x_wconf 81' lang='lat' dir='ltr'>Petrus</span> <span class='ocrx_word' id='word_1_1111' title='bbox 3328 5999 3586 6049; x_wconf 82' lang='lat' dir='ltr'>Romanas</span> <span class='ocrx_word' id='word_1_1112' title='bbox 3603 5995 3793 6045; x_wconf 79' lang='lat' dir='ltr'>Eccle-</span> 
     </span>
    </p>
   </div>
  </div>
