3894 6418
129 334 240 392 149

1410 346 1604 398 VITA.
1640 342 1773 396 LIB.
1809 341 1853 394 Ι.
1890 342 2044 398 CAP.
2083 346 2178 399 IV.

3350 350 3453 409 150

125 449 222 501 δίε
366 448 565 535 viginti
592 458 639 536 et
662 460 899 536 quatuor
911 471 1089 509 annos
1101 458 1338 525 praefuit.
1357 459 1732 513 Dubitandum
1760 458 1819 536 Α
1836 471 1940 523 pro
1971 458 2069 536 hoc
2087 460 2204 527 ipso
2214 459 2431 536 veniam
2443 459 2693 536 petimus,
2718 462 2904 528 siquid
2916 465 3051 529 forte
3067 466 3312 530 aspe-rius
3326 481 3450 532 pro-

122 536 243 601 non
263 526 354 601 est,
380 522 691 601 quin,_sicut
713 533 898 594 cetera,
925 547 1041 598 quae
1075 522 1148 588 ad
1180 522 1588 588 instructionem
1609 550 1734 601 per-

122 593 319 676 tinent,
335 594 501 648 etiam
528 597 790 676 librorum
804 593 1167 659 instrumenta
1183 609 1423 661 Ecclesiae
1443 611 1556 674 ipse
1566 593 1741 658 tradi-

483 671 665 748 utique
695 675 820 740 jam
855 683 1002 740 tunc,
1047 681 1164 745 ipso
1201 684 1406 733 sedente
1436 665 1483 733 el
1506 681 1736 741 docente,

120 738 515 810 recitabantur.
541 738 1081 805 Hinc‘occasionem'
1103 755 1280 808 sumit
1304 756 1433 810 fuse
1457 757 1515 809 et
1536 738 1739 808 acriter

14 880 16 887 λ
119 809 512 894 invehendiin
544 818 978 894 Hieronymum,
1003 826 1159 890 quod
1199 809 1371 881 aliam
1397 829 1733 894 interpreta-

121 884 349 961 tionem
382 884 867 961 ipse‘contecerit,
913 884 1151 950 Frustra
1184 900 1285 961 ait,
1326 900 1487 953 illum
1530 884 1590 953 1h
1628 900 1737 954 hoc

122 953 438 1038 confugere
458 959 530 1011 ad
551 953 942 1020 auctoritatem
966 969 1245 1035 Origenis,
1268 953 1440 1037 quem
1464 973 1585 1038 ipse
1608 953 1737 1026 con-

123 1025 384 1112 damnet,
416 1040 955 1112 praeterquamquod
975 1025 1249 1107 Origenes
1272 1025 1436 1109 nihil,
1453 1025 1736 1112 Hierony?

122 1110 415 1186 ggvgrg
424 1117 638 1186 omnes
654 1110 976 1186 Scripturas
992 1128 1065 1167 ex
1082 1118 1299 1186 Ebripis
1319 1110 1731 1186 transtulisset.

14 1162 17 1247 ξ
120 1162 691 1247 perammagpioad
704 1162 1733 1239 δήῖιὶὲἰῑιὲιῖεῖεῖεῖὼῖὧίῐῖιιὲῑὶιῖῐὶἷιῖᾱί

124 1232 393 1313 scriptas,
425 1232 812 1313 Hieronymus
843 1232 1152 1313 respondit,
1192 1232 1444 1306 Ruﬁnus
1457 1232 1733 1307 hanc;

120 1303 521 1389 lqultur._Ait
556 1303 738 1389 enim:
766 1303 1030 1371 Nondum
1064 1303 1731 1389 dicorrsitilla—‘aut

14 1384 17 1449 λ
121 1376 310 1455 qualis
330 1382 571 1447 epistola.
603 1387 801 1440 Tamen
825 1393 1091 1455 quoniam
1113 1394 1221 1445 viri
1238 1376 1445 1447 ‘nobilis
1468 1398 1732 1448 Pamma-

118 1447 239 1529 σΙξξί
260 1454 496 1529 continet
516 1472 733 1522 nomen,
758 1447 894 1527 quid
914 1464 1100 1529 fnisset
1121 1465 1437 1529 absurdum,
1463 1447 1512 1519 si
1543 1470 1592 1519 ei
1629 1468 1731 1519 tale

1841 533 2051 598 sequuti
2073 549 2279 596 sumus,
2300 534 2435 600 quia
2462 535 2604 585 Deus
2626 536 2957 587 conscientiae
2972 544 3166 589 nostrae
3193 540 3332 590 testis
3357 546 3445 602 est,

1839 606 1984 670 quod
1998 606 2170 656 multa
2186 606 2352 670 plura
2371 607 2705 672 reticuimus,
2735 623 2903 672 quam
2916 610 3262 674 protulimus.
3294 612 3449 661 Peni-

1839 682 1922 727 tus
1944 682 2125 728 autem
2146 678 2316 739 silere,
2334 684 2523 729 contra
2545 680 2927 731 conscientiam
2951 683 3251 745 criminati,
3275 683 3451 733 mini-

1837 764 1920 799 me
1949 750 2244 815 potuimus,
2290 765 2462 815 quum
2487 751 2659 816 ipsius
2696 765 2830 816 pene
2868 754 3020 805 Fidei
3041 770 3151 805 suae
3187 755 3450 806 no-nnulli

1782 838 1785 845 ·
1827 820 2108 893 jacturam
2129 821 2379 872 ducerent
2400 824 2678 874 silentium
2710 831 2975 877 nostrum.
3002 828 3088 879 Ex
3112 827 3203 879 his
3233 832 3449 893 postre-

1834 893 1946 945 mis
1970 892 2249 957 eruimus,
2268 894 2416 945 sicut
2434 895 2677 947 Romani
2698 896 3113 962 Hieronymum
3126 892 3446 963 instigave-

1833 969 1966 1017 rant
1980 965 2054 1017 ad
2078 965 2545 1030 respondendum
2560 967 2781 1029 Rufino,
2798 969 2879 1021 sic
2897 982 3128 1034 quoque
3152 972 3445 1027 Romanos

1832 1037 2095 1100 Ruﬁnum
2112 1038 2487 1103 instigavisse
2504 1038 2575 1091 ad
2592 1040 3055 1104 respondendum
3073 1043 3442 1108 Hieronymo,

1832 1108 2135 1172 utriusque
2175 1110 2353 1174 partis
2390 1110 2667 1162 studiosis
2718 1111 3134 1166 discordiarum
3177 1115 3445 1169 ﬂammas

1831 1180 2100 1244 utrinque
2117 1182 2544 1247 spargentibus,
2570 1182 2722 1234 bono
2746 1183 2861 1236 ﬁne
2885 1186 2948 1236 ut
2964 1185 3194 1238 credere
3209 1199 3309 1251 par
3333 1190 3442 1249 est,

1831 1264 2014 1317 quum
2050 1253 2276 1317 utrique
2312 1254 2540 1320 egregie
2584 1254 2850 1308 catholici
2886 1257 3231 1310 offendicula
3269 1260 3443 1323 perti-

1829 1328 2151 1377 mrscerent
2194 1329 2252 1377 et
2291 1337 2512 1378 errores
2565 1333 2989 1380 aversarentur.
3019 1328 3133 1380 Sed
3166 1331 3443 1393 quamdiu

1827 1393 1954 1447 heic
1977 1406 2197 1460 sumus,
2217 1396 2289 1448 ab
2314 1397 2472 1449 omni
2490 1409 2726 1462 prorsus
2751 1398 2962 1451 aﬁ‘ectu
3011 1412 3232 1453 vacuos
3260 1402 3443 1453 unde-

1829 1478 2056 1531 quaque
2097 1479 2225 1519 esse
2266 1479 2387 1519 non
2416 1467 2547 1520 licet
2577 1482 2590 1519 :
2625 1481 2735 1534 nec
2779 1470 3014 1534 mirum,
3066 1471 3114 1523 si
3153 1472 3257 1525 viri
3303 1472 3446 1525 alias

14 1512 17 1603 ξ
117 1517 343 1606 usque
360 1512 1742 1606 reponam}me;assignantes;
1833 1512 2878 1593 saansaan—datamnam
2891 1512 3114 1606 signa
3132 1512 3447 1605 pssum;

14 1596 15 1661 ξ
303 1596 698 1677 judicandum;
722 1622 857 1657 nam
890 1613 936 1659 et
966 1596 1025 1659 tu
1049 1609 1160 1673 ipse
1195 1611 1344 1662 nosti
1370 1612 1504 1677 quid
1537 1613 1742 1676 feceris,

14 1720 16 1753 ἱ
382 1672 669 1753 adversum
689 1668 1310 1753 JovinianumfRomam
1354 1668 1483 1735 misi
1523 1668 1744 1734 libillos-

1848 1606 1904 1659 id
1945 1610 2060 1661 Deo
2084 1609 2467 1674 permittente,
2499 1611 2666 1675 cujus
2693 1611 2910 1677 judicia
2937 1613 3450 1679 imperscrutabilia

1849 1682 2002 1731 sunt.
2022 1680 2266 1733 Ruﬁnus
2295 1682 2630 1746 Apologiam
2664 1696 2809 1747 pene
2849 1696 3077 1736 omnem
3098 1686 3443 1747 absolverat,

122 1735 311 1821 9"?“
342 1756 427 1793 ⁸0³
449 1745 681 1821 quidam
713 1749 871 1801 aliter
906 1751 1278 1819 intelligerent,
1319 1770 1489 1819 quam
1528 1769 1619 1820 ego
1665 1761 1750 1805 me
1849 1761 2027 1814 quum
2039 1735 2365 1805 monachus
2378 1735 2870 1817 quidam(fratrem
2885 1735 3447 1821 enimiappellatho;

13 2170 19 2253 ξ
112 2170 309 2253 {ialm}!
332 2178 452 2253 pali
473 2170 811 2246 videbantur,
836 2170 1150 2247 insinuans,
1176 2170 1443 2252 quomodo
1472 2202 1564 2249 ego
1593 2188 1635 2238 A
1643 2202 1715 2253 po

14 2248 19 2325 ς
112 2241 594 2325 loget‘icum-denuo
611 2241 883 2321 descripsi,
896 2262 942 2308 et
958 2272 1076 2322 quae
1092 2241 1250 2310 aliter
1277 2241 1737 2325 intelligibantur,

14 2318 19 2381 ζ
109 2318 187 2369 ad
235 2319 653 2389 intelligentiam
697 2318 989 2392 rectiorem,
1044 2337 1208 2395 prout
1252 2318 1733 2397 potui,'revocavi;

108 2404 335 2477 fquum
369 2400 616 2477 estnergo,
663 2406 722 2477 ut
769 2402 915 2466 quod
939 2403 1107 2477 nobis
1298 2403 1566 2477 volumus,
1608 2404 1737 2459 aliis

107 2460 406 2523 faciamus.
433 2460 741 2522 Siculenim
762 2460 906 2525 meos
934 2474 1096 2526 libros
1128 2460 1273 2526 inihi
1305 2460 1582 2539 remisisti,
1612 2481 1736 2528 uta

14 2538 17 2603 ξ
110 2538 649 2611 memendtirentur,
668 2545 747 2596 ita
768 2551 815 2595 et
848 2547 923 2597 ad
944 2546 1103 2597 illum
1122 2562 1246 2598 suos
1261 2548 1469 2599 remitte
1491 2564 1507 2597 :
1523 2538 1576 2598 et
1592 2550 1736 2611 quod

14 2614 15 2617 ‘
106 2606 377 2685 culpabile
417 2613 643 2678 videtur,
671 2617 921 2683 insinua,
947 2625 1007 2670 ut
1035 2625 1080 2670 et
1119 2621 1232 2685 ipse
1266 2635 1335 2680 se,
1367 2620 1415 2670 si
1451 2620 1513 2669 in
1544 2606 1731 2685 aliquo

14 2732 19 2761 Ῐ
106 2682 334 2761 erravit,
356 2687 614 2761 emendet.
661 2689 794 2739 Tum
822 2682 1078 2752 praeterea
1103 2682 1153 2741 et
1178 2707 1278 2742 nos
1299 2692 1422 2754 jam
1442 2692 1505 2741 in
1545 2682 1731 2742 multis

14 2755 19 2821 ξ
104 2755 453 2829 wercuimus
467 2758 770 2823 ingeniu-m,
788 2766 837 2813 et
856 2762 1032 2813 multa
1047 2763 1171 2828 jam
1191 2763 1346 2814 nobis
1359 2762 1617 2829 opuscula
1635 2764 1729 2814 de-

14 2828 19 2907 μ
105 2823 311 2907 sufﬁta
332 2836 493 2907 sunt.
523 2832 616 2883 Ille
638 2833 921 2900 (Ruﬁnus)
948 2823 1064 2886 Ιιοέ
1081 2835 1327 2896 primum
1364 2823 1554 2888 PROPR
1593 2851 1728 2900 opus

14 2892 19 2961 .l
290 2904 341 2951 ιι
361 2901 587 2974 fortasse
609 2892 930 2972 compulsus,
954 2913 1002 2958 et
1024 2892 1174 2957 nihil
1187 2908 1415 2972 mirum,
1432 2908 1479 2957 si
1492 2892 1728 2970 ﬂuctua-

13 2976 21 3041 ;
202 2967 266 3043 in
296 2972 516 3036 primis.
539 2975 648 3028 Nec
671 2967 874 3029 occasio
910 2967 1209 3043 derogandi
1246 2967 1575 3031 Christianis
1599 2993 1728 3041 cap-

107 3040 283 3123 ?n'da
323 3047 535 3123 est,_sed_
562 3051 955 3101 emendationis
996 3040 1221 3123 utilitas
1249 3052 1599 3116 requirenda.
1638 3040 1730 3103 Sic

105 3109 359 3189 Ruﬁnus
373 3118 447 3171 ab
468 3120 817 3188 Hieronymo
849 3123 923 3176 ad
947 3122 1295 3189 pammachii
1317 3109 1622 3188 epistolam
1646 3137 1733 3177 re-

14 1809 17 1893 ;
112 1809 343 1893 dictasse
369 1817 743 1893 memineram,-
768 1838 951 1874 nonne
974 1809 1147 1889 quum
1161 1809 1285 1891 jarn
1320 1809 1357 1878 ἃ
1378 1809 1641 1893 plurimis
1665 1826 1787 1893 le-_
1847 1809 1943 1874 ma
1964 1822 2285 1888 Aquilejam
2302 1809 2609 1889 proiectus,
2631 1809 2884 1879 currenti
2908 1809 3284 1881 calcar‘a‘didit
3304 1809 3445 1880 dum

14 1892 17 1951 ξ
109 1888 389 1964 agerentur,
434 1894 480 1939 et
513 1890 912 1956 oﬂ‘enderentur
954 1888 1086 1962 pene
1126 1888 1331 1964 omnes,
1367 1888 1493 1950 cum
1534 1890 1801 1964 quibusB
1835 1894 2174 1960 Apologiam
2199 1888 2402 1949 sibi’ab
2425 1888 2635 1950 Ruﬁno
2664 1897 2932 1951 relectam
2956 1900 3237 1963 probavit,
3261 1912 3443 1953 unum

113 1957 282 2036 εξίαπι
388 1975 492 2011 6886
521 1965 818 2030 pulabaris,
856 1957 1192 2036 exemplaria
1211 1957 1335 2035 jam
1358 1972 1422 2022 de
1443 1957 1581 2036 foro,
1599 1971 1723 2035 jam

446 2122 451 2123 γ
466 2024 814 2123 sub-transisti,
828 2045 875 2091 et
899 2024 1142 2123 haemon
1164 2024 1239 2093 ad
1259 2024 1507 2123 aliquem
1519 2024 1740 2123 (alium,

110 2098 212 2181 ’fd.
228 2100 308 2151 ad
336 2118 418 2155 ⁷⁷⁸⁸
438 2109 713 2181 Ῡθωίείδίίὶ
729 2098 976 2164 οαάεεαπι
987 2115 1214 2180 μανίαν,
1231 2098 1366 2181 quia
1388 2116 1550 2167 multi
1580 2098 1742 2166 scan:

1846 1968 2070 2020 tantum
2081 1968 2471 2022 excusationis
2490 1968 2681 2023 locum
2695 1971 3148 2036 praetermissum
3159 1972 3442 2034 indicans,

1844 2049 2020 2101 quem
2046 2042 2245 2095 Roma
2268 2042 2502 2091 audisset
2526 2041 2592 2091 ab
2609 2041 3040 2095 obtrectatoribus
3063 2044 3329 2105 incusari,
3346 2044 3440 2096 ubi

1841 2109 2085 2163 Ruﬁnus
2122 2113 2183 2166 in
2218 2112 2657 2179 praefatiuncula
2692 2115 2875 2180 prima
2908 2114 3181 2168 librorum
3228 2116 3442 2169 Periar-

1840 2182 1988 2253 chon
2017 2184 2089 2237 de
2112 2186 2455 2251 Hieronymo
2477 2185 2703 2239 dixerat
2728 2187 2825 2238 ειη
2864 2187 2950 2237 his
2988 2203 3105 2253 qua:
3128 2189 3191 2238 de
3216 2189 3439 2252 Origene

1840 2251 2217 2321 interpretatus
2234 2257 2433 2323 fuerat,
2450 2257 2717 2308 nonnulla
2739 2251 3063 2323 offendicula
3084 2275 3185 2309 esse
3209 2260 3270 2309 in
3298 2251 3442 2310 Grae-

1837 2341 1913 2385 co,
1932 2342 2049 2392 quae
2068 2330 2146 2379 ita
2162 2334 2339 2379 tamen
2354 2329 2761 2394 interpretando
2781 2330 3113 2395 purgaverit,
3128 2337 3189 2380 ut
3206 2332 3355 2381 nihil
3380 2331 3441 2380 in

1836 2399 1940 2461 his,
1965 2402 2160 2465 quoda
2184 2402 2313 2452 Fide
2345 2406 2531 2451 nostra
2555 2402 2808 2467 discrepet
2842 2403 3072 2452 Latinus
3090 2417 3262 2453 sermo
3292 2403 3441 2453 inve-

1834 2471 1972 2523 niat.
1998 2472 2156 2524 Idem
2184 2473 2504 2525 monachus
2523 2472 2783 2538 (fortasse
2799 2474 3186 2539 Chrisogonus
3206 2474 3441 2539 Aquile-

1824 2543 1844 2607 j
1854 2544 2027 2603 ensis,
2053 2544 2246 2596 Ruﬁni
2273 2546 2540 2607 sectator,
2565 2544 2657 2597 cui
2688 2545 3076 2610 Hieronymus
3096 2546 3293 2598 scribit
3315 2546 3433 2612 epi-

1832 2615 2039 2667 stolam
2060 2617 2159 2667 IX.
2184 2616 2323 2668 aliis
2366 2616 2560 2668 XLIV.
2587 2622 2646 2669 et
2680 2629 2853 2681 quem
2877 2617 3057 2682 carpit
3089 2618 3239 2669 circa
3262 2618 3437 2669 ﬁnem

1828 2685 1959 2738 libri
1980 2690 2043 2751 Ι.)
2067 2687 2302 2749 addidit,
2330 2700 2364 2740 a
2385 2688 2578 2740 Ruﬁni
2598 2687 2824 2741 aemulis
2850 2689 3057 2754 spargi,
3088 2690 3134 2740 si
3160 2690 3282 2755 ipse
3311 2702 3442 2742 ver-

1827 2759 2046 2811 sionem
2064 2760 2585 2825 Hieronymianam,
2604 2766 2671 2812 ut
2682 2761 2869 2812 omnis
2886 2761 3221 2814 oﬁ‘endiculi
3238 2772 3436 2826 exper-

1828 2835 1945 2883 tem
1963 2832 2250 2896 probarat,
2275 2832 2603 2884 versionem
2619 2832 2810 2883 Ruﬁni
2826 2845 2961 2896 ergo
2976 2833 3051 2884 im
3061 2833 3438 2897 probandam,

1826 2915 2000 2965 quam
2011 2903 2130 2969 ipse
2143 2906 2309 2953 omnis
2320 2903 2648 2956 oti‘endiculi
2660 2908 2953 2969 expertem
2967 2917 3081 2956 non
3097 2905 3442 2957 reddidisset

1826 2974 2073 3026 Ruﬁnus
2091 2979 2282 3027 tamen
2294 2974 2618 3039 respondet,
2634 2975 2709 3026 ab
2725 2988 2787 3027 se
2805 2976 3129 3038 praestitum
3147 2976 3301 3040 quod
3315 2977 3440 3028 Hie-

1828 3059 2106 3111 ronymus
2121 3050 2255 3099 ante
2267 3048 2625 3111 praestiterat.
2645 3046 2754 3098 Sed
2772 3046 2842 3098 de
2859 3048 2905 3111 ej
2917 3061 2984 3099 us
3001 3048 3225 3112 scriptis
3238 3048 3433 3113 absque

1828 3118 2044 3168 malitia
2074 3123 2120 3167 et
2158 3117 2439 3168 calumnia
2454 3118 2874 3183 judicasseznon
2899 3118 3036 3182 quid
3066 3118 3433 3169 obtrectationi

14 3169 25 3273 ς
103 3169 1732 3273 sil-ipimternas:'fsaugaasaieiagxs'oig.
1752 3169 2037 3273 αραεενος,
2109 3189 2200 3273 sed
2256 3189 2392 3272 quid
2444 3169 2961 3273 ἦνᾳξρεεξαεηῖιιονίίι
3010 3190 3432 3273 interpretans,

105 3255 425 3338 εἱωάιιιεᾳιι
438 3266 633 3338 statim
645 3267 986 3332 pertexit,ad
999 3255 1395 3333 Apronianum
1407 3255 1728 3322 conversus

105 3332 322 3384 iterum
347 3333 421 3387 de
437 3337 798 3392 Pammachio
827 3340 910 3392 sic
933 3332 1211 3406 loquitur:
1242 3340 1532 3406 Cognoscal
1566 3342 1730 3391 etiam

16 3406 21 3469 ξ
102 3414 201 3465 ροι-
231 3406 298 3475 le,
320 3406 407 3469 ﬁli
429 3410 704 3461 carissime
739 3412 1078 3475 Aproniano,
1100 3418 1320 3463 sanctus
1343 3412 1430 3462 vir
1449 3412 1537 3462 ille
1559 3413 1732 3463 Pam-

16 3476 21 3550 ;
105 3473 384 3550 machius,
408 3481 563 3545 cujus
584 3482 863 3548 epistolam
884 3473 1095 3534 amicus
1117 3499 1268 3534 meus
1293 3484 1724 3550 (Hieronymus)

16 3544 21 3611 ξ
103 3552 163 3601 in
174 3544 661 3605 inuectionevelacc
680 3556 923 3605 usatione
941 3556 1043 3606 hac
1062 3571 1164 3606 sua
1185 3544 1502 3620 protulit,in
1522 3544 1728 3607 Christi

16 3624 19 3692 μ
99 3620 389 3687 adjutorio
405 3639 521 3674 non
539 3626 752 3688 studiis,
769 3627 861 3677 sed
876 3626 1199 3678 innocentia
1212 3628 1528 3692 favendum,
1554 3643 1647 3678 nec
1668 3629 1728 3679 in

16 3694 19 3759 ξ
100 3708 300 3765 caussa
335 3694 577 3747 veritatis
606 3698 837 3749 studiose
872 3699 1150 3761 agendum
1191 3714 1296 3750 esse
1327 3700 1521 3765 magis,
1557 3715 1728 3765 quam

16 3764 19 3825 ἶ
102 3764 372 3829 religiose.
403 3766 739 3831 Praeceptum
772 3776 845 3821 est
867 3771 1014 3821 enim
1038 3771 1281 3835 Domini,
1316 3777 1375 3822 ut
1405 3764 1518 3822 non
1540 3786 1730 3823 secun-

16 3844 19 3923 L
102 3837 239 3918 dum
250 3836 468 3901 faciem,
487 3840 578 3890 sed
588 3847 794 3923 rectum
800 3841 1109 3905 judicemus
1111 3842 1410 3923 judicium.
1434 3842 1576 3903 Quia
1592 3843 1731 3923 sicut

16 3908 19 3971 ζ
103 3908 166 3958 in
176 3921 512 3979 unoquoque
522 3913 634 3962 min
643 3914 883 3965 imorum
892 3930 1121 3965 suoru-m
1138 3914 1385 3966 Christus
1399 3920 1488 3976 est,
1507 3915 1605 3979 qui
1619 3930 1729 3966 esu-

16 3968 17 3993 i
101 3980 177 4029 rit
199 3968 389 4030 et‘sitit
420 3968 466 4032 et
502 3984 686 4036 nudus
719 3991 808 4046 est,
848 3992 896 4036 et
928 3986 1040 4051 ipse
1067 3990 1139 4037 est
1162 3986 1260 4050 qui
1293 3968 1542 4050 reficitur
1563 3991 1609 4036 et
1635 3987 1726 4037 in-

16 4114 17 4125 ‘
102 4052 319 4125 duitur,
344 4052 429 4125 ita
450 4054 511 4105 in
529 4056 631 4119 his,
658 4058 755 4122 qui
780 4058 1108 4122 judicantur
1134 4058 1349 4122 injuste,
1378 4059 1490 4123 ipse
1511 4064 1601 4122 est,
1629 4059 1726 4123 qui

103 4124 302 4188 inique
321 4124 639 4191 judicatnr;
662 4135 709 4179 et
730 4144 829 4193 pro
857 4130 945 4180 his
966 4130 1066 4195 qui
1088 4130 1212 4181 odio
1243 4128 1510 4181 habentur
1530 4132 1728 4196 gratis,

103 4198 221 4260 ipse
243 4196 491 4249 dicturus
509 4205 579 4250 est
599 4221 612 4252 :
648 4200 815 4252 Odisti
836 4217 921 4252 me
940 4202 1128 4264 gratis.
1156 4201 1294 4255 Inde
1321 4202 1511 4267 paullo
1533 4204 1722 4257 acrius

98 4267 286 4322 instat
320 4269 415 4323 his
459 4273 688 4325 verbis:
716 4275 993 4334 Quomodo
1048 4274 1443 4326 Pammachius
1493 4276 1722 4327 aestimat

101 4340 253 4392 hanc
270 4356 522 4394 caussam
548 4348 594 4394 et
621 4346 718 4396 hoc
740 4346 948 4409 factum
974 4362 1140 4397 suum
1162 4347 1504 4412 (instigandi
1520 4348 1723 4401 Hiero-

96 4424 349 4477 nymum
364 4418 866 4482 contraRuﬁnum)
883 4419 946 4469 in
958 4418 1328 4469 tribunalibus
1355 4419 1559 4470 Christi
1576 4420 1726 4485 judi-

1826 3262 2122 3327 aspexisse
2145 3262 2205 3313 in
2228 3262 2354 3325 ejus
2379 3262 2602 3326 scriptis
2630 3261 2703 3313 ab
2742 3262 3094 3327 Hieronymo
3124 3264 3431 3328 reprehen-

1830 3332 1961 3386 sum
1997 3332 2151 3397 quod
2188 3332 2310 3398 ipse
2361 3338 2496 3385 ante
2533 3334 2966 3399 conscripserat.
3011 3336 3076 3385 In
3113 3335 3226 3387 ﬁne
3257 3335 3339 3387 ait
3386 3336 3436 3387 si

1826 3406 2219 3469 Episcoporum
2234 3404 2475 3469 synodus
2485 3404 2660 3457 libros
2673 3405 2932 3469 Origenis
2960 3405 3320 3459 damnandos
3336 3420 3431 3459 es-

1830 3489 1892 3529 se
1909 3476 2240 3539 decreverit,
2257 3476 2410 3541 prius
2428 3478 2625 3529 Graece
2641 3476 3022 3537 damnandos,
3042 3482 3109 3529 ut
3124 3478 3298 3531 latine
3313 3492 3431 3532 ver-

1826 3549 1876 3601 si
1918 3549 2282 3613 damnentur;
2309 3560 2371 3600 se
2395 3547 2633 3601 demum
2657 3549 2965 3602 Catholica:
2990 3549 3260 3603 Ecclesiae
3299 3563 3433 3603 sen-

1825 3621 2066 3673 tentiam
2079 3625 2279 3674 contra
2292 3619 2524 3673 eosdem
2536 3621 2795 3685 Origenis
2819 3621 2994 3673 libros
3008 3622 3427 3687 amplexurum.

1826 3694 1968 3746 Haec
2006 3693 2339 3746 summatim
2362 3706 2435 3745 ex
2453 3697 2697 3757 utroque
2718 3693 2861 3747 libro
2884 3694 3210 3748 Ruﬁniante
3225 3695 3437 3761 Apolo-

1826 3766 1937 3831 gim
1972 3778 2271 3819 recensere
2287 3765 2480 3819 visum
2513 3770 2620 3818 est.

1896 3838 1984 3889 VI.
2009 3837 2254 3890 Ruﬁnus
2270 3837 2471 3891 eodem
2495 3842 2769 3902 tempore,
2797 3849 2911 3901 quo
2942 3837 3088 3890 duos
3108 3838 3430 3903 superiores

1825 3908 2047 3962 libellos
2063 3909 2131 3961 ad
2164 3908 2382 3961 amicos
2402 3911 2693 3961 Romanos
2719 3908 2896 3972 misit,
2920 3909 3093 3961 aliam
3109 3910 3430 3963 breviorem

1826 3980 2163 4046 Apologiam
2182 3992 2284 4045 pro
2308 3980 2443 4033 Fide
2473 3992 2581 4032 sua
2603 3980 2674 4031 ad
2699 3981 3076 4032 Anastasium
3099 3981 3435 4035 Pontiﬁcem

1826 4053 2053 4111 direxit,
2078 4055 2144 4104 ut
2176 4050 2472 4115 invidiam,
2499 4050 2609 4102 sibi
2639 4051 2793 4116 apud
2818 4051 3075 4103 eundum
3101 4052 3429 4117 conﬂatam,

1826 4124 2084 4177 dilueret.
2128 4124 2357 4187 Septem
2412 4122 2598 4187 capita
2636 4122 2694 4173 in
2736 4134 2804 4174 ea
2847 4123 3119 4187 perpendi
3168 4126 3433 4188 possunt,

1826 4208 2074 4262 quorum
2089 4195 2275 4259 priora
2290 4194 2544 4259 quinque
2560 4194 2872 4259 respiciunt
2886 4193 3161 4258 dogmata
3185 4194 3432 4261 Origeni,

1820 4275 1889 4322 ut
1908 4267 2149 4330 auctori,
2163 4266 2484 4332 Ruﬁnoque
2507 4271 2574 4319 ut
2588 4266 2900 4332 interpreti,
2926 4266 3232 4333 adscripta.
3251 4270 3293 4319 Ι.
3312 4268 3435 4320 Tri-

1822 4341 2079 4393 nitatem.
2111 4340 2179 4392 Il.
2216 4339 2730 4392 Resurrectionem.
2779 4341 2873 4390 III.
2904 4341 3245 4395 Extremum
3276 4339 3431 4405 judi-

1830 4412 2003 4466 cium.
2028 4412 2122 4463 IV.
2152 4411 2373 4464 Diaboli
2408 4410 2835 4463 damnationem
2872 4413 3166 4463 aeternam.
3209 4410 3435 4464 V.Ani-

98 4485 365 4546 cundum,
394 4502 568 4552 quum
606 4489 799 4540 habeat
834 4478 938 4541 sua
972 4491 1324 4551 conscientia,
1350 4492 1498 4555 quod
1532 4478 1737 4550 codices
1832 4483 2433 4555 morumoriginemln
2450 4481 2923 4555 duobusreliquis
2939 4482 3222 4555 capitibus
3236 4478 3433 4535 de'sua

99 4556 261 4629 illius
273 4558 642 4626 (Hieronymi)
658 4566 850 4613 contra
861 4563 1227 4614 Jovinianum
1240 4553 1481 4629 scriptos,
1502 4564 1599 4627 qui
1606 4564 1729 4628 jam
1836 4554 2153 4629 agitqlatina
2174 4554 2640 4629 interpretatione
2656 4558 2713 4606 et
2728 4553 2881 4629 Fid?
2902 4554 3011 4606 53d
3034 4559 3272 4619 Ρΐωδίιδῐ
3286 4555 3425 4620 ipsa"

98 4627 311 4691 publice
333 4629 642 4694 legebantur
662 4638 709 4684 et
732 4634 1282 4698 reprehendebantur,
1308 4627 1637 4685 subtraxerit
1658 4634 1719 4684 de

1825 4626 2120 4691 Apologia
2137 4626 2323 4691 capita
2341 4625 2671 4689 singulatim
2702 4625 3020 4678 enucleare.

102 4673 1720 4772 Inanis».tignum?“Etuﬁielzxi‘iiiééia‘iqutu:
1746 4673 1802 4747 D
1884 4673 1937 4754 ἱ.
1957 4673 2046 4772 -Ξὲ
2068 4673 2357 4772 acceﬁisse
2384 4673 2486 4772 ait,
2508 4697 2997 4772 quemadmodum
3012 4699 3072 4772 in
3092 4704 3429 4752 controver-

98 4772 332 4843 paverit,
355 4775 622 4827 remiserit
634 4791 757 4828 vero
788 4778 863 4828 ad
883 4779 1070 4843 ipsum
1092 4783 1371 4830 auctorem
1395 4777 1558 4829 libros
1580 4791 1723 4838 suos,

1829 4771 1930 4823 siis
1940 4770 2012 4823 de
2024 4769 2160 4822 Fide
2171 4783 2274 4822 seu
2284 4769 2355 4822 de
2370 4768 2715 4833 quibusdam
2728 4768 2873 4830 aliis,
2891 4771 3042 4836 apud
3057 4772 3427 4824 Anastasium

102 4841 407 4896 insinuans
426 4860 642 4912 ea,quse
663 4848 737 4900 ad
761 4841 1239 4914 reprehensionem
1261 4850 1522 4910 venirent,
1556 4853 1615 4898 ut
1647 4848 1731 4899 vet
1827 4841 2147 4901 commotis,
2189 4842 2279 4894 sui
2319 4842 2490 4894 etiam
2526 4841 2741 4914 mentio
2775 4841 2925 4895 facta
2961 4843 3198 4906 fuisset;
3235 4844 3428 4909 ipsum

96 4915 428 4981 emendaret,
454 4920 532 4970 vel
553 4934 668 4970 rem
697 4935 914 4985 quoquo
940 4923 1101 4973 modo
1124 4926 1315 4987 posset,
1334 4925 1567 4972 curaret.
1588 4921 1729 4971 Meos

98 5000 221 5036 vero
247 5002 362 5037 non
382 4989 597 5051 codices,
622 4990 712 5040 sed
728 4991 1009 5042 schedulas
1020 4992 1383 5058 imperfectas,
1413 4992 1726 5042 inemenda-

96 5063 196 5119 tas,
248 5058 401 5121 furto
447 5061 736 5127 cujusdam
779 5062 1063 5113 nebulonis
1094 5072 1141 5114 et
1177 5064 1380 5127 fraude
1407 5062 1721 5122 subtractae,

94 5128 307 5195 sibique
342 5131 575 5198 delatas,
599 5149 772 5199 quum
804 5150 886 5185 me
925 5135 1067 5185 inibi
1110 5136 1327 5187 haberet
1376 5138 1719 5201 praesentem,

96 5201 245 5250 mihi
268 5203 491 5266 quidem
517 5220 631 5255 non
678 5203 907 5271 o/ferret,
957 5222 1126 5272 neque
1166 5210 1604 5271 conquereretur,
1632 5204 1724 5255 sed

98 5272 386 5339 increpare
418 5276 656 5341 quidem,
688 5283 787 5328 ant
823 5279 988 5329 etiam
1008 5294 1239 5341 arguere
1276 5279 1619 5343 dignaretur,
1643 5284 1723 5333 vel

99 5362 195 5410 per
213 5346 464 5397 amicum
477 5353 608 5399 certe
632 5348 889 5413 aliquem,
917 5355 1014 5399 aut
1053 5349 1220 5399 etiam
1262 5365 1364 5415 per
1396 5348 1721 5408 inimicum;

97 5417 580 5469 sedadOrientem
628 5421 853 5470 mitteret
892 5426 939 5470 et
982 5421 1266 5483 instigaret
1303 5421 1557 5485 linguam
1603 5419 1719 5485 ejus

100 5489 363 5552 hominis,
394 5490 491 5555 qui
529 5505 650 5542 eam
682 5491 935 5555 mitigare
958 5507 1071 5542 non
1097 5498 1326 5555 poterat.
1354 5492 1496 5553 Quid
1526 5498 1718 5542 contra

98 5562 419 5627 religionem
433 5563 647 5627 faceret,
663 5564 711 5614 si
730 5579 812 5614 me
821 5569 1135 5629 praesentem
1149 5564 1329 5629 potius
1351 5564 1673 5616 convenisset
1690 5565 1716 5614 ?

101 5635 388 5685 lntantum
407 5634 755 5700 necolloquio
785 5634 901 5700 ejus
930 5636 1251 5686 videbamur
1284 5635 1525 5701 indigni,
1558 5640 1618 5685 ut
1645 5635 1713 5686 ab

98 5721 156 5755 eo
169 5722 268 5758 nec
288 5707 457 5772 argui
472 5722 800 5759 mereremur
814 5708 842 5758 ?
857 5706 1050 5761 Paullo
1068 5707 1218 5761 intra
1239 5708 1466 5762 veniam
1481 5707 1643 5773 petit,
1663 5707 1714 5757 si

101 5778 384 5843 asperius,
396 5791 571 5844 quam
581 5779 897 5843 debuisset,
921 5792 1192 5833 caussam
1213 5792 1380 5833 suam
1406 5778 1709 5845 peroravit:

103 5849 213 5901 Nos
240 5856 446 5916 autem,
490 5851 739 5917 quamvis
764 5851 1066 5903 necessitate
1101 5852 1367 5917 compulsi
1392 5851 1711 5916 respondere

105 5922 211 5974 nisi
230 5938 423 5975 sumus
443 5922 512 5986 ei,
537 5924 635 5990 qui
655 5936 753 5977 nos
765 5923 1110 5977 amarissime
1123 5923 1447 5989 pulsaverat,
1467 5927 1709 5976 attamen

1827 4927 1961 4966 vero
1992 4914 2348 4978 Pontiﬁcem,
2366 4914 2506 4964 velut
2525 4912 2593 4964 ab
2616 4914 2968 4965 incunabulis
2980 4931 3078 4981 per
3097 4916 3429 4966 Ecclesiasti-

1824 5001 1894 5035 cae
1909 4986 2221 5037 traditionis
2253 4986 2466 5051 regulas
2491 4985 2825 5039 institutum
2841 4986 2912 5040 de
2936 4987 3169 5040 homine
3201 4986 3425 5047 absente,

1823 5056 2029 5122 sibique
2056 5056 2181 5107 bene
2202 5063 2249 5108 et
2283 5058 2346 5107 in
2372 5058 2500 5108 Fide
2539 5062 2585 5108 et
2621 5058 2682 5108 in
2705 5059 2926 5109 caritate
2958 5060 3054 5109 Dei
3075 5060 3305 5121 cognito,
3348 5074 3431 5117 ra-

1825 5128 2224 5179 lumniantibus
2246 5129 2501 5179 auditum
2515 5145 2627 5178 non
2649 5131 3089 5181 accommodasse.
3114 5132 3331 5182 Tamen
3367 5142 3429 5181 se

1821 5204 1937 5265 post
1986 5200 2215 5264 triginta
2256 5214 2433 5249 annos
2462 5200 2778 5265 parentibus
2807 5201 3198 5264 spiritualibus
3216 5206 3275 5253 et
3297 5212 3427 5253 con-

1824 5272 2159 5335 sanguineis
2180 5270 2490 5334 redditum,
2518 5283 2636 5323 non
2665 5285 2834 5336 posse
2850 5276 2969 5325 tam
2994 5273 3105 5325 cito
3129 5272 3254 5324 illas
3269 5272 3427 5323 dese-

1820 5356 1962 5405 rere,
1987 5350 2052 5396 ut
2072 5344 2224 5397 hanc
2245 5345 2318 5396 ob
2349 5355 2614 5395 caussam
2648 5342 2871 5396 labores
2903 5344 3131 5405 iterans,
3161 5344 3425 5396 Romam-

1822 5421 2055 5482 peteret.
2082 5417 2266 5477 Quare
2280 5416 2337 5466 in
2364 5427 2486 5466 suae
2509 5414 2677 5467 famae
2697 5415 3089 5467 defensionem
3111 5427 3174 5467 se
3190 5426 3425 5478 tequum

1821 5493 2059 5552 putasse
2088 5488 2158 5540 ad
2180 5486 2553 5539 Anastasium
2575 5486 2747 5538 hasce
2763 5487 2955 5539 literas
2968 5487 3247 5538 scribere:
3276 5487 3421 5548 Non,

1816 5559 2024 5623 inquit,
2051 5560 2191 5609 utde
2213 5562 2398 5608 sancta
2424 5562 2595 5607 mente
2644 5563 2757 5617 tua,
2796 5573 2913 5622 quae
2955 5558 3094 5607 velut
3146 5558 3421 5621 quoddam

1814 5632 1910 5682 Dei
1932 5632 2259 5692 sacrarium,
2284 5628 2770 5693 aliquidiniquum
2781 5645 2891 5678 non
2915 5629 3125 5695 recipit,
3141 5630 3420 5679 maculam

1809 5705 2137 5769 suspicionis
2158 5702 2522 5766 abstergerem,
2551 5701 2641 5751 sed
2682 5707 2739 5751 ut
2783 5701 2992 5751 aemulis
3020 5702 3308 5752 adversum
3332 5717 3421 5754 me

1807 5774 1941 5839 forte
1956 5774 2343 5827 oblatrantibus
2365 5772 2616 5821 baculum
2640 5773 2913 5837 quendam
2946 5774 3041 5823 tibi
3069 5774 3418 5839 confessionis

1808 5863 1953 5910 meae,
1988 5863 2094 5913 quo
2126 5847 2485 5912 abigerentur,
2516 5843 2780 5913 offerrem.
2799 5847 2885 5899 Ita
2906 5846 3154 5899 Ruﬁnus
3176 5846 3234 5899 in
3263 5846 3419 5911 capi-

1808 5925 1864 5975 te
1887 5908 2047 5975 nubi
2066 5926 2127 5976 et
2158 5908 2409 5986 se'probe
2433 5908 2636 5972 notum
2659 5918 2935 5985 Pontiﬁci,
2954 5932 3144 5985 neque
3168 5908 3415 5974 Romam
