3894 6406
491 346 592 406 ist
632 300 648 312 ’

494 535 674 589 immo
690 547 878 600 neque
894 533 1264 586 Anastasium
1289 528 1553 581 hostibus
1569 523 1694 576 suis
1711 521 1905 576 faciles
1926 532 2098 574 aures

497 607 838 674 prmbuisse,
856 605 1006 658 clare
1023 603 1322 674 signiﬁcat.

559 678 614 735 2.
649 678 843 731 Fidem
861 690 1024 729 suam
1044 670 1826 742 persecutionis,ha:reticorum
1850 672 2100 742 tempore,

500 765 672 818 quum
683 751 744 800 in
761 750 960 800 Sancta
982 740 1629 818 AlexandrinaiEcclesia
1651 742 1872 818 degeret,
1897 740 1955 787 in
1979 753 2103 818 car-

501 810 706 872 ceribus
726 830 772 871 et
791 821 1012 882 exsiliis,
1049 833 1166 884 qua
1205 833 1306 884 pro
1350 815 1479 867 Fide
1520 813 1914 878 inferebantur,
1963 810 2103 862 alias

501 895 820 961 probatam,
840 892 1112 955 illamque
1129 904 1191 942 se
1203 892 1412 942 iterum
1427 887 1756 961 cuicunque
1765 885 2000 961 probare
2013 894 2104 946 pa-

501 955 710 1018 ratum.
738 955 819 1017 De
835 963 1113 1015 Trinitate
1130 975 1193 1014 se
1222 962 1304 1012 ita
1327 959 1574 1018 credere,
1612 958 1756 1022 quod
1802 955 1967 1004 unius
2001 969 2105 1003 na-

503 1039 636 1086 tura
654 1035 744 1100 sit,
769 1035 939 1100 unius
966 1033 1199 1100 deitatis,
1234 1032 1408 1100 unius
1429 1030 1772 1100 ejusdemque
1791 1027 2006 1100 virtutis
2027 1032 2104 1074 at-

501 1093 941 1164 quesubstantiae,
960 1113 1054 1147 nec
1072 1097 1210 1145 inter
1224 1093 1506 1146 Patrem‘et
1531 1093 1728 1164 Filium
1762 1093 2105 1164 etﬁpir‘itum

505 1161 770 1222 Sanctum
791 1171 859 1220 sit
875 1183 1098 1234 prorsus
1111 1167 1226 1217 ulla
1241 1166 1540 1228 diversitas,
1553 1163 1664 1212 nisi
1681 1161 1825 1227 quod
1837 1161 1923 1210 ille
1948 1161 2106 1234 Pater

487 1249 593 1306 .est,
624 1248 670 1293 et
703 1243 791 1293 hic
823 1233 1014 1300 Filius,
1063 1247 1108 1290 et
1149 1240 1238 1290 ille
1275 1239 1515 1303 Spiritus
1565 1237 1812 1295 Sanctus,
1871 1233 2107 1306 Trinitas

503 1304 834 1381 iis-personis
856 1312 1274 1372 subsistentibus,
1298 1312 1486 1360 unitas
1507 1311 1569 1358 in
1592 1315 1794 1381 natura
1807 1313 1978 1381 atque
1992 1304 2108 1354 sub-

505 1378 732 1438 stantia.
757 1386 962 1437 Filium
981 1400 1192 1450 quoque
1207 1384 1301 1433 Dei
1312 1383 1372 1432 in
1384 1381 1694 1432 novissimis
1717 1378 1896 1428 diebus
1913 1382 2106 1426 natum

507 1473 612 1509 esse
633 1459 1018 1522 confitetur,e:c
1051 1456 1280 1520 Virgine
1307 1458 1354 1503 et
1384 1453 1599 1518 Spiritu
1631 1453 1854 1511 Sancto,
1885 1464 2106 1500 carnem

509 1536 720 1582 natura
733 1531 990 1580 humans:
1009 1535 1168 1594 atque
1181 1525 1692 1590 animaesuscepisse,
1707 1524 1766 1572 in
1785 1537 1894 1588 qua
1910 1535 2108 1594 passus

507 1606 597 1662 est,
620 1605 667 1652 et
687 1601 942 1667 sepultus,
965 1605 1013 1650 et
1034 1593 1331 1650 resurrexit
1360 1614 1397 1648 a
1425 1597 1671 1655 mortuis,
1691 1595 1752 1644 in
1769 1593 2108 1667 eademipsa

509 1689 672 1724 carne
721 1665 1019 1736 resurgens,
1060 1686 1177 1736 qua:
1215 1670 1454 1735 deposita
1491 1668 1670 1731 fuerat
1719 1667 1782 1716 in
1827 1665 2105 1730 sepulcro:

511 1759 635 1796 eum
651 1760 762 1810 qua
784 1760 946 1794 carne
959 1743 1125 1792 simul
1141 1749 1301 1806 atque
1320 1742 1514 1791 anima
1529 1744 1643 1806 post
1666 1737 2109 1810 resurrectionem

1774 329 2019 388 RUFINI
2072 324 2518 382 PRESBYTERI

491 463 569 517 ad
591 474 864 518 caussam
886 461 1222 516 discendam
1246 471 1308 512 se
1331 457 1407 510 ab
1428 454 1530 508 illo
1564 457 1837 528 vocatum
1871 447 2095 510 innuit;
2121 455 2182 528 Α

2201 441 2534 505 asserentis,
2567 442 2666 494 sed
2691 443 3047 506 conjecturas
3072 443 3263 498 varias
3283 444 3612 502 adduxisse
3627 448 3831 511 instar

2201 515 2556 566 disserentis.
2586 516 2830 567 Sanctus
2843 515 3174 582 Pamphilus
3189 523 3410 584 martyr
3429 519 3491 572 ln
3509 520 3830 586 Apologia,

2201 588 2311 639 hoc
2331 600 2514 639 unum
2537 587 2750 652 dogma
2771 588 3076 652 Origenem
3096 594 3252 642 certo
3268 591 3528 645 tenuisse
3546 597 3828 646 testatur:

2209 659 2383 710 Unius
2404 659 2711 709 substantias
2730 674 2916 710 omnes
2930 661 3149 711 animas
3160 667 3205 710 et
3221 661 3558 714 immortales
3572 669 3620 714 et
3644 665 3832 715 ratio-

2201 731 2350 781 nales
2365 738 2412 780 et
2430 730 2808 780 tiberiarbitrii
2823 747 2885 781 ac
2908 732 3217 784 voluntatis.
3230 734 3574 784 Judicandas
3598 752 3830 801 quoque

2202 818 2306 853 esse
2347 818 2447 867 pro
2481 803 2582 864 his,
2618 818 2736 867 quc
2763 803 2824 852 in
2865 803 2966 853 hac
3001 804 3110 852 vita
3135 810 3425 868 gesserunt,
3477 821 3584 856 esse
3627 807 3826 856 itidem

2200 874 2371 936 factas
2390 889 2425 923 a
2442 875 2567 937 Deo,
2596 875 2693 939 qui
2717 875 2971 924 universa
2999 875 3258 936 condidit,
3301 881 3350 924 et
3378 878 3598 927 creavit.
3651 877 3828 930 Idem

2203 952 2422 1011 martyr
2449 959 2551 1010 pro
2566 951 2720 997 certo
2753 947 2940 1006 habet,
2972 947 3278 1010 Origenem
3299 952 3581 1001 tractasse
3595 949 3676 1002 de
3695 951 3831 1001 ani-

2203 1020 2413 1070 mabus
2429 1021 2560 1069 ante
2575 1030 2810 1082 corpora
2825 1018 3209 1070 existentibus
3224 1031 3343 1071 non
3357 1020 3702 1083 asserendo,
3715 1022 3828 1073 sed

2203 1089 2562 1152 inquirendo,
2583 1095 2859 1153 tanquam
2882 1090 2954 1140 de
2987 1102 3046 1141 re
3070 1090 3130 1140 in
3148 1091 3545 1143 traditionibus
3567 1095 3831 1157 Aposto-

2203 1159 2327 1212 licis
2368 1174 2485 1210 non
2532 1165 2824 1221 contenta,
2860 1159 3110 1211 necdum
3142 1162 3216 1212 ab
3261 1161 3514 1214 Ecclesia
3551 1163 3824 1215 deﬁnita.

2202 1232 2466 1284 Ruﬁnus.
2493 1231 2601 1282 dici
2618 1244 2734 1282 non
2751 1236 2941 1295 potest
2960 1269 2973 1292 ,
3000 1231 3224 1283 animas
3251 1245 3527 1296 compage
3546 1235 3817 1298 corporis

2204 1303 2580 1366 antqiuiorcs,
2602 1303 2923 1354 secundum
2949 1303 3269 1364 Origenem,
3289 1304 3622 1368 credidisse,
3638 1307 3693 1357 si
3718 1319 3828 1358 nea

2205 1388 2320 1439 que
2344 1375 2514 1436 hanc,
2547 1387 2737 1438 neque
2779 1375 2955 1425 ultam
3005 1375 3176 1426 aliam
3231 1375 3302 1428 de
3337 1377 3572 1439 origene
3602 1377 3826 1430 animm

2207 1448 2555 1499 sententiam
2572 1453 2761 1498 tenere
2787 1461 2850 1497 se
2874 1446 3190 1510 proﬁtetur,
3217 1447 3314 1499 sed
3332 1448 3443 1500 hoc
3467 1461 3656 1500 unum
3674 1451 3827 1514 quod

2206 1519 2494 1580 manifesto
2533 1519 2700 1566 tradit
2733 1519 2982 1578 Ecclesia,
3028 1519 3200 1568 Deum
3243 1535 3348 1570 esse
3396 1521 3732 1571 animarum
3776 1528 3824 1571 et

2207 1606 2494 1654 corporum
2515 1591 2868 1641 conditorem.

2271 1661 2322 1715 ti.
2360 1663 2472 1720 Ait,
2517 1662 2625 1712 sibi
2649 1663 3006 1722 nunciatum,
3054 1666 3252 1714 contra
3277 1676 3338 1714 se
3360 1662 3490 1716 ideo
3509 1663 3820 1728 disputari.

2209 1736 2361 1798 quod
2390 1735 2635 1796 quaedam
2662 1734 2926 1798 Origenis,
2953 1741 3224 1796 rogatusa
3246 1734 3531 1798 fratribus,
3557 1736 3824 1786 deer

511 1805 786 1867 adscsndit
809 1815 872 1864 in
891 1814 1059 1875 ccelos,
1083 1805 1228 1864 unde
1247 1819 1292 1863 et
1316 1805 1572 1862 venturus
1587 1808 2108 1902 exspiqtalurnadiu-
2130 1828 2184 1902 B
2210 1805 2271 1888 in
2281 1805 2542 1902 'Lgt‘inum
2564 1805 2937 1902 transtulerit;
2951 1807 3154 1902 Putare
3168 1819 3230 1857 se
3243 1812 3456 1902 tamen,
3473 1807 3622 1902 qgod
3633 1822 3824 1902 quin:

511 1888 738 1946 dicium,
756 1887 929 1950 judea:
939 1888 1181 1937 vivorum
1193 1902 1255 1939 ac
1269 1891 1627 1936 mortuorum.
1648 1881 1798 1934 Nihil
1812 1881 1886 1934 ad
1909 1880 2110 1932 Catho-

513 1961 643 2016 lica
664 1960 820 2014 Fidei
835 1959 1064 2024 regulas
1079 1959 1338 2012 exactius
1361 1957 1597 2024 proferri
1620 1959 1862 2022 poterat.

578 2051 629 2107 3.
665 2050 779 2111 Ait,
806 2065 858 2100 se
879 2049 1064 2100 carnis
1094 2054 1286 2098 nostrae
1307 2047 1746 2098 resurrectionem
1777 2045 1956 2108 fateri,
1974 2044 2113 2093 inte-

514 2137 611 2190 gre
640 2127 686 2174 et
698 2123 918 2188 perfecte
947 2121 1198 2186 futuram
1235 2121 1399 2185 hujus
1421 2120 1590 2184 ipsius
1613 2117 1797 2168 carnis
1821 2122 2037 2190 nostra,
2051 2117 2110 2166 in

515 2187 630 2262 qua
643 2187 792 2245 nunc
810 2195 1062 2255 vivimus,
1074 2209 1204 2254 non,
1218 2198 1276 2242 ut
1291 2193 1518 2257 quidam
1532 2191 1964 2262 calumniantur,
1982 2187 2113 2238 alte-

513 2261 640 2318 ram
666 2281 766 2332 pro
797 2267 900 2317 hac
921 2271 1344 2316 resurrecturum
1366 2279 1418 2314 se
1447 2263 1633 2324 dicere,
1657 2263 1746 2312 sed
1771 2263 1913 2310 hanc
1935 2261 2112 2325 ipsam

515 2338 667 2390 nullo
689 2339 916 2390 omnino
955 2339 1070 2402 ejus
1092 2337 1328 2388 membro
1357 2340 1656 2400 amputato,
1681 2335 1760 2384 vel
1781 2333 1973 2398 aliqua
1995 2348 2113 2382 cor-

511 2411 665 2477 poris
699 2415 854 2477 parte
897 2411 1129 2470 desecta;
1163 2409 1254 2459 sed
1285 2409 1375 2458 cui
1417 2407 1566 2458 nihil
1611 2407 1837 2457 omnino
1865 2421 1933 2455 ea:
1960 2405 2112 2454 omni

515 2487 721 2533 natura
742 2499 844 2532 sua
871 2483 1019 2545 desit,
1045 2481 1156 2531 nisi
1174 2480 1289 2530 sola
1304 2482 1596 2546 corruptio.
1629 2480 1752 2531 Hoc
1783 2477 2113 2542 promittere

515 2554 876 2621 Apostoulm;
902 2553 1028 2606 hac
1051 2552 1161 2604 sibi
1191 2553 1262 2604 de
1277 2551 1664 2602 resurrectione
1687 2549 1892 2599 tradita
1913 2548 1980 2598 ab
2001 2550 2108 2610 his,

516 2643 554 2680 α
585 2626 779 2692 quibus
823 2631 1072 2676 sanctum
1112 2624 1378 2689 baptisma
1411 2622 1472 2672 in
1511 2621 1843 2692 Aquilejensi
1881 2621 2112 2670 Ecclesia

517 2691 912 2762 consequutus
935 2695 1138 2757 fuerat,
1161 2707 1370 2760 nempe
1393 2706 1428 2746 a
1451 2694 1658 2746 Sancto
1682 2691 1985 2745 Valeriano
2002 2705 2115 2744 me-

518 2769 800 2835 tropolita,
837 2780 874 2820 a
914 2766 1245 2829 Chromatio,
1293 2772 1350 2819 et
1396 2765 1673 2825 Eusebio,-
1738 2779 1873 2828 quae,
1927 2763 2114 2828 inquit

515 2847 646 2909 puto
677 2841 800 2906 ipsa
831 2855 953 2901 esse,
979 2855 1097 2905 qua
1124 2839 1289 2889 etiam
1319 2837 1624 2904 Apostolica
1658 2835 1812 2888 Sedes
1838 2835 2046 2886 tradere
2067 2843 2112 2886 et

517 2914 698 2965 docere
721 2914 1010 2965 consuevit.

579 2997 630 3053 4.
665 2998 736 3050 Se
751 2995 978 3049 credere
997 2993 1312 3061 proﬁtetur,
1325 2991 1598 3058 judicium
1619 2991 1892 3055 futurum,
1918 2991 1981 3040 in
2006 3005 2112 3055 quo

515 3068 885 3134 unusquisque
905 3066 1132 3132 recipiat
1150 3065 1374 3130 propria
1395 3063 1651 3128 corporis,
1664 3069 1825 3128 prout
1840 3063 1996 3126 gessit
2005 3062 2113 3113 sive

512 3141 672 3202 bona,
695 3141 802 3191 sive
812 3139 990 3200 mala;
1014 3137 1302 3189 Diabolum
1316 3137 1476 3187 etiam
1494 3136 1704 3186 aeternis
1719 3135 1937 3200 ignibus
1951 3151 2114 3184 man-

513 3212 832 3278 cipandam,
856 3210 1082 3275 hocque
1116 3210 1165 3261 si
1195 3209 1325 3273 quis
1375 3213 1570 3273 negat,
1593 3211 1803 3272 partem
1839 3221 1964 3257 cum
1995 3207 2112 3272 ipso

513 3282 698 3335 cterni
720 3283 865 3348 ignis
892 3283 1142 3347 accipiat,
1173 3286 1231 3331 ut
1252 3281 1444 3331 sentiat
1467 3280 1613 3344 quod
1636 3279 1868 3344 negavit.

579 3371 630 3428 5.
653 3371 801 3424 Hinc
821 3371 1026 3424 transit
1048 3370 1120 3423 ad
1137 3360 1522 3434 quaestionem
1536 3369 1609 3422 de
1623 3368 1832 3428 anima,
1855 3367 1927 3420 de
1943 3368 2111 3432 cujus

513 3443 732 3508 origine
756 3454 933 3506 quum
963 3441 1222 3494 nondum
1238 3441 1549 3504 quicquam
1567 3439 1868 3492 deﬁnitum
1883 3438 2113 3490 habere-

514 3520 624 3571 tur.
677 3515 776 3578 ait,
821 3526 882 3566 se
918 3512 1549 3578 exspectarejudicium
1571 3511 1896 3563 Pontiﬁcis:
1921 3511 2107 3570 audio,

511 3585 716 3652 inquit,
745 3589 792 3636 et
813 3586 876 3634 de
899 3585 1094 3634 anima
1114 3583 1425 3648 quaestiones
1441 3597 1544 3632 esse
1567 3588 1858 3633 commotas
1884 3595 1897 3631 :
1916 3581 1978 3631 de
2002 3597 2110 3645 qua

511 3673 569 3710 re
583 3664 770 3708 utrum
782 3657 950 3721 recipi
968 3655 1147 3706 debeat
1170 3656 1534 3720 querimonia,
1559 3660 1654 3703 aut
1669 3653 1852 3718 abjici,
1878 3668 1967 3702 vos
1980 3668 2111 3717 pro-

513 3730 644 3780 bate.
670 3727 837 3794 Apud
855 3727 1308 3792 quamplurimas
1325 3725 1759 3778 Ecclesiasticos
1777 3727 2111 3778 tractatores

513 3801 612 3863 ait,
635 3813 697 3853 se
716 3802 779 3850 de
797 3801 899 3850 hac
913 3799 1201 3864 quastione
1233 3799 1445 3848 diversa
1478 3797 1709 3862 legisse,
1739 3809 1872 3861 quae
1895 3796 1968 3848 ad
1994 3801 2111 3849 tres

511 3873 747 3928 omnino
763 3871 1078 3924 sententias
1096 3870 1318 3934 redigit.
1339 3872 1380 3922 Ι.
1405 3869 1716 3932 Quosdam,
1742 3885 1840 3934 per
1875 3869 2112 3918 humani

509 3945 732 3996 seminis
743 3944 1018 3994 traducem
1029 3943 1280 3992 animam
1293 3941 1402 4007 di/f
1399 3942 1536 3992 undi
1547 3939 2109 4003 amrmare.II.Alios,

510 4029 546 4070 a
576 4017 694 4070 Deo
725 4016 932 4069 cotidie
957 4014 1153 4078 creari,
1175 4019 1233 4066 et
1253 4015 1506 4079 formatis
1531 4013 1592 4064 in
1627 4018 1776 4063 utero
1799 4013 2111 4078 corporibus

510 4089 756 4152 infundi.
797 4087 884 4139 III.
921 4087 1079 4140 Alios
1109 4087 1379 4152 denique,
1423 4088 1595 4151 factas
1615 4086 1739 4150 jam.
1783 4085 1914 4135 olim
1938 4099 2110 4149 quum

510 4161 700 4210 omnia
716 4159 853 4210 Deus
875 4160 1072 4208 creavit
1089 4173 1158 4208 ex
1171 4159 1369 4222 nihilo,
1389 4160 1446 4210 et
1467 4158 1673 4210 cotidie
1695 4158 1756 4208 in
1779 4157 2110 4221 corporibus

511 4230 850 4296 dispensari.
874 4231 996 4281 Hoc
1019 4233 1377 4294 postremum
1405 4228 1485 4281 ait
1507 4229 1764 4280 sensisse
1784 4229 2107 4292 Origenem,

510 4307 570 4355 et
596 4301 904 4355 nonnullos
919 4300 1063 4354 alios
1079 4303 1426 4353 Graacorum.
1444 4301 1526 4352 De
1551 4312 1614 4352 se
1636 4303 1832 4352 autem
1855 4300 1937 4352 ita
1970 4301 2108 4351 sub-

505 4375 698 4442 jungit
722 4374 869 4440 :Ego
885 4388 1005 4424 vero
1025 4387 1197 4439 quum
1223 4373 1329 4422 haec
1351 4371 1570 4437 singula
1588 4371 1823 4436 legerim,
1840 4372 1946 4422 Deo
1971 4377 2107 4434 teste,

509 4454 628 4507 dico
651 4455 784 4521 quia
807 4453 1061 4520 usquead
1083 4468 1315 4520 praesens
1331 4452 1457 4502 certi
1480 4451 1558 4502 vel
1581 4451 1790 4514 deﬁniti
1805 4451 2020 4517 aliquid
2048 4453 2110 4502 de

511 4527 616 4578 hac
650 4526 936 4592 quastione
964 4541 1077 4576 non
1101 4530 1267 4586 teneo;
1301 4524 1392 4574 sed
1413 4523 1520 4575 Deo
1538 4523 1788 4590 relinquo
1817 4525 1952 4574 scire
1975 4524 2109 4589 quid

509 4597 580 4648 sit
612 4598 674 4648 in
711 4613 851 4660 vero,
888 4604 934 4648 et
972 4599 1021 4649 si
1061 4598 1151 4648 cui
1194 4597 1306 4661 ipse
1341 4597 1573 4648 revelare
1613 4596 1948 4662 dignabitur.
1995 4596 2109 4661 Ego

511 4675 693 4720 tamen
737 4637 851 4720 haec,
884 4669 1106 4734 singula
1126 4673 1172 4720 et
1195 4637 1375 4734 lggisse
1415 4684 1500 4718 me
1541 4684 1655 4718 non
1672 4637 1833 4733 ‘nego,
1859 4673 1905 4719 et
1930 4637 2112 4718 adhuc
2130 4637 2184 4707 D

511 4741 769 4806 ignorare
809 4743 1064 4805 conﬁteor
1100 4746 1291 4807 praeter
1322 4741 1420 4792 hoc
1454 4741 1599 4806 quod
1621 4740 1903 4803 manifeste
1939 4740 2106 4790 tradit

509 4812 763 4877 Ecclesia,
785 4813 958 4863 Deum
985 4826 1089 4863 esse
1113 4813 1439 4862 animarum
1462 4818 1509 4862 et
1542 4828 1831 4878 corporum
1866 4813 2108 4863 condito-

511 4899 645 4935 rem.
669 4885 754 4937 Ex
779 4885 870 4936 his
889 4889 1065 4950 patet,
1088 4883 1230 4936 nulli
1254 4896 1326 4936 ex
1351 4885 1533 4937 tribus
1557 4886 1858 4939 sententiis
1894 4885 1968 4938 de
1997 4884 2110 4936 ori-

510 4954 646 5022 gine
666 4955 877 5009 animm
894 4955 1159 5022 superius
1177 4955 1442 5009 adductis
1475 4958 1752 5022 Rufinum,
1779 4957 2104 5020 inhaesisse,

507 5029 777 5094 quamvis
791 5035 920 5093 ejus
935 5028 1445 5094 prmexistentlam,
1460 5043 1531 5081 ex
1547 5030 1812 5094 Origenis,
1829 5034 1981 5082 certe
1991 5043 2106 5082 non

509 5113 640 5164 sua,
661 5100 928 5166 opinione
949 5100 1260 5166 protulerit.
1279 5103 1394 5154 Nec
1411 5101 1601 5153 solum
1626 5103 1908 5164 Rufinum,
1934 5103 2032 5152 sed
2051 5108 2107 5154 et

505 5171 650 5225 alios
687 5171 842 5225 viros
870 5171 1130 5224 doctrina
1165 5177 1223 5224 et
1269 5173 1572 5224 sanctitate
1608 5174 1878 5238 probatos
1903 5175 1962 5224 in
1997 5173 2106 5224 hac

504 5242 863 5297 dubitatione
881 5255 983 5310 per
1001 5244 1162 5309 plura
1181 5245 1393 5298 smeula
1418 5245 1617 5306 fuisse,
1639 5247 1814 5296 ubere
1829 5245 2104 5297 doctrinm

505 5319 783 5382 apparatu
809 5315 980 5369 docet
997 5316 1315 5368 Cardinalis
1334 5317 1598 5368 Norisius
1621 5317 1681 5368 in
1700 5315 1978 5368 Vindiciis
1997 5318 2106 5368 Au-

503 5387 850 5452 gustinianis
894 5399 1018 5453 cap.
1057 5389 1152 5449 IV,
1177 5387 1212 5453 ἕ
1233 5386 1284 5442 3.
1311 5389 1516 5439 Petrus
1541 5387 1859 5439 Iiatloixius
1883 5388 1942 5438 in
1979 5387 2102 5438 Uri-

501 5459 897 5523 genisdefensl
911 5459 1008 5512 lib.
1035 5460 1129 5512 IV.
1151 5464 1360 5524 quast.
1379 5460 1475 5510 iV.
1494 5472 1625 5524 pag.
1643 5455 1766 5512 ‘281.
1798 5458 1954 5510 aliud
1971 5471 2102 5510 esse

500 5529 599 5592 ait,
627 5531 849 5596 opinari
868 5531 940 5583 de
968 5531 1142 5584 rebus
1158 5530 1351 5584 dubiis
1385 5535 1446 5582 et
1477 5530 1732 5594 incertis;
1765 5530 1922 5583 aliud
1953 5530 2102 5595 illas,

501 5603 570 5666 ut
588 5615 752 5666 veras
775 5607 835 5654 et
873 5609 1080 5666 certas,
1120 5603 1382 5666 proferre;
1411 5602 1567 5666 aliud
1599 5602 1736 5653 item
1759 5602 2104 5666 quaestionis

499 5662 746 5727 alicujus
761 5662 1106 5718 ventilanda:
1118 5662 1326 5717 caussa
1340 5662 1528 5716 varias
1540 5665 1598 5716 in
1613 5662 1864 5716 medium
1877 5670 2102 5718 senten-

499 5733 613 5786 tias
633 5733 934 5788 adducere.
955 5735 1042 5787 Ad
1065 5737 1190 5788 hanc
1205 5735 1359 5788 aliud
1374 5749 1548 5788 unam
1565 5735 1818 5800 aliquam
1835 5738 1908 5788 ab
1923 5737 2103 5789 eccle-

501 5804 588 5858 sia
610 5818 730 5859 non
753 5807 1053 5872 probatam
1071 5819 1180 5860 nec
1213 5807 1507 5860 deﬁnitam
1533 5820 1869 5873 proponere,
1909 5809 2104 5874 illique

500 5876 816 5948 adhmrere.
845 5879 1048 5944 Itaque
1062 5882 1264 5931 auctor
1296 5877 1406 5931 iste
1447 5879 1772 5940 contendit,
1799 5881 2102 5948 Origenem

509 5947 583 6003 de
637 5949 945 6004 animabus
988 5949 1214 6004 nullum
1250 5949 1462 6014 dogma
1507 5947 1918 6018 constituisse,
1940 5966 2101 6008 more

2212 1877 2532 1938 intelligant,
2574 1877 2680 1926 haec
2721 1893 2821 1942 pro
2861 1877 2970 1926 solo
3015 1877 3178 1927 livore
3208 1878 3440 1942 culpari.
3503 1879 3561 1931 Si
3599 1877 3822 1942 aliquid

2211 1949 2474 2012 displicet
2504 1949 2561 2000 in
2601 1954 2853 2010 auctore,
2888 1949 2947 2000 id
2983 1949 3043 2000 in
3066 1949 3436 2014 interpretem
3464 1963 3588 2002 non
3623 1949 3825 2002 detor-

2210 2020 2523 2086 quendum;
2541 2035 2600 2072 se
2613 2021 2670 2072 in
2681 2021 2893 2073 Graecis
2911 2022 3179 2072 sensibus
3205 2025 3377 2074 verba
3392 2022 3573 2074 latina
3587 2021 3824 2074 dedisse

2211 2093 2630 2145 tantummodo.
2643 2093 2771 2144 Sive
2783 2105 2918 2156 ergo
2933 2092 3044 2143 illis
3059 2094 3328 2144 sensibus
3340 2092 3488 2156 laus,
3508 2093 3636 2144 sive
3649 2094 3823 2158 culpa

2210 2163 2380 2225 inest,
2405 2166 2673 2216 neutrum
2695 2165 2802 2215 sibi
2827 2164 3250 2228 imputandum.
3272 2165 3416 2225 Quin
3439 2165 3626 2216 immo
3645 2165 3820 2216 etiam

2209 2236 2348 2288 illud
2377 2237 2438 2287 in
2452 2236 2888 2301 prmfatiuncula
2900 2249 2963 2288 se
2979 2236 3274 2297 adjecisse,
3295 2241 3360 2288 ut
3376 2235 3699 2300 aliquando
3724 2235 3822 2287 de-

2210 2308 2456 2371 cideret,
2507 2321 2640 2373 quae
2690 2321 2805 2360 non
2849 2309 2924 2361 ab
2975 2309 3220 2372 Origene
3248 2308 3429 2372 dicta,
3473 2307 3578 2360 sed
3595 2308 3822 2360 abaliis

2209 2379 2542 2432 viderentur
2555 2380 2790 2442 inserta,
2817 2384 3117 2444 propterea
3137 2380 3292 2443 quod
3313 2379 3383 2432 de
3405 2379 3621 2432 iisdem
3645 2381 3823 2433 rebus

2210 2451 2345 2504 alibi
2361 2451 2647 2504 catholica
2668 2454 2726 2504 et
2741 2451 3026 2504 contraria
3048 2451 3309 2504 dixisset.

2275 2529 2321 2574 7.
2358 2527 2544 2588 Rogat
2575 2526 2878 2576 Summum
2894 2525 3250 2587 Pontiﬁcem,
3283 2537 3354 2576 ne
3382 2523 3743 2576 factionibus
3767 2529 3824 2577 et

2212 2597 2534 2658 calumniis,
2581 2597 2633 2648 ei
2676 2597 2749 2648 ob
2785 2596 2893 2647 hoc
2917 2596 3166 2661 patiatur
3203 2595 3481 2648 invidiam
3529 2597 3819 2648 conflari:

2213 2668 2382 2726 Quod,
2399 2668 2600 2731 inquit,
2624 2669 2684 2717 in
2709 2668 2940 2717 Ecclesia
2958 2668 3052 2717 Dei
3075 2668 3195 2731 fieri
3219 2683 3330 2718 non
3361 2668 3492 2717 licet.
3537 2668 3642 2717 Ubi
3670 2668 3820 2717 enim

2210 2740 2528 2805 simplicitas
2569 2746 2682 2790 tuta
2726 2740 3290 2804 eritetinnocentia,si
3307 2741 3395 2789 hic
3431 2755 3546 2788 non
3577 2740 3822 2792 erit?Se

2211 2824 2396 2875 neque
2419 2811 2676 2875 Origcnls
2701 2811 3083 2873 defensorem,
3105 2824 3291 2876 neque
3313 2816 3690 2873 assertorem,
3719 2824 3822 2863 ηεξ

2213 2894 2322 2946 que
2347 2883 2593 2946 primum
2617 2882 2981 2946 interpretem
3005 2895 3134 2934 esse
3160 2882 3481 2946 subjungit;
3502 2880 3654 2934 alios
3678 2885 3821 2934 ante

2213 2967 2275 3005 se
2295 2955 2350 3005 id
2376 2953 2733 3018 praestitisse,
2768 2953 2922 3018 quod
2956 2954 3078 3018 ipse
3103 2959 3429 3018 postremus
3453 2953 3826 3018 prmstiterat

2212 3031 2430 3088 rogatus
2473 3041 2506 3073 α
2541 3024 2820 3087 fratribus.
2857 3025 2914 3078 Si
2938 3025 3174 3088 jubetur
3215 3037 3288 3076 ne
3331 3025 3448 3084 ﬁat,
3475 3024 3824 3088 jussionem

2215 3097 2504 3147 observari
2523 3097 2731 3148 debere
2745 3095 3139 3160 imposterum.
3162 3097 3219 3148 Si
3238 3096 3543 3161 culpantur
3558 3095 3662 3158 qui
3677 3101 3824 3148 ante

2214 3168 2484 3230 fecerunt,
2509 3167 2709 3219 debere
2729 3167 2955 3232 culpam
2977 3180 3013 3220 a
3034 3167 3233 3233 primis
3269 3167 3536 3232 incipere.
3563 3167 3824 3220 Demum

2141 3258 2189 3329 c
2213 3239 3016 3329 991989_°99919s1}t3Fr3
3041 3238 3203 3329 ξηξξξι
3223 3237 3824 3329 aestuasse}:

2213 3326 2380 3374 quam
2402 3325 2571 3374 supra
2599 3311 2842 3375 exposui,
2857 3311 2915 3360 id
2939 3317 3009 3360 est
3031 3325 3199 3374 quam
3227 3311 3480 3360 Romana
3500 3309 3750 3360 Ecclesia
3775 3315 3825 3361 el

2212 3381 2594 3430 Alexandrina
2637 3381 2683 3430 el
2712 3381 3071 3446 Aquilejensis
3111 3391 3347 3434 nosm
3391 3386 3539 3442 tenet,
3587 3395 3825 3446 quoque

2213 3453 2600 3516 Hierosolymis
2617 3455 2963 3518 praedicatur,
2987 3453 3159 3503 aliam
3183 3469 3277 3504 nec
3303 3451 3470 3504 habui
3486 3467 3749 3517 unquam
3763 3453 3824 3502 in

2211 3525 2312 3573 isto
2361 3525 2580 3574 homine
2620 3525 2900 3590 (Origene)
2945 3540 3038 3574 nec
3080 3525 3264 3587 habeo,
3289 3539 3386 3575 nec
3424 3523 3662 3574 habebo:
3693 3530 3744 3574 et
3775 3525 3823 3574 si

2211 3597 2334 3661 quis
2374 3596 2536 3646 aliter
2575 3597 2758 3658 credit,
2787 3599 3012 3660 quisque
3031 3596 3119 3647 ille
3139 3602 3227 3659 est,
3253 3597 3548 3647 anathensa
3568 3596 3659 3646 sit.
3685 3596 3824 3646 Red-

2212 3667 2335 3717 dent
2362 3672 2542 3717 autem
2565 3668 2625 3717 in
2652 3669 2737 3718 die
2760 3669 2953 3732 iudicii
2969 3668 3237 3718 rationem
3259 3669 3334 3731 hs,
3361 3667 3458 3733 qui
3481 3665 3822 3733 offendicula

2209 3744 2256 3789 et
2278 3740 2631 3789 dissensiones
2653 3745 2698 3789 et
2727 3740 2987 3789 scandala
3014 3739 3280 3802 fratribus
3301 3746 3518 3806 propter
3540 3739 3820 3789 invidiam

2209 3811 2379 3860 solam
2409 3818 2665 3875 generant
2688 3819 2732 3860 et
2758 3813 2994 3862 livorem.
3033 3813 3229 3865 Fidem
3262 3811 3529 3866 Ecclesia:
3559 3811 3820 3864 Alexan-

2211 3883 2393 3935 drinae
2407 3889 2538 3946 post
2551 3886 2868 3936 Romanam
2880 3897 3044 3935 recen
3052 3884 3300 3948 set,quia
3312 3884 3587 3937 sexennio
3598 3883 3820 3935 ibidem

2211 3955 2448 4014 vixerat,
2474 3961 2534 4007 et
2553 3956 2689 4019 quia
2714 3956 2983 4009 Ecclesiae
3006 3955 3412 4008 Alexandrinas
3445 3961 3578 4022 post
3598 3957 3821 4008 Roma-

2209 4039 2344 4080 nam
2355 4028 2510 4092 apud
2523 4041 2694 4080 omne
2704 4041 2900 4080 aevum
2921 4029 3077 4093 prius
3096 4032 3254 4080 tanta
3277 4027 3386 4080 fuit
3401 4027 3740 4089 auctoritas,
3754 4032 3820 4079 ut

2211 4099 2532 4150 Occidentis
2545 4099 2794 4150 Ecclesia
2805 4101 3268 4152 communionem
3291 4100 3444 4152 illius
3468 4099 3714 4151 maximi
3736 4099 3819 4150 fe—

2210 4172 2365 4229 cerit,
2404 4171 2970 4235 consuetudinesque
3024 4171 3358 4233 servaverit,
3417 4181 3485 4223 ut
3527 4183 3602 4222 ex
3649 4171 3817 4222 Actis

2210 4241 2442 4294 Concilii
2457 4241 2855 4305 Aquileiensis,
2885 4246 2948 4294 A.
2979 4244 3045 4294 D.
3075 4242 3198 4297 38-1.
3224 4243 3510 4302 celebrati,
3552 4242 3818 4294 ostendit

2210 4314 2422 4378 Caspar
2445 4313 2713 4366 Barthius
2735 4314 2796 4365 in
2807 4314 2958 4366 notis
2973 4313 3046 4366 ad
3064 4314 3396 4366 Zachariam
3422 4313 3814 4378 Mitylenaeum

2210 4397 2338 4449 pag.
2401 4382 2527 4439 294.
2573 4386 2960 4450 Hieronymus
3015 4387 3073 4438 in
3119 4387 3362 4451 epistola
3415 4387 3608 4437 LVIII.
3665 4385 3811 4438 alias

2210 4457 2440 4508 LXVIII
2477 4458 2656 4520 (Nunc
2689 4459 2903 4522 LXIII).
2930 4457 3002 4510 ad
3037 4458 3418 4522 Theophilum
3439 4457 3666 4510 scribit:
3702 4459 3814 4508 Ro-

2209 4543 2438 4578 manam
2483 4530 2668 4579 Fidem
2700 4529 3002 4594 Apostolico
3026 4545 3114 4580 ore
3135 4529 3436 4588 laudatam,
3459 4529 3617 4594 cujus
3634 4543 3690 4579 se
3711 4545 3813 4580 esse

2205 4600 2527 4664 participem
2550 4601 2933 4650 Alexandrina
2956 4601 3191 4650 Ecclesia
3219 4600 3505 4665 gloriatur.
3547 4600 3814 4654 Gelasius

2207 4671 2461 4734 pontifex
2489 4672 2548 4724 in
2581 4671 2823 4737 epistola
2837 4672 3122 4733 decretali,
3147 4685 3322 4736 quam
3358 4685 3468 4724 nos
3500 4671 3812 4737 aliquando

2208 4742 2578 4804 sincéram,et
2599 4745 2672 4795 ab
2686 4743 3221 4808 interpolationibus
3243 4755 3484 4796 vacuam
3500 4742 3808 4805 edidimus,

2207 4812 2278 4865 de
2293 4813 2490 4866 eadem
2530 4813 2780 4867 Ecclesia
2803 4815 2886 4867 sic
2905 4815 3109 4867 statuit
3132 4835 3144 4863 :
3169 4815 3417 4866 Secunda
3440 4821 3626 4865 autem
3647 4817 3808 4875 sedes,

2204 4885 2357 4950 apud
2391 4884 2805 4944 Alexandriam,
2833 4885 2968 4935 beati
2994 4886 3141 4936 Petri
3163 4886 3385 4936 nomine
3408 4901 3445 4934 a
3475 4886 3662 4938 Marco
3697 4887 3812 4952 ejus

2205 4955 2316 5005 disc
2323 4956 2488 5020 ipulo,
2497 4957 2857 5017 b‘vangelista,
2870 4962 3176 5008 consecrata
3187 4963 3276 5009 est.
3293 4958 3422 5008 iiuc
3433 4957 3603 5023 plane
3614 4957 3812 5011 allusit

2205 5028 2412 5078 Encas
2436 5028 2770 5080 Porisir'nsis
2787 5029 2953 5081 initio
2969 5029 3096 5080 libri
3125 5033 3327 5081 contra
3345 5041 3564 5081 errores
3587 5030 3808 5082 Graeco-

2206 5111 2333 5150 rum
2345 5098 2493 5161 apud
2503 5100 2843 5152 Dachcrimn
2857 5100 2916 5151 in
2930 5101 3229 5165 Spicilegio
3243 5101 3642 5165 tomoVil.quae
3650 5102 3806 5151 sedes‘

2205 5170 2364 5234 inqui
2373 5175 2492 5226 t,sec
2501 5172 2646 5220 unda
2659 5178 2729 5221 est
2739 5189 2774 5222 a
2787 5173 2875 5236 pri
2881 5174 3305 5234 maRomana,ul
3317 5189 3416 5222 can
3423 5187 3532 5222 onu
3541 5187 3594 5222 m
3607 5177 3806 5222 statuta

2205 5242 2512 5291 decernunt.
2555 5244 2692 5295 Iimc
2723 5259 2998 5292 canonum
3029 5250 3232 5293 statuta
3269 5243 3379 5296 alia
3393 5256 3514 5296 non
3551 5250 3696 5296 sunt
3739 5245 3809 5296 ab

2205 5313 2447 5377 epistola
2476 5314 2674 5363 Getasii
2712 5315 3022 5370 Pontiﬁcis.
3048 5317 3281 5377 Rufinus
3319 5317 3451 5380 post
3491 5314 3808 5369 Ecclesiam

2203 5385 2645 5435 Alexandrinam
2671 5391 2953 5439 memorat
2992 5387 3410 5451 Aquitejensem,
3437 5386 3500 5438 in
3527 5399 3651 5451 qua
3673 5393 3806 5440 tunc

2203 5455 2466 5520 degebat,
2491 5461 2549 5508 et
2564 5457 2662 5508 ubi
2692 5457 2827 5509 olim
2843 5457 3048 5509 Christi
3076 5457 3248 5511 ﬁdem
3265 5463 3580 5522 acceperat;
3601 5459 3807 5510 ultimo

2203 5527 2466 5592 degebat,
2491 5533 2548 5579 et
2570 5529 2668 5580 ubi
2687 5527 2822 5580 olim
2839 5529 3047 5581 Christi
3070 5529 3246 5582 ﬁdem
3260 5534 3578 5594 acceperat;
3601 5529 3806 5582 ultimo

2208 5599 2475 5650 veroloco
2502 5599 3071 5664 Ilierosolymitanam,
3091 5601 3189 5651 ubi
3206 5601 3304 5652 diu
3325 5605 3604 5659 moratus,
3637 5606 3698 5652 et
3734 5599 3804 5652 ad

2202 5670 2442 5733 gradum
2459 5672 2777 5735 presbyteri
2789 5677 3028 5723 evectus
3044 5672 3244 5724 fuerat.
3270 5673 3582 5735 Utramque
3597 5672 3804 5737 Apolo-

2201 5740 2354 5802 giam
2391 5742 2618 5806 scripsit
2649 5743 2808 5805 Ruﬁn
2821 5758 2881 5792 us
2902 5745 2968 5794 Α.
2997 5745 3058 5795 D.
3080 5743 3202 5798 400.
3235 5743 3622 5807 Hieronymus
3654 5745 3803 5794 enim

2201 5812 2298 5864 lib.
2317 5814 2355 5864 Ι.
2378 5825 2503 5866 sua;
2525 5815 2838 5880 Apologia),
2863 5815 3062 5867 eodem
3077 5827 3230 5866 anno
3255 5814 3506 5878 scriptas,
3532 5827 3665 5880 pag.
3681 5813 3801 5870 377.

2201 5884 2328 5937 haec
2341 5885 2540 5938 habet:
2563 5886 2885 5951 Compnlsus
2895 5901 3014 5935 sum
3031 5893 3156 5936 ante
3168 5897 3464 5940 BIBNNIUM
3476 5886 3620 5937 brevi
3633 5885 3802 5937 libello

2203 5956 2311 6006 tuis
2329 5961 2518 6007 contra
2536 5972 2619 6010 me
2629 5959 2914 6024 praeconiis
2928 5958 3262 6014 rumnflerc.
3278 5959 3450 6016 Hunc
3467 5957 3707 6013 libellum
3728 5957 3796 6010 ad
