3894 6430
124 372 235 433 153

1435 386 1613 442 νιΤΑ
1640 387 1777 445 LIB.
1808 389 1878 443 II.
1914 389 2069 444 CAP.
2100 391 2171 444 ν.

3323 394 3429 456 ιδι

124 488 576 583 Ξξιξξξξὶθιξξίξιξξ-
584 494 899 583 ξξπὶρξὶξᾼς
1013 498 1230 583 39ξηωἒ
1244 512 1415 583 supra
1426 506 1721 583 monstra-
1742 507 1799 583 Α
1817 505 2092 560 vocat.De
2106 503 2278 583 priori
2293 483 2402 583 sila
2411 505 2652 583 epistola
2662 507 3170 583 adPammachium
3179 510 3420 565 etOcea-

124 560 481 642 vimus._Has
500 560 998 642 dua_s__Apologias
1022 570 1269 625 subinde
1300 560 1401 624 im
1426 574 1639 642 libellos,
1664 581 1723 630 et

123 633 236 683 tria
260 633 546 686 volumina
566 637 640 690 ab
657 637 1002 704 Hieronymo
1020 642 1134 695 dici
1162 646 1473 712 apparebit.

121 813 165 866 I.
201 812 391 867 Ruﬁni
416 816 1018 893 utriusqueAApologia
1057 824 1324 889 synopsis,
1346 825 1421 875 ad
1456 825 1725 893 Hierony-

184 886 602 962 mummittitur.
614 890 683 962 ll.
704 890 809 948 Qui
827 893 1011 941 statim
1027 894 1101 943 ad
1115 886 1409 961 utramque
1423 886 1719 962 respondét.

183 956 572 1033 III._Apo_logia
598 960 949 1025 Origeniana,
976 980 1145 1029 quam
1167 956 1537 1033 Hieronymus
1552 970 1724 1020 Pam-

178 1027 335 1093 philo
367 1029 660 1095 abjudicat,
688 1033 816 1083 huic
842 1027 1076 1098 martyri
1093 1027 1423 1092 vindicatur.
1448 1042 1540 1093 IV.
1567 1043 1723 1101 Qua-

184 1116 319 1178 nam
342 1101 671 1178 Pamphilus
684 1106 969 1178 scripserit.
997 1110 1063 1159 V.
1090 1109 1415 1175 Conjecturae
1437 1113 1511 1162 ad
1532 1114 1572 1162 Α
1578 1113 1724 1178 polo‘

181 1172 337 1237 giam
370 1173 666 1240 Pamphilo
695 1176 1124 1242 abjudicandam
1156 1172 1401 1233 cacussa.
1444 1186 1538 1236 VI.
1578 1172 1721 1237 ’Βεε-

178 1244 376 1317 pensio
414 1245 737 1311 Hieronymi
758 1249 832 1297 ad
852 1253 1215 1302 accusationes
1254 1256 1460 1317 Rufini.
1487 1257 1607 1308 VII.
1637 1258 1724 1307 Ad

183 1314 325 1393 alias
345 1317 923 1393 Ruﬁniaccusationes
940 1323 1266 1390 Hieronymi
1281 1314 1554 1393 responsa.
1572 1331 1719 1381 VIII.

181 1388 455 1470 Refutatio
497 1389 824 1457 Hieronymi
858 1393 1133 1460 Apologia
1154 1388 1463 1461 Ruﬁni—ad
1484 1401 1723 1451 Anasta-

180 1475 330 1511 sium
346 1475 571 1527 papam.

182 1581 223 1632 Ι.
246 1576 495 1631 Rufinus
523 1579 827 1645 utramque
842 1581 1182 1648 Apologiam
1212 1597 1379 1637 suam
1401 1598 1532 1639 cum
1544 1591 1723 1641 amicis

117 1650 399 1704 Romanis
422 1652 885 1718 communicavit,
905 1656 1019 1719 qui,
1035 1657 1353 1709 secundum
1376 1662 1579 1711 votum
1597 1674 1725 1716 auo-

117 1722 293 1796 toris,‘
314 1735 412 1775 eas
441 1735 809 1796 nequaquam
826 1725 886 1778 in
903 1727 1112 1792 vulgus
1131 1735 1485 1794 sparserunt:
1508 1732 1609 1784 sed
1624 1747 1725 1796 per

1823 589 1968 630 num
2010 577 2240 643 scripta,
2280 578 2363 630 sic
2386 577 2679 643 loquitur:
2709 578 2877 630 Teneo
2912 581 3163 646 epistolas
3203 587 3420 646 vestras,

1824 649 2018 714 quibus
2040 656 2346 700 accusatum
2391 665 2476 699 me
2497 649 2729 700 scribitis
2751 666 2871 714 esse,
2897 657 2944 702 et
2977 663 3341 718 HORTAMINI,
3366 660 3426 706 ut

1823 721 2175 786 respondeam
2198 721 2536 784 criminanti,
2562 737 2629 772 ne
2648 723 2698 773 si
2713 724 2992 787 tacuerim,
3010 725 3196 775 videar
3218 727 3424 778 crimen

1822 794 2208 857 agnoscere.Ex
2220 793 2310 844 his
2322 793 2782 858 colligimus,non
2794 797 3422 859 unumPammachium,

1825 863 1927 916 sed
1952 864 2262 913 Marcellam
2287 876 2517 929 quoque
2553 866 2905 931 Hieronymo
2939 867 3011 919 ad
3052 868 3423 922 scribendum

1823 940 2023 987 contra
2032 937 2297 998 Ruﬁnum
2310 935 2573 987 stimulos
2583 937 2894 997 addidisse,
2907 943 3117 1003 prater
3127 941 3424 992 Oceanum

1823 1009 1993 1070 cujus
2008 1020 2220 1059 nomen
2232 1008 2480 1070 quanvis
2512 1010 2851 1074 exprimitur
2864 1010 2922 1061 in
2935 1011 3282 1063 Pammachii
3309 1011 3425 1077 epi-

1825 1079 1967 1133 stola
1988 1079 2062 1131 ad
2086 1080 2523 1145 Hieronymum,
2563 1081 2657 1132 hic
2694 1085 2885 1133 tamen
2904 1082 2966 1133 in
2982 1083 3103 1134 suis
3126 1084 3422 1148 responsis

1822 1164 2123 1217 nunquam
2136 1163 2271 1203 eum
2286 1153 2583 1215 memorat,
2598 1165 2703 1205 nec
2727 1154 2958 1215 Ruﬁnus
2971 1153 3064 1206 vel
3086 1154 3291 1208 leviter
3301 1156 3424 1219 qui-

1823 1224 1955 1277 dem
1972 1224 2173 1289 tangit,
2186 1224 2357 1289 cujus
2367 1223 2447 1276 rei
2465 1236 2671 1275 caussa
2685 1238 2795 1277 nos
2810 1225 2977 1289 fugit.
3010 1226 3201 1288 Addit,
3222 1240 3284 1279 se
3303 1229 3424 1291 jam

1822 1296 2216 1361 respondisse,
2256 1299 2313 1347 et
2348 1296 2596 1360 quanvis
2635 1297 2861 1360 Iasum,
2906 1298 2989 1349 sic
3009 1298 3274 1350 amicitia
3294 1299 3425 1362 jura

1823 1380 2106 1429 servasse,
2124 1371 2191 1419 ut
2213 1379 2275 1420 se
2300 1366 2763 1420 sineaccusantis
2777 1369 3146 1421 accusatione
3161 1368 3426 1423 defende-

1821 1441 1927 1503 ret,
1945 1439 2217 1504 quodque
2242 1454 2387 1488 unus
2400 1440 2575 1490 Romae
2589 1440 2797 1490 amicus
2825 1440 3106 1503 (Ruﬁnus)
3147 1441 3421 1506 objecerat,

1823 1527 1860 1560 a
1882 1510 2067 1560 multis
2088 1510 2149 1560 in
2175 1515 2276 1560 toto
2297 1510 2419 1560 orbe
2452 1512 2696 1561 inimicis
2726 1511 2940 1564 diceret
2970 1513 3318 1577 jactitatum,
3349 1526 3424 1566 ne

1822 1582 2043 1636 homini
2079 1582 2181 1634 sed
2205 1582 2540 1634 criminibus
2571 1583 2917 1648 respondere
2941 1583 3249 1645 videretur,
3272 1598 3425 1637 nun-

1823 1667 1998 1719 quam
2021 1654 2175 1706 enim
2195 1654 2536 1705 nominatim
2552 1655 2833 1719 expressit
2864 1654 3153 1717 Rufinum,
3181 1655 3284 1707 sed
3309 1658 3426 1708 tan~

1826 1725 2083 1790 quamde
2108 1724 2389 1789 pluribus,
2416 1725 2699 1789 loquutus
2724 1731 2830 1778 est.
2857 1725 2985 1777 Alia
3012 1726 3250 1791 insuper
3283 1739 3424 1779 con-

115 1794 370 1861 angulos,
389 1796 454 1847 ut
479 1795 559 1846 ait
581 1795 982 1861 Hieronymus,
1010 1789 1139 1850 suis
1161 1789 1389 1853 tantum
1409 1789 1721 1857 audiendas

1827 1789 1992 1863 gerit,
2016 1802 2081 1849 ut
2104 1797 2297 1849 Ruﬁni
2316 1796 2518 1849 laudes
2542 1798 2650 1849 sibi
2658 1799 2787 1863 jure
2808 1802 3109 1862 suspectas
3126 1789 3301 1851 fuisse
3324 1799 3424 1851 de-

114 1867 507 1941 ingesserunt.
535 1867 919 1934 Hieronymus
947 1870 1109 1923 initio
1124 1871 1251 1923 libri
1275 1875 1315 1923 Ι.
1342 1875 1637 1941 Apologia
1664 1877 1724 1930 id

118 1939 341 1992 factum
353 1939 452 2004 ait,
474 1942 607 2013 utet
632 1941 964 2013 simplicium
981 1942 1152 1995 corda
1166 1939 1725 2013 percuterent'eique

114 2024 219 2079 pro
237 2024 302 2064 se
316 2011 703 2083 respondendi
730 2015 1010 2064 facultatem
1033 2014 1340 2070 auferrent.
1360 2020 1591 2083 Ruﬁnus
1615 2011 1725 2074 con

118 2089 203 2136 tra
218 2083 388 2147 ait,se
403 2082 579 2135 libros
593 2097 730 2137 suos
739 2085 813 2137 ad
830 2098 928 2138 eos
940 2091 1154 2137 tantum
1164 2088 1296 2141 misi
1304 2092 1521 2154 sse,qui
1532 2093 1722 2145 verbis

114 2154 455 2220 Hieronymi
470 2155 577 2205 lasi
590 2156 830 2221 fuerant,
864 2163 910 2207 et
937 2173 1049 2208 non
1080 2160 1155 2209 ad
1183 2161 1381 2224 plures.
1421 2164 1544 2215 Hoc
1573 2164 1725 2216 erui-

117 2230 214 2280 tur
241 2240 314 2279 ex
338 2226 433 2278 lib.
461 2229 554 2279 III.
574 2228 867 2294 Apologia
901 2234 1101 2283 contra
1123 2232 1416 2285 Rufinum.
1440 2234 1583 2288 Illud
1605 2249 1723 2288 non

114 2299 305 2353 evasit
318 2299 573 2364 impune;
588 2301 989 2353 Pammachius
1005 2303 1158 2355 enim
1171 2309 1227 2356 et
1240 2306 1522 2369 Marcella,
1541 2320 1722 2371 quum

114 2370 413 2445 integrum
438 2371 841 2445 Apologiarum
884 2375 1179 2445 exemplar
1202 2377 1458 2429 obtinere
1482 2370 1598 2431 non
1620 2392 1723 2445 po-

114 2444 392 2507 tuissent,
418 2443 624 2495 saltem
649 2443 781 2496 hinc
804 2444 937 2498 inde
974 2447 1262 2511 pracipua
1288 2448 1513 2501 illarum
1537 2443 1723 2516 capita

112 2516 378 2588 studiose
393 2528 621 2568 corrOsa
634 2516 707 2569 ad
731 2517 1141 2583 Hieronymum
1170 2519 1506 2574 festinanter
1535 2524 1721 2588 perfe-

112 2586 297 2641 renda
319 2593 610 2648 curarunt,
639 2588 876 2641 fortasse
900 2603 1001 2655 per
1012 2590 1416 2644 Paulinianum
1442 2586 1565 2657 ejus
1608 2595 1722 2647 fra-

115 2664 284 2718 trem,
297 2673 370 2712 ex
383 2659 665 2712 Dalmatia
674 2660 1064 2713 Bethleemum
1078 2662 1434 2715 redeuntem.
1449 2666 1520 2716 Ut
1531 2666 1719 2719 acrius

113 2731 190 2785 ad
205 2731 670 2797 respondendum
690 2732 1034 2799 incitaretur,
1060 2734 1356 2787 itiusmodi
1378 2737 1552 2789 etiam
1578 2751 1717 2802 syn-

114 2804 244 2870 0psi
267 2803 467 2856 relatio
503 2816 699 2856 eorum
730 2806 992 2868 accessit,
1019 2818 1149 2869 qua
1181 2808 1255 2859 ab
1289 2809 1487 2860 amicis
1528 2811 1719 2873 Ruﬁni

114 2875 189 2930 de
207 2877 556 2940 Hieronymo
575 2875 978 2941 vulgabantur.
1006 2878 1192 2940 Quare
1231 2880 1317 2931 vir
1345 2882 1591 2933 Sanctus
1617 2884 1716 2935 ubi

112 2948 369 3016 primum
399 2960 472 2999 ex
512 2948 827 3001 amicorum
862 2948 1040 3002 literis
1076 2954 1135 3003 et
1173 2951 1490 3005 Pauliniani
1529 2967 1626 3007 ore
1652 2967 1715 3008 se

113 3018 399 3072 maledice
422 3019 743 3071 traductum
761 3020 996 3085 accepit,
1014 3022 1287 3075 continuo
1305 3024 1640 3090 Apologiam
1656 3027 1714 3078 in

108 3090 260 3144 duos
274 3091 453 3143 libros
476 3090 815 3144 distinctum
839 3105 938 3157 pro
962 3105 1025 3145 se
1054 3093 1431 3158 elucubravit,
1478 3109 1719 3162 eamque

108 3163 183 3217 ad
208 3163 643 3216 Pammachium
677 3169 734 3216 et
756 3155 1081 3217 Marcellam
1105 3167 1347 3219 Romam
1371 3155 1597 3232 direxit;
1624 3155 1715 3222 ut-
1737 3155 1785 3232 C

108 3248 360 3301 rumque
382 3235 536 3287 enim
567 3235 798 3298 Ruﬁnus
839 3240 1046 3302 prater
1061 3238 1479 3304 Hieronymum
1500 3241 1710 3307 ipsum,

106 3307 547 3374 perstrinxerat.
584 3310 652 3360 In
675 3308 1044 3374 inscriptione
1086 3310 1307 3375 vulgati
1351 3313 1555 3377 operis,
1598 3326 1718 3366 non

105 3378 390 3438 Marcella,
417 3378 516 3430 sed
534 3378 847 3429 Marcellino
868 3379 1150 3433 hactenus
1176 3381 1389 3435 lectum
1404 3387 1523 3435 est:
1544 3397 1716 3448 quem

105 3450 513 3504 Tillernontius
538 3455 694 3503 tomo
730 3452 853 3503 XII.
897 3465 1025 3517 pag.
1054 3451 1180 3506 247.
1207 3454 1527 3507 Tribunum
1555 3455 1717 3508 illum

104 3522 289 3576 fuisse
315 3522 580 3586 conjecit,
615 3522 712 3587 qui
732 3524 798 3574 A.
831 3525 897 3575 D.
926 3523 1046 3579 411.
1073 3525 1303 3588 prafuit
1327 3539 1556 3591 magna
1603 3528 1718 3580 col-

104 3594 308 3664 lationi
337 3594 792 3659 Carthaginiensi
826 3595 978 3660 apud
1002 3596 1310 3649 Baronium
1337 3599 1399 3650 A.
1424 3600 1485 3650 D.
1509 3599 1631 3654 410.
1665 3600 1715 3664 §.

105 3663 195 3721 58.
215 3664 326 3718 Sed
343 3665 714 3719 Martianaus
735 3667 970 3720 tandem
1012 3668 1327 3719 Marcellam
1370 3683 1471 3735 pro
1496 3663 1715 3721 Marcel-

108 3736 229 3788 lino
254 3750 326 3809 ex
352 3737 643 3789 codicibus
660 3739 809 3791 MSS.
831 3739 1104 3804 restituit,
1124 3740 1184 3792 in
1200 3741 1413 3805 quibus
1436 3742 1585 3796 hanc
1601 3744 1719 3809 epi-

107 3808 377 3876 graphen
398 3809 853 3875 reperitzlncipit
898 3812 1222 3879 Hieronymi
1270 3814 1499 3867 doctoris
1523 3808 1720 3879 egregii

106 3883 371 3932 adversus
405 3887 506 3930 tres
533 3880 695 3931 libros
716 3882 925 3946 Ruﬁni,
958 3883 1380 3936 calumniatoris
1412 3888 1608 3949 invidi,
1635 3889 1722 3937 de-

107 3952 288 4019 fensio
312 3952 481 4001 missa
506 3953 861 4004 Pammachio
890 3961 1301 4010 etMARCELLE.
1337 3959 1574 4011 Summa
1587 3959 1724 4012 Hie-

110 4024 475 4089 ronymiana
504 4024 799 4091 Apologia
823 4027 939 4079 huc
954 4026 1275 4081 reducitur.

170 4151 246 4201 II.
282 4151 369 4201 Ex
406 4149 772 4211 Pammachii,
800 4151 1076 4215 Marcellae,
1103 4156 1160 4204 et
1192 4153 1516 4206 multorum
1544 4154 1723 4209 literis

110 4220 480 4279 sedidicisse,
493 4223 752 4274 accusari
765 4224 824 4275 in
836 4224 1022 4273 schola
1043 4224 1115 4289 Ty
1123 4226 1290 4275 ranni
1303 4226 1445 4289 (sive
1460 4226 1534 4277 ab
1546 4231 1725 4277 amicis

120 4292 397 4357 Tyrannii
417 4293 620 4357 Ruﬁni)
646 4295 797 4358 quod
822 4295 999 4348 libros
1022 4297 1362 4349 Periarchon
1398 4298 1458 4350 in
1481 4298 1725 4352 latinum

119 4365 418 4427 vertisset,
433 4378 615 4430 quum
627 4371 818 4419 tamen
830 4368 952 4433 ipse
964 4369 1227 4434 Ruﬁnum
1238 4376 1551 4431 accusaret,
1567 4372 1726 4435 quod

1824 1872 2125 1930 monstret,
2148 1881 2326 1932 seque
2341 1870 2494 1931 apud
2520 1869 2744 1919 tacitum
2770 1868 2977 1919 lectoris
2993 1869 3269 1933 judicium
3292 1884 3428 1934 pur-

1820 1946 2009 2007 gatum
2032 1940 2252 2003 reddat,
2277 1953 2351 1992 ne
2382 1940 2536 2005 prior
2554 1939 2773 1993 lasisse
2789 1940 3068 1993 videatur.
3090 1939 3422 2006 Apologias,

1821 2025 2009 2077 quas,,
2039 2012 2248 2064 Ruﬂuo
2264 2016 2464 2065 contra
2484 2025 2546 2064 se
2562 2013 2803 2077 scriptas
2818 2012 2998 2065 fuisse
3020 2012 3318 2076 didicerat,
3336 2025 3427 2065 se-

1820 2084 1935 2137 mel
1955 2089 2013 2136 et
2034 2084 2243 2135 iterum
2265 2089 2624 2147 aspernatur,
2641 2084 2814 2136 modo
2830 2085 2988 2136 enim
3001 2083 3232 2137 ludibrii
3248 2096 3427 2137 causa

1820 2166 1975 2207 TRES
1998 2154 2159 2205 libros
2178 2160 2447 2204 venustate
2462 2155 2638 2205 Attica
2663 2160 2827 2205 textos
2862 2159 3051 2219 vocat,
3084 2155 3272 2221 paullo
3295 2158 3427 2220 post

1819 2239 2162 2292 responsum
2176 2227 2288 2278 illis
2306 2227 2556 2278 minatur
2567 2226 2657 2278 his
2674 2227 2892 2279 verbis:
2916 2226 3019 2277 Sed
3028 2228 3286 2276 adversus
3303 2226 3425 2277 illos

1820 2297 1981 2348 libros
2005 2299 2100 2362 qui
2120 2313 2218 2363 per
2235 2299 2468 2360 angulos
2487 2298 2762 2360 garriunt,
2780 2302 2825 2348 et
2849 2298 3058 2361 furtiva
3084 2298 3425 2348 accusatione

1818 2384 1902 2418 me
1940 2369 2204 2429 mordent,
2243 2383 2413 2432 quum
2441 2368 2583 2433 (libri
2617 2367 2697 2419 illi
2735 2371 2868 2431 tres)
2892 2368 3023 2419 editi
3039 2368 3266 2431 fuerint,
3293 2372 3339 2417 et
3362 2368 3427 2419 de

1819 2440 2044 2491 tenebris
2062 2441 2137 2490 ad
2168 2439 2338 2489 lucem
2366 2440 2734 2504 processerint,
2760 2445 2919 2503 atque
2941 2441 3016 2490 ad
3032 2454 3130 2490 nos
3153 2439 3425 2489 velstudio

1814 2512 2077 2576 fratrum,
2094 2511 2171 2561 vel
2188 2513 2477 2560 temeritate
2493 2509 2816 2562 aemulorum
2826 2512 3102 2576 potuerint
3122 2511 3422 2576 pervenire,

1815 2584 2133 2649 respondere
2144 2582 2393 2643 conabor,
2406 2598 2575 2647 neque
2585 2583 2733 2632 enim
2745 2598 3069 2648 magnOpere
3077 2582 3426 2647 formidandi

1813 2662 1958 2716 sunt,
1998 2671 2131 2720 quos
2158 2655 2345 2704 metuit
2367 2660 2557 2704 auctor
2578 2670 2710 2704 suus
2725 2656 2972 2718 prodere,
2989 2662 3035 2705 et
3048 2660 3263 2704 tantum
3297 2669 3427 2705 con-

1812 2727 2081 2792 faderatis
2103 2727 2349 2789 legendos
2402 2741 2505 2776 esse
2549 2726 2795 2776 decrevit.
2835 2726 2989 2793 (Mox
3023 2726 3152 2779 hac
3198 2737 3429 2790 quoque

1813 2803 1924 2862 subj
1933 2801 2111 2862 ungit):
2124 2799 2232 2851 Nec
2243 2799 2427 2849 laesisse
2436 2803 2713 2849 contentus
2722 2800 2884 2864 quasi
2893 2800 3149 2850 adversus
3158 2798 3429 2863 elinguem

1812 2886 2122 2937 semperque
2145 2872 2506 2935 taciturnum,
2520 2881 2677 2923 TRBS
2693 2870 3026 2921 elucubravit
3037 2869 3199 2921 libros
3212 2874 3260 2920 et
3273 2870 3428 2919 anti-

1813 2945 1977 2994 theses
1992 2943 2289 2993 Marcionis
2321 2943 2383 2993 de
2404 2943 2536 2993 meis
2550 2942 2823 3007 opusculis
2858 2942 3160 3006 fabricatus
3194 2945 3287 3005 est,
3317 2941 3426 2993 Ηω

1811 3016 2118 3080 antitheses,
2141 3027 2290 3080 opus
2305 3019 2487 3079 erant,
2522 3014 2582 3066 in
2603 3026 2720 3079 quo
2743 3015 2999 3067 Marcion
3012 3015 3198 3067 Vetus
3221 3014 3427 3065 Testa-

1816 3094 2079 3141 mentum
2115 3100 2247 3139 cum
2272 3089 2451 3149 Novo,
2476 3088 2600 3139 sive
2616 3086 2950 3137 discordiam
2974 3085 3259 3149 Evangelii
3294 3098 3420 3136 cum

1814 3160 1919 3224 lege
1956 3158 2280 3209 committere
2314 3170 2496 3210 ausus
2533 3160 2640 3223 est,
2670 3160 2736 3210 ut
2774 3157 2858 3209 ait
2895 3156 3281 3217 Tertulianus,
3320 3155 3421 3220 qui

1816 3236 1938 3285 toto
1952 3230 2096 3283 libro
2119 3231 2214 3282 IV.
2237 3229 2519 3283 adversus
2534 3229 2881 3282 Marcionem
2895 3241 3041 3295 opus
3051 3227 3421 3282 refutandum

1819 3303 2090 3369 suscepit.
2112 3303 2232 3353 Tres
2243 3302 2368 3354 libri
2378 3314 2414 3354 a
2423 3302 2623 3365 Ruﬁno
2635 3301 2847 3367 scripti,
2868 3314 3015 3367 quos
3030 3301 3417 3366 Hieronymus

1817 3376 2047 3428 duobus
2070 3375 2246 3440 hujus
2260 3373 2554 3439 Apologia
2568 3373 2854 3438 prioribus
2866 3373 3088 3434 refellit,
3110 3377 3250 3426 sunt
3259 3377 3424 3425 utra-

1818 3459 1931 3511 que
1964 3446 2158 3511 Ruﬁni
2181 3446 2468 3511 Apologia,
2494 3458 2737 3509 quarum
2771 3445 2981 3510 prima,
3018 3444 3076 3496 in
3098 3444 3234 3495 duos
3261 3442 3424 3494 libros

1818 3518 2348 3590 distincta,invadit
2372 3516 2807 3590 Hieronymum.
2822 3517 3144 3590 $ecundam,
3167 3527 3301 3580 qua
3334 3517 3424 3590 est

1818 3602 1920 3657 pro
1934 3590 2046 3660 [ide
2064 3588 2512 3660 ad_Anastasi_um
2533 3585 2884 3660 Pontiﬁcem,
2901 3588 3287 3660 Hieronymus
3310 3585 3422 3660 sibi

1819 3650 2080 3705 nondum
2092 3652 2503 3715 visam,contra
2514 3664 2578 3705 se
2590 3652 2865 3715 scriptam
2874 3650 3085 3716 pariter
3095 3650 3424 3714 vocat,quia

1819 3724 1878 3776 in
1888 3737 1957 3776 ea
1970 3723 2292 3789 sugillatur.
2303 3724 2621 3776 Sectatores
2633 3723 2821 3786 Ruﬁni
2832 3723 3183 3787 Hieronymo
3196 3732 3428 3774 succen-

1821 3797 2043 3858 sebant,
2085 3795 2241 3860 quod
2283 3796 2460 3848 libros
2497 3795 2839 3845 Periarchon
2882 3799 2941 3849 et
2986 3795 3109 3860 ipse
3132 3793 3425 3856 vertisset,

1821 3880 2176 3933 quanquam,
2200 3873 2268 3919 ut
2288 3869 2482 3918 noxios
2504 3872 2550 3917 et
2569 3866 3087 3930 Ecclesiasticaﬁdei
3109 3878 3428 3930 repugnan-

1822 3945 1911 3995 tes,
1952 3939 2269 3991 damnaret.
2303 3940 2408 3990 His
2435 3937 2900 3991 Bethleemiticus
2945 3949 3127 3990 senex
3162 3938 3429 3988 Pamma-

1822 4011 2019 4063 chium
2029 4009 2348 4075 alloquens,
2361 4010 2441 4063 ita
2452 4009 2784 4075 respondet:
2803 4010 2947 4062 Tua
2962 4024 3060 4069 me,
3072 4008 3246 4069 frater
3261 4007 3429 4057 Pam-

1822 4081 2023 4145 machi,
2057 4087 2103 4131 et
2126 4092 2381 4133 TUORUM
2414 4081 2576 4130 litera
2596 4079 2992 4144 compulerunt,
3031 4078 3277 4139 dicentes,
3304 4075 3425 4127 illos

1823 4154 2010 4206 abalio
2034 4153 2276 4217 (Rufino)
2305 4152 2685 4215 fraudulenter
2722 4166 2826 4202 esse
2857 4149 3164 4213 translatos,
3188 4154 3235 4200 et
3258 4149 3428 4199 inter-

1823 4227 2008 4293 polata
2042 4224 2332 4287 nonnulla,
2356 4229 2402 4275 et
2431 4224 2510 4275 vel
2550 4224 2742 4275 addita
2773 4222 2851 4274 vel
2873 4228 3089 4273 mutata
3110 4238 3176 4274 ac
3196 4236 3263 4273 ue
3290 4235 3427 4293 par-

1824 4291 1950 4348 vam
1973 4298 2192 4363 quidem
2213 4296 2446 4364 epistolis
2460 4295 2707 4347 haberem
2720 4295 2903 4360 ﬁdem,
2916 4294 3139 4345 misistis
3154 4291 3430 4358 emempla-

1825 4372 1915 4421 ria
1925 4369 2160 4435 ejusdem
2171 4369 2547 4420 translationis
2561 4383 2685 4419 cum
2693 4365 3118 4434 praefatiuncula
3129 4364 3430 4416 laudatrice

114 4436 365 4491 eandem
390 4437 710 4491 versionem
746 4440 981 4502 adgredi
1010 4454 1128 4494 non
1157 4441 1497 4495 dubitasset.
1538 4445 1731 4509 Impu-
1830 4458 1968 4493 mea.
1994 4442 2098 4495 His
2121 4441 2283 4495 lectis
2304 4445 2364 4495 et
2396 4441 2616 4494 collatis
2639 4453 2777 4494 cum
2819 4441 3033 4502 Graco,
3072 4437 3154 4491 ait
3188 4450 3251 4490 se
3277 4435 3430 4509 illico

112 4509 328 4562 dentes
351 4514 532 4573 vocat,
557 4510 657 4575 qui
694 4512 983 4565 medicum
1015 4519 1287 4579 arguunt,
1323 4514 1477 4578 quod
1501 4528 1728 4569 venena

112 4580 447 4647 prodiderit.
479 4580 541 4633 1d
571 4583 645 4633 ab
676 4582 787 4634 illis
823 4585 1108 4649 prastari,
1134 4590 1200 4637 ut
1223 4588 1505 4648 Ruﬁnum,
1532 4600 1724 4654 quem,

114 4659 179 4706 ut
190 4654 680 4720 pharmacopolam
702 4654 1157 4722 Origenistarum
1196 4670 1311 4710 non
1336 4659 1580 4711 obscure
1617 4662 1723 4714 tra-

112 4724 248 4778 duci
256 4729 413 4781 t,non
424 4725 740 4777 innocentia
750 4729 959 4790 merito,
970 4730 1060 4779 sed
1076 4729 1329 4780 criminis
1339 4731 1725 4783 communione

113 4801 377 4848 tueantur
386 4798 545 4862 quasi
555 4798 773 4863 culpam
787 4815 1050 4851 numerus
1059 4802 1401 4866 peccantium
1416 4802 1653 4863 minuat,
1675 4811 1722 4855 et

115 4869 178 4919 in
204 4869 470 4935 personis,
500 4884 614 4919 non
636 4871 699 4921 in
732 4871 884 4923 rebus
908 4872 977 4923 sit
1002 4874 1292 4927 accusatio.
1338 4875 1500 4927 Dolet
1532 4876 1723 4929 Rufini

113 4940 425 5007 Apologias
434 4946 636 4995 contra
655 4955 718 4997 se
729 4945 972 5010 scriptas
994 4945 1175 5011 ingeri
1192 4946 1463 4999 omnibus
1484 4947 1693 5000 audien
1707 4974 1722 4985 -

112 5012 370 5077 das,nec
392 5014 587 5066 tamen
624 5015 731 5078 edi,
757 5022 834 5077 ut,
868 5016 1074 5083 inquit,
1100 5024 1146 5067 et
1174 5019 1513 5083 simplicium
1560 5020 1725 5069 corda

109 5086 440 5149 percutiant,
465 5091 511 5134 et
529 5086 673 5136 mihi
708 5087 1021 5149 facultatem
1048 5089 1307 5151 auferant
1344 5091 1721 5154 respondendi.

110 5158 343 5210 Novum
354 5168 483 5209 esse
503 5158 720 5207 malitia
734 5176 901 5223 genus
912 5176 1162 5210 accusare
1178 5161 1324 5225 quod
1336 5163 1499 5226 prodi
1515 5162 1722 5223 timeas,

110 5227 501 5292 scriberequod
517 5228 728 5281 ocultes.
756 5232 826 5282 Se
864 5231 1142 5294 ﬁguratas
1166 5232 1359 5284 Rufini
1390 5232 1590 5285 laudes
1630 5246 1724 5285 re-

112 5299 350 5364 pulisse,
382 5300 516 5362 quia
530 5303 641 5352 sub
663 5302 833 5353 amici
851 5303 1095 5364 nomine,
1120 5304 1337 5356 inimici
1363 5304 1604 5357 insidias
1630 5307 1722 5357 de-

113 5369 513 5443 prehenderat.
538 5372 669 5425 Jam
692 5386 829 5425 vero
853 5374 909 5425 id
937 5376 1047 5427 sibi
1063 5375 1325 5439 Ruﬁnum
1351 5377 1416 5429 in
1447 5381 1489 5429 A
1502 5376 1726 5443 pologia

114 5441 340 5494 crimini
352 5445 595 5505 vertere,
611 5444 765 5506 quod
775 5449 910 5497 ante
922 5446 980 5497 in
994 5447 1427 5511 prafatiuncula
1445 5441 1724 5501 librorum

116 5512 458 5564 Periarchon
488 5516 669 5567 semet
699 5516 1027 5582 iterumque
1058 5517 1215 5571 laudi
1248 5525 1514 5585 verterat,
1542 5533 1724 5585 quum

110 5591 230 5650 post
251 5585 655 5636 reconciliatam
681 5588 1010 5639 simultatem
1032 5592 1195 5641 etiam
1223 5607 1359 5641 ceves
1398 5594 1725 5656 suspiciones

115 5656 302 5722 fugere
354 5657 673 5714 debuisset,
711 5675 778 5710 ne
810 5663 954 5726 quod
988 5664 1211 5725 fortuito
1236 5664 1457 5727 fecisset,
1483 5665 1724 5715 consulto

113 5730 290 5794 facere
309 5735 611 5795 putaretur.
642 5732 697 5783 Si
719 5736 1122 5787 auctoritatem
1139 5749 1247 5787 suo
1265 5738 1419 5800 operi
1444 5741 1731 5798 perstruc-

117 5801 233 5865 bat,
288 5802 521 5856 laudare
565 5806 823 5869 potuisse
855 5806 1136 5857 columnas
1162 5809 1404 5859 Ecclesiae
1424 5808 1725 5873 Hilarium,

117 5874 509 5940 Ambrosium,
522 5875 898 5939 Victorinum,
920 5878 1183 5945 Origenis
1199 5880 1559 5947 interpretes,
1578 5893 1726 5945 quos

120 5948 312 6000 amen
327 5947 526 6013 tacuit,
541 5948 903 6003 unolaudato
914 5949 1277 6018 Hieronymo,
1305 5952 1404 6017 qui
1421 5964 1484 6007 se
1494 5951 1728 6018 pulicem

1827 4513 2323 4575 animadvertisse,
2348 4514 2422 4567 ab
2462 4515 2661 4577 Ruﬁno
2695 4512 3005 4577 interprete
3038 4509 3334 4562 meliorem
3366 4506 3429 4559 in

1749 4593 2047 4669 beasts!!!
2070 4590 2330 4669 Putate
2383 4584 2832 4669 (ωηονίθςηα.
2856 4583 2920 4633 ἀι
2959 4582 3141 4669 Patre
3178 4580 3426 4669 ’ἴξιίέύέ

1826 4653 2040 4725 Spiritu
2064 4656 2261 4708 Sancto
2294 4657 2461 4722 impie
2499 4654 2736 4717 dixerat;
2760 4659 2928 4707 cetera
2954 4657 3137 4705 autem
3172 4653 3428 4719 dogmata

1824 4734 1887 4783 de
1909 4728 2242 4793 Angelorum
2262 4728 2454 4791 ruina,
2470 4726 2870 4778 deanimarum
2885 4726 3060 4792 lapsu,
3079 4726 3143 4776 de
3155 4738 3427 4776 resurrec-

1824 4802 1988 4855 tionis
2008 4801 2312 4869 prasligiis,
2343 4801 2406 4852 de
2420 4800 2628 4852 mundo
2652 4799 2729 4849 vel
2749 4797 3119 4850 intermundis
3143 4796 3300 4863 [Leg.
3345 4796 3433 4869 in-

1823 4867 2165 4939 termundiis]
2209 4873 2459 4939 Epicuri,
2482 4877 2528 4923 et
2559 4873 2622 4923 de
2663 4871 3052 4924 resurrectione
3071 4869 3325 4922 omnium
3368 4867 3431 4919 in

1823 4948 2079 5015 aqualem
2102 4953 2323 5007 statum,
2345 4945 2489 4999 vela
2510 4946 2710 5009 Ruﬁno
2731 4945 2812 4998 ita
2845 4944 3011 5010 plene
3044 4953 3343 5015 conversa,
3364 4943 3434 5015 ut

1823 5011 2181 5074 habebamur
2192 5018 2252 5071 in
2276 5019 2497 5082 Graco,
2521 5017 2615 5071 vel
2631 5016 2703 5070 de
2731 5014 3162 5071 commentariis
3199 5011 3431 5079 Didymi

1824 5096 2145 5157 exaggerata
2169 5089 2422 5153 ﬁrmiora
2450 5088 2616 5152 fuisse
2638 5088 2831 5153 posita,
2869 5091 2929 5137 ut
2962 5087 3060 5152 qui
3083 5086 3143 5136 in
3174 5084 3435 5135 Trinitate

1827 5164 2164 5215 Catholicam
2208 5162 2419 5222 legerat,
2444 5162 2504 5209 in
2552 5159 2678 5210 aliis
2730 5159 3036 5209 hareticum
3074 5172 3186 5207 non
3210 5159 3430 5209 caveret.

1828 5238 1961 5289 Post
1982 5234 2170 5298 Ruﬁni
2203 5231 2638 5284 translationem
2658 5234 2714 5282 et
2739 5229 3071 5282 suaminter
3100 5241 3163 5280 se
3199 5237 3434 5298 compa-

1826 5312 1999 5371 ratas,
2036 5296 2097 5356 in
2134 5305 2320 5371 prima
2348 5302 2446 5365 ait,
2484 5302 2701 5352 laudem
2740 5302 2977 5352 auctoris
3001 5301 3064 5351 in
3090 5297 3328 5371 secunda
3349 5296 3435 5348 vi-

1827 5368 2219 5446 tuperationem
2235 5375 2521 5446 contineri
2534 5413 2546 5424 .
2567 5376 2679 5427 Cur
2692 5373 3070 5446 Origenemin
3081 5368 3435 5446 quibusdam

1824 5437 1961 5505 ante
1994 5448 2304 5507 laudasset,
2352 5460 2413 5498 se
2454 5445 2724 5499 docuisse
2762 5437 2959 5496 scribit
2996 5445 3057 5495 in
3092 5437 3339 5507 epistola
3359 5439 3436 5495 ad

1828 5521 2278 5583 Pammachium;
2307 5524 2460 5580 tunc,
2478 5515 2964 5582 interpretationis
2999 5526 3124 5567 sua
3160 5524 3433 5567 caussam

1826 5593 2164 5655 reddidisse,
2196 5603 2268 5643 ne
2308 5590 2525 5642 scilicet
2550 5588 2784 5653 impius,
2809 5586 2977 5651 quasi
2995 5586 3125 5651 pius
3159 5584 3430 5639 Ecclesiis

1829 5665 2163 5719 traderetur.
2195 5661 2569 5728 Septuaginta
2610 5660 2787 5711 libros
2812 5657 3075 5721 Origeuis
3098 5662 3164 5711 ut
3198 5657 3434 5720 Rufinus

1827 5738 2034 5798 aiebat,
2073 5749 2135 5787 se
2173 5735 2233 5786 in
2276 5734 2520 5785 latinum
2560 5732 2808 5784 vertisse
2848 5729 3073 5793 fatetur,
3101 5741 3209 5782 nec
3236 5729 3433 5783 tamen

1827 5809 1900 5861 de
1925 5808 2041 5861 ullo
2077 5819 2246 5872 opere
2269 5818 2373 5857 suo
2397 5807 2638 5857 Romam
2669 5804 3035 5855 commotam.
3064 5801 3197 5866 Ego,
3219 5799 3429 5872 inquit,

1824 5886 2004 5947 pertot
2022 5871 2200 5929 annos
2225 5884 2335 5927 tam
2354 5877 2523 5927 multa
2547 5891 2643 5926 con
2654 5880 2851 5926 vertens
2869 5889 3157 5947 nunquam
3176 5871 3430 5947 scandala

1824 5944 1930 6017 fui;
1976 5956 2035 6001 tu
2074 5948 2320 6016 (Ruﬁne)
2366 5948 2439 5999 ad
2474 5957 2711 6001 Palmm
2747 5950 2795 5997 et
2842 5945 3017 5998 solum
3035 5959 3190 6012 opus,
3210 5944 3434 6008 ignotus
