3894 6460
483 336 586 397 155

1795 339 2040 415 summ
2071 337 2511 413 PBESBYTERI

3690 351 3787 411 156

475 458 654 534 prius,
681 460 972 534 temeritate
1000 461 1176 526 factus
1190 476 1240 512 es
1256 461 1463 513 nobilis.
1481 455 1726 534 Rufinus
1748 464 1888 534 ante
1900 468 2075 534 suum
2096 458 2153 534 Α
2169 463 2389 534 propter
2397 459 2678 534 maleuolos
2693 460 2957 534 quosdam
2975 465 3308 534 accusatores
3317 475 3598 522 ccultum
3611 471 3788 525 studio

476 530 799 585 reditumin
814 532 1049 598 Italiam,
1069 534 1209 587 nihil
1241 546 1497 598 unquam
1515 534 1575 585 in
1599 532 1790 585 literas
1814 531 2070 595 miserat,

477 602 594 686 ἔξω)
617 609 816 686 tuseu.
824 618 1101 686 3931928“?
1123 612 1258 686 ante.
1269 606 1443 686 libros
1461 605 1798 686 Perimes“
1812 603 2073 686 ξῖεθξιέανπ

479 674 665 760 Sancti
687 677 883 760 Basilii
902 678 1305 760 latio_donavi_t,
1327 679 1432 760 sed
1457 690 1639 760 quum
1655 676 1895 760 Abbatis
1911 676 2073 760 Pine-

479 749 660 802 tensis
683 749 904 815 privato
923 750 1051 802 usui
1061 751 1400 817 conscripta,
1416 750 1671 803 nondum
1688 749 1903 815 passim
1919 747 2075 799 inno-

478 820 703 883 tuisset,
723 821 1106 886 Hieronymus
1134 823 1378 887 primum
1395 822 1634 877 etsolum
1659 835 1807 887 opus
1821 833 1857 874 a
1875 821 2073 883 Ruﬁno

477 895 816 957 confectum,
837 895 1276 951 translationem
1289 897 1566 951 ﬁbrarum
1576 894 1918 951 Periarchon
1929 893 2075 948 exis-

478 966 719 1020 timavit.

535 1039 635 1090 III.
677 1042 1062 1109 Hieronymus
1105 1044 1406 1110 Pamphili,
1441 1042 1778 1109 Apologiam
1805 1054 1841 1094 a
1873 1040 2071 1102 Ruﬁno

469 1106 643 1164 latine
657 1106 1015 1180 conversam,
1042 1116 1178 1170 totis
1223 1106 1442 1171 viribus
1466 1106 1651 1168 semel
1671 1120 1844 1178 atque
1865 1113 2071 1165 iterum

469 1182 710 1255 invadit,
723 1191 789 1239 ut
807 1188 1004 1249 magni
1020 1189 1269 1242 nominis
1284 1189 1596 1255 patrocinio
1614 1187 1917 1252 Origenem
1939 1196 2072 1250 spo-

471 1252 590 1339 liet.
617 1257 892 1339 Rationes
913 1272 948 1312 a
980 1261 1204 1313 Norisio
1225 1252 1304 1314 in'
1318 1260 1728 1339 Dissertatione
1749 1258 1820 1339 de
1843 1255 2070 1339 Synodo

472 1327 1173 1411 V.cap.XIII_.magnOpere
1189 1338 1587 1411 exaggeratas,
1598 1343 1733 1411 quae
1747 1331 1787 1380 Α
1797 1327 2066 1411 in

473 1401 709 1486 martyri
761 1403 1126 1486 abiudipant,
1172 1405 1370 1470 paucis
1428 1404 1805 1486 complectar,
1854 1399 2068 1486 additis

470 1488 570 1537 pro
604 1477 922 1542 Pamphilo,
944 1479 1243 1544 Ruﬁnoque
1266 1478 1587 1542 responsis,
1624 1476 1908 1542 prmeipue
1935 1473 2065 1544 illis,

468 1561 603 1612 quas
630 1550 690 1602 in
731 1551 1003 1632 Apologia
1039 1543 1414 1632 suae-Quaest.
1455 1553 1581 1632 VII:
1613 1549 1735 1632 sive
1777 1543 2060 1632 pagz

464 1622 1000 1703 operumneditionis
1037 1624 1391 1703 Easileensis
1412 1622 1585 1703 _apud
1622 1620 2062 1703 Henrjcpetrun}

467 1694 601 1745 anni
636 1691 795 1749 1601.
826 1694 1004 1747 edidit
1037 1696 1370 1748 Mirandulaa
1405 1696 1608 1748 Comes
1640 1694 1725 1744 Jo.
1756 1692 1934 1751 Picus,
1967 1689 2061 1742 vel

466 1764 728 1816 Phaanix.
754 1766 851 1829 qui
867 1769 940 1819 ob
963 1768 1206 1820 eandem
1232 1769 1403 1820 etiam
1420 1767 1740 1832 Apotogiam
1762 1764 2060 1817 aRoberto

466 1836 743 1924 Cardinali
778 1839 1114 1924 Bellarmino
1138 1841 1548 1924 Ecclesiaslicis
1565 1837 1943 1924 scriptoribus
1953 1834 2057 1924 ad-
2086 1849 2139 1924 B

464 1914 817 1970 numeratur,
840 1916 905 1963 ut
932 1912 1018 1961 vir
1053 1912 1271 1977 ingenio
1286 1917 1333 1962 et
1356 1912 1604 1963 doctrina
1640 1925 1741 1975 pro
1765 1913 1910 1959 aetate
1932 1922 2056 1957 ma—

463 1979 668 2047 mimus.
686 1983 1115 2047 Haacresponsa
1134 1998 1293 2037 nunc
1308 1990 1459 2037 certe
1475 1983 1813 2047 Christiana
1833 1978 2060 2043 religio-

464 2042 557 2094 nis
586 2043 811 2107 plurimi
826 2042 1131 2107 iute'rsunt,
1150 2048 1283 2110 quia
1297 2047 1500 2111 impios
1513 2045 1907 2107 nefandosque
1921 2042 2058 2095 nos-

464 2113 533 2198 tri
560 2116 830 2198 temporis
866 2118 1126 2198 Arianos,
1151 2120 1209 2170 et
1231 2118 1562 2198 singulatim
1587 2114 2057 2198 Christophorum

460 2185 2057 2268 Sandmzmorwliumimpesentiseimumptastimenx-

460 2256 540 2309 ris
575 2258 821 2316 presidio
863 2266 1180 2341 exarmant.
1218 2263 1337 2313 Hos
1361 2262 1527 2341 enim
1551 2261 1695 2341 ‘urit,
1742 2256 2057 2341 Servatoris

458 2330 637 2413 nostri
650 2330 1009 2413 divinitatem
1021 2335 1077 2413 et
1089 2332 1859 2413 nomoousion_in_4pologetico
1874 2330 2056 2413 Patris

460 2401 814 2456 Antenicmni
844 2404 1220 2457 disertissime
1243 2406 1480 2457 adstrui.
1506 2406 1628 2457 Hoc
1655 2404 1808 2456 idem
1831 2402 2057 2467 egregie

456 2471 612 2523 anim
626 2473 695 2524 ad
702 2475 871 2527 vertit
882 2479 1156 2528 strenuus
1168 2476 1433 2529 defensor
1442 2476 1602 2529 Fidei
1617 2475 1868 2529 Nicaeum
1883 2475 2058 2527 Geor-

457 2542 587 2628 gius
631 2544 847 2606 Bullus,
878 2547 1156 2628 quisect;
1189 2550 1252 2628 II.
1277 2561 1400 2613 cap.
1436 2549 1552 2628 IX.“
1570 2549 1623 2612 §.
1649 2545 1736 2602 20.
1762 2558 1887 2628 pag.

458 2612 781 2685 iterumque
796 2630 918 2679 Gal)-
945 2620 1094 2670 ΧΙΙΙ.
1124 2619 1176 2683 §.
1209 2619 1260 2675 3.
1296 2632 1423 2685 pag.
1450 2617 1573 2674 263.
1600 2631 1773 2671 omne
1795 2616 2055 2668 studium

455 2684 517 2735 in
531 2698 599 2738 eo
615 2689 823 2752 posuit,
840 2692 906 2741 ut
920 2702 1067 2752 opus
1081 2689 1219 2743 illud
1239 2684 1528 2754 Pamphilo
1546 2690 1883 2743 vindicaret.
1906 2690 2053 2749 Ergo

456 2757 878 2843 {ﬁerenymum‘
898 2762 1201 2843 audiamus
1429 2762 1873 2843 éwlogmpag.
1910 2758 2045 2843 357.:

456 2828 564 2880 Sea:
606 2830 782 2893 libros,
818 2837 878 2882 ut
920 2840 1044 2884 ante
1078 2836 1200 2900 jam
1233 2836 1372 2895 dixi,
1424 2834 1686 2885 Eusebius
1723 2831 2052 2885 Cesareensis

453 2903 1277 2986 episcopus,._4rianse_quondam
1306 2906 1827 2986 signifer-factionis
1862 2906 2051 2986 (quem

454 2978 648 3028 tamen
669 2977 742 3028 ab
769 2976 894 3029 hoc.
915 2978 1151 3032 crimine
1188 2979 1443 3032 vindicat
1476 2979 1768 3041 Cellerius)
1802 2992 1905 3042 pro
1937 2976 2053 3026 Ori-

452 3061 579 3107 gene
599 3049 814 3113 scripsit
827 3086 840 3105 .
872 3050 1199 3101 latissimum
1228 3058 1273 3102 et
1296 3052 1629 3102 elaboratum
1653 3066 1789 3116 opus
1808 3053 1884 3101 :et
1905 3046 2052 3097 mul-

451 3117 517 3205 tis
546 3120 859 3205 testimoniis
881 3123 1216 3205 adprobavit.
1248 3123 1536 3205 Origenem
1561 3125 1736 3205 juxta
1764 3138 1816 3173 se
1855 3119 2051 3205 Oathof-

446 3187 630 3274 ξξξυτην
646 3192 706 3241 id
728 3197 800 3274 εεξ
824 3194 990 3274 ἀναξία
1021 3210 1121 3274 nos
1157 3195 1454 3274 Arianum.
1479 3187 1693 3274 Hprum
1718 3199 1778 3243 tu
1803 3192 2050 3274 primum

443 3258 643 3310 librum
666 3264 825 3314 vertis
838 3264 935 3313 sub
950 3266 1172 3316 nomine
1198 3268 1481 3329 martyris.
1506 3267 1575 3345 Et
1589 3267 1883 3345 miramur,
1894 3264 1947 3313 si
1963 3277 2050 3345 me

444 3329 838 3383 homunculum
874 3337 1031 3397 parvi
1066 3338 1243 3401 pretii,
1270 3338 1516 3400 Origenis
1539 3337 1875 3387 laudatorem
1898 3333 2045 3393 velis,

444 3416 616 3465 ‘qum
645 3407 884 3471 martyri
905 3408 1243 3458 calumniam
1273 3410 1475 3473 feceris.
1504 3409 1802 3472 Paucisque
1826 3406 2055 3456 testimo-

441 3473 553 3523 niis
575 3475 638 3525 de
660 3477 795 3527 Filio
844 3479 939 3528 Dei
974 3485 1024 3530 et
1070 3476 1283 3541 Spiritu
1306 3481 1502 3533 Sancto
1532 3479 1906 3539 commutatis,
1935 3492 2051 3541 quae

441 3545 637 3632 sciebas
673 3548 1017 3632 displicitura
1059 3553 1322 3632 Romanis
1347 3559 1549 3632 ,-ceter-a
1576 3567 1745 3632 usque
1779 3551 1854 3632 ad
1883 3550 2050 3632 ﬁnem

444 3616 657 3704 integra
674 3621 956 3704 dimisisti,
984 3624 1253 3704 bocAidem
1267 3624 1472 3704 faciens
1498 3624 1624 3704 in_A
1633 3623 1870 3704 pelagia.

442 3688 731 3775 ξαῖηηλίέέ
755 3695 898 3775 quod
916 3699 965 3775 ει
987 3695 1051 3745 in
1067 3696 1312 3775 ρνξρεηεε
1334 3696 1672 3775 Peraean
1697 3692 2049 3775 ινετιεφιίοηε

442 3758 632 3821 fecisti.
668 3763 731 3814 Si
771 3765 865 3815 iste
907 3767 1190 3826 Pamphili
1232 3768 1363 3818 liber
1395 3772 1481 3829 est,
1527 3768 1590 3817 de
1625 3782 1719 3817 sea:
1746 3766 1897 3816 libris
1925 3764 2048 3829 quis

441 3833 555 3905 erit
571 3836 785 3895 primus
806 3838 1059 3890 Eusebii?
1085 3840 1147 3889 in
1180 3841 1297 3905 ipso
1318 3839 1608 3902 volumine,
1635 3839 1780 3904 quod
1801 3844 1858 3889 tu
1880 3840 2049 3890 Pam-

436 3904 585 3968 phili
605 3908 848 3972 simulas,
884 3904 1221 3975 sequentium
1257 3912 1523 3963 librorum
1545 3912 1691 3975 facta
1724 3912 1922 3961 mentio
1949 3915 2039 3962 est.

441 3975 508 4025 In
530 3980 759 4031 secundo
795 3997 1009 4047 quoque
1040 3990 1087 4033 et
1108 3984 1335 4047 reliquis
1374 3983 1503 4035 dicit
1545 3982 1805 4033 Eusebius
1827 3982 1964 4047 quid
1982 3982 2045 4032 in

440 4048 620 4107 primo
644 4052 780 4103 libro
812 4060 936 4104 ante
950 4056 1073 4119 jam
1097 4056 1317 4115 dixerit,
1341 4061 1387 4105 et
1425 4057 1570 4119 quod
1597 4056 1782 4105 eadem
1817 4059 2045 4119 repetere

440 4136 555 4193 non
578 4123 771 4175 debeat.
811 4126 873 4175 Si
896 4133 1066 4177 totum
1087 4143 1221 4187 opus
1244 4129 1527 4193 Pamphili
1559 4132 1647 4189 est,
1678 4143 1778 4177 cur
1808 4127 2044 4192 reliquos

443 4191 603 4243 libros
616 4209 730 4244 non
747 4199 1009 4260 transfers
1023 4199 1048 4248 9
1071 4198 1133 4248 Si
1146 4191 1396 4261 alterius,
1412 4216 1511 4250 cur
1525 4214 1724 4249 nomen
1746 4191 2008 4249 immutas
2019 4199 2045 4248 9

441 4264 547 4337 His
583 4278 839 4319 consona
860 4270 1033 4322 habet
1059 4270 1157 4322 lib.
1198 4273 1267 4322 II.
1293 4271 1585 4336 Apologia:
1613 4284 1736 4337 cap-
1778 4271 1871 4324 IV-
1910 4283 2038 4336 ρεια-

441 4334 576 4391 407τ
612 4338 709 4387 Vir
731 4340 1069 4392 doctissimus
1090 4334 1357 4392 Eusebius
1368 4334 1756 4405 {doctissimum
1775 4334 2043 4403 disci,'non

443 4407 800 4472 Catholicum,
826 4428 895 4462 ne
917 4428 1064 4463 more
1078 4414 1230 4464 solito
1252 4415 1395 4463 mihi
1417 4420 1463 4463 et
1492 4415 1553 4464 in
1576 4415 1673 4465 hoc
1700 4415 2039 4465 calumniam

438 4482 636 4544 struas)
654 4497 751 4546 per
773 4500 864 4534 sea:
891 4485 1172 4535 volumina
1194 4486 1343 4536 nihil
1369 4485 1526 4536 aliud
1545 4487 1676 4551 agit,
1702 4487 1813 4536 nisi
1836 4490 1895 4535 ut
1920 4486 2041 4537 Ori-

440 4564 627 4623 genem
645 4568 753 4603 suae
789 4557 1031 4605 ostendat
1070 4557 1237 4619 Fidei,
1279 4557 1409 4607 idest
1452 4558 1676 4609 Arianae
1695 4557 1935 4623 perﬁdiae
1958 4571 1971 4608 :
1996 4561 2043 4607 et

2173 532 2333 594 atque
2358 546 2523 597 opera
2542 531 2785 598 junctim
2815 531 3232 587 elaboravimus.
3270 537 3518 594 Ruﬁnus
3553 540 3656 594 lib.
3696 544 3783 595 VI.

2171 600 2438 678 Historiae
2453 604 2795 678 Eusebianzs
2813 616 2937 669 cap.
2958 605 3145 678 XXIV
3170 607 3231 660 in
3245 608 3359 663 fine
3372 610 3483 664 hoc
3495 612 3697 678 ipsum
3711 614 3787 668 ita

2172 675 2458 727 contraxit
2494 690 2507 726 :
2552 676 2679 735 Quae
2733 682 2912 726 tamen
2965 676 3155 750 (Gesta
3208 680 3490 747 Origenis)
3517 675 3537 678 “
3562 687 3785 750 agnosci

2170 751 2390 808 possunt
2454 760 2521 821 ea:
2574 762 2674 821 ea,
2714 762 2832 811 quae
2882 748 3099 821 scripta
3136 765 3172 800 a
3215 750 3411 804 Sancto
3484 748 3783 821 Pamphilo

2170 821 2411 881 martyre
2446 816 2710 882 Apologia
2732 833 2832 882 pro
2869 820 2986 883 ipso
3017 836 3134 870 una
3162 835 3390 877 mecum.
3432 816 3669 881 Eusebii
3709 827 3786 883 lo-

2171 898 2303 965 cum
2313 887 2561 965 explicat
2572 889 2929 965 P_botius,_qui
2942 892 3156 945 saeculo
3167 904 3247 945 1x.
3262 899 3444 948 totam
3455 898 3783 965 Apologiam

2169 958 2325 1034 legit.
2384 960 2687 1034 AitAenim
2716 962 2938 1034 codice
2989 974 3202 1018 cxvm.
3254 979 3426 1034 supra
3471 958 3727 1026 indicato
3767 988 3782 1026 :

2170 1030 2351 1109 Lectus
2378 1036 2450 1109 e_st
2482 1032 2767 1109 Pamphili
2803 1036 3068 1100 martyris
3100 1042 3149 1086 et
3183 1030 3403 1089 Eusebii
3423 1056 3525 1107 pro
3555 1042 3783 1109 Origene

2370 1103 2529 1179 _Tomi
2550 1111 2730 1157 autem
2742 1112 2880 1179 sunt
2900 1121 3009 1168 seat,
3028 1122 3267 1172 quorum
3290 1102 3584 1179 quinquea
3606 1102 3782 1167 Pam-

2167 1173 2319 1250 philo
2359 1175 2423 1250 in
2457 1190 2665 1250 carcere
2717 1177 2942 1242 degenti,
3003 1186 3259 1244 praesente
3298 1173 3479 1235 etiam
3528 1185 3778 1250 Eusebio,

2168 1244 2424 1326 elaborati
2434 1253 2576 1299 sunt.
2603 1247 2800 1326 sextus
2807 1255 2998 1326 autem
2999 1256 3352 1317 posteaquam
3362 1255 3547 1320 gla'lio
3564 1244 3780 1326 martyr

2168 1316 2280 1395 vita
2300 1318 2822 1395 priva_tus_migravit
2860 1321 2936 1395 ad
2961 1316 3333 1395 Deum,
3360 1316 3777 1395 concupiscebat,

2168 1387 2235 1437 ab
2268 1390 2497 1440 Eusebio
2519 1392 2750 1456 denique
2773 1398 2845 1443 est
2866 1387 3157 1447 absolutus.
3176 1387 3361 1451 Antea
3384 1387 3619 1455 Photius
3648 1387 3775 1456 cod;

2169 1469 2354 1538 c_xvn.
2400 1468 2779 1538 recensuerat
2840 1465 3178 1538 scriptorem
3229 1480 3616 1535 anonymum,
3670 1475 3773 1538 qui

2162 1529 2696 1609 ullam_.f1_pologiam
2729 1548 2831 1600 pro
2870 1529 3116 1602 Origene
3155 1529 3427 1603 condidit,
3470 1543 3533 1596 in
3566 1529 3769 1609 primis

2162 1602 2520 1680 Pamphilum
2578 1612 2892 1672 martyrem
2956 1614 3015 1662 et
3070 1611 3384 1666 Eusebium
3412 1602 3727 1680 sequutus
3756 1634 3775 1668 :

2159 1672 2279 1749 Prae
2306 1676 2488 1749 ceteris
2523 1693 2647 1729 vero
2683 1679 2800 1743 (ait)
2826 1680 3114 1746 Pamphilo
3148 1686 3387 1749 martyri
3421 1672 3687 1739 innititur
3725 1696 3773 1740 et

2160 1746 2602 1826 Eusebia-Atqui
2640 1752 3009 1826 scriptorhille
3045 1765 3163 1806 non
3185 1746 3475 1812 fuit'certe
3501 1760 3771 1826 Arianus,

2165 1818 2282 1883 qui,
2318 1820 2465 1871 teste
2506 1822 2719 1883 Photio,
2768 1824 2829 1873 de
2870 1824 3073 1874 Sancta
3129 1826 3389 1878 Trinitate
3428 1830 3578 1881 nihil
3615 1818 3770 1883 οη·αὲ

2165 1895 2345 1940 tarum
2374 1892 2565 1967 adfert.
2600 1894 2745 1967 Quin
2769 1895 2931 1944 etiam
2951 1895 3048 1946 hoc
3069 1898 3257 1947 asserit
3273 1899 3335 1949 de
3356 1900 3598 1967 Origene,
3624 1904 3772 1967 nihil

2154 1975 2296 2022 eum,
2344 1964 2490 2038 quod
2504 1965 2747 2038 Aquiden
2775 1967 2850 2015 ad
2896 1966 3093 2031 dogma
3137 1969 3200 2019 de
3252 1964 3515 2023 Trinitate
3560 1964 3768 2038 attinet,

2155 2047 2383 2107 errasse.
2411 2037 2475 2087 In
2502 2036 2611 2090 hoc
2646 2037 2887 2091 articulo
2908 2040 3151 2093 eandem
3188 2041 3356 2107 plane
3391 2045 3675 2099 rationem
3712 2036 3771 2101 et

2155 2105 2495 2180 methodum
2507 2115 2723 2171 servat,
2733 2122 2800 2162 ac
2811 2112 3093 2176 Apologia,
3111 2105 3219 2165 sub
3233 2116 3513 2180 Pamphili
3533 2119 3766 2174 nomine

2154 2188 2193 2251 a_
2210 2177 2408 2251 Ruﬁno
2428 2179 2605 2233 latine
2634 2181 2804 2234 edita.
2832 2184 2982 2247 Ergo
3012 2184 3140 2237 haec
3160 2185 3289 2250 ipsa
3309 2177 3499 2251 Ruﬁni
3528 2192 3767 2245 transla-

2158 2247 2235 2323 t_io
2250 2249 2505 2323 codicem
2525 2254 2825 2318 Pamphili,
2854 2266 3026 2317 quem
3052 2247 3415 2323 Anonymus,
3440 2261 3500 2312 in
3523 2264 3765 2317 articqu

2157 2318 2233 2400 de
2244 2321 2527 2400 ITrinitate
2550 2325 2884 2388 catholicus,
2911 2328 3105 2380 Greece
3133 2318 3290 2395 legit,
3312 2318 3557 2385 ﬁdeliter
3579 2335 3765 2400 expri-

2155 2392 2278 2443 mit.
2296 2394 2411 2445 Nec
2428 2400 2566 2459 puto
2583 2410 2917 2462 quenquam
2935 2403 3177 2452 eatenus
3194 2392 3765 2461 divinationibusin-

2155 2462 2475 2530 dulturum,
2502 2473 2567 2520 ut
2581 2470 2841 2530 Ruﬁnum
2860 2470 3030 2533 dicat,
3051 2485 3169 2525 non
3191 2486 3263 2526 ex
3289 2488 3393 2528 suo
3412 2480 3644 2530 tantum
3659 2479 3760 2533 sed

2152 2539 2538 2615 exomnibus,
2558 2546 2847 2615 quotqum.
2869 2546 3051 2605 erant,
3076 2546 3502 2611 exemplaribus
3523 2551 3756 2615 Graecis,

2151 2607 2541 2663 Arianismum
2566 2612 2861 2675 delevisse,
2891 2627 3005 2679 quo
3029 2607 3265 2669 facilius
3284 2621 3515 2672 Eusebii
3547 2607 3756 2676 librum

2152 2679 2445 2757 Pamphilo
2468 2685 2705 2757 martyri
2723 2692 3085 2750 supponeret.
3106 2689 3243 2750 Quis
3261 2690 3368 2743 hoc
3394 2706 3651 2757 unquam
3672 2696 3756 2748 di-

2151 2754 2260 2831 cat,
2278 2758 2399 2831 _aut
2430 2756 2663 2809 credat?
2695 2758 2835 2810 Haec
2859 2758 3159 2831 manifeste
3184 2762 3451 2827 produnt,
3493 2754 3756 2831 Origenis

2148 2823 2489 2904 apologiam
2523 2832 2676 2904 recte
2698 2829 2993 2904 Pamphilo
3009 2823 3377 2898 adscriptam,
3404 2823 3453 2887 si
3485 2823 3754 2904 Pam-phi-

2150 2892 2242 2945 lus
2264 2897 2496 2959 perinde
2533 2912 2600 2951 ac
2623 2892 2905 2953 Eusebius
2937 2902 2998 2953 in
3026 2915 3094 2955 ea
3119 2892 3420 2959 condenda
3450 2892 3752 2964 laboravit.

2151 2964 2329 3039 Adde,
2359 2970 2645 3024 Socratem
2669 2972 2763 3023 lib.
2791 2974 2883 3024 IV.
2917 2986 3039 3039 cap.
3067 2976 3247 3028 XXII.
3266 2981 3448 3031 totam
3469 2981 3751 3035 uniPam-

2149 3035 2480 3118 philohdare.
2507 3044 2695 3118 Verba
2709 3044 2836 3107 ejus
2859 3035 3163 3118 hmo—sunt,
3186 3049 3435 3100 meminit
3466 3067 3681 3118 quoque
3700 3055 3755 3104 it-

2151 3104 2256 3189 alis
2269 3111 2550 3189 Δ(απ-εξοτῆ
2570 3104 2980 3189 Thaumaturgi
2994 3119 3011 3180 )
3024 3104 3354 3189 Pamphilus
3368 3104 3663 3189 martyr‘in
3688 3126 3754 3176 iis

2152 3176 2322 3248 libris,
2364 3176 2496 3249 quos
2535 3203 2633 3250 pro
2669 3188 2891 3252 Origene
2928 3176 3232 3240 Elaborauit.
3259 3194 3336 3245 At
3366 3202 3503 3247 vero
3517 3176 3628 3247 lib.
3660 3199 3759 3250 ΙΙΙ.

2074 3229 2124 3305 C
2156 3229 2974 3333 sapl'kﬁ'iialuipﬁiiﬁmﬁ-uxm
3012 3273 3079 3313 ac
3107 3229 3761 3333 Ευεθδίῖιιίιῗιῖιῖ-ἷηιᾶῖο

2152 3333 2509 3405 communiter
2533 3344 2632 3405 pro
2647 3330 2888 3405 Origene
2907 3332 3212 3405 insignibus
3232 3334 3382 3387 libris
3412 3330 3758 3405 Apologiam

2151 3402 2452 3465 scripsisse
2490 3402 2818 3465 tradiderat;
2856 3403 3065 3468 quippe
3108 3404 3357 3459 duorum
3391 3420 3537 3473 opus
3577 3402 3758 3466 modo

2148 3474 2397 3548 utrique,
2422 3474 2593 3548 modo
2621 3474 2879 3548 alterutri
2900 3474 3351 3548 adscribebatur.
3397 3480 3560 3534 Certe
3576 3484 3757 3548 Syno-

2148 3544 2314 3597 dicon
2327 3547 2525 3599 saeculi
2543 3548 2632 3619 VI.
2657 3560 2692 3599 a
2707 3546 3026 3619 Christiano
3048 3549 3205 3614 Lupo
3231 3550 3553 3615 vulgatum,
3580 3544 3758 3619 cujus

2146 3622 2343 3670 auctor
2365 3619 2577 3682 ubique
2604 3618 2904 3683 Origenem
2934 3618 3143 3684 pulsat,
3179 3622 3493 3676 Eusebium
3523 3618 3669 3679 citat
3690 3628 3755 3677 in

2145 3704 2298 3753 opere
2333 3690 2654 3755 apologetico
2674 3705 2774 3755 pro
2803 3689 3041 3755 Origene.
3076 3692 3184 3744 Sed
3208 3696 3469 3759 martyris
3501 3702 3548 3747 et
3572 3697 3755 3762 ipsius

2146 3759 2371 3837 Eusebii,
2380 3763 2726 3837 Caesar-censis
2740 3761 3055 3837 nominibus
3070 3766 3368 3837 praenotari
3385 3768 3625 3822 testatur
3640 3771 3753 3837 epi-

2146 3832 2295 3885 stola
2334 3834 2621 3886 CXCVIII.
2656 3832 2808 3899 apud
2833 3833 3129 3887 Baluzium
3147 3835 3209 3889 in
3232 3837 3394 3891 Nova
3414 3832 3753 3894 collectione

2146 3908 2301 3958 tome
2324 3906 2365 3957 I.
2398 3918 2525 3972 pag.
2564 3904 2688 3960 895.
2710 3906 2838 3958 Jam
2862 3905 3127 3959 videmus
3151 3919 3266 3972 quo
3299 3909 3508 3962 evadat
3546 3912 3752 3967 Hiero-

2141 3977 2300 4041 nymi
2310 3977 2729 4041 argumentatio
2738 3976 2811 4029 ad
2819 3989 3025 4029 versus
3038 3977 3531 4045 Apologeticum,a
3540 3984 3745 4047 Ruﬁno

2144 4048 2507 4109 translatum,
2525 4049 2624 4101 ubi
2644 4049 2724 4102 ait
2748 4063 2762 4100 :
2793 4048 2853 4099 Si
2877 4048 3006 4098 liber
3022 4061 3248 4103 PRIMUS
3268 4067 3378 4103 non
3403 4053 3638 4117 Eusebii,
3656 4058 3751 4106 sed

2142 4120 2426 4185 Pamphili
2447 4126 2537 4183 est,
2563 4120 2625 4170 de
2647 4130 2757 4172 SEX
2782 4120 2931 4171 libris
2953 4121 3076 4184 quis
3102 4122 3203 4171 erit
3222 4134 3446 4177 PRIMUS
3482 4126 3745 4178 Eusebii?

2142 4192 2198 4242 Is
2222 4192 2329 4243 erit
2355 4190 2496 4244 liber
2521 4191 2820 4257 Pamphili.
2839 4192 2948 4245 Sed
2977 4192 3087 4245 alia
3108 4194 3252 4246 ratio
3267 4194 3475 4248 librum
3490 4199 3747 4261 primum

2139 4262 2560 4335 uniPamphilo
2583 4263 2853 4335 vindicat.
2887 4264 3024 4335 Eam
3046 4265 3268 4330 accipe;
3300 4267 3403 4319 sed
3421 4269 3621 4321 Picum
3640 4282 3747 4335 pro

2141 4345 2208 4386 eo
2241 4333 2573 4398 loquentem
2628 4334 2785 4399 prius
2807 4334 3006 4388 audire
3028 4348 3267 4390 necesse
3311 4343 3415 4390 est.
3454 4333 3747 4395 Eusebius

2140 4405 2293 4469 apud
2330 4406 2747 4469 Hieronymum
2780 4406 2970 4470 inquit
3005 4407 3194 4471 Picus,
3217 4410 3456 4473 probare
3480 4413 3746 4475 conatur,

2140 4475 2444 4541 Origenem
2487 4476 2652 4539 fuisse
2695 4478 2993 4530 Arianum.
3037 4479 3216 4543 Atqui
3264 4481 3326 4533 in
3367 4480 3746 4547 Apologetico

2141 4547 2575 4613 Pamphilinihil
2610 4548 2767 4601 aliud
2791 4550 2997 4613 agitur,
3023 4562 3199 4614 quam
3220 4556 3287 4604 ut
3306 4554 3595 4619 probetur,
3621 4556 3744 4609 Ori-

442 4621 611 4669 νηπιιά
654 4627 807 4686 ροηίι
848 4628 1110 4691 exempla.
1148 4634 1195 4679 ει
1221 4614 1338 4679 ἰιοο
1373 4634 1674 4711 constanter
1695 4614 1913 4711 ’ρνδιπξςε
1945 4629 2034 4682 δίο
2058 4614 2117 4690 D
2138 4620 2672 4711 auersatus?
2699 4621 3012 4711 strue:
3030 4614 3594 4711 assesasses“).

438 4691 2034 4765 HieronymusNumistudopus,sexvotumind,seulibros
2136 4691 2559 4765 οοηῧΐωᾶηιὶᾶι
2590 4693 2651 4744 in
2689 4698 2822 4765 7911178
2854 4692 3016 4765 libris
3038 4701 3365 4755 οοοιιΐωιιις
3396 4708 3515 4750 non
3541 4698 3617 4751 ab
3642 4699 3743 4754 i110

438 4763 792 4827 complexus,
823 4768 1029 4821 alicubi
1045 4763 1233 4824 adhuc
1250 4772 1515 4836 supersit,
1543 4766 1780 4825 omnino
1803 4772 2033 4835 ignora-

416 4860 420 4866 ‘
438 4837 660 4905 mus-In
678 4841 931 4904 SYnopsi,
948 4853 1124 4905 quam
1139 4843 1375 4896 exhibet
1392 4844 1628 4897 Photius
1642 4843 1764 4897 cod.
1786 4844 2030 4895 CXVIII.

438 4903 612 4975 inque
625 4907 753 4961 libri
776 4903 1096 4966 Lyersione
1112 4913 1307 4970 latina.
1330 4928 1365 4966 a
1387 4916 1584 4972 Ruﬁno
1608 4914 1881 4975 contecta,
1904 4914 2035 4967 nul-

438 4973 561 5050 lum
576 4983 727 5032 certe
743 4981 966 5033 Arianae
978 4986 1215 5047 perﬁdiae
1229 4986 1541 5050 vestigium
1557 4973 2030 5049 deprehenditur:

440 5046 604 5121 sique
627 5052 901 5107 Arianum
916 5046 1077 5109 virus
1093 5057 1153 5109 in
1176 5046 1680 5121 eadem—Apologia,
1697 5069 1870 5121 quam
1887 5056 2034 5109 Pho-

438 5117 553 5192 tius
576 5121 903 5177 criticorum
926 5126 1195 5192 princeps
1213 5117 1515 5192 diligenter
1534 5117 1810 5191 excussit,
1833 5140 2035 5180 revera

436 5189 777 5257 delituisset,
790 5189 949 5250 nulla
961 5189 1216 5261 profocto
1231 5189 1440 5252 caussa
1448 5204 1587 5253 erat.
1610 5212 1712 5250 cur
1724 5189 1864 5263 ipse,
1880 5198 2031 5261 Ario,

435 5266 495 5332 et
505 5263 731 5327 Origeni
747 5267 889 5321 alias
905 5270 1139 5323 minime
1152 5270 1416 5328 blandus,
1435 5270 1491 5321 id
1509 5268 1733 5322 silentio
1746 5270 2032 5332 praeterire

435 5330 747 5390 debuisset.
768 5340 843 5392 At
865 5353 1001 5393 vero
1029 5354 1148 5394 non
1163 5353 1319 5393 unus
1336 5340 1636 5402 Eusebius,
1662 5346 1729 5393 ut
1752 5330 2031 5405 Hierony-

437 5414 568 5476 mus
583 5410 825 5466 censuit.
843 5411 944 5463 sed
970 5412 1250 5464 Eusebius
1273 5410 1446 5463 simul
1463 5414 1521 5463 et
1545 5411 1873 5476 Pamphilus
1896 5425 2032 5464 con-

429 5473 647 5547 junctis
677 5480 882 5533 studiis
923 5481 1265 5544 Apologiam,
1303 5493 1405 5545 pro
1432 5473 1831 5547 maxima-ejus
1851 5487 2028 5547 parte,

434 5545 797 5617 scripserunt.
823 5554 945 5605 Hoc
966 5550 1225 5604 disertim
1247 5556 1493 5603 testatur
1525 5554 1621 5617 qui
1656 5545 1915 5606 omnium
1936 5566 2031 5617 op-

434 5616 703 5672 timerem
724 5624 890 5677 novit
908 5623 1189 5675 Eusebius
1212 5622 1455 5687 ipsemet
1468 5616 1563 5676 lib.
1589 5627 1684 5677 VI.
1710 5626 1857 5678 Hist.
1881 5616 2025 5677 EcCl.

430 5700 554 5753 cap.
592 5692 852 5745 XXXIII.
901 5694 1252 5758 Quaecumque
1280 5709 1419 5755 vero,
1456 5695 1642 5760 inquit
1677 5697 1739 5746 de
1765 5697 1858 5748 illo
1885 5696 2026 5760 (Ori-

430 5763 593 5824 gene)
624 5765 920 5814 necessario
944 5765 1306 5829 cognoscenda
1347 5771 1492 5826 sunt,
1524 5784 1587 5817 ea
1621 5773 1790 5833 petere
1819 5768 1932 5816 licet
1961 5782 2027 5816 ex

428 5831 714 5898 Apologia,
739 5849 909 5898 quam
930 5850 1028 5899 pro
1051 5850 1109 5885 eo
1129 5850 1220 5899 ego
1241 5840 1287 5887 et
1312 5836 1541 5889 Sanctus
1568 5831 1742 5889 nostri
1774 5838 2027 5903 temporis

430 5909 647 5968 martyr
659 5905 985 5970 Pamphilus
999 5915 1485 5972 CONSGRIPSIMUS,
1501 5925 1668 5976 quam
1677 5910 1895 5977 quidem
1910 5924 2026 5971 nos,

2134 4764 2361 4829 scripta,
2389 4764 2491 4817 sed
2514 4764 2587 4816 ab
2604 4764 2829 4816 Arianis
2851 4764 3095 4817 intrusa.
3113 4768 3262 4832 Ergo
3277 4768 3511 4821 omnino
3539 4769 3742 4824 diver-

2134 4848 2235 4888 sus
2261 4836 2336 4889 sit
2358 4835 2501 4890 liber
2522 4836 2631 4888 iste
2653 4836 2838 4888 abillo
2862 4849 3102 4890 necesse
3128 4841 3236 4901 est,
3264 4840 3359 4901 qui
3391 4842 3741 4897 contrariam

2131 4919 2400 4979 caussam
2424 4910 2634 4960 tuetur.
2662 4908 2833 4979 Porro
2856 4907 3067 4961 librum
3088 4908 3243 4963 hunc
3262 4911 3511 4976 primum
3533 4915 3742 4979 Apolo-

2130 4978 2259 5044 gitB,
2298 4978 2360 5030 in
2390 4994 2483 5029 sea:
2508 4979 2668 5029 libros
2699 4978 3017 5041 distinctu),
3043 4981 3185 5033 solus
3225 4983 3551 5047 Pamphilus
3594 4987 3743 5039 scri-

2131 5050 2265 5115 psit,
2298 5055 2445 5102 teste
2461 5050 2789 5103 Hieronimo
2811 5051 2870 5103 in
2885 5051 3171 5118 Catalogo,
3190 5066 3364 5118 quem
3386 5056 3437 5109 is
3476 5059 3612 5110 ante
3636 5058 3743 5112 de-

2130 5122 2391 5173 cennium
2414 5121 2687 5186 ediderat,
2728 5121 2987 5187 adeoque
3015 5128 3265 5190 tempore
3293 5139 3452 5192 puro,
3481 5129 3739 5182 necdum

2129 5193 2335 5268 anulla
2358 5207 2491 5268 cum
2506 5194 2715 5268 Ruﬁno
2730 5194 3028 5268 inimicitia
3042 5197 3291 5251 turbato.
3316 5199 3412 5251 Ait
3433 5200 3590 5252 enim
3606 5215 3736 5268 cap.

2131 5265 2683 5331 LXXV.Pamphilus
2702 5267 2914 5330 scripsit
2932 5279 3264 5331 ANTBQUAM
3278 5270 3540 5322 Eusebius
3557 5265 3740 5325 οαᾷ-

2128 5338 2327 5409 reensis
2357 5336 2616 5409 scriberet,
2637 5337 3039 5409 Apologeticum
3068 5355 3170 5405 pro
3199 5342 3439 5406 Origene,
3482 5344 3629 5409 sive,
3670 5349 3738 5398 ut

2128 5407 2227 5471 qui
2244 5411 2332 5460 est
2356 5407 2487 5457 liber
2505 5408 2720 5479 primus
2743 5407 3038 5471 Apologia)
3052 5410 3112 5463 in
3125 5426 3220 5463 sea:
3240 5412 3404 5464 libros
3424 5407 3632 5479 postea
3648 5417 3737 5470 di-

2131 5479 2378 5532 stinctae.
2413 5480 2518 5531 His
2533 5478 2726 5533 verbis
2750 5479 3137 5545 Hieronymus
3160 5484 3215 5535 in
3232 5487 3601 5540 antecessum
3632 5501 3737 5541 ex-

2129 5550 2361 5615 plicavit
2381 5550 2535 5613 quod
2559 5554 2760 5616 postea
2772 5551 3128 5619 scripsitcap.
3155 5557 3436 5609 LXXXV.
3459 5559 3559 5610 ubi
3579 5560 3736 5614 inter

2129 5622 2312 5694 Opera
2340 5622 2567 5694 Eusebii
2587 5621 2944 5694 hocilegitur:
2969 5624 3242 5690 Apologia
3270 5644 3370 5693 pro
3395 5630 3628 5694 Origene
3664 5632 3735 5683 ti.

2124 5692 2207 5743 bri
2225 5707 2336 5744 sex.
2359 5693 2547 5757 Hujus
2570 5693 2864 5758 Apologise
2879 5696 3097 5760 quatior
3107 5692 3529 5764 subsequentes
3552 5702 3734 5756 libros

2125 5764 2451 5829 Pamphilus
2479 5766 2537 5817 et
2562 5764 2820 5816 Eusebius
2853 5768 3223 5831 postmodum
3259 5771 3481 5825 collatis
3515 5774 3733 5827 studiis

2124 5837 2605 5910 unascripserunt
2629 5836 2691 5889 in
2705 5850 2947 5892 carcere.
2973 5840 3267 5905 Pamphilo
3288 5843 3538 5910 denique
3567 5859 3732 5900 mar-

2126 5908 2255 5973 tyrii
2285 5908 2465 5976 gloria
2495 5914 2785 5974 coronato,
2818 5915 3005 5964 totum
3028 5911 3239 5968 librum
3274 5908 3486 5969 scortum
3508 5916 3585 5972 de
3616 5932 3732 5974 suo
