3894 6418
118 392 231 451 157

1404 404 1597 458 VITA.
1635 404 1769 456 LIB.
1803 404 1872 457 Π.
1911 404 2065 457 CAP.
2101 404 2169 457 V.

3345 411 3452 471 158

114 513 414 600 Eusebius
429 515 714 600 adiunxit,
733 530 911 600 quem
924 531 1108 600 unum
1117 530 1219 600 pro
1232 519 1557 600 Eusebiano
1572 520 1738 573 Gela-
1763 524 1819 600 Α
1849 521 2134 600 Pamphili
2142 523 2402 600 simulas,
2436 526 2773 600 sequentium
2797 525 3060 600 librorum
3082 529 3229 593 facta
3250 531 3450 581 mentio

115 583 251 667 sius
269 586 311 637 Ι.
342 589 600 667 pontifex
638 583 881 667 agnovit
894 591 958 667 in
994 583 1484 667 Decreto,a_nob_is
1513 592 1736 667 sincere

114 655 301 733 edito,
331 658 476 713 dum
494 655 616 733 cap,
643 655 738 715 III.
763 663 835 716 de
862 664 1111 717 Eusebio
1147 655 1263 717 ait:
1283 664 1435 724 Quod
1462 665 1523 713 in
1566 664 1739 713 ιαιιιιίς

116 727 221 779 bus
243 735 410 796 atque
432 727 775 786 excusatione
801 736 1047 801 Origenis
1072 736 1414 787 Schismatici
1430 749 1603 789 UNUM
1618 750 1737 787 com

115 802 405 867 scripserit
428 816 678 859 LIBRUM.
709 809 836 860 Non
863 821 994 873 ergo
1017 823 1128 869 sesc,
1160 808 1263 861 sed
1288 824 1466 858 unum
1488 813 1735 872 tantum,

114 884 339 940 nempe
351 884 565 928 sextum
588 879 797 932 librum
827 880 897 933 de
922 892 1027 932 suo
1048 880 1333 933 Eusebius
1357 880 1632 945 procudit.
1672 882 1738 933 In

117 945 361 1010 Synodo
385 950 506 1002 VII.
531 953 884 1005 moumenica
909 952 1142 1005 Actione
1161 955 1230 1004 V.
1255 952 1410 1017 apud
1443 953 1736 1005 Labbeum

117 1020 289 1089 torno
303 1020 424 1072 VII.
440 1034 567 1087 pag.
604 1022 729 1078 367.
762 1024 1061 1089 Antipater
1074 1024 1410 1075 Bostrorum
1432 1024 1736 1088 episcopus

115 1089 161 1138 Α
171 1088 455 1155 potogiam
473 1093 707 1156 Eusebii,
725 1107 842 1147 non
857 1095 1160 1159 Pamphili,
1171 1095 1455 1148 refutasse
1475 1095 1733 1157 traditur,

116 1161 285 1224 quia,
311 1168 379 1215 ut
394 1170 551 1229 puto,
580 1165 733 1219 hunc
757 1180 938 1220 unum
960 1168 1167 1220 librum
1196 1174 1408 1218 seactum
1431 1167 1737 1233 refutavit;

117 1244 267 1305 qum,
285 1234 440 1287 enim
470 1249 542 1288 ex
566 1236 822 1288 Sermone
840 1239 1023 1305 primo
1044 1238 1532 1289 contradictionum
1567 1238 1735 1291 Anti-

98 1304 277 1370 ,patri
308 1307 634 1369 recitantur,
682 1304 1167 1373 prweaistentiam
1216 1309 1538 1363 animarum
1576 1309 1739 1362 refel-

116 1373 278 1438 lunt,
293 1376 364 1433 de
375 1390 489 1442 qua
505 1380 838 1445 Pamphilus
851 1383 1086 1434 omnino
1104 1381 1246 1434 silet.
1268 1381 1485 1443 Floruit
1502 1382 1740 1446 Antipa-

120 1453 295 1512 Pater
316 1450 386 1501 A.
414 1451 476 1502 D.
494 1452 618 1507 460.
647 1466 718 1506 ex
735 1454 957 1506 Norisio
972 1454 1033 1506 in
1060 1454 1302 1506 Dissert.
1328 1454 1399 1506 de
1426 1453 1735 1519 SynodoV.

119 1530 252 1591 cap.
275 1521 425 1574 XIII.
452 1525 507 1575 Is
531 1524 595 1576 in
617 1537 824 1578 caussa
847 1538 975 1577 esse
1001 1526 1204 1590 potuit,
1231 1538 1332 1577 cur
1357 1530 1555 1591 postea
1578 1524 1740 1577 Gela-

122 1590 254 1644 sius
272 1594 340 1654 A,
367 1595 432 1647 D.
459 1594 579 1650 494.
597 1596 660 1648 in
681 1598 918 1650 Decreto
936 1598 1183 1660 eundem
1209 1590 1409 1646 librum
1433 1612 1611 1646 unum
1638 1609 1741 1649 no-

121 1664 356 1718 taverit.
380 1668 506 1719 Jam
543 1671 717 1733 patet,
739 1682 840 1721 cur
861 1669 961 1721 uni
987 1669 1294 1732 Pamphilo,
1328 1673 1387 1721 et
1410 1681 1529 1721 non
1566 1669 1739 1721 etiam

118 1732 359 1787 Eusebio
376 1751 524 1790 unus
542 1732 685 1791 liber
704 1742 920 1805 primus
935 1741 1236 1793 tribuatur.
1265 1739 1560 1805 Pamphilo
1598 1753 1741 1803 quo-

121 1818 243 1870 que
259 1808 461 1862 tribuit
476 1811 810 1872 Gennadius,
833 1815 896 1864 ut
919 1816 1120 1877 postea
1134 1813 1491 1864 monstrabo.
1509 1812 1599 1863 Ad
1615 1813 1741 1863 haec

116 1878 574 1943 antiquissimus
584 1883 1387 1946 auctorPrtndestinati,quem
1398 1889 1531 1935 ante
1542 1888 1738 1935 natam

117 1949 391 2015 Eutychii
406 1953 694 2019 haeresim,
713 1955 822 2008 hoc
833 1961 957 2009 este
973 1961 1106 2008 ante
1119 1958 1187 2008 A.
1211 1957 1277 2007 D.
1310 1955 1433 2011 447.
1459 1955 1738 2020 prodiisse

117 2027 378 2088 constat,
403 2038 693 2092 quemque
707 2027 806 2080 alii
825 2028 1121 2088 Primasio,
1146 2026 1243 2079 alii
1270 2026 1512 2077 Arnobio
1524 2027 1739 2092 juniori

114 2093 464 2150 adscribunt
486 2100 621 2163 (qua
635 2101 704 2151 de
716 2113 779 2152 re
793 2100 925 2153 vide
938 2099 1337 2165 praefationem
1361 2100 1500 2152 torni
1520 2101 1561 2150 Ι.
1591 2099 1738 2164 Ope-

115 2179 257 2219 rum
284 2168 570 2224 Sirmondi
591 2174 643 2236 §.
661 2171 732 2235 7.)
757 2172 951 2236 ipsum
973 2171 1406 2236 Apologeticum
1434 2171 1533 2224 uni
1567 2172 1735 2221 Pam-

115 2239 283 2301 philo
296 2240 451 2294 hisce
467 2244 661 2296 verbis
672 2244 872 2296 tribuit
888 2257 1011 2309 cap.
1027 2242 1251 2303 XXII.Q
1261 2244 1546 2307 uicumque
1572 2257 1738 2307 usque

122 2310 290 2362 hodie
307 2312 588 2378 Origencm
605 2315 744 2380 legit,
766 2317 815 2366 si
836 2316 1093 2381 prudenti
1116 2330 1240 2365 eum
1261 2315 1409 2364 novit
1426 2314 1736 2364 recitatione

118 2382 470 2447 distinguere,
500 2386 851 2451 deprehendit
893 2387 1007 2437 loca
1031 2386 1093 2436 ab
1129 2386 1389 2437 haereticis
1414 2385 1689 2435 maculata
1718 2399 1732 2437 :

119 2456 274 2517 quod
292 2455 370 2506 ita
388 2472 490 2508 esse
508 2458 837 2522 Pamphilus
850 2460 912 2508 in
937 2469 1052 2513 SUO
1076 2457 1410 2523 Apologetico
1426 2457 1732 2509 declaravit.

117 2528 353 2580 Rursus
388 2541 507 2594 cap.
547 2532 745 2583 XLIII.
787 2531 869 2583 sic
906 2530 1160 2595 loquitur
1184 2546 1199 2579 :
1222 2531 1324 2580 Hic
1365 2529 1735 2593 (Pamphilus)

120 2600 743 2667 BDIDITApologeticum
754 2608 804 2652 et
813 2602 1019 2662 omnia,
1037 2617 1152 2665 quae
1172 2601 1434 2652 Catholici
1463 2601 1733 2664 ignoran-

119 2674 196 2719 tes
222 2673 587 2737 mentiuntur,
611 2674 852 2737 exclusit,
872 2675 1169 2734 ostendens,
1188 2688 1268 2733 ea,
1301 2688 1418 2737 qua
1442 2673 1734 2738 reprehen-

116 2740 308 2791 sibilia
342 2743 705 2795 inveniuntur
753 2745 816 2794 in
859 2745 973 2809 ejus
1013 2744 1301 2808 opusculis,
1343 2744 1589 2808 Origenis
1619 2759 1733 2794 non

116 2827 244 2865 esse.
268 2814 378 2868 Hic
410 2820 610 2870 auctor
629 2816 858 2882 scripsit
880 2822 1014 2882 post
1036 2816 1494 2869 concertationes
1531 2816 1639 2868 hac
1661 2815 1733 2868 de

120 2897 184 2937 re
205 2884 360 2938 inter
387 2888 824 2954 Hieronymum,
847 2890 1146 2952 Ruﬁnumq
1157 2904 1217 2939 ue
1240 2888 1440 2948 editas,
1461 2892 1518 2939 et
1539 2891 1732 2940 tamen

118 2957 317 3021 Ruﬁni
330 2959 402 3012 de
423 2960 716 3026 Pamphilo
742 2960 1087 3014 sententiam
1102 2960 1366 3025 amplecti
1387 2959 1607 3011 maluit.
1640 2961 1729 3012 Jo.

120 3028 473 3083 Trithemius
495 3032 558 3084 in
581 3033 847 3098 Catalogo
905 3045 1028 3097 cap.
1072 3032 1295 3084 XLVII.
1347 3035 1406 3084 et
1451 3030 1730 3083 Baronius

125 3100 305 3154 etiam
323 3107 388 3155 A.
413 3102 612 3160 D.‘256.
642 3105 695 3170 §.
722 3104 894 3160 40.ab
909 3105 1017 3157 hac
1043 3104 1329 3157 sententia
1363 3114 1731 3167 nequaquam

125 3171 436 3227 discedunt
460 3214 472 3226 .
500 3176 691 3238 Quum
715 3189 850 3230 vero
874 3177 1161 3229 universae
1185 3176 1225 3225 Α
1233 3174 1455 3240 pologiae
1476 3175 1733 3226 maxima

124 3257 275 3310 pars,
290 3247 415 3300 sive
438 3249 541 3300 toti
564 3248 967 3313 libriquatuor,
992 3249 1192 3312 primo,
1218 3249 1276 3299 et
1298 3253 1444 3297 sexto
1461 3246 1732 3299 interme—

123 3317 202 3369 dii
232 3318 385 3371 duos
412 3318 584 3371 simul
607 3319 895 3370 Eusebium
917 3324 975 3372 et
997 3318 1355 3384 Pamphilum
1385 3317 1731 3370 indiscrimi-

120 3390 299 3442 natim
330 3396 627 3443 auctorem
655 3392 954 3456 haberent,
979 3395 1093 3441 seact
1116 3405 1284 3452 usque
1300 3390 1537 3454 insuper
1565 3392 1723 3442 totus

120 3466 277 3514 esset
300 3461 535 3523 Eusebii,
562 3462 718 3515 haud
740 3463 954 3516 mirum
970 3464 1079 3527 est,
1105 3461 1153 3513 si
1167 3461 1447 3525 Eusebius,
1466 3461 1724 3513 omnium

120 3532 466 3585 conditorab
476 3534 824 3599 Hieronymo
834 3534 1078 3599 aliisque
1096 3533 1388 3586 interdum
1398 3534 1577 3590 dictus,
1606 3532 1726 3584 sive

117 3605 293 3657 etiam
308 3604 581 3658 creditus.
603 3607 737 3657 Post
753 3606 1020 3670 Synodici
1034 3610 1346 3663 auctorem,
1367 3609 1425 3656 et
1444 3603 1726 3667 Photium,

122 3677 477 3743 Nicephorus
491 3677 760 3731 Callistus
774 3677 870 3731 lib.
897 3679 969 3729 X.
996 3691 1117 3743 cap.
1145 3678 1294 3728 XIV.
1320 3675 1549 3728 mixtim
1574 3678 1726 3728 totos

120 3762 223 3801 sex
242 3749 426 3801 libros
461 3750 755 3814 Pamphilo
780 3749 1013 3814 perinde
1041 3750 1148 3801 hac
1174 3748 1400 3798 Eusebio
1431 3753 1728 3812 propterea

118 3821 473 3887 adsignavit;
491 3821 647 3886 quod
664 3833 865 3874 omnes
887 3821 948 3874 in
973 3834 1088 3873 uno
1107 3820 1299 3873 codice
1314 3819 1581 3884 junctim,
1607 3832 1726 3872 non

119 3891 426 3957 separatim
446 3894 823 3945 occurrerent.
847 3894 966 3945 Nec
985 3905 1127 3944 sane
1145 3891 1392 3956 primum
1411 3903 1446 3943 a
1469 3891 1725 3955 quinque

117 3963 348 4028 reliquis
368 3962 541 4016 avelli
563 3964 831 4029 oportuit,
859 3965 907 4017 si
931 3964 991 4016 in
1005 3964 1276 4017 omnibus
1296 3962 1531 4014 unicum
1551 3974 1725 4027 argu-

117 4039 379 4088 mentum
399 4036 515 4088 duo
534 4040 794 4088 auctores
812 4035 985 4088 simul
1001 4035 1342 4088 tractabant.
1369 4033 1621 4097 adeoque
1636 4038 1723 4086 to-

121 4110 238 4159 tum
247 4121 399 4173 opus
419 4108 738 4172 generatim
751 4108 1035 4171 Pamphili
1052 4111 1111 4160 et
1131 4105 1351 4157 Eusebii
1367 4117 1467 4170 pro
1479 4105 1722 4170 Origene

118 4180 394 4244 Apologia
428 4179 539 4230 dici
578 4180 706 4244 jure
729 4183 788 4231 et
811 4179 1017 4231 merito
1046 4178 1250 4244 potuit.
1295 4178 1404 4229 Tot
1434 4176 1720 4229 rationum

117 4256 411 4304 momenta
421 4250 542 4303 suis
553 4250 789 4303 omnino
802 4250 1036 4303 calculis
1046 4250 1117 4303 ad
1126 4249 1386 4314 probavit
1398 4250 1580 4301 Lucas
1592 4249 1722 4314 Hol-

119 4323 337 4376 stenius
357 4323 419 4375 in
447 4323 601 4375 notis
631 4324 766 4375 Mss.
802 4322 875 4375 ad
900 4310 1231 4387 Catalogum
1257 4321 1601 4381 Bellarmini,
1619 4310 1719 4374 ubi

116 4394 183 4446 de
212 4394 454 4457 Origene
471 4396 662 4458 agitur
683 4409 700 4443 :
724 4394 860 4457 Imo,
881 4393 1087 4457 inquit,
1105 4393 1319 4458 primus
1343 4392 1473 4441 liber
1494 4392 1719 4442 indubi-

1848 596 1938 644 est.
1977 595 2156 660 Atqui
2185 596 2471 660 volumen,
2498 598 2653 663 quod
2686 599 2965 665 Pamphili
2987 612 3022 653 a
3043 600 3251 654 Rufino
3272 602 3451 652 simu-

1959 666 2274 748 dicebatur,
2291 676 2375 723 est
2394 671 2544 748 idem
2563 672 2780 748 ipsum,
2803 673 2957 748 quod
2978 673 3225 748 Rufinus
3254 674 3454 748 vulga-

1835 740 1936 790 vit.
1963 740 2078 794 Sua
2099 742 2253 794 enim
2271 743 2537 795 versione
2566 742 2744 796 latina
2766 744 2874 797 hoc
2896 745 3161 796 simulare
3198 746 3451 799 creditus

1836 825 1943 880 est,
1971 826 2309 881 quanquam
2339 828 2448 867 nec
2474 815 2751 865 simulavit
2775 816 2929 880 quod
2959 830 3159 872 revera
3181 819 3447 872 asseruit.

1837 889 2000 952 Quod
2023 899 2159 941 vero
2176 887 2478 951 subjungit
2504 887 2889 951 Stridonensis
2912 890 3111 941 Pater:
3137 890 3201 939 In
3218 889 3448 940 secundo

1837 975 2046 1026 quoque
2068 964 2113 1010 et
2138 958 2362 1022 reliquis
2387 958 2515 1008 dicit
2540 958 2803 1009 Eusebius
2826 960 2972 1024 quod
3001 961 3064 1009 in
3105 960 3287 1025 primo
3313 960 3448 1011 libro

1835 1038 1961 1083 ante
1975 1032 2098 1097 jam
2121 1031 2354 1091 dixerat,
2382 1034 2427 1078 et
2453 1030 2596 1093 quod
2619 1030 2801 1079 eadem
2825 1037 3050 1095 repetere
3086 1046 3199 1082 non
3220 1032 3417 1081 audeat
3429 1047 3447 1092 ς

1836 1104 1946 1158 hoc
1989 1102 2275 1167 Pamphili
2311 1113 2581 1153 caussam
2621 1114 2990 1166 nequaquam
3032 1103 3263 1165 evertit;
3288 1102 3448 1154 inse-

1836 1176 2013 1226 cundo
2043 1173 2197 1226 enim
2219 1176 2276 1225 et
2299 1172 2715 1238 posterioribus
2735 1172 2897 1225 libris
2917 1175 3131 1227 mentio
3149 1174 3324 1240 primi
3344 1174 3449 1226 uti-

1838 1259 1949 1311 que
1971 1245 2093 1297 fleri
2116 1244 2319 1310 potuit,
2352 1244 2531 1296 immo
2555 1249 2613 1296 et
2642 1244 2858 1305 debuit,
2894 1257 3073 1308 quum
3117 1245 3209 1297 hic
3230 1245 3446 1310 primus

1830 1317 2177 1384 jamdudum
2205 1317 2278 1368 ab
2316 1316 2436 1367 solo
2462 1316 2773 1380 Pamphilo,
2800 1316 3169 1380 postmodum
3207 1322 3445 1380 quatuor

1838 1389 2040 1453 reliqui
2064 1389 2136 1441 ab
2162 1386 2386 1437 Eusebio
2403 1386 2575 1439 simul
2598 1390 2655 1438 et
2677 1387 2990 1451 Pamphilo,
3003 1393 3116 1437 sea't
3124 1403 3182 1436 us
3197 1386 3447 1450 denique

1837 1464 1911 1515 ab
1953 1460 2074 1513 solo
2106 1458 2334 1510 Eusebio
2355 1457 2678 1532 conscripti
2704 1459 2967 1532 fuissent.
3014 1460 3232 1511 Caussa
3270 1470 3446 1532 quam

1838 1534 2226 1598 Hieronymus
2269 1542 2305 1582 a
2344 1531 2542 1594 Ruﬁno
2588 1529 3002 1591 sciscitabatur,
3055 1544 3157 1583 cur
3194 1531 3446 1596 primum

1839 1604 2162 1665 dumtaxat,
2176 1608 2233 1655 et
2243 1614 2361 1654 non
2376 1602 2616 1666 quinque
2626 1603 2878 1666 reliquos
2891 1601 3293 1662 transtulisset,
3311 1601 3442 1655 hac

1840 1676 1966 1739 fuit,
1991 1675 2126 1741 quia
2145 1686 2263 1726 non
2287 1673 2502 1723 Eusebii
2529 1672 2701 1724 simul
2729 1679 2786 1726 et
2801 1673 3107 1739 Pamphili,
3144 1674 3245 1726 sed
3269 1673 3445 1726 unius

1841 1747 2124 1814 Pamphili
2138 1745 2526 1798 indubitatum
2540 1758 2640 1809 pro
2653 1745 2895 1810 Origene
2915 1745 3329 1807 testimonium,
3344 1757 3443 1809 per

1842 1833 1905 1873 se
1938 1821 2230 1884 integrum
2250 1824 2301 1869 et
2329 1816 2696 1882 completum,
2734 1817 3046 1882 producere
3070 1817 3273 1870 voluit.
3295 1818 3446 1869 Hinc

1840 1892 2001 1945 nulla
2023 1891 2198 1943 libros
2222 1889 2487 1953 reliquos,
2508 1890 2580 1940 ab
2599 1893 2854 1953 utroque,
2882 1902 2999 1941 non
3028 1890 3102 1941 ab
3136 1901 3253 1941 uno
3277 1893 3442 1939 Pam-

1838 1964 1992 2030 philo
2038 1963 2280 2028 scriptos
2326 1960 2708 2015 transferendi
2744 1961 3061 2014 necescitas
3096 1961 3217 2013 fuit.
3252 1960 3445 2021 Quid?

1838 2036 1992 2102 quod
2025 2036 2178 2088 idem
2214 2036 2449 2097 Ruﬁnus
2476 2035 2533 2085 in
2556 2033 2791 2100 prologo
2831 2046 2936 2086 suo
2960 2034 3033 2085 ad
3058 2033 3365 2083 Macarium
3381 2045 3444 2085 se

1838 2108 2076 2162 unicum
2110 2107 2437 2173 Apologetici
2469 2105 2676 2158 librum
2718 2106 2828 2158 sibi
2866 2105 3211 2158 vertendum
3233 2118 3444 2171 propo-

1837 2181 2023 2233 suisse
2044 2183 2285 2232 testatur
2297 2181 2324 2231 ?
2340 2178 2539 2228 librum
2551 2179 2666 2242 ejus
2679 2178 2994 2243 (Pamphili)
3018 2192 3177 2242 quem
3198 2192 3297 2240 pro
3315 2176 3443 2228 Ori-

1833 2267 1962 2318 gene
1985 2251 2041 2301 in
2081 2251 2256 2301 Graeco
2278 2249 2548 2310 scripsisse
2571 2249 2826 2311 traditur,
2846 2248 3135 2312 transferri
3159 2248 3254 2298 tibi
3276 2263 3440 2314 popo-

1831 2322 1991 2373 sceris
2014 2322 2075 2371 in
2103 2320 2358 2371 lati-num.
2385 2322 2513 2373 Non
2560 2319 2726 2369 libros
2769 2319 2870 2372 sed
2905 2319 3107 2368 librum
3139 2322 3436 2371 memorat.

1832 2394 2020 2445 Verba
2040 2391 2308 2456 scripsisse
2331 2391 2586 2452 traditur,
2614 2391 2783 2443 nobis
2807 2390 3123 2443 ostendunt
3153 2402 3275 2442 rem
3314 2401 3441 2442 om-

1831 2465 1998 2518 nium
2040 2464 2359 2529 vulgatam,
2401 2462 2809 2527 communique
2850 2463 3154 2515 traditione
3199 2461 3439 2513 notissi-

1830 2549 2003 2591 mam.
2028 2536 2285 2599 adeoque
2311 2540 2451 2587 tunc
2488 2534 2739 2599 primum
2766 2534 2917 2586 haud
2948 2546 3087 2587 sane
3112 2533 3436 2585 confictam.

1894 2609 1962 2659 V.
1990 2609 2129 2660 Hinc
2161 2610 2574 2671 repraesentare
2627 2606 2823 2658 visum
2846 2610 2955 2667 est,
2981 2609 3045 2657 ut
3068 2604 3443 2669 intelligatur,

1830 2678 2193 2744 Pamphilum
2203 2680 2516 2742 martyrem
2531 2689 2601 2728 ex
2621 2676 2915 2742 Apologia:
2927 2675 3294 2741 possessione
3302 2674 3441 2727 huc-

1830 2763 2017 2814 usque
2039 2763 2159 2802 non
2185 2750 2370 2814 dejici.
2395 2750 2427 2801 J
2430 2761 2525 2800 am
2548 2747 2800 2812 reliquas
2824 2749 3186 2813 conjecturas
3208 2746 3282 2799 ad
3305 2759 3438 2799 exa-

1830 2835 1967 2875 men
1999 2834 2291 2874 vocemus.
2338 2821 2624 2873 Eusebius
2650 2826 2752 2871 tres
2777 2819 2937 2870 libros
2971 2820 3185 2885 scripsit
3221 2818 3293 2870 de
3319 2818 3441 2873 vita

1831 2894 2123 2958 Pamphili.
2142 2894 2202 2945 in
2217 2906 2460 2957 quorum
2477 2892 2677 2944 ultimo
2704 2892 2829 2945 hinc
2849 2892 3017 2944 tradit
3042 2906 3055 2943 :
3081 2892 3195 2956 Ipse
3217 2890 3438 2955 quidem

1829 2977 2065 3018 PROPRII
2080 2974 2293 3017 OPERIS
2304 2964 2450 3012 nihil
2465 2964 2691 3013 omnino
2706 2964 2918 3026 scripsit
2929 2962 3155 3025 exceptis
3165 2975 3432 3019 spisrous,

1830 3052 1966 3100 quas
1988 3037 2061 3086 ad
2083 3038 2282 3085 amicos
2315 3036 2453 3098 forte
2476 3034 2729 3093 mittebat,
2754 3035 3031 3083 intantum
3053 3049 3106 3084 se
3130 3032 3435 3083 humilitate

1829 3108 2099 3173 dejccerat.
2139 3110 2225 3159 Ex
2260 3106 2394 3159 Vita
2431 3105 2728 3170 Pamphili,
2772 3118 2929 3157 nunc
2968 3103 3281 3170 deperdita,
3305 3103 3435 3156 hac

1827 3180 2213 3244 Hieronymus
2229 3178 2325 3229 lib.
2348 3179 2387 3228 Ι.
2410 3177 2702 3242 Apologia:
2721 3189 2830 3241 pag
2865 3175 2987 3231 359.
3005 3176 3218 3240 quibus
3242 3174 3312 3226 de
3324 3185 3433 3226 suo

1827 3252 1941 3304 ista
1963 3250 2292 3315 subjungit:
2318 3250 2577 3313 Defensor
2602 3249 2864 3312 Origenis,
2891 3254 2935 3298 et
2980 3248 3233 3297 laudator
3257 3247 3432 3297 Pam-

1753 3307 1802 3383 C
1826 3323 1967 3389 phili
1995 3307 2310 3386 (Eusebius)
2333 3307 2459 3372 dicit
2495 3307 2863 3385 Pamphilum
2886 3320 3031 3370 nihil
3056 3319 3283 3369 omnino
3297 3317 3432 3367 scri-

1822 3396 2008 3461 psisse,
2026 3410 2118 3445 nec
2138 3405 2373 3447 PROPRII
2386 3394 2682 3458 quicquam
2706 3393 3011 3443 condidisse
3036 3400 3343 3445 SBRMONIS
3358 3392 3435 3442 :et

1828 3468 1925 3517 hoc
1948 3468 2094 3528 dicit,
2113 3466 2235 3530 jam
2260 3464 2550 3527 Pamphilo
2575 3466 2848 3528 martyrio
2864 3470 3138 3529 coronato,
3154 3478 3222 3513 ne
3237 3461 3431 3513 habeas

1824 3537 2146 3604 suffugium,
2162 3543 2277 3601 post
2292 3538 2457 3588 editos
2479 3536 2546 3586 ab
2571 3537 2798 3601 Eusebio
2836 3536 3013 3597 libros,
3042 3537 3139 3587 hoc
3161 3533 3433 3600 Pamphi-

1826 3610 1942 3660 lum
1963 3611 2251 3675 scripsisse.
2276 3610 2481 3662 Utrum
2508 3609 2683 3662 verba
2696 3609 2913 3674 praprii
2934 3609 3130 3674 operis,
3148 3611 3206 3659 et
3214 3604 3431 3672 proprii

1824 3684 2086 3733 sermonis
2110 3682 2416 3734 discrimen
2444 3681 2677 3746 aliquod
2713 3682 2774 3733 in
2810 3683 3006 3734 Graeco
3028 3679 3259 3733 Eusebii
3293 3691 3432 3730 con-

1827 3757 1992 3806 textu
2032 3753 2207 3806 fuisse
2248 3752 2507 3817 prodant,
2535 3755 2674 3817 puta
2692 3752 2930 3817 propriae
2952 3752 3222 3812 doctrinas,
3249 3760 3430 3814 quum

1822 3827 1989 3877 nobis
2006 3825 2155 3877 desit
2171 3824 2360 3888 ipsum
2383 3837 2528 3889 opus
2546 3824 2796 3887 Eusebii,
2811 3824 3070 3876 divinare
3086 3836 3204 3875 non
3228 3833 3429 3886 possu-

1822 3909 1972 3949 mus.
1999 3896 2233 3948 Interim
2248 3901 2401 3948 certe
2427 3896 2708 3948 Eusebius
2730 3908 2849 3948 non
2873 3895 3027 3958 dicit,
3067 3892 3430 3958 Pamphilum

1821 3968 1968 4019 nihil
1990 3969 2184 4032 operis,
2216 3966 2316 4019 sed
2361 3966 2508 4016 nihil
2530 3968 2745 4031 proprii
2780 3967 2953 4029 operis
2978 3965 3320 4025 condidisse,
3369 3966 3430 4015 et

1822 4042 1950 4105 ejus
1972 4031 2249 4103 Apologia
2260 4038 2401 4089 nihil
2423 4038 2598 4090 habet
2616 4049 2852 4089 raoran
2877 4037 3071 4103 operis.
3090 4037 3213 4087 sive
3229 4031 3429 4105 doctri-

1820 4103 1920 4172 ns,
1967 4108 2434 4175 quandoquidem
2472 4114 2671 4161 contra
2701 4108 2911 4160 malam
2936 4108 3274 4167 doctrinam,
3302 4103 3427 4158 Ori-

1818 4183 1953 4249 geni
1975 4182 2279 4247 objectam,
2306 4193 2500 4233 veram
2540 4182 2668 4245 ejus
2692 4180 3031 4243 doctrinam,
3055 4179 3195 4245 ipsis
3228 4176 3428 4243 Orige-

1818 4255 2006 4307 nianis
2029 4253 2222 4306 verbis
2247 4265 2599 4317 expressam,
2634 4252 2889 4316 opponit,
2935 4256 3003 4304 ut
3028 4264 3103 4304 ex
3127 4250 3428 4313 utriusque

1817 4330 2020 4379 mutuo
2044 4324 2264 4378 collatae
2286 4324 2617 4377 discrimine
2641 4325 2792 4376 clare
2816 4324 3130 4385 evincatur,
3163 4319 3429 4386 Origenis

1817 4400 2027 4463 scripta
2049 4398 2121 4449 ab
2158 4396 2445 4450 haereticis
2490 4395 2668 4448 fuisse
2715 4399 2999 4461 corrupta,
3045 4407 3227 4459 quum
3274 4392 3426 4445 hanc

118 4471 219 4517 tate
238 4473 310 4516 est
332 4465 498 4516 solius
520 4466 822 4528 Pamphili.
853 4467 1018 4517 Ceteri
1041 4464 1324 4530 Pamphili
1345 4464 1510 4515 simul
1530 4468 1577 4514 et
1597 4465 1716 4514 Eu-

1828 4483 1985 4521 mam
2023 4468 2404 4533 quaestionem
2428 4470 2751 4533 pertractat,
2779 4466 3052 4520 fuirintue
3074 4466 3205 4517 libri
3228 4463 3426 4533 Orige-

121 4537 265 4597 sebii,
275 4537 546 4589 nimirum
559 4540 800 4601 excepto
812 4537 1033 4597 ultimo,
1051 4537 1149 4602 qui
1164 4540 1255 4589 est
1270 4537 1449 4589 solius
1464 4536 1710 4588 Eusebii.

174 4608 266 4659 IV.
291 4608 479 4660 Aliam
505 4608 837 4672 Hieronymi
876 4609 1261 4673 conjecturam
1289 4608 1709 4661 examinemus.

115 4680 278 4732 Liber
297 4680 516 4745 primus
545 4681 656 4732 sub
678 4680 910 4732 nomine
941 4679 1217 4745 Pamphili
1238 4680 1492 4732 aRuiino
1523 4685 1712 4732 trans-

1807 4542 1898 4594 nis
1929 4532 2195 4602 corrupti,
2222 4552 2404 4592 necne
2423 4532 2609 4603 {quod
2636 4552 2750 4590 non
2774 4541 2866 4590 est
2886 4537 3099 4602 proprii
3120 4535 3297 4602 operis
3319 4532 3427 4586 ali-

1811 4612 1948 4677 quid
1973 4611 2236 4664 condere.
2255 4611 2341 4662 Ad
2366 4610 2491 4662 haec
2518 4611 2616 4674 qui
2634 4610 2823 4674 ipsum
2842 4609 3109 4672 Epistolas
3123 4606 3431 4673 scripsisse

1812 4684 2074 4745 testatur,
2094 4683 2289 4745 utique
2314 4681 2486 4733 etiam
2518 4683 2781 4742 testatur,
2820 4693 2953 4732 eum
2976 4679 3188 4745 aliquid
3210 4677 3430 4745 proprii

115 4751 263 4803 latus
280 4739 705 4815 subsequentes
718 4751 972 4816 quinque
985 4739 1412 4804 commemorat.
1434 4754 1578 4815 Ergo
1591 4764 1713 4803 om-
1738 4739 1794 4813 D
1817 4739 2077 4805 sermonis
2123 4739 2438 4816 scripsisse.
2480 4753 2610 4806 Ideo
2659 4739 2811 4804 enim
2846 4739 3131 4805 Eusebius
3178 4739 3422 4815 adjecit:

116 4836 218 4875 nes
261 4824 336 4875 ab
357 4835 476 4875 uno
503 4823 735 4886 ingenio
769 4823 1000 4876 Eusebii
1039 4823 1395 4888 prodierunt;
1421 4836 1534 4875 non
1564 4824 1714 4875 enim

118 4894 445 4959 Pamphilus
479 4894 643 4959 primi
669 4899 867 4947 auctor
902 4895 1063 4947 solus
1093 4894 1346 4958 reliquos
1380 4895 1553 4947 etiam
1590 4899 1718 4946 tan-

120 4980 290 5033 quam
324 4978 484 5029 suos,
507 4971 1027 5020 commemorasset.
1054 4968 1179 5020 Hoc
1204 4970 1393 5019 tamen
1418 4966 1573 5019 unde
1595 4967 1716 5019 viro

121 5051 327 5104 magno
354 5038 645 5099 exciderit,
674 5039 987 5103 ignoratur.
1025 5041 1171 5092 Nam
1192 5040 1254 5092 in
1275 5038 1549 5104 Pamphili
1573 5041 1718 5103 Apo-

118 5111 357 5177 logctico
410 5110 602 5163 adhuc
656 5110 979 5177 superstite,
1033 5111 1194 5165 nulla
1235 5124 1464 5176 prorsus
1513 5112 1716 5163 subse—

120 5182 417 5246 quentium
445 5181 719 5235 librorum
741 5182 809 5234 ﬁt
830 5183 1047 5235 mentio
1071 5199 1086 5232 :
1112 5194 1303 5247 neque
1331 5195 1455 5234 eam
1479 5181 1715 5234 faciendi

118 5254 231 5307 ulla
250 5254 360 5306 fuit
373 5265 600 5314 caussa,
613 5266 794 5318 quum
814 5254 875 5306 in
892 5268 1005 5307 uno
1022 5255 1165 5307 libro
1183 5267 1310 5317 suo,
1331 5253 1715 5318 undecunque

117 5325 379 5378 absoluto
402 5327 456 5378 S.
481 5329 701 5390 martyr
728 5325 1060 5390 Pamphilus
1071 5325 1428 5391 argumentis
1453 5337 1556 5377 suo
1573 5330 1714 5376 tem-

119 5410 247 5463 pore
269 5398 328 5449 in
361 5396 667 5463 Origenem
710 5397 993 5461 excitatis,
1027 5398 1194 5464 plene
1229 5396 1588 5462 respondeat,
1630 5398 1717 5449 vir

122 5468 670 5523 scilicetAdamantii
686 5482 869 5535 usque
879 5472 1001 5519 adeo
1015 5471 1395 5535 studiosus,ut
1407 5471 1715 5518 maximam.

119 5547 321 5605 partem
367 5541 612 5605 Origenis
655 5541 998 5592 voluminum
1021 5557 1122 5593 sua
1146 5558 1321 5592 manu
1365 5541 1716 5606 descripserit,

120 5614 302 5678 inquit
330 5613 713 5679 Hieronymus
748 5612 810 5666 iu
832 5613 1099 5680 Caialogo
1110 5616 1119 5637 "
1134 5627 1254 5679 cap.
1302 5613 1527 5665 LXXV.
1554 5612 1718 5665 Nori-

124 5685 309 5738 siusin
332 5687 574 5737 Dissert.
605 5685 675 5736 de
706 5685 937 5749 Synodo
970 5686 1038 5739 V.
1075 5699 1196 5751 cap.
1237 5687 1385 5737 XIII.
1436 5684 1716 5749 Hierony-

119 5770 274 5810 mum
293 5757 375 5811 ait
395 5757 551 5822 loqui
575 5757 646 5809 de
661 5756 803 5809 libro
821 5758 861 5808 Ι.
889 5770 1006 5810 non
1030 5763 1200 5824 prout
1217 5761 1520 5822 corruptus
1555 5756 1660 5809 fuit
1681 5770 1718 5808 a

120 5830 328 5893 Ruﬁno,
350 5829 453 5882 sed
476 5832 650 5894 prout
669 5828 730 5880 in
751 5831 1107 5895 autographa
1144 5829 1496 5883 Ctnsareensi
1526 5830 1718 5880 exsta-

121 5902 246 5955 bat.
266 5902 476 5955 Vereor
488 5905 703 5964 tamen,
718 5901 904 5954 uthoc
916 5914 1121 5955 verum
1138 5901 1234 5954 sit.
1248 5901 1436 5954 Verba
1449 5901 1576 5964 ejus
1588 5899 1714 5953 haec

123 5973 645 6040 smthpologite
666 5972 761 6025 lib.
800 5975 844 6026 Ι.
874 5974 940 6024 In
973 5974 1089 6040 ipso
1132 5973 1419 6035 volumine,
1467 5972 1613 6037 quod
1656 5978 1713 6022 tu

1820 4824 2111 4879 ECCEPTIS
2125 4825 2391 4890 Epistolis.
2407 4826 2561 4889 quod
2574 4825 2668 4877 hie
2679 4826 2894 4889 proprii
2915 4824 3182 4875 sermonis
3200 4825 3428 4883 essent;

1817 4904 1876 4951 et
1900 4898 2140 4949 fortasse
2164 4897 2220 4949 id
2244 4897 2482 4957 addidit,
2508 4901 2575 4949 ut
2596 4896 2705 4949 hoc
2734 4897 2887 4950 idem
2923 4909 3071 4963 opus
3118 4895 3423 4959 exciperet.

1816 4971 1963 5021 Hinc
1972 4969 2360 5034 Hieronymus
2376 4968 2747 5034 epistolarum
2759 4974 3021 5021 auctores
3047 4965 3424 5032 scriptoribus

1816 5040 2226 5093 Ecclesiasticis
2261 5040 2682 5099 adnumeravit,
2732 5041 2811 5092 uti
2848 5044 3056 5105 praeter
3092 5037 3423 5104 Apostolos.

1815 5113 2123 5179 Ignatium,
2167 5113 2563 5178 Polycarpum,
2611 5112 2886 5177 aliosque.
2936 5112 3113 5176 Atqui
3142 5107 3425 5174 Pamphili

1814 5184 2240 5250 Apologeticus,
2258 5185 2496 5249 integris
2512 5184 2653 5236 focis
2667 5184 3027 5248 Origenianis
3044 5185 3270 5235 constat
3281 5192 3422 5244 prse-

1816 5262 1902 5310 ter‘
1923 5257 2169 5317 initium,
2195 5256 2351 5319 quod
2369 5256 2511 5308 nihil
2538 5255 2689 5308 aliud
2720 5258 2827 5319 est,
2871 5268 3046 5320 quam
3081 5252 3326 5319 Epistola
3347 5250 3423 5301 ad

1824 5329 2175 5392 Confessores.
2201 5330 2385 5390 Quare
2402 5327 2457 5378 id
2483 5326 2635 5391 quod
2660 5326 2719 5377 in
2734 5326 2844 5378 hoc
2866 5339 3034 5391 opere
3049 5325 3121 5378 ad
3151 5322 3418 5386 Pamphi-

1818 5401 1936 5453 lum
1957 5399 2219 5465 pertinet,
2247 5399 2485 5463 Epistula
2512 5399 2701 5462 potius
2717 5398 2824 5449 dici
2850 5399 3053 5461 potest,
3076 5408 3251 5460 quam
3268 5395 3413 5465 liber.

1815 5472 1986 5526 Aliud
2004 5469 2343 5536 opusculum
2360 5469 2930 5535 Pamphilimartyris,
2943 5468 3043 5519 sed
3060 5480 3178 5519 non
3199 5464 3417 5531 proprii

1813 5543 2092 5603 sermonis,
2120 5542 2241 5595 sive
2261 5543 2529 5601 doctrinm,
2549 5545 2639 5592 est
2652 5540 2914 5604 empositio
2926 5540 3166 5604 capitum
3181 5539 3418 5587 Acluum

1814 5615 2209 5682 Apostolorum,
2234 5613 2554 5678 nuperrime
2583 5612 2798 5664 editum
2824 5613 2897 5663 ab
2926 5610 3109 5662 amico
3136 5616 3334 5663 nostro
3348 5611 3413 5660 V.

1813 5688 1870 5738 Ο.
1913 5690 2132 5739 Domno
2178 5685 2463 5738 Bernardo
2500 5684 2573 5736 de
2594 5683 2959 5736 Montfaucon
2984 5683 3044 5735 in
3068 5682 3419 5735 Bibliotheca

1815 5758 2161 5812 Coisliniana
2176 5770 2301 5822 pag.
2322 5756 2409 5811 78.
2429 5759 2567 5808 Eam
2577 5759 2749 5808 antea
2764 5756 2872 5807 sub
2888 5756 3162 5808 ementito
3179 5754 3416 5807 nomine

1814 5830 2061 5885 Euthalii
2107 5829 2364 5894 Episcopi
2408 5828 2696 5880 Sulcensis
2732 5826 2989 5879 ediderat
3018 5827 3163 5879 alter
3190 5827 3417 5879 amiCus

1813 5906 2011 5954 noster
2033 5900 2374 5953 Laurentius
2399 5898 2714 5964 Zacagnius
2738 5898 2798 5950 in
2823 5898 3209 5952 Monumentis
3232 5896 3414 5950 Eccle-

1814 5974 1916 6027 sia:
1939 5974 2155 6027 Graecae
2169 5984 2297 6038 pag.
2320 5969 2442 6027 428.
2458 5972 2644 6036 Hujus
2665 5970 3038 6035 expositionis
3063 5983 3192 6023 cum
3208 5968 3417 6036 Apolo-
