3894 6398
422 362 572 459 iss

1758 389 2005 443 RUFINI
2035 383 2476 439 PRESBYTER!

3668 371 3773 430 160

463 514 559 580 gis.
572 508 937 580 comparatio,
952 504 1311 580 Pamphilum
1322 504 1624 580 utriusque
1632 508 1932 580 auctorem
1938 513 2067 580 esse
2085 504 2142 579 Α
2165 499 2324 580 libris
2344 499 2492 580 inter
2502 508 2564 549 se
2576 497 2776 580 postea
2784 487 3777 580 compactis;§eive§tasgrm_ac_qgo

463 572 723 638 omnino'
742 579 1063 641 confirmat,
1096 577 1231 630 licet
1253 576 1493 629 latinam
1535 579 1766 627 tantum
1795 572 2066 639 Apologia

464 653 790 708 versionem
827 649 1163 703 habeamus.
1200 649 1317 700 Nec
1353 645 2064 710 ceteroqui~Hieronymus

464 723 736 791 Apologia
760 722 956 775 stilum
980 720 1300 791 Eusebiano
1316 718 1809 791 conformemesse
1819 728 2067 791 pronun-

466 787 674 849 ciavit':
698 798 757 846 et
773 805 909 844 sane
923 792 1101 844 lector
1123 790 1432 841 discrimen
1455 787 1689 853 aliquod
1721 788 2066 839 intercedere

465 879 582 921 non
597 865 949 918 difﬂtebitur.
967 865 1107 915 Hac
1123 862 1324 913 eadem
1344 860 1620 926 Pamphili
1640 859 1919 925 opuscula
1949 858 2064 910 for-

466 940 623 991 tasse
643 934 1048 1001 comprehendi
1081 932 1512 997 quodammodo
1552 932 1799 994 possunt
1833 929 2065 981 nomine

464 1009 716 1060 Indicum
752 1007 1019 1056 librorum
1059 1004 1323 1069 Origenis,
1364 1015 1511 1066 quos
1540 1003 1823 1054 Eusebius
1846 1001 1942 1052 lib.
1970 1002 2062 1051 VI.

464 1080 675 1133 Hister.
711 1091 833 1144 cap.
860 1077 1096 1128 XXXII.
1118 1088 1153 1127 a
1181 1074 1473 1140 Pamphilo
1498 1074 1740 1138 scriptos
1764 1073 1940 1124 fuisse
1978 1076 2063 1123 te-

464 1155 666 1204 statur.
684 1151 904 1203 Revera
928 1149 1081 1201 enim
1102 1147 1329 1206 Indices,
1355 1146 1478 1199 sive
1499 1149 1768 1211 excerpta
1789 1144 2065 1196 doctrina

463 1222 822 1288 Origeniana
840 1226 900 1272 et
918 1220 979 1271 in
1007 1220 1237 1271 Sacram
1261 1217 1625 1283 Scripturam,
1666 1216 1955 1269 continere
1979 1215 2066 1268 vi-

461 1293 691 1346 dentur.

522 1366 618 1416 Vi.
656 1365 764 1416 Pro
783 1362 1077 1427 Pamphilo
1113 1362 1482 1427 Hieronymus
1504 1360 1627 1426 ipse
1650 1359 2064 1420 adducebatur,

461 1436 564 1501 qui
589 1438 722 1487 ante
748 1435 1091 1487 decennium
1115 1433 1175 1485 in
1199 1435 1465 1497 Catalogo
1492 1446 1600 1485 suo
1623 1433 1663 1482 Α
1671 1432 1944 1496 pologiam
1964 1442 2065 1494 pro

462 1518 603 1561 vero
654 1506 798 1558 fatu
846 1504 1123 1570 Pamphili
1167 1509 1538 1564 memoverat,
1583 1506 1779 1556 Grace
1815 1502 2067 1553 conscri-

460 1581 641 1645 ptam,
660 1576 909 1629 necdum
933 1589 967 1628 a
990 1578 1189 1639 Ruﬁno
1212 1576 1273 1627 in
1296 1576 1542 1627 latinum
1566 1587 1892 1627 sermonem
1929 1584 2068 1625 con-

460 1661 724 1703 versam:
750 1653 887 1700 tunc
908 1648 1060 1699 enim
1085 1649 1477 1712 Hieronymus
1488 1646 1710 1698 nullum
1730 1647 2067 1709 impostura

461 1720 795 1785 vestigium,
831 1720 988 1771 nulla
1027 1718 1340 1782 mendacia,
1379 1718 1685 1782 nullasque
1721 1717 1972 1769 hareses
2010 1716 2070 1767 in

464 1790 676 1855 exiguo
706 1790 894 1842 libello
940 1789 1414 1855 deprehenderat,
1439 1788 1580 1842 alias
1603 1792 1835 1841 auctore
1859 1787 2067 1839 Catho-

464 1860 573 1914 lico
603 1865 661 1913 et
678 1867 933 1926 martyre
955 1861 1197 1924 dignum
1236 1867 1381 1913 certe
1410 1873 1526 1912 non
1560 1860 1895 1925 judicasset.
1922 1859 2069 1920 Quin

463 1945 597 1986 eum
618 1932 835 1998 legerit,
853 1932 1104 1984 dubitari
1130 1933 1351 1996 nequit,
1379 1944 1562 1995 quum
1586 1932 1645 1983 in
1666 1931 1899 1996 prologo
1917 1932 2071 1982 Cata-

467 2003 581 2069 logi
600 2008 934 2066 seexcuset,
962 2004 1011 2054 si
1044 2016 1144 2055 eos
1174 2004 1560 2069 pratermisit,
1585 2016 1830 2067 quorum
1871 2004 2071 2067 scripta

467 2090 580 2127 non
608 2074 747 2140 legit.
765 2075 1147 2139 Hieronymus
1178 2076 1286 2126 hoc
1311 2081 1653 2139 argumento
1678 2075 1958 2139 pulsatus,
1982 2087 2072 2125 re-

469 2142 716 2212 spondet
737 2146 835 2199 lib.
870 2149 938 2199 ΙΙ.
964 2147 1266 2212 Apologia
1304 2148 1345 2197 Ι.
1380 2159 1511 2211 pag.
1558 2145 1681 2201 419.
1728 2159 1788 2197 se
1820 2146 1881 2197 in
1906 2146 2017 2196 hoc
2037 2157 2074 2196 a

465 2219 685 2282 Rufino,
699 2218 795 2283 qui
809 2218 1066 2270 codicem
1082 2218 1631 2278 communicaverat,
1646 2216 1855 2269 falsum
1873 2216 2066 2268 fuisse:

463 2288 634 2341 Posui
649 2295 693 2338 et
718 2290 865 2339 hunc
904 2288 1106 2338 librum
1127 2305 1162 2339 a
1204 2290 1496 2355 Pamphilo
1519 2290 1740 2349 editum,
1772 2289 1849 2337 ita
1870 2294 2072 2352 putans

465 2374 587 2421 esse,
609 2365 714 2410 uta
741 2366 786 2409 te
805 2367 855 2409 et
880 2360 987 2410 tuis
1023 2360 1306 2426 discipulis
1339 2360 1519 2422 fuerat
1557 2360 1916 2424 divulgatum.
1954 2359 2069 2409 Ita-

466 2446 566 2495 que
579 2430 834 2494 fraudem
851 2437 1003 2481 tuam
1019 2433 1195 2481 errori
1216 2447 1331 2481 meo
1361 2433 1634 2497 imputare
1656 2448 1769 2481 non
1786 2431 1949 2482 debes.
1995 2433 2073 2482 At

466 2500 604 2554 alibi
625 2514 743 2553 non
759 2502 819 2554 in
844 2503 1042 2565 Graeco,
1067 2502 1168 2555 sed
1191 2502 1249 2554 in
1272 2504 1463 2553 Latino
1501 2507 1775 2555 contextu
1813 2501 2072 2554 fraudem

465 2584 502 2624 a
523 2573 1119 2625 Rufinoeommissam
1139 2574 1294 2635 dicit,
1320 2577 1375 2626 et
1400 2574 1890 2639 generatimidicit.
1921 2575 2073 2637 Rufi-

468 2657 575 2692 nus
598 2647 795 2695 tamen
817 2643 945 2695 hac
960 2645 1151 2696 omnia
1166 2644 1421 2696 diduitin
1436 2644 1696 2709 epistola.
1710 2658 1863 2696 nunc
1874 2644 2074 2709 deper-

466 2713 606 2777 dita,
644 2719 842 2767 contra
873 2728 1046 2779 quam
1064 2716 1273 2767 librum
1294 2718 1387 2768 III.
1408 2728 1531 2768 sua
1557 2716 1828 2780 Apologia
1848 2716 2075 2781 scripsit

467 2785 871 2851 Hieronymus.
910 2788 1029 2850 Ego
1052 2800 1185 2839 vero
1218 2793 1374 2851 puto,
1401 2787 1657 2849 fraudem
1700 2787 1872 2849 illam,
1908 2788 2075 2851 siqua

466 2856 594 2913 fuit,
616 2857 673 2908 in
705 2857 1203 2923 inscriptione,non
1221 2858 1281 2910 in
1304 2864 1553 2908 contextu
1585 2860 1772 2922 operis
1820 2858 2069 2911 indicari.

467 2928 543 2980 At
559 2928 606 2979 si
624 2928 1010 2994 Hieronymus
1030 2932 1231 2993 postea
1259 2930 1514 2981 codicem
1528 2931 1751 2994 reperit,
1778 2943 1813 2982 a
1827 2930 2073 2981 librariis

466 2998 587 3051 solo
604 2999 822 3049 Eusebii
835 3001 1067 3053 nomine
1091 3003 1495 3065 pranotatum,
1540 3005 1741 3053 contra
1783 3007 1873 3053 est
1896 3002 2075 3054 Euse-

467 3070 597 3123 bius
620 3071 759 3137 ipse,
798 3072 897 3136 qui
920 3072 1084 3123 illum
1116 3084 1235 3124 non
1273 3072 1382 3124 sibi
1425 3072 1633 3137 solum,
1660 3072 1759 3125 sed
1781 3072 2073 3137 Pamphilo

463 3142 637 3194 etiam
695 3143 1004 3208 adscripsit
1057 3156 1243 3207 neque
1291 3144 1527 3196 Photius
1562 3144 1622 3196 in
1645 3144 1859 3197 Gracis
1901 3145 2079 3209 hujus

463 3213 734 3278 Apologia:
754 3214 1067 3275 codicibus,
1102 3216 1200 3278 qui
1223 3216 1349 3279 ejus
1387 3219 1558 3269 atate
1592 3218 1945 3280 supererant,
1988 3215 2078 3267 ul-

462 3282 585 3336 lum
600 3297 672 3337 ex
691 3285 980 3336 erroribus
1000 3285 1393 3350 deprehendit,
1409 3299 1555 3351 quos
1576 3287 1960 3352 Hieronymus
1981 3299 2075 3351 ge-

463 3355 707 3407 neratim
741 3354 821 3407 ait
858 3368 921 3407 se
960 3355 1424 3422 deprehendisse,
1478 3370 1741 3422 quosque
1784 3358 1846 3409 in
1894 3358 2074 3410 latina

464 3426 844 3479 translatione
864 3440 899 3478 a
933 3424 1141 3479 Rufino
1178 3427 1437 3481 sublatos
1464 3430 1645 3482 fuisse
1682 3430 2071 3493 conqueritur.

467 3497 576 3549 Hic
604 3498 756 3550 idem
780 3500 834 3549 S.
859 3500 1025 3551 Pater
1046 3504 1181 3551 ante
1219 3501 1393 3553 linem
1430 3514 1517 3565 ep.
1550 3502 1692 3552 XLI.
1733 3501 1875 3553 alias
1898 3504 2071 3554 LXV.

467 3569 541 3622 ad
564 3570 992 3622 Pammachium
1021 3572 1077 3623 et
1101 3572 1395 3624 Oceanum
1418 3572 1618 3624 multis
1630 3572 1757 3625 aliis
1787 3574 2074 3638 variisque

468 3639 614 3694 inter
636 3653 700 3693 se
722 3642 1069 3707 conjecturis
1092 3642 1304 3695 librum
1329 3642 1624 3709 Pamphilo
1642 3644 2075 3708 abjudicareco—

467 3712 642 3765 natus
663 3711 866 3776 fuerat,
896 3725 1041 3777 quas
1070 3715 1269 3779 pineis
1286 3727 1579 3766 recensere
1599 3727 1717 3766 non
1740 3715 1948 3780 pigeat.

531 3781 581 3837 1.
619 3782 733 3847 Ait,
763 3784 837 3835 ab
860 3784 1058 3836 amicis
1080 3790 1139 3837 et
1158 3785 1537 3837 sectatoribus
1566 3786 1827 3851 Origenis
1859 3788 2075 3840 conﬂa-

467 3855 591 3907 tum
604 3855 714 3906 sub
728 3855 962 3908 nomine
976 3856 1273 3921 Pamphili,
1294 3860 1361 3908 ut
1386 3857 1796 3910 Adamantium
1815 3860 2075 3912 testimo-

464 3925 560 3978 nio
588 3928 857 3992 martyris
879 3927 952 3979 ab
974 3927 1212 3981 infamia
1231 3928 1569 3982 vindicaret.
1595 3930 1757 3982 Hanc
1780 3932 1905 3995 conj
1914 3934 2075 3983 ectu-

464 4010 586 4050 ram
610 3998 981 4062 postmodum
995 4000 1158 4065 parvi
1183 4000 1331 4065 fecit,
1358 4000 1500 4053 dum
1518 4001 1659 4055 alias
1675 4002 1749 4055 ab
1772 4002 1880 4055 hac
1897 4003 2079 4056 diver-

466 4081 562 4121 sas
585 4069 956 4135 excogitavit.

526 4138 581 4194 2.
617 4142 703 4192 Ex
737 4142 1036 4196 collatione
1079 4142 1195 4195 stili
1233 4145 1475 4209 agnosci
1525 4156 1647 4198 non
1694 4150 1912 4209 posset,
1977 4146 2072 4208 ait,

465 4214 661 4281 utrum
684 4210 761 4262 sit
783 4212 1080 4277 Pamphili,
1104 4226 1284 4276 quum
1303 4213 1458 4266 aliud
1482 4215 1606 4277 ejus
1623 4227 1768 4281 opus
1783 4228 1901 4267 non
1916 4229 2078 4281 repe-

468 4280 666 4334 riatur.
687 4283 770 4335 De
783 4283 908 4335 aliis
930 4284 1208 4348 Pamphili
1230 4285 1462 4350 scriptis
1480 4287 1744 4350 superius
1772 4287 1891 4350 jam
1915 4280 2036 4340 disi
2060 4305 2073 4343 :

465 4356 526 4406 et
552 4353 601 4404 si
624 4365 772 4419 opus
790 4355 1110 4420 genuinum
1133 4356 1563 4421 comparatione
1600 4356 1717 4409 stili
1755 4358 1918 4410 nosci
1958 4372 2078 4412 non

464 4428 675 4490 potest,
707 4437 826 4478 non
870 4425 999 4479 ideo
1036 4427 1097 4478 in
1142 4427 1389 4479 dubium
1427 4428 1575 4480 verti
1619 4427 1805 4481 debet.
1828 4430 1935 4483 Sed
1969 4444 2077 4484 nec

467 4496 851 4619 iisiggqiquimus
868 4497 1366 4565 stilumApologia
1382 4499 1707 4554 Eusebiano
1725 4502 2074 4556 conformem

670 4582 703 4619 c
752 4607 762 4617 .

465 4578 596 4619 0886
609 4568 762 4621 dicit.

528 4636 579 4693 3.
594 4640 704 4711 Sex
716 4638 993 4711 librorum
1008 4642 1301 4707 Apologia
1324 4642 1557 4695 Eusebii
1578 4644 1920 4711 principium
1931 4659 2068 4700 con—

2101 3246 2151 3319 C

2169 570 2337 627 sistit,
2355 558 2603 629 etiam,si
2619 565 2965 633 principium
2980 575 3085 616 sex
3104 562 3378 615 librorum
3391 558 3775 625 sitPamphili.

2165 643 2338 695 ceteri
2363 640 2609 693 Eusebii.

2227 714 2278 767 7.
2316 712 2600 773 Concedit,
2656 722 2803 774 opus
2854 719 2985 761 esse
3023 704 3329 771 Pamphili;
3375 703 3479 756 sed
3525 703 3781 756 necdum

2163 785 2552 849 martyris,qui
2572 788 2764 835 tamen
2779 783 2976 845 postea
2986 792 3074 831 ma
3083 778 3258 843 rtyrio
3271 790 3378 828 suo
3389 788 3650 828 errorem
3663 776 3779 827 Ori-

2163 857 2296 922 geni
2314 854 2671 907 defendendo
2687 855 3014 917 impensum
3034 850 3324 922 deleverit.
3342 850 3465 922 Hoc
3490 853 3693 922 tamen
3703 858 3781 922 eo

2164 918 2507 979 imbecillius
2543 930 2650 987 est,
2676 924 2832 988 quod
2873 921 3206 987 Pamphilus
3243 933 3316 971 ex
3354 919 3558 971 Photio
3583 918 3783 971 codice

2164 1000 2408 1051 CXVIII.
2436 997 2781 1062 opusculum
2802 995 2862 1045 in
2884 994 3085 1045 eodem
3108 1003 3331 1044 carcere
3376 990 3697 1055 scripserit,
3726 989 3784 1041 in

2164 1073 2359 1134 qqu.
2390 1070 2453 1120 D.
2476 1061 2606 1123 7307.
2631 1073 2941 1132 postquam
2980 1069 3391 1116 tormentorum
3412 1062 3529 1113 vim
3565 1061 3785 1113 subiis-

2164 1148 2270 1203 set,
2292 1143 2525 1193 clausus
2541 1140 2744 1197 fuerat,
2762 1144 2907 1190 teste
2930 1137 3177 1189 Eusebio
3201 1136 3270 1186 de
3294 1134 3649 1199 martyribus
3682 1135 3788 1185 Pa-

2163 1213 2387 1273 lestina
2408 1224 2530 1276 cap.
2557 1222 2663 1261 vn.
2682 1212 2865 1271 Quare
2889 1222 2962 1260 ex
2980 1220 3137 1258 more
3173 1206 3323 1257 illius
3347 1205 3461 1258 avi
3486 1211 3626 1257 tunc
3664 1210 3789 1255 erat

2164 1297 2300 1337 vere
2324 1289 2556 1347 martyr.
2585 1281 2801 1334 Deinde
2823 1280 3057 1332 biennio
3084 1278 3268 1330 serius
3292 1283 3788 1330 extremummar-

2164 1356 2380 1421 tyrium
2399 1354 2594 1413 subiit.

2226 1427 2337 1480 Sed
2359 1428 2486 1492 ipsa
2502 1426 2679 1478 verba
2721 1421 3072 1487 Hieronymi,
3100 1421 3231 1471 licet
3249 1418 3479 1492 fusiora,
3505 1419 3790 1471 exhibea-

2163 1512 2317 1560 mus,
2351 1490 2419 1549 ut
2452 1498 2920 1559 conjecturarum
2949 1492 3177 1558 pondus
3196 1490 3420 1542 facilius
3445 1504 3518 1542 ex
3544 1503 3608 1542 se
3626 1494 3789 1556 pate-

2164 1571 2296 1621 ﬂat:
2322 1569 2474 1628 Quod
2500 1568 2859 1631 Pamphilum
2876 1565 3160 1630 proferunt
3176 1563 3511 1611 laudatorem
3528 1562 3645 1626 ejus
3660 1563 3796 1626 (Ori-

2165 1649 2346 1715 genis)
2386 1649 2594 1714 gratias
2636 1648 2744 1696 illis
2781 1646 3029 1709 (Rufino)
3052 1659 3153 1707 ago
3194 1657 3309 1692 meo
3353 1642 3591 1715 nomine,
3640 1643 3795 1707 quod

2164 1714 2397 1785 dignum
2444 1736 2523 1767 me
2558 1724 2907 1783 putaverunt,
2974 1730 3134 1781 quem
3178 1719 3420 1778 mrtyre
3470 1714 3794 1764 calumnia-

2165 1799 2375 1843 rentur.
2402 1791 2462 1842 Si
2486 1792 2634 1841 enim
2660 1790 2728 1839 ab
2749 1788 2993 1838 inimicis
3017 1787 3263 1850 Origenis
3287 1785 3448 1834 libros
3488 1786 3605 1849 ejus
3645 1786 3794 1848 (Ori-

2100 1878 2153 1953 B
2171 1863 2544 1953 ξςιιίενίίίίιίε
2558 1876 2670 1953 re:
2696 1861 2933 1953 υίοιαιοξτ
2956 1858 3796 1953 ίίιέηῑεξπιβτῖηξιένιξγξ.ῑοέίζί,ῖ

2172 1936 2232 1984 hi
2262 1950 2374 1982 non
2421 1934 2571 1983 liceat
2610 1934 2801 1993 dicere,
2855 1930 2922 1981 ab
2969 1930 3162 1980 amicis
3206 1929 3319 1993 ejus
3354 1933 3401 1977 et
3445 1928 3800 1978 sectatoribus

2171 2006 2528 2071 compositum
2564 2019 2668 2053 esse
2696 2004 2793 2053 sub
2816 2003 3038 2052 nomine
3053 1999 3333 2063 Pamphili
3348 2000 3628 2071 uolumen,
3646 2001 3798 2064 quod

2172 2070 2679 2139 illum(0rigenem)
2705 2074 3008 2125 testimonio
3024 2072 3284 2136 martyris
3303 2070 3369 2120 ab
3384 2071 3627 2132 infamia
3674 2071 3799 2121 vin-

2172 2148 2580 2209 dicaret?Ecce,
2610 2161 2700 2196 vos
2732 2146 3030 2196 emendatis
3073 2144 3136 2193 in
3184 2143 3429 2205 Origenis
3458 2142 3612 2191 libris
3649 2144 3799 2207 quod

2170 2220 2258 2270 ille
2280 2236 2393 2270 non
2422 2220 2633 2285 scripsit
2655 2223 2733 2268 :et
2764 2217 3078 2279 miramini,
3111 2216 3158 2265 si
3182 2215 3303 2264 edat
3333 2214 3537 2277 aliquis
3572 2214 3779 2264 librum

2170 2307 2330 2357 quem
2348 2292 2435 2341 ille
2465 2307 2577 2341 non
2609 2291 2809 2340 edidit?
2852 2290 2951 2339 Vos
2973 2289 3036 2337 in
3055 2288 3193 2337 edito
3209 2301 3362 2351 opere
3383 2286 3590 2350 potestis
3622 2301 3800 2347 eoar-,

2170 2356 2285 2429 gui.
2323 2363 2416 2413 Ille
2459 2362 2832 2427 (Pamphilus)
2882 2361 2982 2425 qui
3013 2359 3160 2407 nihil
3180 2358 3337 2407 aliud
3367 2358 3550 2417 edidit,
3575 2356 3801 2417 facilius

2167 2438 2312 2499 patet
2349 2434 2809 2484 calumniazdate
2852 2430 3122 2496 quodlibet
3162 2444 3297 2492 opus
3332 2429 3803 2492 Pamphili:nus-

2170 2520 2345 2579 quam
2366 2507 2685 2579 reperietis.
2729 2505 2881 2554 Unde
2910 2503 3304 2579 igitur‘sciam,
3329 2502 3474 2579 quod
3512 2501 3802 2579 Pamphili

2168 2572 2275 2631 sit?
2311 2578 2554 2627 Videlicet
2592 2577 2750 2627 stilus
2785 2580 2829 2625 et
2859 2575 3034 2624 saliva
3071 2574 3251 2623 docere
3276 2586 3358 2620 me
3378 2573 3589 2637 poterit.
3634 2572 3804 2621 Nun-

2174 2663 2346 2713 quam
2368 2649 2607 2711 credam,
2638 2648 2783 2712 quod
2806 2647 2991 2696 doctus
3004 2645 3088 2696 vir
3101 2645 3307 2708 primos
3323 2643 3532 2708 ingenii
3542 2644 3637 2693 sui
3649 2644 3805 2707 fruc-

2178 2727 2263 2772 tus
2282 2720 2664 2785 quaestionibus
2679 2718 2981 2781 etinfamise
3007 2716 3275 2767 dedicarit
3295 2721 3368 2767 :et
3389 2716 3573 2781 ipsum
3601 2731 3801 2765 nomen

2172 2791 2503 2856 Apologetici
2527 2792 2753 2841 ostendit
2783 2790 3204 2848 accusationem;
3239 2803 3354 2837 non
3375 2789 3522 2837 enim
3550 2787 3803 2851 defendi-

2173 2874 2283 2925 μιν,
2302 2864 2417 2913 nisi
2433 2864 2579 2927 quod
2603 2864 2665 2911 in
2680 2863 2909 2913 crimine
2928 2866 3017 2912 est.
3045 2862 3362 2924 Hucusque
3386 2860 3798 2922 Hieronymus,

2173 2934 2347 2997 cujus
2383 2936 2561 2987 verba
2582 2934 2691 2986 hoc
2720 2933 2846 2985 loco
2881 2931 3286 2984 Tillemontius
3301 2943 3394 2982 me
3409 2942 3805 2995 prarumpere

2175 3005 2346 3069 cogit,
2375 3006 2472 3070 qui
2498 3006 2559 3057 in
2588 3004 3032 3057 Commentariis
3070 3003 3341 3054 Historia
3373 3000 3801 3053 Ecclesiastica

2175 3077 2401 3132 tom.V.
2424 3089 2555 3142 pag.
2583 3075 2704 3131 750.
2733 3076 3150 3138 Hieronymum
3184 3074 3377 3124 mirari
3414 3084 3476 3124 se
3511 3072 3610 3133 ait,
3646 3071 3806 3136 quod

2179 3157 2361 3209 quum
2376 3146 2517 3200 libro
2537 3150 2575 3199 I.
2604 3153 2661 3199 et
2686 3146 2754 3199 Il.
2781 3146 3078 3211 Apologia
3097 3156 3222 3197 sua
3245 3142 3535 3207 Pamphili
3548 3156 3808 3207 opuscu-

2179 3226 2302 3278 lum
2329 3224 2596 3271 vocasset
2618 3219 2862 3282 primum
2896 3232 2990 3267 ses:
3011 3218 3285 3268 librorum
3309 3214 3561 3277 Eusebii,
3598 3220 3810 3278 postea

2179 3290 2363 3345 semel
2387 3291 2731 3353 iterumque,
2775 3294 2843 3341 ut
2871 3288 3218 3347 videbimus,
3242 3286 3379 3335 savii
3406 3285 3534 3334 libri
3576 3285 3807 3334 Eusebii

2158 3362 2510 3428 principium
2527 3360 2832 3412 vocaverit.
2858 3360 2965 3420 Qui
2985 3359 3171 3409 fuerat
3189 3358 3421 3421 primus,
3436 3369 3541 3407 cur
3561 3356 3691 3428 jam
3708 3356 3805 3407 di-

2172 3435 2334 3492 citur
2347 3433 2481 3481 sexti
2506 3432 2873 3497 principium?
2883 3428 3200 3481 Halloixius
3221 3429 3281 3479 in
3296 3428 3541 3492 Origene
3558 3426 3806 3478 defenso

2170 3502 2268 3559 lib.
2296 3505 2391 3555 IV.
2410 3516 2537 3568 pag.
2558 3501 2681 3555 926.
2702 3502 2812 3553 hoc
2831 3501 2955 3553 loco
2978 3502 3401 3563 Hieronymum
3431 3510 3635 3550 secum
3653 3511 3808 3563 pug-

2171 3581 2408 3629 nantem
2420 3573 2748 3639 deprehend
2760 3586 2856 3625 ere
2871 3574 2981 3625 sibi
2991 3570 3652 3625 videtur.Tillemontius
3672 3582 3810 3621 vero

2173 3648 2268 3711 βὶι,
2285 3648 2335 3700 ei
2349 3647 2554 3711 raptim
2580 3644 2851 3697 scribenti
2873 3644 3002 3697 hac
3037 3643 3347 3695 excidisse.
3395 3642 3501 3693 Sed
3542 3642 3811 3693 Norisius

2173 3698 2482 3782 inibissert.
2498 3718 2566 3770 de
2588 3717 2810 3782 synodo
2827 3718 2876 3768 V
2893 3729 3017 3781 cap.
3034 3717 3158 3768 XII.
3177 3728 3295 3767 non
3320 3714 3681 3779 Hieronymi,
3708 3713 3809 3766 sed

2173 3774 2386 3843 librarii
2408 3774 2687 3841 mendum
2709 3802 2837 3840 esse
2852 3774 3199 3851 detexit,qui
3225 3786 3453 3839 scilicet
3478 3774 3812 3839 verba’con-

2176 3868 2359 3916 tracta
2382 3863 2475 3912 VI.
2505 3861 2595 3911 lib.
2620 3860 2859 3924 Eusebii,
2881 3859 3212 3920 reddiderit;
3253 3858 3517 3923 adeoque
3556 3856 3724 3910 nulla
3748 3857 3811 3911 in

2175 3934 2527 3999 Hieronymo
2543 3935 2633 3984 est
2643 3931 3041 3984 contradictio:
3060 3932 3230 3993 cujus
3254 3931 3448 3993 verba,
3463 3941 3597 3993 qua
3628 3942 3808 3994 supe-

2175 4006 2300 4065 rius
2337 4005 2587 4057 adducta
2616 4016 2755 4055 mox
2797 4003 3252 4066 subsequuntur,
3292 4001 3420 4054 hac
3463 3999 3807 4053 sunt:Se:cti

2177 4076 2305 4140 (ibri
2320 4076 2465 4140 (lege
2487 4089 2578 4124 sex
2592 4074 2870 4138 librorum)
2896 4073 3114 4123 Eusebii
3149 4088 3312 4138 super
3341 4071 3588 4135 Origenis
3607 4071 3801 4135 defen-

2175 4148 2325 4203 sione
2338 4145 2863 4212 principiumusque
2883 4146 2958 4195 ad
2978 4144 3124 4194 mille
3137 4144 3306 4207 ferme
3326 4158 3506 4194 versus
3526 4141 3658 4193 liber
3686 4142 3807 4202 iste,

2177 4219 2277 4289 qqi
2302 4218 2587 4282 Pamphili
2609 4218 2828 4277 dicitur,
2858 4218 3125 4289 continet;
3147 4221 3194 4266 et
3218 4216 3541 4289 inareliquis
3575 4214 3809 4280 scriptor

2197 4287 2412 4355 jusdem
2429 4288 2604 4354 operis
2615 4289 2823 4353 profert
2839 4288 3162 4351 testimonia,
3190 4287 3388 4353 quibus
3400 4288 3599 4338 nititur
3607 4301 3809 4352 appro-

2178 4362 2321 4424 bare,
2342 4361 2624 4425 Origenem
2660 4358 2826 4423 fuisse
2872 4360 3230 4411 Catholicum.
3266 4359 3526 4410 Eusebius
3556 4362 3605 4409 et
3632 4358 3808 4408 Pam-

2175 4432 2363 4499 philus
2389 4437 2598 4481 tantam
2614 4432 2755 4481 inter
2768 4447 2820 4482 se
2838 4432 3143 4483 habuerunt
3154 4432 3517 4493 concordiam,
3536 4436 3594 4480 ut
3627 4429 3805 4479 unius

2174 4505 2376 4555 animae
2394 4505 2638 4555 homines
2662 4510 2831 4569 putes,
2857 4510 2903 4554 et
2922 4504 2989 4555 ab
3012 4519 3125 4554 uno
3140 4504 3275 4553 alter
3308 4518 3509 4553 nomen
3532 4500 3799 4566 acceperit

2172 4577 2474 4654 (Eusebius
2492 4576 2646 4654 enim
2664 4576 2951 4643 Pamphili
2967 4576 3082 4654 dici
3094 4574 3316 4654 voluit):
3629 4574 3804 4654 igitur

2166 4646 2308 4704 inter
2327 4663 2379 4697 se
2400 4648 2678 4697 dissentire
2708 4653 3028 4713 potuerunt,
3068 4653 3127 4697 ut
3153 4646 3420 4696 Eusebius
3444 4647 3502 4695 in
3529 4650 3634 4696 toto
3661 4646 3800 4710 Ope-

465 4708 651 4794 gnari,
675 4710 772 4771 ait,
797 4711 880 4794 in_
898 4713 1174 4794 Apologia
1210 4726 1349 4794 _qu_a
1387 4708 1678 4794 Pamphile
1707 4708 2071 4794 adscribitur.
2103 4719 2228 4794 Dre
2248 4719 2657 4794 suo__0rigenem
2696 4708 2901 4794 Ariani
2938 4708 3123 4794 probet
3146 4718 3498 4794 dogmatis,et
3523 4708 3801 4794 Pamplii-

464 4782 592 4834 Non
614 4787 807 4835 tamen
839 4786 1087 4847 Eusebii,
1127 4787 1230 4839 sed
1273 4787 1553 4853 Pamphili
1570 4790 2070 4856 principiumillud

463 4864 593 4906 esse
610 4856 1089 4909 monstravimus.

526 4923 579 4979 4.
614 4926 799 4988 Quum
835 4926 1120 4979 Eusebius
1153 4930 1213 4980 et
1231 4929 1565 4995 Pamphilus
1593 4930 1743 4985 inter
1766 4945 1829 4984 se
1851 4933 2073 4986 itacon-

463 4996 743 5069 venerint,
765 5000 831 5050 ut
843 5012 995 5051 unus
1022 5000 1096 5051 ab
1120 5000 1301 5053 altero
1326 5013 1649 5065 cognomen
1680 5005 1974 5069 acceperit,
1993 5004 2072 5057 illi

462 5067 866 5122 abseinvicem
885 5070 1192 5124 dissentire
1206 5085 1324 5125 non
1358 5077 1691 5138 potuerunt,
1712 5077 1776 5127 ut
1791 5067 2073 5129 Eusebius

462 5138 763 5210 Qrigenem
787 5142 1040 5205 probarit
1054 5142 1349 5206 Arianum,
1368 5144 1701 5210 Pamphilus
1713 5158 1847 5197 vero
1871 5148 2071 5200 Catho-

458 5209 652 5279 licum;
679 5212 780 5264 sed
810 5212 1097 5266 incarcere
1133 5214 1306 5267 simul
1333 5227 1436 5279 pro
1478 5209 1593 5268 una
1607 5227 1785 5268 causa
1814 5217 1944 5270 Ildei
1973 5231 2071 5270 ca-

465 5278 691 5335 tholica
735 5282 1000 5337 detentos
1032 5283 1214 5336 fuisse
1249 5278 1635 5337 certissimum
1671 5291 1778 5339 est.
1823 5290 1985 5350 Quod
2023 5289 2071 5341 si

461 5353 661 5428 postea
684 5354 977 5428 Eusebius
992 5355 1103 5428 alio
1124 5356 1281 5428 abiit,
1317 5356 1473 5428 haud
1516 5356 1651 5407 inde
1683 5359 2071 5428 consequitur,

463 5423 820 5488 Pamphilum
853 5426 973 5479 non
998 5426 1299 5492 scripsisse
1322 5426 1476 5490 quod
1502 5427 1750 5492 scripsit,
1770 5428 1947 5482 immo
1987 5423 2072 5482 vel

460 5493 602 5617 big:
617 5498 790 5562 patet,
821 5498 1035 5551 librum
1058 5496 1340 5563 Pamphili
1368 5497 1546 5549 alium
1584 5511 1709 5550 esse
1731 5500 1938 5553 alibris
1955 5504 2070 5555 Eu-

464 5578 527 5617 se
591 5579 626 5617 ι.

464 5578 626 5617 ωοιι.

523 5636 575 5691 5.
615 5639 759 5691 Hinc
778 5640 1017 5699 adstrui,
1045 5639 1383 5704 Apologiam
1408 5641 1832 5706 nonPamphili,
1850 5643 1950 5695 sed
1978 5644 2073 5697 Di-

461 5706 618 5774 dymi
631 5713 974 5774 opusculum
988 5724 1131 5763 esse.
1149 5712 1308 5762 Hanc
1322 5725 1550 5777 quoque
1562 5715 1904 5766 sententiam
1924 5721 2073 5781 post-

463 5792 532 5833 ea
545 5781 819 5834 deseruit.

522 5852 575 5908 6.
615 5854 720 5926 Vel
731 5854 935 5907 saltem
956 5854 1125 5926 cujus
1140 5852 1281 5926 libet
1295 5854 1555 5921 alterius,
1576 5856 1676 5921 qui
1702 5871 1775 5911 ex
1797 5858 2072 5926 principio

465 5935 578 5980 sex
629 5923 908 5978 librorum
952 5924 1184 5980 Eusebii
1236 5926 1391 5980 illam
1428 5923 1815 5995 compages-iu
1833 5923 2072 5999 reliquis

2171 4796 2284 4839 tum
2312 4791 2364 4841 Ν
2367 4791 2540 4840 icana
2565 4791 2795 4856 Synodi,
2820 4807 2939 4856 qua
2952 4791 3063 4853 fuit
3084 4796 3284 4855 postea,
3302 4789 3675 4853 defensorem?
3709 4788 3799 4838 Ea:

2170 4876 2278 4927 quo
2298 4862 2598 4912 ostenditur
2620 4862 2697 4911 vel
2720 4862 2966 4927 Didymi,
3007 4863 3085 4912 vel
3100 4860 3374 4925 cujuslibet
3414 4860 3654 4922 alterius,
3694 4874 3800 4910 esse

2170 4932 2524 4998 opusculum,
2546 4932 2645 4998 qui
2665 4935 2801 4984 sexti
2846 4934 2972 4985 libri
2996 4934 3140 4999 (lege
3161 4948 3256 4983 sea:
3295 4931 3584 4994 librorum)
3618 4932 3796 4996 capite

2171 5004 2499 5065 detruncata,
2545 5009 2718 5055 cetera
2755 5006 2997 5056 membra
3040 5006 3278 5057 sociarit.
3313 5004 3417 5055 Sed
3443 5003 3791 5053 concedamu.

2170 5091 2238 5126 ea:
2266 5076 2557 5142 superﬂuo,
2608 5082 2664 5126 ut
2704 5078 2990 5142 Pamphili
3009 5078 3076 5127 sit
3092 5116 3105 5141 ,
3131 5077 3222 5127 sed
3248 5076 3477 5127 necdum
3505 5075 3797 5139 martyris:

2170 5152 2295 5198 ante
2325 5148 2471 5197 enim
2494 5149 2726 5213 scripsit,
2744 5164 2914 5213 quam
2930 5150 3266 5213 martyrium
3304 5152 3667 5213 perpeterelur
3694 5161 3709 5197 :
3743 5159 3798 5203 at

2173 5219 2458 5283 quomodo,
2506 5220 2744 5285 inquies,
2786 5220 3056 5285 martyrio
3086 5220 3287 5285 dignus
3313 5219 3464 5283 fuit?
3489 5218 3703 5269 Scilicet
3738 5225 3796 5268 ut

2171 5291 2442 5355 martyrio
2479 5290 2666 5341 deleret
2698 5306 2955 5349 errorem,
2981 5297 3039 5341 ut
3060 5306 3237 5340 unam
3268 5290 3485 5355 culpam
3506 5290 3798 5353 sanguinis

2170 5363 2258 5411 sui
2287 5360 2546 5425 e/fusionc
2583 5368 2857 5427 purgaret.
2907 5364 3112 5422 Quanti
3152 5363 3210 5412 in
3257 5368 3359 5411 toto
3383 5360 3503 5411 orbe
3526 5366 3795 5425 martyres

2170 5437 2468 5497 antequam
2511 5434 2856 5497 caederentur,
2892 5434 3063 5483 variis
3099 5434 3489 5497 subjacuerunt
3530 5428 3793 5497 peccatis!

2170 5505 2309 5556 Hac
2344 5505 2525 5556 fusius
2555 5519 2628 5557 ex
2652 5505 2981 5571 Hieronymi
3028 5507 3269 5571 epistola
3297 5505 3507 5556 referre
3552 5504 3794 5571 placuit,

2172 5576 2327 5640 quod
2351 5589 2483 5627 cum
2509 5577 2635 5628 aliis
2660 5578 2786 5641 ejus
2811 5578 3155 5630 testimoniis
3182 5577 3388 5629 collata
3419 5576 3569 5627 clare
3598 5583 3796 5628 osten-

2171 5647 2328 5710 dant,
2350 5648 2539 5711 ipsum
2558 5647 2617 5698 in
2641 5648 2747 5699 hac
2772 5648 2843 5700 dc
2856 5650 3146 5715 Pamphilo
3167 5649 3492 5713 quastione
3518 5648 3642 5697 suis
3656 5662 3796 5698 con-

2167 5718 2408 5782 jecturis
2446 5731 2648 5783 parum
2672 5719 2888 5783 Iidisse,
2915 5721 3055 5773 dum
3078 5721 3201 5771 aliis
3240 5725 3440 5784 postea
3464 5719 3791 5771 rationibus

2172 5790 2299 5842 libri
2310 5790 2709 5844 auctoritatem
2725 5793 2945 5845 elevare
2962 5798 3205 5845 conatus
3217 5794 3324 5854 est,
3344 5790 3509 5855 quasi
3523 5802 3644 5841 non
3668 5803 3794 5843 am-

2172 5861 2323 5928 plius
2360 5862 2676 5929 Didymum,
2713 5864 2817 5918 sed
2859 5865 3152 5915 Eusebium
3182 5868 3477 5920 auctorem
3513 5862 3792 5917 haberet:

2172 5947 2289 6001 qua
2298 5934 2361 5991 in
2375 5949 2437 5991 re
2448 5936 3353 6004 Tillemontiusﬂuﬁnumaqueac
3365 5936 3792 6001 Hieronymum
