3894 6414
105 365 217 425 161

1391 386 1601 441 νιτΑυ
1622 385 1760 441 LIB.
1793 386 1867 444 ΙΙ.
1899 387 2055 444 CAP.
2090 389 2160 444 ν.

3328 404 3436 464 162

100 490 580 580 εξῆιῖθέξξιξιξεεεξ
593 494 857 580 animat,
884 512 1066 580 quum
1087 507 1330 580 uterque
1353 507 1527 562 simul
1551 507 1689 563 colla

1799 567 1808 580 _
1832 501 1941 555 hac
1955 501 2235 580 Apologia
2254 504 2328 580 ab
2350 518 2415 580 se
2428 507 2625 580 Graece
2639 506 2908 580 perlecta,
2923 511 3066 567 nihil
3085 527 3329 572 censura
3342 520 3434 573 di-

98 561 182 643 tis
197 564 392 643 operis
407 565 744 643 apologiam
760 581 861 643 pro
884 561 1127 638 Origene
1144 561 1452 643 scripserit,
1478 561 1727 634 testibus

98 635 383 718 Eusebio,
418 637 667 718 Socrate,
705 645 764 693 et
799 635 1020 697 Photio.
1046 635 1669 718 Distinctione'tamen,
1693 665 1729 706 a

95 706 281 759 nobis
309 709 575 774 superius
607 723 898 775 expressa,
928 717 1213 771 utendum
1243 726 1350 775 est.

165 777 393 860 Verum
436 780 821 860 Hieronymus
865 783 1080 860 librum
1118 801 1237 842 non
1273 804 1402 845 esse
1445 793 1728 860 Pamphili

95 854 413 929 propterea
422 852 733 929 contendit,
751 855 904 929 quod
920 856 1186 923 iniquum
1202 862 1514 929 videretur,
1537 852 1731 919 amar-

96 923 235 998 tyre
258 920 556 998 hominem
572 924 814 998 defendi,
838 930 1004 993 cujus
1018 920 1228 996 scripta
1243 938 1446 998 postea
1455 920 1727 988 damnas-

95 996 240 1066 sent
262 992 589 1044 Anastasius
602 996 859 1049 Pontifex
876 992 933 1050 et
952 992 1276 1066 Theophilus
1300 1005 1726 1060 Alexandrinus

93 1063 445 1143 {episcopus
459 1067 791 1143 Hieronymi
797 1071 981 1143 verba
990 1063 1119 1143 haec
1133 1077 1271 1127 sunt
1284 1075 1383 1128 lib.
1397 1079 1439 1129 Ι.
1454 1090 1583 1143 pag.
1599 1078 1724 1135 359:

94 1135 253 1215 Quid
271 1135 473 1215 facient
495 1138 722 1215 epistolae
750 1139 1033 1215 Theophili
1069 1145 1366 1212 Episcopi?
1388 1135 1726 1215 οιῐίιῐραρε

91 1207 389 1287 {istast-ast}
422 1209 493 1287 in_
507 1216 611 1260 toto
633 1211 753 1287 orbe
781 1207 1513 1287 _hzreticumvpcrsequentes,
1552 1207 1725 1287 quum

92 1275 237 1356 liber
259 1284 387 1356 tuus
408 1280 505 1330 sub
527 1283 748 1332 nomine
770 1284 1055 1349 Pamphili
1096 1275 1272 1338 editus
1288 1275 1513 1356 upugnet'
1534 1275 1723 1347 centra

89 1350 353 1415 epistolas
400 1367 610 1419 eorum,
656 1360 703 1405 et
737 1356 1050 1423 Episcopali
1089 1350 1322 1411 nomini:
1358 1350 1723 1418 tastimonium

89 1424 754 1501 martyris_opponatur?
776 1427 885 1501 Sed
926 1431 1013 1482 J0.
1042 1432 1210 1485 Picus
1253 1446 1355 1499 pro
1377 1436 1577 1501 Ruﬁno
1600 1452 1723 1492 res-

88 1494 322 1570 pondet
342 1495 570 1570 illorum
595 1500 954 1564 propositum
976 1501 1178 1569 fuisse,
1200 1494 1476 1570 haereses,
1493 1514 1550 1562 et
1579 1510 1722 1565 falsa

85 1565 374 1643 dogmata
395 1568 821 1643 cujuscumque
841 1577 1061 1638 essent,
1085 1565 1351 1640 evellere,
1376 1565 1511 1643 quia
1521 1582 1631 1634 hoc
1646 1583 1718 1636 ad

86 1638 276 1717 fidem
287 1640 643 1717 e_tre1igionis
657 1642 1113 1699 stabilimentum
1127 1638 1716 1717 noverantpertinere.

87 1709 364 1775 Origenis
386 1717 585 1788 autem
606 1726 674 1767 ea
710 1727 856 1776 esse,
887 1720 953 1769 ut
974 1723 1294 1783 putabatur
1315 1734 1350 1775 a
1372 1709 1590 1788 multis,
1616 1731 1720 1780 aut

85 1795 214 1865 non
237 1795 390 1847 esse,
424 1784 807 1865 Picuspenset
830 1789 1137 1865 Pontifices
1175 1805 1378 1857 parum
1403 1784 1699 1851 curaturos

1703 1855 1717 1879 ἲ

84 1856 279 1939 immo
322 1861 553 1939 gratum
585 1856 872 1939 futurum,
908 1861 958 1939 s_i
993 1868 1152 1939 certe
1178 1856 1416 1939 probari
1440 1856 1724 1939 potuissei

84 1926 355 2015 haereses
365 1927 491 2015 illas
502 1942 622 2015 non
632 1931 810 1985 fuisse
822 1934 895 1985 ab
913 1934 1161 2015 Qrigene
1173 1926 1430 1997 traditas;
1440 1926 1547 2015 pro
1562 1926 1715 2015 Fide;

86 1998 253 2072 enim
278 1999 389 2051 hoc
412 1999 643 2066 faceret,
666 2016 784 2056 non
824 1998 1031 2057 contra
1063 2007 1281 2072 Fidem;
1313 1998 1511 2063 cont-ru
1532 1998 1716 2066 hiare:

88 2070 262 2131 ticos,
285 2083 407 2123 non
421 2084 520 2136 pro
537 2073 839 2133 hmreticis,
867 2076 964 2140 qui
991 2078 1135 2129 tanti
1150 2079 1257 2131 viri
1270 2070 1608 2135 testimonio
1623 2085 1714 2137 in-

86 2140 218 2192 nixi
252 2154 504 2221 errorem
536 2146 1157 2221 suum_i_llius_nomine
1199 2153 1525 2207 tuebantur.
1567 2158 1713 2221 Ergo

84 2220 298 2285 contra
313 2215 603 2266 Anastasii
624 2220 680 2268 et
702 2216 999 2281 Theophili
1042 2220 1315 2285 epistolas
1361 2223 1503 2275 liber
1544 2215 1711 2278 Pam-

86 2282 233 2348 pliili
246 2297 367 2336 non
382 2288 679 2350 pugnabat
702 2287 762 2339 in
787 2300 901 2351 quo
912 2282 1165 2343 haereses
1188 2293 1389 2345 abillis
1416 2295 1709 2352 damnatm

85 2368 213 2435 non
224 2358 658 2435 excusabantur
668 2362 754 2409 sed
766 2359 990 2435 illarum
1012 2365 1396 2417 assertoribus
1415 2370 1606 2421 tantus
1620 2382 1711 2435 pa-

87 2429 301 2480 tronus
312 2428 659 2493 eripietatur,
674 2432 1158 2495 quemadmodum
1174 2436 1382 2489 Sandio
1400 2442 1456 2490 et
1472 2440 1599 2492 aliis
1613 2428 1710 2494 ne-

89 2498 456 2551 fandissimis
473 2500 659 2554 nostri
673 2504 943 2568 temporis
966 2505 1193 2557 Arianis
1206 2520 1239 2558 a
1256 2509 1460 2562 Socino
1478 2510 1705 2565 instau-

90 2571 243 2648 ratis
254 2571 511 2648 eripitur.
527 2574 641 2625 Nec
667 2587 819 2626 unus
832 2588 965 2648 vero
983 2578 1006 2626 f
1008 2577 1093 2630 uit
1109 2579 1440 2644 Pamphilus
1466 2589 1701 2648 martyr,

89 2641 195 2707 qui
205 2642 513 2717 Origenem
526 2649 840 2709 antequam
850 2641 1266 2703 damnaretura
1276 2641 1704 2717 suscipionibus

91 2728 350 2789 purgare
362 2716 1142 2789 studuerit,quandoquidem
1153 2721 1267 2774 hoc
1281 2716 1703 2789 etiamamagno

92 2786 750 2852 Athanasioprmstitum
765 2793 928 2842 notat
940 2792 1261 2845 Bernardus
1276 2797 1336 2843 de
1350 2786 1705 2852 Montefalco-

93 2859 191 2911 nis
205 2858 267 2911 in
288 2858 621 2923 praefatione
659 2863 781 2924 ejus
816 2875 1054 2927 operum
1091 2877 1220 2929 pag.
1243 2864 1328 2920 19.
1360 2866 1411 2930 §.
1438 2867 1567 2921 6.et
1590 2872 1704 2922 Do-

92 2931 304 3006 minus
319 2930 390 3006 de
400 2931 462 3006 la
478 2931 655 3006 Motte
672 2932 730 2985 in
744 2934 997 3006 Historia
1007 2936 1337 2989 Tertulliani
1358 2941 1414 2990 et
1443 2940 1703 3006 Origenis

92 3002 358 3077 ugduni
375 3003 530 3055 edita
547 3005 715 3077 A7.D.
740 3004 900 3060 1691.
926 3006 1125 3060 lib.IV.
1151 3021 1274 3072 cap.
1300 3011 1393 3061 VI.
1421 3002 1699 3077 pagT416.

97 3088 221 3127 non
242 3074 540 3137 difﬂtetur,
558 3075 747 3140 aliqua
763 3078 806 3141 ej
820 3090 888 3129 us
914 3079 1125 3143 scripta
1139 3081 1211 3131 ab
1225 3074 1702 3138 haereticisvfuisse

96 3149 387 3212 corrupta.
408 3147 521 3200 Nec
536 3146 664 3200 ideo
678 3153 866 3201 tamen
878 3149 1231 3203 Athanasius
1244 3156 1370 3204 cont
1380 3166 1443 3206 ra
1458 3159 1700 3209 Anasta-

96 3217 255 3270 sium
291 3223 352 3271 et
374 3218 751 3284 TheOphilum
785 3233 1043 3286 pugnare
1086 3223 1361 3276 dicendus
1382 3231 1471 3279 est
1496 3241 1509 3277 :
1530 3230 1696 3287 Quem

93 3291 321 3355 quidem
360 3289 641 3364 Origenem
676 3291 861 3357 inquit
904 3295 1070 3345 Picus
1087 3295 1423 3359 pag.l34.si
1448 3298 1550 3348 illa:
1570 3316 1697 3364 per-

89 3366 403 3426 sequuntur
436 3362 662 3426 epislola:
692 3363 1003 3427 (Anastasii
1038 3370 1093 3417 et
1138 3366 1452 3433 Theophili)
1494 3362 1700 3421 certum

89 3433 337 3497 est,qu
346 3433 571 3483 nonnisi
586 3438 639 3482 ut
650 3434 873 3485 illarum
883 3437 1478 3503 creditumopimonum
1494 3442 1701 3492 liaeresi-

88 3507 507 3569 archamperseq
517 3522 548 3554 u
558 3522 590 3554 u
598 3511 652 3554 nt
659 3508 1455 3575 urPamphiliApologeticose
1469 3527 1697 3577 respon-

90 3590 302 3629 surum
318 3577 598 3642 promittit
611 3579 1099 3643 Hieronymuslib.
1118 3581 1165 3633 Il
1182 3588 1378 3634 contra
1407 3584 1570 3647 Ruﬁn
1582 3602 1692 3649 um,

88 3649 252 3712 quod
266 3654 462 3701 tamen
483 3650 719 3702 minime
743 3652 1029 3715 praestitit,
1045 3665 1376 3718 quanquam
1395 3660 1593 3720 postea
1609 3670 1693 3709 xx

83 3732 281 3772 annos
305 3720 605 3785 superfuit.
623 3723 885 3775 Ceterum
904 3724 953 3775 si
963 3725 1288 3789 Pamphilus
1306 3727 1476 3779 ﬁdem
1496 3729 1695 3781 catho-

83 3791 263 3844 licam
276 3792 447 3844 Verbi
461 3806 688 3858 semper
698 3794 969 3858 defendit;
989 3797 1153 3860 sique
1165 3797 1326 3860 Ruﬁn
1338 3814 1396 3847 us
1410 3799 1689 3865 Pamphili

85 3865 433 3930 Apologiam
446 3866 685 3918 verbum
697 3866 765 3918 de
777 3868 950 3920 verbo
963 3868 1549 3933 exprimens,qu:edam
1571 3875 1689 3924 tan-

83 3939 215 3989 tum
239 3941 309 3989 ut
323 3937 711 4003 Hieronymus
725 3939 933 4002 objicit,
952 3952 1085 4004 qum
1107 3940 1313 3993 Filium
1336 3942 1429 3994 Dei
1452 3943 1694 4008 etSpiri-

88 4014 216 4062 tum
249 4010 527 4062 Sanctum
568 4011 933 4075 respicerent,
973 4012 1322 4073 immutavit.
1349 4027 1455 4066 ceu
1482 4016 1692 4080 scripta

87 4084 406 4146 antequam
417 4081 514 4147 huj
525 4082 1106 4147 usmodiqumstiones
1120 4084 1621 4150 propriisformulis
1636 4090 1690 4137 in

88 4156 311 4205 Ecclesia
320 4152 712 4211 deﬂnirentur.
730 4154 850 4207 fieri
866 4157 1137 4220 potuit,ut
1154 4157 1481 4223 Pamphilus
1493 4157 1552 4209 in
1566 4172 1691 4211 sen-

89 4224 770 4279 tentiisluculentissimis
781 4228 1458 4294 apudOrigencminvestiga
1468 4230 1597 4281 ndls
1609 4243 1690 4283 ac-

87 4298 337 4350 curatior
359 4298 747 4363 undequaque
771 4311 889 4351 non
924 4298 1106 4353 fuerit.
1122 4300 1374 4363 Quivero
1388 4301 1689 4355 mendacia

88 4369 345 4423 ofﬁciosa
358 4384 455 4434 pro
467 4370 712 4434 peccatis
727 4369 920 4423 haberi
933 4383 1048 4423 non
1064 4376 1285 4437 putant,
1298 4374 1527 4426 credere
1538 4378 1685 4424 etiam

89 4443 711 4507 poteruntRu/inumeo
732 4444 1056 4505 devenisse,
1079 4444 1277 4497 utloca
1303 4448 1687 4499 consubstan-

89 4514 317 4567 tialitati
349 4514 615 4576 faventia,
650 4515 919 4580 illis,quze
955 4530 1153 4568 revera
1168 4518 1495 4583 Pamphilus
1510 4519 1688 4585 scrip.

89 4591 254 4649 serat,
282 4599 605 4652 supponere
625 4600 742 4639 non
756 4587 1117 4640 dubitaverit.
1146 4590 1355 4641 Beatus
1372 4590 1686 4643 Rhenanus

87 4656 145 4711 in
178 4657 516 4724 praefatione
552 4657 625 4711 ad
664 4659 809 4709 Sixti
855 4660 1171 4713 sententias
1195 4674 1229 4714 a
1250 4663 1446 4725 Ruﬁno
1484 4662 1684 4725 editas,

87 4729 236 4803 hanc
259 4730 448 4796 ipsam
466 4730 878 4803 suspicionem,
898 4744 1001 4785 seu
1026 4733 1216 4798 potius
1234 4733 1580 4785 calumniam
1595 4734 1685 4785 his
1712 4728 1769 4803 D

87 4802 276 4854 verbis
296 4801 685 4855 manifestavit
715 4819 730 4853 :
750 4803 889 4853 Olim
900 4804 1177 4868 antiquisi
1194 4805 1415 4869 quando
1432 4806 1684 4870 expedire

87 4874 379 4935 uidebatur,
397 4890 431 4923 a
447 4875 556 4939 piis
573 4875 668 4924 hoc
691 4891 858 4938 genus
880 4876 1231 4926 mendaciolis
1256 4891 1367 4927 non
1392 4878 1468 4926 ita
1489 4877 1683 4927 abhor-

85 4945 286 4997 rebant.
310 4947 474 4999 Mitto
490 4946 657 4998 aliam
682 4948 942 4999 Rhenani
965 4947 1428 5012 futilitatem,ubi
1450 4948 1548 5010 ait,
1563 4961 1681 5001 non

86 5018 364 5081 Ruﬁnum,
388 5018 491 5069 sed
519 5021 827 5071 Eusebium
842 5020 1090 5085 primum
1104 5036 1205 5085 pro
1229 5022 1453 5086 Origene
1480 5019 1681 5070 librum

84 5089 376 5156 Pamphilo
402 5092 636 5154 martyri
655 5093 671 5139 ἰ
678 5093 998 5157 ascripsisse.
1014 5093 1225 5144 Verum
1241 5106 1416 5158 quum
1437 5094 1561 5145 hanc
1574 5093 1679 5145 ali-

85 5162 238 5215 unde
253 5168 412 5215 certo
429 5162 557 5214 sciri
588 5175 706 5216 non
731 5164 981 5229 possint.
1008 5177 1186 5228 quum
1211 5178 1283 5217 ex
1312 5167 1512 5218 Graeco
1543 5166 1681 5231 Apo-

87 5235 233 5299 logie
264 5233 479 5298 codice,
510 5248 624 5299 quo
658 5248 939 5297 caremus,
956 5236 1155 5299 Ruﬁno
1174 5236 1331 5289 istud
1351 5237 1522 5290 malae
1546 5236 1681 5289 fidei

87 5307 299 5358 crimen
321 5306 560 5372 impingi
579 5320 698 5360 non
720 5307 889 5361 debet
906 5309 979 5360 ob
1003 5321 1151 5360 unas
1179 5308 1536 5374 suspiciones
1553 5309 1680 5360 Ilie-

87 5378 327 5444 ronymi,
352 5377 451 5443 qui
488 5378 545 5430 in
582 5377 678 5432 lib.
714 5382 757 5432 Ι.
788 5378 1077 5445 Apologia:
1116 5393 1236 5446 cap.
1277 5382 1475 5433 lll.sic
1498 5379 1678 5445 scrip-

88 5455 205 5504 tum
225 5450 477 5515 reliquit:
504 5451 754 5515 Professaz
784 5452 1087 5501 inimicitiae
1108 5453 1308 5517 suspici
1333 5468 1455 5501 nem
1483 5452 1676 5502 habent

84 5522 366 5574 mendacii.
386 5522 568 5586 Quid?
593 5523 747 5587 quod
772 5523 1073 5587 Ruﬁnus'm
1094 5523 1239 5576 libro
1264 5523 1539 5588 Apologia:
1551 5536 1678 5576 con-

85 5592 280 5652 tendit.
293 5593 511 5646 nullam
534 5595 769 5647 omnino
784 5594 1048 5647 haeresim
1063 5595 1122 5647 in
1143 5595 1284 5647 libro
1299 5595 1491 5648 Sancti
1512 5594 1676 5645 Pam-

85 5665 244 5732 phili,
264 5666 339 5723 ab
362 5679 426 5718 se
448 5665 623 5723 latine
646 5666 885 5731 reddito,
909 5679 1224 5729 occurrere,
1239 5667 1676 5732 Hieronymum-

86 5751 192 5804 que
205 5739 520 5803 generatim
532 5740 833 5793 dumtaxat
844 5751 976 5794 eum
986 5752 1257 5792 accusare
1274 5753 1287 5790 :
1309 5740 1472 5802 sique
1486 5737 1542 5790 id
1558 5752 1676 5803 spe-

88 5811 269 5864 ciatim
289 5815 611 5877 praestaret,
639 5824 701 5865 se
720 5812 1102 5864 accusationis
1121 5811 1462 5876 injuslitiam
1488 5810 1675 5862 omni-

87 5882 191 5937 bus
225 5888 617 5938 ostensurum.
663 5884 902 5938 Photius
924 5886 1094 5948 certe,
1123 5883 1194 5934 iis
1231 5895 1363 5947 quae
1400 5882 1674 5934 Arianam

84 5955 266 6013 labem
283 5957 542 6014 redolere
562 5961 820 6026 possent,
842 5955 1370 6021 maximeinfestus,
1394 5965 1576 6020 quum
1611 5952 1674 6007 in

1734 3256 1784 3333 C

1831 575 2351 649 gnumon‘enderit,
2364 577 2495 642 jure
2508 576 2779 631 amrmari
2794 575 3004 649 potest,
3039 584 3181 637 nihil
3207 587 3435 644 Arianis

1827 645 2135 717 propitium
2151 646 2210 700 in
2224 647 2319 700 illa
2328 649 2663 702 occurrisse.
2679 645 3004 717 Hocipsum
3015 656 3074 709 in
3086 658 3431 716 Defensione

1826 716 1981 798 Fidei
1996 717 2248 798 Nicaenm
2268 724 2407 798 sect.
2432 721 2507 798 ΙΙζ
2520 733 2643 798 cap.
2669 723 2737 773 II.
2761 724 2814 798 §_._
2837 716 2925 779 90.
2939 727 3141 780 Bullus
3163 729 3429 798 amrmat,

1825 786 2199 868 nihilominus
2223 795 2452 868 putans,
2469 792 2730 868 Ruﬁnum
2744 786 2933 859 aliqua
2955 800 3280 863 sustulisse,
3295 786 3431 868 qum

1828 857 2010 940 duras.
2028 866 2447 940 suspectasque
2460 865 2778 940 sententias
2791 857 3056 931 prmferre
3073 857 3427 940 viderentur,

1826 929 1984 1007 nullo
1997 930 2226 1007 interim
2239 933 2362 1007 loco
2371 935 2765 1007 superaddita,
2780 929 2953 1002 quem
2966 941 3291 1007 Pamphilus
3309 929 3429 1000 non

1826 1001 2309 1080 scripsisset._Sed
2333 1006 2653 1080 siPhotius,
2680 1008 2768 1080 vir
2790 1001 3340 1080 perspicacissimus,
3369 1023 3429 1072 et

1824 1072 1883 1124 in
1893 1073 2133 1127 articulo
2159 1074 2231 1127 de
2256 1076 2530 1130 Trinitate
2546 1072 2879 1142 catholicus,
2908 1072 3035 1135 hinc
3051 1085 3253 1139 eadem
3267 1072 3429 1143 inco-

1824 1143 2051 1226 dicibus
2097 1147 2331 1226 Grmcis,
2360 1149 2434 1226 ab
2461 1162 2524 1201 se
2552 1150 2833 1226 perlectis,
2853 1164 3223 1226 nequaquam
3260 1159 3421 1226 vidit,

1822 1215 2056 1295 Ruﬁnus
2071 1229 2139 1270 ea
2161 1217 2375 1295 videre,
2388 1223 2445 1272 et
2456 1225 2661 1285 suopte
2671 1223 2902 1276 arbitrio
2922 1215 3182 1281 resecare
3201 1215 3425 1295 potuis;

1824 1298 1887 1339 se
1912 1288 2042 1352 quis
2069 1288 2297 1341 credat?

1885 1359 1980 1431 γι.
2010 1360 2139 1411 Jam
2153 1373 2289 1413 vero
2299 1360 2373 1413 ad
2388 1360 3072 1431 HieronymiApologlam
3095 1369 3419 1426 redeamus.

1820 1430 1886 1480 In
1907 1428 2050 1482 libro
2073 1432 2114 1483 Ι,
2140 1431 2403 1495 Ruﬁnum
2423 1434 2615 1498 arguit
2642 1428 3091 1500 conquerentem
3107 1440 3169 1493 in
3192 1454 3254 1495 se
3268 1442 3423 1498 dicta

1818 1506 2020 1565 putare
2063 1514 2196 1567 qum
2240 1503 2300 1555 in
2337 1504 2580 1569 epistola
2603 1509 2803 1559 contra
2833 1508 3191 1573 Origenistas
3217 1515 3421 1569 Hiero-

1818 1585 2031 1648 nymus
2059 1574 2391 1648 scripserat
2419 1589 2432 1627 :
2461 1588 2760 1642 quumque
2783 1590 2817 1631 a
2841 1580 3037 1645 Ruﬁno
3084 1586 3420 1648 vapulasset

1817 1645 2335 1725 euminsimulante
2346 1648 2502 1725 quod
2515 1650 2786 1725 Judaeum
2815 1651 3139 1725 Barrabam,
3161 1645 3420 1725 praecep-

1816 1720 1997 1768 torem
2010 1717 2387 1782 adhibuisset,
2401 1719 2557 1771 hunc
2568 1733 2686 1772 non
2703 1722 2948 1772 Barraba
2957 1739 3025 1785 m,
3063 1738 3125 1778 se
3133 1717 3420 1781 dBarani.

1818 1803 1951 1837 nam
1964 1788 2183 1841 dictum
2195 1789 2380 1855 lepide
2391 1791 2869 1857 ostenditsequeJ
2877 1794 3111 1849 udasum
3122 1799 3419 1856 audivisse

1743 1882 1798 1956 B
1819 1861 3339 1956 283335.93‘1mﬂﬁ9Piii‘i‘fﬁ‘ﬂl‘f‘iiﬂii‘Pm‘ic"2°?
3354 1873 3418 1924 οδ

1815 1931 1944 2013 fidei
1958 1933 2250 2013 veritatem,
2265 1934 2357 2013 sed
2369 1933 2431 1983 ob
2454 1935 2791 2013 eruditionis
2802 1937 3075 2013 meritum.
3088 1931 3415 2013 iAquilejam
3436 2000 3445 2013 α

1815 2002 1887 2080 ad
1912 2016 2121 2080 manus
2145 2004 2334 2080 [tu/ini
2354 2004 2570 2080 perlata
2592 2007 2833 2080 epistola
2844 2010 3101 2073 paschali
3117 2002 3417 2080 Theophili

1813 2072 2277 2140 Alexandrini,in
2300 2089 2417 2141 qua
2438 2077 2566 2129 fuse
2590 2078 3016 2133 damnabantur
3035 2096 3253 2137 errores
3277 2072 3417 2140 ’0ιεὶ-

1811 2146 1995 2221 genis,
2024 2146 2074 2198 is
2090 2149 2171 2221 ita
2184 2148 2497 2210 exhorruit,
2523 2154 2590 2202 ut
2610 2162 2782 2202 aures
2803 2164 2941 2203 suas
2965 2154 3278 2221 obturaret,
3311 2172 3414 2213 eos

1810 2217 1882 2267 ab
1907 2231 1969 2270 se
1992 2224 2125 2271 ante
2162 2220 2457 2285 ignoratos
2498 2226 2557 2274 et
2599 2222 2722 2287 ipse
2756 2224 3171 2279 condemnans.
3212 2217 3414 2284 Hiero-

1808 2299 2057 2368 Elymum
2064 2290 2183 2368 hoc
2195 2291 2488 2368 dicentem
2513 2293 2820 2368 audiamus
2845 2305 2859 2348 :
2878 2295 3041 2345 Lectis
3061 2313 3240 2363 nuper
3249 2301 3412 2368 Papa

1817 2359 2101 2438 theophili
2120 2362 2374 2427 epistolis,
2399 2364 2459 2413 in
2476 2363 2672 2428 quibus
2686 2365 2933 2430 Origenis
2946 2359 3170 2433 exponit
3183 2359 3408 2438 errores,

1806 2430 2009 2482 dicitur
2051 2433 2320 2483 obturasse
2355 2450 2516 2486 aures
2553 2450 2700 2498 suas,
2724 2443 2770 2486 et
2792 2430 3066 2489 auctorem
3102 2444 3243 2492 tanti
3274 2430 3409 2497 mali

1804 2502 1955 2581 clara
1977 2519 2100 2555 cum
2123 2506 2373 2555 omnibus
2384 2522 2502 2557 voce
2518 2507 2821 2571 damnasse,
2845 2516 2891 2559 et
2902 2511 3123 2577 dixisse,
3146 2529 3313 2581 usque
3334 2518 3410 2569 ad

1803 2573 1943 2650 illud
1965 2582 2173 2650 tempus
2185 2592 2237 2650 se
2259 2577 2573 2650 ignorasse,
2584 2580 2732 2643 quod
2745 2586 2857 2630 tam
2877 2581 3097 2644 nefaria
3110 2573 3403 2650 scripserit.

1804 2644 2155 2719 Theophilus
2178 2649 2242 2699 A.
2264 2650 2328 2699 D.
2344 2647 2467 2703 400.
2481 2648 2743 2714 vulgavit
2756 2651 3058 2717 epistolam
3081 2644 3407 2719 paschalem

1802 2729 1905 2793 pro
1928 2720 2002 2793 A_.
2016 2719 2079 2769 D.
2096 2718 2213 2793 401.
2233 2732 2367 2784 quas
2387 2721 2571 2793 prima
2588 2721 2694 2773 fuit
2708 2722 2766 2773 in
2781 2726 3050 2789 tempore,
3065 2718 3402 2793 quanquam

1802 2789 1864 2839 in
1884 2789 2083 2841 ordine
2102 2790 2177 2863 sit
2197 2792 2432 2841 secunda
2450 2792 2601 2844 inter
2615 2805 2788 2857 opera
2804 2789 3404 2863 Hieronymi,quieam

1803 2873 1937 2912 cum
1948 2862 2151 2913 ceteris
2163 2862 2339 2915 latine
2363 2864 2552 2916 vertit.
2591 2866 2859 2929 Singulas
2873 2875 3072 2932 postea
3084 2862 3207 2922 suis
3233 2875 3405 2927 annis

1802 2938 2061 2985 accurate
2079 2935 2329 2986 restituit
2349 2935 2605 2987 Norisius
2628 2935 2689 2987 in
2712 2937 2966 2990 Historia
2989 2938 3289 3005 Pelagiana
3319 2945 3406 2999 ln-

1802 3015 1914 3079 que
1950 3005 2364 3059 Dissertatione
2387 3018 2488 3071 pro
2526 3008 2735 3059 Sancto
2765 3008 2984 3061 Siricio.
3019 3011 3403 3079 Hieronymus

1800 3077 1899 3155 ait,
1930 3079 2093 3155 Ruﬁn
2100 3093 2194 3127 um
2205 3092 2335 3155 quae
2359 3080 2855 3155 interpretabatur,
2881 3082 3145 3155 ignorare
3156 3077 3272 3141 non
3296 3102 3405 3155 po-

1801 3148 1999 3227 tuisse.
2030 3151 2201 3227 @gre
2219 3150 2345 3227 fert,
2378 3152 2929 3227 suasenarrationes
2964 3154 3024 3206 in
3069 3157 3225 3210 Pauli
3248 3148 3402 3227 epis-

1801 3220 1974 3272 tolam
2004 3221 2076 3273 ad
2102 3222 2398 3286 Ephesios,
2422 3224 2496 3275 ab
2515 3223 2611 3276 illo
2631 3226 2908 3289 accusari;
2948 3226 3052 3280 sed
3080 3228 3190 3281 hoc
3234 3220 3304 3284 se
3327 3246 3401 3286 ex

1798 3293 1979 3345 relatu
1990 3294 2325 3357 amicorum,
2337 3306 2452 3347 non
2465 3307 2538 3347 ex
2550 3295 2739 3357 Ruﬁni
2767 3298 2993 3362 scriptis
3012 3299 3284 3356 didicisse
3322 3305 3404 3359 fa-

1800 3366 2144 3428 teturzfama
2168 3368 2333 3431 enim,
2354 3367 2557 3431 inquit,
2587 3368 2661 3417 ad
2683 3382 2767 3417 me
2798 3370 3097 3423 criminum
3120 3374 3252 3437 ejus,
3284 3391 3421 3427 non-

1798 3437 1997 3513 scripla
2021 3444 2293 3513 venerunt,
2326 3445 2372 3489 et
2400 3438 2623 3513 stultum
2647 3445 2718 3490 est
2741 3440 2910 3505 juxta
2929 3444 3266 3512 Apostolum,
3290 3463 3401 3513 pu-

1796 3509 1921 3572 gnis
1930 3524 2105 3558 aerem
2118 3510 2390 3559 verberare
2399 3550 2409 3560 .
2425 3512 2537 3563 Nec
2550 3515 2744 3564 tamen
2756 3514 2884 3565 ideo
2896 3515 2990 3566 sui
3005 3509 3399 3574 defensionem

1797 3580 2288 3646 tacitusprzeterit.
2327 3583 2452 3635 Non
2481 3582 2775 3648 diffitetur,
2812 3598 2874 3637 se
2896 3585 2955 3638 in
2981 3587 3399 3643 Commentariis

1795 3652 1871 3726 ad
1893 3653 2149 3726 Ephesios
2169 3654 2358 3706 varias
2404 3656 2722 3708 sententias
2761 3656 3024 3722 Origenis,
3060 3660 3304 3726 Didymi,
3350 3670 3397 3715 et

1796 3723 2150 3799 apollinarii,
2168 3726 2266 3799 qui
2284 3726 2431 3779 inter
2458 3740 2521 3779 se
2547 3728 2829 3799 contraria
2867 3730 3083 3783 habent
3104 3723 3396 3799 dogmata,

1794 3794 2073 3848 lectorum
2091 3796 2308 3860 judicio
2333 3798 2658 3863 probandas
2680 3800 2770 3852 vel
2796 3794 3212 3865 improbandae
3234 3794 3400 3859 exhié

1795 3866 2008 3930 buisse;
2021 3867 2101 3919 ita
2112 3872 2305 3921 tamen
2320 3872 2382 3921 ut
2392 3869 2524 3921 fidei
2539 3883 2662 3922 suae
2674 3882 2789 3923 non
2800 3872 3085 3925 amitteret
3096 3876 3394 3931 veritatem

1792 3936 2065 3990 Ruﬁnum
2084 3938 2264 4003 carpit
2273 3940 2727 4004 objactationem
2738 3942 2994 3996 scientia)
3007 3946 3336 4000 Grecorum
3347 3956 3393 4000 et

1792 4008 2142 4062 oblivionem
2158 4010 2325 4075 patrii
2340 4012 2623 4063 sermonis
2649 4013 3037 4077 :Przetermiuo,
3064 4016 3158 4077 ait,
3188 4018 3391 4070 Graecos

1791 4095 2028 4155 quorum
2053 4086 2111 4130 tu
2127 4081 2301 4155 jactas
2323 4083 2622 4155 scientiam,
2646 4088 2695 4135 et
2710 4084 2842 4134 dum
2852 4086 3143 4151 peregrina
3153 4092 3390 4155 sectaris,

1783 4165 1920 4216 pene
1947 4154 2028 4202 tui
2063 4154 2327 4203 sermonis
2369 4154 2561 4205 oblitus
2600 4170 2668 4217 es,
2697 4170 2767 4206 ne
2786 4156 2945 4206 veleri
2964 4158 3261 4225 proverbio,
3299 4154 3389 4213 sus

1788 4224 2114 4298 Minervam,
2151 4225 2333 4276 docere
2354 4226 2559 4290 videar,
2589 4232 2636 4277 et
2662 4228 2740 4278 in.
2756 4226 2950 4278 silvam
2970 4224 3132 4296 ligna
3151 4238 3387 4298 portare.

1789 4297 1935 4370 Illud
1954 4298 2148 4363 miror,
2165 4299 2310 4363 quod
2330 4299 2685 4350 Aristarchus
2698 4301 2868 4350 nostri
2887 4297 3391 4370 temporis

1788 4369 1893 4419 ista
1920 4370 2191 4435 nescieris,
2215 4385 2538 4436 quanquam
2554 4377 2612 4421 tu
2628 4378 2915 4437 occupatus
2934 4374 2997 4423 in
3006 4369 3303 4426 sensibuset
3316 4376 3392 4427 ad

1786 4442 2102 4492 struendam
2111 4443 2256 4493 mihi
2265 4442 2605 4494 calumniam
2615 4444 2876 4509 cernulus,
2895 4445 3388 4499 Grammaticorum

1785 4517 1833 4563 et
1863 4513 2154 4564 Oratorum
2166 4515 2835 4580 prcceptacontempseris,
2863 4517 3023 4580 parvi
3047 4518 3287 4582 pendens
3298 4518 3389 4584 hy-

1783 4584 2006 4650 perbato
2022 4590 2140 4651 post
2153 4586 2439 4647 anfractus
2447 4586 2681 4643 reddere,
2696 4589 3039 4650 asperitatem
3049 4588 3247 4640 evitare
3261 4605 3389 4642 con-

1784 4657 2123 4719 sonantium,
2155 4655 2397 4706 hiulcum
2430 4656 2615 4721 fugere
2642 4657 3028 4713 dietionemEt
3065 4660 3229 4722 infra,
3273 4663 3387 4713 nisi

1785 4727 1924 4792 forte
1944 4743 1998 4777 se
2026 4727 2208 4778 literas
2241 4743 2356 4778 non
2381 4727 2628 4779 didicisse
2657 4729 2903 4793 jurabit:
2930 4730 3076 4796 quod
3114 4748 3213 4783 nos
3232 4733 3319 4785 illi
3340 4740 3386 4784 et

1782 4800 1979 4866 absque
1980 4800 2297 4865 juramento
2307 4800 2563 4865 perfacile
2574 4802 2861 4854 credimus.
2878 4805 3078 4869 Neque
3087 4804 3250 4860 illum
3264 4806 3388 4860 ins—

1780 4874 1868 4924 tar
1880 4871 2057 4925 Paulli
2069 4872 2347 4939 Apostoli,
2362 4886 2625 4927 sermone
2643 4875 2990 4940 imperitum,
3006 4878 3246 4931 scientia
3259 4878 3387 4933 doc-

1780 4949 1906 4998 tum
1918 4944 2118 4997 haberi
2142 4944 2286 5010 vult,
2310 4958 2486 5011 quem
2516 4946 2600 4998 sic
2629 4947 2931 5000 ridendum
2956 4950 3222 5015 proponit
3251 4966 3266 5004 :
3310 4952 3381 5002 Tu

1781 5018 1877 5082 qui
1900 5017 1961 5066 in
1974 5016 2163 5067 latinis
2184 5019 2458 5089 mussitas,
2476 5024 2521 5068 et
2545 5019 2837 5070 testudineo
2851 5020 3032 5085 gradu
3046 5023 3276 5075 moveris
3285 5038 3384 5089 po-

1777 5090 1904 5150 tius,
1933 5104 2104 5153 quam
2126 5088 2349 5154 incedis,
2377 5089 2459 5140 vel
2495 5090 2666 5140 Grece
2694 5089 2842 5141 debes
2872 5091 3113 5153 scribere,
3151 5098 3211 5143 ut
3231 5088 3385 5160 apud

1782 5161 2026 5210 homines
2050 5161 2215 5211 Graeci
2238 5161 2503 5211 sermonis
2517 5161 2738 5226 ignaros
2759 5162 2943 5213 aliena
2963 5164 3097 5215 scire
3118 5165 3381 5228 videaris,-

1778 5232 1856 5282 vel
1876 5233 1923 5281 si
1946 5232 2121 5282 latina
2139 5232 2438 5292 tentavcris,
2455 5238 2580 5282 ante
2594 5234 2789 5283 audire
2828 5235 3281 5304 Grammaticum,
3300 5237 3381 5301 fe-

1776 5303 1909 5355 rulae
1932 5318 2163 5353 manum
2185 5302 2514 5376 subtrahere,
2532 5310 2579 5352 et
2615 5304 2759 5353 inter
2787 5302 3043 5370 parvulos
3076 5309 3378 5376 Αθηνογὲρον

1777 5375 1854 5439 (id
1890 5381 1981 5427 est
2012 5390 2188 5426 senem
2224 5374 2621 5439 scholasticam)
2657 5381 2828 5427 artem
2864 5377 3118 5442 loquendi
3159 5374 3377 5434 discere.

1777 5447 1923 5500 Hinc
1948 5451 2302 5509 ostensurus,
2326 5444 2681 5510 Origenistas
2703 5447 2853 5500 inter
2876 5461 2936 5499 se
2961 5448 3138 5513 Orgiis
3158 5450 3379 5501 menda-

1776 5520 1987 5570 ciorum
2001 5518 2483 5582 faederari,transit
2494 5517 2566 5570 ad
2580 5518 3220 5584 StromataOrigenls,ex
3232 5534 3378 5587 quo-

1777 5606 1906 5645 rum
1947 5593 2041 5645 lib.
2083 5592 2176 5644 Vl.
2216 5592 2405 5644 locum
2438 5591 2691 5653 adducit,
2730 5592 2827 5643 ubi
2868 5592 3089 5646 tradere
3132 5593 3374 5660 videtur,

1775 5664 2086 5729 aliquando
2107 5663 2274 5715 licere
2297 5662 2541 5715 mentiri.
2575 5665 2748 5716 Suam
2778 5663 2987 5716 Psalmi
3007 5666 3073 5717 ll.
3095 5665 3378 5734 interpre-

1778 5736 2069 5801 tationem,
2099 5739 2158 5787 et
2190 5748 2293 5787 sex
2322 5734 2517 5787 locain
2532 5736 2953 5788 Commentario
2977 5736 3049 5789 ad
3078 5738 3375 5806 Ephesios,

1776 5821 1910 5874 quin
1931 5820 1968 5861 a
1989 5809 2186 5871 Ruﬁno
2210 5806 2544 5872 reprehendi
2560 5807 2929 5860 Paulinianus
2958 5810 3232 5866 retulerat
3250 5812 3375 5870 fuse

1775 5882 1986 5943 tuetur;
2021 5879 2093 5933 de
2121 5891 2236 5944 quo
2259 5879 2678 5933 Commentario
2701 5878 2785 5933 sic
2815 5879 3098 5945 loquitur:
3118 5883 3303 5936 Decem
3324 5893 3373 5939 et

1772 5957 1929 6017 aucto
1948 5951 2118 6018 ferme
2138 5950 2280 6003 anni
2290 5956 2434 6015 sunt,
2459 5966 2527 6004 ea:
2547 5966 2654 6020 quo
2676 5950 2794 6004 istis
2815 5951 3014 6023 dictavi
3029 5952 3372 6015 libransmg
