3894 6432
536 351 639 408 163

1812 352 2054 403 RUFINI
2090 351 2551 427 ,PRESBYTERI
3147 395 3175 415 _

3726 358 3812 415 164

529 469 704 522 bebat
716 467 845 545 hac
858 469 1563 545 Hieronymus_A._D.A!iO_l.
1590 470 1736 532 Ergo
1752 466 1824 519 ad
1849 466 2126 545 Ephesios
2157 472 2213 545 Α
2235 473 2435 545 contra
2458 467 2737 545 latratores
2767 480 2905 520 suos
2943 470 3143 545 misisse
3174 469 3424 520 baculum
3448 473 3822 528 literaruer-

529 540 1026 591 commentabatur
1063 541 1209 592 circa
1240 543 1304 591 A.
1332 541 1395 590 D.
1424 538 1547 593 384.
1585 551 1702 590 non
1746 549 1886 588 vero
1915 535 2035 591 387.
2063 543 2130 590 ut
2157 535 2213 545 ’⁸
2233 538 3003 604 ridetexcusalionem,quod
3018 545 3487 606 proptersetatem
3504 550 3564 597 et
3576 545 3823 599 afﬁnium

528 610 724 663 visum
748 609 1107 663 Tillemontio
1125 611 1186 663 in
1215 611 1345 663 Vita
1372 609 1704 675 Hieronymi
1734 612 1853 659 Art.
1880 609 2126 671 XLVIII,

527 694 656 748 pag.
681 681 801 736 114.
820 683 885 733 In
914 682 1287 746 responsione
1310 682 1383 734 ad
1404 683 1640 735 tertium
1661 680 1852 733 locum
1873 680 2129 745 epistolae

526 753 601 807 ad
624 752 918 818 Ephesios,
943 754 1016 806 ab
1036 754 1243 807 Ruﬁno
1266 753 1700 819 reprehensum,
1726 752 1897 804 aliam
1917 752 2128 803 iterum

527 826 725 877 notam
751 824 1209 889 chronologicam
1232 825 1516 878 habemus
1536 823 1631 876 lib.
1657 825 1699 875 I.
1725 835 1853 888 pag.
1876 822 1997 878 377.
2026 822 2129 874 ubi

527 896 609 949 ait
630 911 643 947 :
674 897 782 946 Pro
798 910 903 960 quo
922 896 1196 962 (Origene)
1212 897 1517 962 compulsus
1535 910 1658 945 sum
1685 900 1809 944 ante
1832 906 2127 947 BIBNNIUM

527 966 667 1017 brevi
682 966 849 1017 libello
865 969 971 1018 tuis
986 974 1173 1018 contra
1184 984 1267 1018 me
1278 968 1563 1034 praeconiis
1572 967 1907 1033 respondere,
1923 978 2127 1032 nempe

591 1112 707 1162 VII.
734 1111 1141 1175 Hieronymus,
1165 1123 1344 1176 quem
1382 1110 1628 1163 Ruﬁnus
1649 1114 1715 1162 ut
1742 1109 2067 1159 maledicum
2081 1113 2126 1158 et

522 1182 845 1247 sacrilegum
860 1185 1253 1247 accusaverat,
1278 1182 1438 1247 prius
1458 1183 1672 1234 crimen
1695 1180 1879 1244 diluit,
1906 1194 1966 1231 se
1990 1194 2128 1232 con-

524 1255 613 1305 tra
630 1254 876 1317 nullum,
892 1253 1005 1304 nisi
1019 1258 1216 1306 contra
1231 1254 1460 1306 invidos
1474 1253 1780 1318 loquutum
1791 1252 2122 1304 ostendens.

524 1324 874 1389 Hujusmodi
908 1329 1077 1377 vocat
1116 1326 1372 1375 Luscium
1412 1326 1724 1385 Lavinium,
1759 1324 1837 1373 vel
1867 1324 2125 1373 Asinium

523 1395 832 1446 Pollianom
847 1396 908 1445 de
921 1411 1107 1460 genere
1128 1396 1521 1447 Corneliorum.
1547 1397 1688 1448 Hac
1712 1395 1989 1447 vocabula
2012 1396 2127 1445 Ru-

519 1467 699 1531 ﬁnum
720 1467 1013 1531 denotant,
1037 1466 1332 1532 aliumque
1356 1468 1723 1527 monachum,
1748 1468 1875 1531 ejus
1902 1467 2124 1525 studio:-

522 1550 671 1599 sum,
690 1539 763 1591 ad
779 1539 1051 1589 Cornelios
1061 1551 1248 1604 genus
1265 1552 1433 1591 suum
1450 1541 1807 1591 referentem.
1827 1538 1912 1590 Ad
1934 1543 2096 1603 poste

518 1609 658 1671 rius,
684 1608 837 1674 quod
869 1614 960 1661 est
983 1610 1346 1675 sacrilegium
1362 1615 1419 1663 et
1441 1610 1650 1663 somnii
1678 1609 2005 1674 perjurium,
2041 1610 2122 1662 ita

517 1680 860 1745 respondet,
886 1681 1036 1741 Diaei,
1090 1695 1175 1730 me
1208 1681 1470 1731 seculares
1509 1682 1689 1730 literas
1732 1681 1975 1745 deinceps
2007 1695 2120 1729 non

520 1750 799 1802 lecturum.
845 1751 918 1800 De
951 1752 1143 1813 futuro
1167 1753 1382 1816 sponsio
1420 1758 1508 1812 est,
1547 1767 1660 1801 non
1694 1753 1973 1817 prasteritz
2010 1767 2121 1801 me-

517 1822 980 1920 moriar:abolitio.k
987 1823 1111 1874 Hoc
1132 1823 1378 1887 amplius
1411 1822 1790 1887 persequitur,
1822 1823 1930 1875 sibi
1966 1836 2121 1875 som-
2143 1846 2195 1920 B

518 1893 676 1920 edam
712 1907 880 1920 unum
909 1906 940 1920 Λ
987 1894 1074 1920 ﬁn:
1107 1906 1463 1920 nnnnnsnnnnn
1505 1906 1680 1920 unum
1717 1895 1987 1920 anu-tntum
2010 1896 2079 1920 ait
2105 1910 2115 1920 .

518 1893 680 1946 nium
711 1907 886 1946 suum
907 1893 1079 1957 objici
1106 1906 1486 1957 conquerens,
1503 1906 1684 1957 quum
1715 1895 1991 1958 scriptum
2010 1896 2115 1946 sit:

517 1965 626 2016 Nec
647 1966 977 2015 adulterium
991 1966 1195 2014 somnii
1220 1966 1365 2015 ducit
1388 1967 1462 2016 ad
1490 1967 1779 2015 Tartarum
1801 1980 1894 2015 nec
1926 1981 2128 2015 corona

518 2038 779 2102 martyrii
812 2037 873 2086 in
889 2036 1077 2086 caelum
1099 2037 1250 2086 levat.
1276 2038 1357 2089 De
1373 2038 1579 2089 Ruﬁno
1601 2037 1683 2088 sic
1697 2038 1870 2089 etiam
1897 2038 2124 2089 scribit:

516 2108 804 2158 Nimirum
826 2110 919 2157 iste
942 2114 1011 2157 est
1036 2107 1403 2158 Sallustianus
1452 2109 1806 2172 Calpurnius,
1839 2109 1936 2173 qui
1970 2108 2125 2158 nobis

511 2194 611 2245 per
629 2182 896 2245 Magnum
911 2186 1181 2230 oratorem
1197 2195 1310 2229 non
1334 2195 1599 2244 magnam
1618 2187 1857 2229 moverat
1882 2185 2125 2244 quaestio-

515 2266 662 2316 nem,
706 2251 796 2300 cui
848 2250 1017 2300 libello
1063 2249 1205 2300 brevi
1242 2252 1621 2314 satisfecimus.
1666 2249 1819 2301 Infra
1858 2251 1920 2302 in
1956 2251 2121 2315 epist.

515 2322 826 2373 LXXXIII.
839 2320 980 2373 alias
991 2322 1300 2374 LXXXIV.
1314 2323 1386 2374 ad
1398 2324 1645 2386 Magnun
1662 2322 1787 2373 hate
1802 2321 2005 2373 habet:
2024 2322 2126 2371 Sed

509 2408 610 2459 per
634 2400 678 2444 le
694 2393 1070 2459 mihiproponi
1085 2392 1151 2442 ab
1167 2404 1305 2445 ALIO
1319 2394 1679 2456 quaestionem,
1694 2393 1792 2457 qui
1800 2399 1937 2457 forte
1953 2408 2124 2458 prop-

515 2469 592 2514 ter
619 2480 859 2515 amorem
886 2465 1245 2515 historiarum
1263 2464 1526 2525 Sallustii,
1557 2464 1892 2529 Calpurnius
1926 2480 2123 2527 cogno-

513 2542 690 2585 mento
716 2537 991 2586 Lanarius
1012 2541 1102 2586 est.
1128 2536 1232 2587 His
1269 2534 1465 2588 allusit
1486 2536 1559 2588 ad
1583 2535 1849 2600 ejusdem
1869 2536 2121 2587 nominis

514 2606 883 2673 nebulonem,
927 2608 1026 2672 qui
1069 2608 1277 2672 prodiit
1306 2608 1532 2659 Livium
1556 2607 1932 2659 Salinatorem
1969 2608 2119 2672 apud

516 2677 886 2731 Plutarchum
911 2679 973 2730 in
1002 2678 1265 2730 Sertorio.
1293 2683 1341 2730 A
1364 2678 1712 2742 Hieronymo
1736 2691 1910 2743 prope
1946 2679 2121 2730 ﬁnem

512 2749 757 2803 Ruﬁnus
780 2749 1075 2814 pungitur,
1093 2753 1159 2801 ut
1182 2761 1419 2801 severus
1450 2754 1508 2801 et
1530 2749 1727 2814 gravis
1746 2763 1758 2800 :
1777 2750 1892 2813 Ego
1916 2754 2047 2799 certe
2064 2755 2120 2799 ut

515 2819 628 2882 tibi,
649 2820 861 2870 homini
876 2820 1225 2884 severissimo,
1243 2820 1418 2869 risum
1434 2835 1695 2880 moveam,
1713 2826 1759 2870 et
1780 2821 2009 2870 imiteris
2025 2820 2121 2870 ali-

512 2893 736 2957 quando
752 2892 1189 2956 Crassum,quem
1200 2891 1356 2942 semel
1366 2891 1426 2940 in
1439 2892 1550 2941 vita
1563 2892 1671 2941 dici
1681 2892 1861 2941 risisse
1876 2892 2115 2942 Lucilius

510 2964 739 3014 memini
758 2979 842 3014 me
858 2978 1096 3029 puerum
1112 2964 1394 3014 cursitasse
1403 2978 1501 3029 per
1524 2962 1741 3013 cellulas
1756 2964 2109 3026 servulorum,

510 3038 616 3088 etc.
639 3035 898 3089 Eundem
933 3036 1143 3088 iterum
1168 3037 1344 3100 taxat,
1379 3034 1545 3100 quasi
1566 3034 1761 3087 literas
1784 3037 2013 3089 Graecas
2039 3050 2112 3088 ex

510 3120 575 3161 se
586 3107 853 3161 didicisse
863 3107 1201 3173 gloriaretur
1217 3121 1230 3158 :
1243 3107 1489 3171 Miraris,
1515 3107 1563 3156 si
1582 3122 1673 3172 ego
1695 3106 1875 3157 literas
1884 3108 2112 3159 Latinas

508 3194 622 3230 non
640 3195 764 3230 sum
787 3179 998 3243 oblitus,
1023 3194 1197 3243 quum
1220 3184 1277 3229 tu
1302 3180 1509 3229 Graecas
1536 3180 1653 3229 sine
1676 3180 1937 3243 magistro
1962 3180 2111 3229 didi-

509 3252 965 3344 m.IHo§ejlus
989 3250 1204 3332 stilum,
1221 3254 1280 3303 et
1292 3251 1574 3333 rationem
1590 3250 1877 3333 scribendi
1892 3251 2104 3344 ironice
2126 3268 2175 3344 Ο

506 3318 763 3384 sugillat:
781 3321 829 3370 E
838 3321 1058 3386 ntu,qui
1068 3321 1130 3370 in
1141 3336 1223 3371 me
1229 3337 1462 3387 parvam
1472 3322 1793 3373 criminaris
1802 3321 2103 3387 scientiam,

503 3395 551 3440 et
574 3390 771 3441 videris
788 3391 881 3441 tibi
897 3391 1198 3442 literatulus
1211 3399 1370 3458 atque
1381 3392 1568 3454 Rabbi,
1587 3394 1846 3458 responde
1861 3409 1961 3444 cur
1973 3396 2105 3445 scri-

504 3461 620 3513 bere
628 3462 819 3528 aliqua
828 3478 996 3513 ausus
1003 3463 1143 3526 sis,et
1156 3465 1340 3515 virum
1356 3464 1772 3515 disertissimum
1786 3466 2108 3531 Gregorium

501 3534 633 3600 pari
660 3534 861 3601 eloquii
877 3535 1156 3600 splendore
1180 3536 1510 3600 transferre?
1542 3537 1691 3588 Unde
1706 3536 1801 3587 tibi
1827 3542 1979 3588 tanta
2003 3554 2109 3589 ver-

503 3605 695 3656 borum
708 3607 1276 3673 copia,sententiarum
1291 3608 1924 3670 lumen,translationum
1938 3611 2108 3661 varie-

505 3683 603 3740 tas,
629 3678 861 3740 homini,
880 3679 978 3744 qui
992 3682 1293 3731 oratoriam
1316 3681 1413 3730 via:
1423 3679 1623 3747 primis
1638 3680 1804 3731 labris
1826 3682 1887 3732 in
1912 3682 2108 3733 adoles-

502 3750 679 3803 centia
694 3751 982 3816 degustasti
996 3753 1022 3801 9
1043 3753 1154 3802 Aut
1169 3768 1260 3818 ego
1283 3752 1466 3818 fallar,
1489 3758 1586 3803 aut
1607 3757 1665 3803 tu
1689 3753 1993 3805 Ciceronem
2016 3770 2104 3805 oe-

501 3822 635 3873 culte
658 3821 888 3874 lectitas:
906 3828 952 3872 et
974 3823 1092 3874 ideo
1121 3830 1235 3875 tam
1256 3826 1485 3876 disertus
1500 3840 1570 3891 es,
1598 3826 1846 3891 mihique
1870 3826 2106 3877 lectionis

500 3895 614 3960 eius
635 3895 841 3945 crimen
864 3896 1119 3958 intendis,
1156 3901 1215 3946 ut
1235 3897 1379 3947 solus
1406 3898 1547 3948 inter
1565 3898 1930 3949 ecclesiasticos
1964 3905 2107 3951 trac-

500 3970 693 4019 tatores
713 3968 1023 4034 eloquentiae
1043 3970 1273 4033 ﬂumine
1295 3970 1540 4035 glorieris
1556 4009 1570 4034 ,
1596 3970 1712 4022 licet
1736 3971 1913 4036 magis
1931 3971 2108 4038 philo~

499 4040 693 4106 sophos
701 4042 852 4106 sequi
867 4041 1118 4106 videaris,
1132 4042 1322 4107 spinas
1337 4041 1589 4108 Cleanlis,
1600 4048 1647 4093 et
1667 4043 1915 4106 conforta
1936 4044 2106 4112 Chry-

501 4112 667 4177 sippi,
688 4128 884 4163 nonesc
902 4119 1035 4174 arte,
1062 4128 1231 4179 quam
1254 4115 1438 4177 nescis,
1453 4116 1544 4165 sed
1565 4116 1629 4165 de
1652 4116 1864 4180 ingenii
1886 4120 2106 4182 magni-

501 4184 708 4236 tudine.
744 4185 813 4233 Et
845 4186 1112 4249 quoniam
1137 4185 1302 4237 Stoici
1324 4187 1578 4251 Logicam
1599 4187 1701 4237 sibi
1734 4188 2032 4252 vindicant,
2059 4196 2104 4240 et

500 4258 559 4305 tu
592 4254 759 4321 hujus
772 4257 1000 4306 scientia:
1017 4258 1373 4309 deliramenta
1393 4260 1705 4321 contemnis,
1726 4260 1788 4309 in
1819 4261 1920 4311 hac
1949 4268 2104 4326 parte

502 4326 803 4391 Epicureus
827 4343 879 4377 es
903 4342 1024 4378 :nec
1038 4330 1235 4393 quaeris
1257 4331 1541 4395 quomodo,
1571 4331 1662 4381 sed
1683 4332 1818 4396 quid
1841 4332 2098 4397 loquaris.

499 4398 642 4470 Quid
655 4400 892 4450 enimad
924 4404 968 4450 te
993 4400 1244 4465 pertinet,
1278 4402 1327 4452 si
1362 4401 1507 4452 alius
1536 4416 1648 4453 non
1684 4404 1947 4469 intelligat
1966 4406 2102 4470 quid

499 4469 625 4521 velis
648 4471 839 4533 dicere,
866 4472 1001 4537 quia
1024 4487 1138 4522 non
1165 4474 1240 4524 ad
1270 4488 1468 4534 omnes,
1494 4474 1584 4523 sed
1615 4474 1690 4525 ad
1716 4480 1833 4525 tuos
1850 4469 2099 4541 loqueris.

497 4544 659 4597 Hanc
673 4545 785 4597 stili
799 4546 1088 4599 Ruﬁniani
1098 4560 1403 4600 censuram
1418 4548 1497 4601 ita
1519 4548 1807 4603 concludit
1828 4565 1840 4603 :
1859 4551 2101 4615 Denique

496 4621 543 4665 et
569 4631 661 4681 ego
694 4618 895 4682 scripta
919 4623 1014 4669 tua
1041 4624 1294 4685 relegens,
1318 4635 1644 4686 quanquam
1670 4623 1949 4673 interdum
1982 4637 2095 4674 non

498 4687 799 4753 intelligam
810 4690 945 4753 quid
953 4690 1208 4754 loquaris,
1222 4697 1268 4741 et
1279 4692 1611 4743 Heraclitum
1621 4709 1705 4744 me
1719 4694 1882 4759 legere
1888 4700 2094 4760 putem;

499 4764 681 4809 tamen
692 4775 801 4810 non
815 4761 978 4822 doleo,
994 4777 1088 4811 nec
1110 4777 1191 4812 me
1210 4765 1422 4828 paenitet
1446 4766 1718 4817 tarditatis
1744 4780 1758 4817 :
1782 4766 1842 4816 id
1863 4767 2010 4816 enim
2034 4767 2095 4817 in

499 4830 715 4903 legendo
744 4832 939 4896 patior,
964 4834 1110 4898 quod
1131 4840 1188 4884 tu
1208 4836 1409 4900 pateris
1432 4837 1494 4886 in
1515 4837 1806 4889 scribendo.
1843 4838 2097 4903 Denique

494 4901 639 4955 libro
655 4906 698 4956 Ι.
722 4904 898 4957 ﬁnem
912 4906 1172 4970 imponit,
1191 4907 1627 4973 Chrysogonum
1642 4910 1833 4962 Ruﬁni
1847 4901 2097 4963 amicum

494 4987 803 5047 arguens,a
811 4990 925 5041 quo
935 4980 1457 5043 reprehendebatur
1468 4982 1621 5046 quod
1636 4995 1735 5046 per
1746 4982 2097 5047 baptismum

493 5046 800 5111 bigamiam
815 5048 933 5101 tolli
943 5049 1319 5113 dixisset,nec
1329 5065 1464 5105 eum
1475 5065 1606 5106 esse
1621 5046 1914 5117 bigamum
1929 5054 2098 5107 vellet

493 5120 593 5184 qui
621 5132 801 5172 unam
826 5126 978 5183 ante,
1004 5121 1241 5176 alteram
1270 5129 1402 5189 post
1439 5126 1797 5190 baptismum
1832 5125 2097 5179 duxisset

492 5204 752 5246 uxorem.
769 5192 831 5244 Ei
848 5196 1041 5245 tamen
1051 5194 1213 5259 epist.
1228 5197 1511 5248 LXXXII.
1536 5196 1679 5248 alias
1700 5196 2004 5259 LXXXIII,
2021 5197 2094 5250 ad

491 5264 785 5318 Oceanum
801 5265 1013 5330 scripta
1022 5268 1332 5331 respondit,
1348 5268 1579 5319 Carterii
1589 5268 1649 5319 in
1660 5268 1938 5332 Hispania
1952 5270 2095 5334 epis-

491 5337 619 5402 copi
628 5337 1047 5390 ordinationem
1058 5338 1493 5402 defendens,qui
1506 5352 1680 5391 unam
1695 5345 1848 5403 ante,
1861 5340 2094 5393 alteram

463 5414 623 5479 _post
648 5410 998 5474 baptismum
1030 5423 1271 5464 uxorem
1306 5414 1656 5475 susceperat.

553 5480 693 5531 VIII.
712 5482 1023 5546 Postquam
1044 5482 1427 5543 Hieronymus
1454 5481 1691 5533 crimina
1716 5482 1825 5534 sibi
1842 5496 1876 5535 a
1895 5484 2093 5546 Ruﬁno

489 5550 737 5617 impacta
770 5554 952 5617 priore
974 5552 1118 5604 libro
1141 5553 1421 5615 diluisset,
1448 5566 1586 5605 mox
1602 5554 1863 5617 ejusdem
1881 5554 2093 5619 Apolo-

488 5626 644 5689 giam
662 5626 734 5677 ad
747 5626 1118 5679 Anastasium
1137 5626 1466 5678 Pontiﬁcem
1484 5626 1730 5679 refutare
1740 5628 2090 5692 adgreditur,

488 5695 551 5748 in
573 5709 690 5760 qua
704 5697 812 5749 sibi
828 5697 1116 5750 calumnia
1140 5699 1283 5750 strui
1306 5698 1643 5761 videbatur;
1667 5698 1843 5762 idque
1854 5702 2093 5765 praestat

489 5767 784 5832 Apologia
820 5767 1114 5831 particulis
1145 5767 1459 5821 identidem
1491 5768 1756 5821 recitatis.
1796 5772 1863 5822 In
1894 5771 2091 5833 Ruﬁno

488 5838 830 5892 modestiam
855 5837 1141 5892 desiderat
1175 5840 1273 5892 ubi
1301 5841 1463 5905 fidem
1486 5846 1545 5895 et
1566 5842 1885 5892 charitatem
1925 5853 2090 5894 suam

477 5909 817 5985 laudatmec
826 5911 971 5967 ferre
980 5910 1352 5980 potest,lllum
1362 5912 1437 5970 ad
1447 5925 1742 5970 summum
1758 5914 2091 5972 Pontiﬁcem

2228 614 2361 675 post
2370 622 2489 661 xxx
2500 621 2683 660 annos
2692 611 3024 675 amplexum
3035 624 3136 677 pro
3149 612 3240 664 sui
3252 612 3587 668 defensione
3599 619 3822 670 Romam

2227 693 2344 732 non
2361 681 2744 754 properaverit
2763 695 2776 731 :
2795 681 2935 754 Illud
2959 698 3099 747 vero,
3122 683 3328 747 inquit,
3353 686 3672 749 ridiculum,
3698 692 3826 754 quod

2223 758 2341 824 post
2366 752 2591 824 triginta
2614 766 2792 801 annos
2812 753 2886 802 ad
2905 760 3151 824 parentes
3172 770 3224 804 se
3246 770 3518 807 reversum
3533 774 3640 809 esse
3647 752 3821 824 jactat,

2227 823 2406 883 homo,
2440 822 2537 885 qui
2571 830 2910 895 necqpatrem,
2938 823 3089 873 habet
3128 839 3221 875 nec
3247 832 3494 888 matrem,
3527 835 3575 878 et
3601 822 3735 895 quos
3756 834 3826 881 vi-

2220 899 2394 940 ventes
2409 892 2626 955 juvenis
2650 892 2948 957 dereliquit,
2976 900 3218 945 mortuos
3230 910 3393 946 senes:
3408 892 3676 951 desiderat
3696 904 3825 952 :nisi

2218 962 2355 1037 forte
2373 968 2639 1037 parentes,
2664 964 2897 1013 militari
2910 965 3230 1031 vulgarique
3250 982 3497 1019 sermone
3518 980 3771 1037 cognatos
3786 983 3824 1024 et

2224 1035 2417 1098 afﬁnes
2448 1035 2697 1083 nominat
2725 1052 2736 1083 :
2764 1050 2894 1099 quos
2929 1037 3064 1101 quia
3099 1053 3213 1088 non
3248 1040 3361 1088 vult
3397 1035 3631 1094 deserere
3656 1061 3722 1095 ne
3746 1048 3829 1097 in-

2226 1108 2504 1181 humanus
2514 1112 2735 1181 putetur
2749 1113 2844 1181 aut
2856 1108 3047 1181 durus,
3065 1109 3265 1160 idcirco
3272 1113 3461 1175 patria
3480 1115 3825 1181 (Concordia)

2225 1178 2488 1252 derelicta,
2516 1178 2775 1252 Aquilejae
2800 1178 3028 1252 habitat.
3041 1181 3391 1232 Periclitatur
3405 1185 3695 1237 Romaeilla
3705 1178 3825 1252 pro;

2224 1249 2506 1325 ba-tissima
2541 1250 2670 1312 ﬁdes
2716 1249 2864 1314 ejus:
2891 1251 3058 1325 et‘hic
3089 1254 3320 1325 supinus
3356 1260 3405 1304 et
3450 1249 3829 1325 lassatus-post

2223 1321 2451 1384 triginta
2474 1334 2651 1369 annos
2672 1334 2768 1384 per
2801 1321 3180 1371 mollissimum
3211 1324 3499 1375 Flaminia
3530 1328 3632 1378 iter
3667 1321 3829 1381 essedo

2223 1390 2402 1441 venire
2418 1406 2529 1440 non
2542 1395 2706 1456 potest
2729 1406 2745 1439 :
2768 1392 2946 1456 sicque
2966 1394 3249 1457 pretendit
3274 1395 3422 1461 longi
3449 1398 3667 1450 itineris
3691 1401 3831 1452 lassi-

2223 1464 2483 1535 tudinem,
2509 1461 2921 1535 quasirtriginta
2964 1464 3131 1514 annis
3154 1479 3362 1531 semper
3396 1473 3717 1535 cucurrerit,
3742 1480 3829 1523 aut

2222 1534 2437 1584 biennio
2470 1533 2727 1598 Aquilejse
2757 1534 2940 1583 sedens
2966 1536 3225 1599 praeteriti
3248 1537 3464 1589 itineris
3494 1540 3672 1593 labore
3707 1533 3827 1593 con-

2218 1606 2383 1668 fectus
2426 1607 2511 1655 sit.
2549 1607 2813 1657 Carceres
2837 1609 2896 1657 et
2926 1606 3131 1658 exsilia
3153 1609 3424 1663 Ruﬁnum
3472 1612 3828 1669 Alexandriae

2219 1690 2321 1742 pro
2335 1677 2467 1729 Fide
2480 1677 2724 1728 subiisse
2736 1692 2837 1726 non
2850 1679 3499 1745 creditabsquejudicum
3514 1688 3827 1747 sententiis,

2221 1754 2279 1800 et
2300 1750 2413 1799 nisi
2448 1748 2649 1813 prodat
2671 1748 3049 1799 confessionis
3078 1762 3202 1801 sum
3227 1756 3376 1803 acta.
3402 1755 3491 1819 Ad
3515 1754 3626 1808 hoc
3648 1757 3781 1810 alibi
3799 1771 3829 1809 a

2227 1820 2391 1871 nobis
2416 1831 2829 1883 responsurum
2850 1824 2957 1871 est.
2974 1821 3421 1888 Confessionem,
3441 1838 3616 1889 quam
3632 1827 3705 1881 de
3715 1830 3831 1880 Tri-

2226 1892 2406 1943 nitate
2419 1894 2615 1942 etresu
2623 1890 2897 1942 rrectione
2911 1893 3399 1957 protulerat,variis
3409 1899 3824 1959 quaestionibus

2229 1964 2435 2014 turbat.
2464 1963 2811 2016 Sententiam
2846 1962 2917 2013 de
2946 1962 3163 2027 judicio
3186 1969 3244 2017 et
3267 1966 3505 2021 Diabolo
3530 1970 3705 2022 etiam
3730 1985 3823 2023 e1-

2226 2035 2421 2098 agitat,
2439 2036 2602 2097 quasi
2618 2038 2855 2096 peccata
2878 2034 3181 2105 hominum
3197 2049 3315 2088 non
3329 2039 3549 2092 arbitrii
3565 2041 3825 2105 libertati,

2227 2105 2328 2156 sed
2353 2104 2450 2155 uni
2476 2105 2710 2155 Diabolo
2726 2105 2799 2155 ab
2820 2104 3024 2156 Ruﬁno
3033 2105 3474 2171 imputarentur.
3494 2112 3618 2163 Hoc
3637 2104 3823 2166 tamen

2224 2181 2425 2249 postea
2444 2175 2872 2249 lenirervidetur
2890 2175 2985 2249 bis
3009 2178 3232 2229 verbis:
3257 2179 3453 2229 Verum
3480 2182 3588 2232 haec
3607 2193 3825 2249 possunt

2225 2262 2256 2311 q
2266 2248 2382 2296 uasi
2406 2247 2664 2311 simplicis
2684 2247 2924 2296 hominis
2938 2250 3188 2297 excusari
3206 2264 3219 2300 :
3233 2256 3279 2300 et
3296 2266 3465 2315 quum
3477 2247 3716 2306 eruditos
3725 2273 3828 2306 non

2223 2318 2398 2367 subter
2418 2318 2655 2381 fugiant,
2668 2320 2820 2381 apud
2836 2319 3075 2367 indoctos
3084 2320 3340 2384 praeferre
3349 2322 3674 2376 innocentiae
3688 2329 3831 2377 simi-

2224 2389 2526 2463 litudinem.
2554 2390 2796 2440 Ruﬁnus
2822 2391 3129 2463 scripserat
3150 2392 3436 2463 {Dicimus
3459 2410 3674 2462 quoque
3679 2400 3826 2463 judi-

2222 2461 2369 2510 cium
2402 2461 2687 2536 futurum,
2732 2471 2796 2536 iis
2840 2471 2965 2536 QEO
3002 2460 3213 2524 judicio
3247 2460 3621 2536 unusquisque
3643 2460 3828 2536 recipit

2216 2532 2449 2596 propria
2464 2530 2720 2595 corporis.
2735 2531 2856 2582 Hoc
2870 2531 3257 2603 Hieronymus
3275 2535 3356 2587 sic
3371 2530 3579 2603 carpit:
3599 2530 3827 2591 Dixerat

2214 2603 2489 2668 judicium
2504 2603 2777 2666 futurum,
2790 2602 2878 2651 sed
2895 2602 3054 2652 homo
3070 2610 3259 2654 cautus
3271 2607 3453 2658 timuit
3466 2602 3643 2659 solum
3659 2613 3826 2662 dicere

2222 2685 2282 2724 IN
2301 2680 2583 2737 Quo,etpo
2606 2674 2712 2721 suit
2730 2684 2791 2723 IN
2804 2683 2927 2737 QUO
2940 2685 3201 2739 JUDICIO,
3218 2677 3340 2726 nesi
3360 2694 3470 2729 non
3497 2683 3734 2733 secundo
3755 2699 3825 2733 ne-

2220 2746 2447 2819 petiisset
2466 2746 2778 2807 JUDICIUM,
2814 2759 2911 2819 nos
2934 2745 3081 2794 obliti
3103 2748 3466 2811 superiorum,
3494 2766 3598 2816 pro
3614 2754 3822 2819 judicio

2219 2817 2458 2865 Asinum
2467 2820 2803 2879 putaremus.
2817 2815 3054 2868 Dixerat
3068 2818 3242 2869 etiam
3254 2815 3529 2873 Ruﬁnus:
3546 2815 3651 2883 Qui
3665 2825 3825 2874 crimi

2219 2891 2429 2937 nantur
2450 2888 2666 2951 fratres,
2692 2901 2815 2937 cum
2850 2891 2965 2951 ipso
2986 2889 3195 2952 pariter
3214 2894 3399 2940 aeterni
3428 2893 3575 2958 ignis
3599 2895 3825 2947 haeredi-

2216 2962 2317 3007 tate
2343 2969 2703 3011 pormnrnn.
2743 2960 2864 3010 Hoc
2886 2961 3025 3011 item
3048 2960 3229 3025 carpit
3249 2962 3640 3030 Hieronymus
3664 2982 3677 3018 :
3697 2969 3827 3027 Quis

2211 3029 2598 3106 enim,_inquit,
2614 3044 2864 3106 unquam
2876 3032 3087 3106 audivit
3103 3042 3302 3106 Po'rnu
3314 3035 3548 3099 ignibus,
3558 3037 3686 3101 frui
3696 3055 3815 3106 sup-

2208 3102 2365 3176 pletis
2375 3104 2399 3151 ?
2418 3102 2695 3176 Agnoscit
2713 3102 2896 3176 Grmci
2920 3104 3205 3176 sermonis
3229 3106 3690 3176 translationem,
3709 3102 3813 3173 sed,

2209 3174 2307 3237 ait,
2347 3174 2507 3247 homo
2558 3174 2771 3223 Graecus
2800 3174 3015 3247 videtur
3048 3175 3193 3225 mihi
3218 3190 3430 3242 sepsum
3462 3174 3816 3247 interpretari

2207 3245 2451 3305 voluisse,
2474 3251 2520 3317 et
2553 3260 2653 3309 pro
2699 3259 2757 3294 eo
2795 3246 2939 3309 quod
2980 3247 3132 3310 apud
3173 3262 3257 3298 eos
3293 3249 3558 3317 (Grmcos)
3606 3245 3818 3308 dicitur

2208 3314 2682 3383 κληρονομήσουσιν,
2704 3320 2749 3367 et
2764 3318 2915 3389 apud
2938 3332 3035 3367 nos
3057 3333 3170 3370 uno
3191 3320 3342 3371 verbo
3372 3323 3481 3373 diei
3498 3314 3672 3389 potest
3704 3326 3819 3379 Hi3-

2206 3392 2659 3450 REDI'I‘ABUNT,el
2674 3388 2923 3438 ornatius
2933 3391 3319 3444 uenantum
3330 3388 3821 3449 ronxsrURJstius-

2206 3460 2355 3508 modi
2394 3460 2558 3523 nugis
2596 3464 2643 3508 et
2660 3460 3010 3525 \acyrologiis
3055 3462 3235 3513 omnis
3271 3464 3384 3529 ejus
3426 3470 3585 3517 scatet
3624 3472 3816 3522 oratic.

2208 3530 2439 3583 Nullum
2450 3531 2699 3593 profecto
2714 3536 2806 3583 est
2816 3532 3056 3585 dubium
3072 3536 3600 3603 quinHieronymus
3617 3540 3819 3594 latinis

2206 3604 2581 3677 scriptoribus
2591 3604 2889 3677 versandls
2904 3614 3199 3667 assuetus,
3211 3607 3273 3659 in
3282 3608 3444 3674 copia
3455 3614 3512 3662 et
3523 3611 3818 3677 elegantia

2206 3676 2484 3728 sermonis
2495 3676 2702 3728 Ruﬁno
2713 3678 3061 3741 praestiterit,
3075 3681 3175 3746 qui
3189 3681 3339 3733 ultro
3366 3692 3492 3734 sum
3512 3676 3819 3738 tricennali

2204 3746 2355 3799 inter
2382 3749 2610 3800 Graecos
2654 3748 3097 3813 peregrinationi
3124 3752 3262 3805 vitio
3300 3754 3582 3819 vertebat,
3624 3756 3678 3809 si
3712 3757 3824 3810 ali-

2204 3820 2437 3883 quando
2448 3820 2641 3871 minus
2652 3818 2828 3872 latine
2838 3818 3603 3890 scribens,oﬁ‘enderet.Eum
3618 3832 3820 3883 tamen

2206 3891 2419 3966 saepius
2432 3891 2495 3966 in
2507 3891 2618 3943 hoc
2629 3892 2815 3966 tangit
2825 3893 3231 3962 Hieronymus,
3247 3908 3386 3948 nam
3400 3901 3459 3949 et
3477 3897 3821 3966 Theophras-

2205 3963 2537 4038 tamironice
2558 3963 2825 4038 appellat,
2847 3968 3072 4030 etquod
3086 3969 3491 4034 querimoniam
3505 3963 3819 4038 pro'quaes-

2204 4035 2346 4107 tione
2374 4036 2757 4102 usurpaverit.
2800 4038 3061 4104 Denique
3097 4041 3206 4093 ait:
3234 4041 3364 4091 Tam
3382 4042 3569 4107 putide
3602 4035 3818 4097 et'con-

2199 4106 2318 4170 fuse
2354 4108 2610 4184 loquitur,
2645 4115 2703 4184 ut
2723 4108 2846 4184 plus
2875 4126 2968 4176 ego
3000 4113 3063 4162 in
3085 4106 3522 4179 reprehendendo
3551 4116 3815 4184 laborem,

2203 4195 2371 4257 quam
2385 4180 2473 4257 ille
2494 4182 2556 4257 in
2578 4181 2868 4235 scribendo.
2897 4185 3031 4237 Mox
3054 4185 3349 4236 Arcesilam
3372 4191 3419 4237 et
3450 4180 3813 4257 Carneadem,

2202 4266 2234 4317 q
2242 4253 2300 4301 ui
2309 4255 2497 4304 omnia
2508 4253 2712 4303 incerta
2723 4258 3112 4322 pronunciant,
3134 4272 3198 4311 se
3211 4258 3486 4312 Ruﬁnum
3497 4266 3707 4326 putare
3734 4253 3817 4317 ait

2202 4327 2299 4378 ubi
2324 4331 2439 4379 tres
2456 4338 2628 4391 super
2640 4326 2964 4381 animarum
2986 4334 3147 4383 atatu
3163 4336 3221 4384 et
3244 4331 3472 4396 orlgene
3484 4334 3653 4398 ponit
3674 4348 3814 4389 sen-

2200 4398 2432 4471 tentias,
2443 4401 2645 4451 neutra
2654 4398 2844 4451 adhuc
2855 4412 2975 4465 prin
2984 4403 3186 4454 ceteris
3197 4404 3270 4455 ab
3282 4402 3535 4457 Ecclesia
3546 4408 3810 4471 probata.

2200 4470 2353 4521 Infra
2373 4470 2581 4522 iterum
2597 4477 2723 4535 ejus
2749 4472 2832 4523 sic
2854 4472 3250 4536 loquutionem
3272 4470 3636 4542 perstringit:
3656 4480 3812 4530 Mira

2199 4541 2499 4607 eloquentia
2509 4547 2555 4592 et
2568 4543 2739 4592 Attico
2749 4544 2878 4608 flore
2891 4547 3108 4596 variata
3126 4548 3142 4596 l
3156 4547 3421 4598 Admiror
3430 4541 3633 4599 ausum
3650 4552 3815 4602 illum

2199 4629 2303 4665 esse
2327 4615 2433 4664 haec
2456 4615 2685 4665 Romam
2699 4614 2981 4667 verborum
2993 4623 3241 4683 portenta
3252 4622 3631 4674 transmittere.
3651 4624 3815 4675 Com-

2117 4674 2175 4748 D
2198 4687 2436 4753 peditam
2473 4691 2626 4752 putes
2650 4687 2899 4753 linguam
2933 4674 3066 4755 ejus,
3089 4696 3136 4740 et
3158 4692 3624 4744 inextricabilibus
3649 4674 3815 4746 nodis

2196 4761 2443 4834 ligatam,
2572 4760 2632 4809 in
2646 4760 2958 4834 humanum
2972 4777 3169 4813 sonum
3184 4778 3459 4829 erumpere
3485 4766 3660 4819 .Alibi
3679 4769 3732 4834 ej
3740 4782 3814 4821 us

2197 4833 2467 4887 laciniosa
2483 4831 2866 4896 disputationis
2885 4834 3113 4897 fastidia
3128 4848 3190 4887 se
3208 4836 3405 4902 fugere
3427 4837 3524 4890 ait.
3543 4838 3653 4891 His
3664 4831 3814 4893 non-

2197 4905 2338 4957 dum
2366 4903 2516 4976 ﬁnis,
2538 4915 2674 4955 nam
2696 4905 3084 4976 Hieronymus
3101 4908 3307 4960 Ruﬁno
3324 4915 3634 4963 succenset
3651 4914 3818 4976 quod

2195 4977 2255 5029 in
2277 4975 2688 5051 transferendis
2710 4975 2872 5051 libris
2895 4978 3235 5051 Periarchon
3270 4981 3463 5046 aliqua
3497 4975 3816 5051 addiderit,

2194 5048 2472 5102 nonnulla
2482 5050 2854 5114 subtraxerit,
2866 5050 2977 5103 alia
2985 5050 3394 5117 immutaverit,
3407 5053 3565 5106 unde
3576 5056 3743 5109 bona
3754 5048 3820 5111 et

2195 5122 2347 5174 mala
2360 5134 2477 5172 non
2494 5122 2611 5173 tam
2620 5121 2838 5173 auctori
2855 5134 3030 5186 quam
3041 5123 3336 5189 interpreti
3353 5126 3664 5181 tribuenda
3678 5142 3817 5182 esse

2195 5192 2510 5246 contendit.
2538 5195 2675 5245 Post
2696 5192 2878 5246 multa
2894 5195 3154 5260 Origenis
3166 5198 3318 5249 mala
3343 5210 3521 5261 quum
3544 5203 3817 5255 maxime

2192 5264 2465 5318 haeretica
2500 5271 2917 5330 enumerasset,
2952 5279 3026 5319 ex
3063 5268 3172 5323 hac
3201 5270 3608 5334 supputatione
3647 5272 3815 5326 illam

2195 5347 2485 5410 summam
2504 5336 2665 5410 nasci
2679 5336 3107 5401 animadvertit,
3125 5354 3245 5393 non
3258 5341 3497 5394 aliorum
3519 5355 3654 5395 esse
3676 5358 3815 5410 quae

2191 5408 2439 5462 Ruﬁnus
2451 5421 2525 5460 ex
2540 5408 2782 5473 Origene
2793 5412 3131 5477 amputavit,
3145 5415 3317 5478 cujus
3328 5413 3454 5466 ideo
3466 5415 3621 5468 male
3633 5408 3816 5471 inter-

2192 5484 2449 5546 pretatus
2459 5480 2805 5545 fuerit,quod
2822 5487 3049 5546 putaret
3060 5485 3477 5550 bona,ideoque
3492 5491 3609 5540 tam
3626 5489 3813 5552 bona,

2194 5564 2369 5628 quam
2386 5552 2535 5628 mala
2554 5554 2816 5628 Origenis
2840 5556 3026 5609 eidem
3050 5558 3369 5623 tribuenda,
3395 5562 3562 5625 cujus
3590 5563 3817 5628 scripta

2192 5625 2435 5698 Ruﬁnus
2460 5625 2521 5698 in
2536 5626 2769 5690 prologo
2786 5640 2893 5679 suo
2918 5631 3368 5694 comprobasset.
3394 5632 3457 5683 Ei
3477 5645 3595 5684 non
3609 5625 3816 5698 objici,

2192 5708 2367 5760 quare
2383 5696 2687 5760 Origenem
2703 5699 3115 5764 interpretatus
3133 5701 3320 5767 fuerit,
3340 5702 3442 5753 sed
3459 5703 3615 5767 quod
3633 5696 3818 5758 inter?

2190 5771 2450 5841 pretatus
2469 5768 2755 5835 haeretica,
2767 5772 3117 5836 praefationis
3138 5785 3263 5826 sum
3275 5773 3443 5826 laude
3458 5774 3813 5841 ﬁrmaverit,

2189 5840 2365 5914 inque
2380 5852 2579 5914 eorum
2589 5841 2976 5896 defensionem
2994 5845 3336 5908 praemiserit
3357 5847 3516 5911 quasi
3530 5840 3815 5914 martyris

2191 5910 2407 5967 librum.
2432 5913 2649 5971 Deinde
2670 5915 2753 5972 ita
2775 5916 3076 5986 subjungit
3098 5918 3236 5972 :Aut
3260 5910 3393 5973 certe
3414 5920 3460 5971 si
3482 5918 3604 5974 ideo
3626 5910 3817 5977 inter-
