3894 6402
100 369 213 427 165'

102 564 284 624 mutes,
308 565 358 611 et
384 561 486 613 hoc
514 563 697 630 ipsum
721 565 1040 630 praefatione
1067 569 1269 627 testare,
1297 564 1443 629 quod
1461 565 1710 630 pruden-

97 631 296 682 tissime
316 633 485 699 Papa
504 635 830 688 Anastasius
863 638 926 687 in
949 636 1188 703 epistola,
1234 650 1404 702 quam
1434 642 1624 687 contra
1666 642 1712 687 te

95 703 273 754 scribit
288 704 368 755 ad
380 706 711 774 Episcopum
731 709 1022 773 Joannem,
1032 723 1132 760 suo
1146 723 1391 759 sermone
1403 709 1712 773 complexus

96 780 181 838 est,
206 790 294 826 me
313 776 575 842 liberans,
604 780 702 844 qui
723 780 784 831 id
805 779 926 843 feci,
956 786 1003 830 et
1039 785 1085 830 te
1116 794 1372 845 arguens,
1411 779 1508 844 qui
1536 780 1709 841 facere

94 848 336 901 noluisti.
362 849 447 900 Ac
466 866 534 900 ne
566 852 803 916 forsitan
841 853 938 903 hoc
969 866 1180 918 quoque
1199 858 1366 917 neget,
1387 851 1583 917 subjeci
1612 867 1709 903 ea:-

95 920 326 986 emplum
348 920 487 986 ejus,
514 928 576 972 ut
596 923 773 975 sinon
800 925 882 975 vis
910 925 1104 976 audire
1129 926 1362 991 fratrem
1384 928 1705 989 monentem,

92 991 285 1043 audias
308 993 623 1059 episcopum
645 996 1108 1048 condemnantem.

149 1063 217 1135 Et
243 1063 293 1116 si
311 1077 455 1119 vero
477 1066 773 1133 Apologia;
789 1069 1091 1134 Pamphili,
1115 1082 1291 1135 quam
1314 1067 1551 1122 Eusebii
1574 1079 1704 1120 esse

96 1132 296 1196 tuetur,
314 1137 569 1191 Rufinus
584 1132 768 1193 multa
786 1132 1157 1207 subtraxerit,
1175 1147 1235 1196 et
1248 1143 1309 1195 in
1338 1143 1550 1194 bonam
1571 1152 1703 1205 par-

93 1209 203 1259 tem
217 1207 289 1260 de
311 1208 460 1261 Filio
475 1215 534 1263 et
554 1211 764 1277 Spiritu
782 1214 995 1266 Sancto
1008 1219 1237 1267 mutare
1252 1216 1496 1267 conatus
1511 1211 1701 1275 fuerit,

91 1278 272 1332 adhuc
307 1284 510 1335 tamen
544 1282 728 1336 multa
763 1285 1108 1339 oﬂ'endicula
1147 1287 1207 1338 in
1243 1298 1313 1340 ea
1342 1283 1574 1350 reperiri
1600 1283 1698 1336 ait.

91 1350 417 1417 Didymum,
440 1359 594 1407 certe
616 1355 677 1408 in
708 1357 982 1409 Trinitate
1002 1358 1381 1421 Catholicum,
1407 1367 1701 1409 commen-

90 1423 253 1509 tarios
258 1424 890 1509 'i‘n‘librosﬁeriarchon
890 1428 1143 1509 dictasse
1154 1442 1274 1509 non
1274 1428 1577 1509 difﬁtetur,
1593 1426 1699 1509 sed

92 1498 245 1566 extra
258 1494 469 1548 Filium
486 1501 546 1550 et
561 1498 831 1563 Spiritum
857 1501 1152 1566 Sanctum,
1176 1501 1239 1553 in
1267 1499 1529 1565 Origenis
1555 1498 1699 1550 scita

90 1565 431 1621 descendere
450 1568 718 1623 atilrmat.
745 1571 988 1624 Ruﬁnus
1005 1572 1248 1637 dixerat,
1262 1572 1503 1625 aliorum
1525 1570 1696 1623 etiam

90 1639 338 1692 veterum
361 1640 581 1707 scripta
601 1642 676 1696 ab
697 1642 989 1697 hmreticis
1005 1644 1185 1698 fuisse
1224 1645 1441 1697 vitiata.
1461 1643 1570 1695 Sed
1587 1642 1697 1694 hoc

94 1721 203 1783 non
217 1711 427 1783 probat
457 1713 867 1780 Hieronymus,
897 1718 1057 1769 ratus
1076 1716 1199 1770 fieri
1220 1716 1499 1783 potuisse,
1537 1719 1597 1764 ut
1618 1713 1697 1763 vel

87 1780 734 1854 simplicitererrauerint,
763 1788 964 1838 velalio
992 1803 1154 1838 sensu
1183 1780 1515 1854 scripserint:
1559 1786 1638 1836 υθι
1667 1801 1701 1835 α

91 1851 320 1926 librariis
351 1854 645 1923 imperitis,
678 1873 867 1910 eorum
896 1860 1170 1925 paulatim
1202 1851 1404 1926 scripta
1441 1863 1701 1923 corrupta

89 1924 223 1998 sint:
246 1926 326 1977 uel
345 1933 488 1978 certe
510 1935 809 1996 antequam
830 1924 1262 1984 in’Alessandria
1482 1931 1698 1980 Daemo-

89 1996 237 2047 nium
246 2000 675 2053 meridianumA
684 2004 807 2054 rius
818 1996 1441 2055 nascereturinnocenter
1451 2002 1701 2068 quaedam

91 2072 131 2117 et
159 2070 341 2121 minus
378 2078 539 2122 caute
564 2073 835 2141 loquutos,
868 2081 916 2125 et
941 2090 1059 2141 quae
1078 2091 1194 2126 non
1228 2076 1432 2141 possint
1472 2089 1693 2140 perver-

89 2153 261 2192 sorum
284 2142 582 2195 hominum
623 2145 965 2197 calumniam
987 2148 1275 2201 declinare.
1310 2147 1555 2200 Rufinus
1589 2146 1692 2198 ad-

91 2211 320 2301 dixerat
327 2216 671 2301 particulam
682 2219 1023 2301 epistolaaad
1037 2220 1477 2301 Alexandrinos,
1495 2219 1695 2301 inqua

92 2283 352 2372 grigenes
367 2289 671 2372 qumritm,
688 2283 865 2372 libros
893 2304 1031 2345 suos
1046 2305 1081 2345 a
1096 2283 1692 2372 perditis‘hominibus

91 2353 253 2428 fuisse
264 2364 591 2425 corruptos,
615 2353 904 2427 negatque
943 2375 1006 2416 se
1029 2353 1292 2428 unquam
1321 2362 1546 2415 dixisse
1571 2361 1692 2413 dia-

94 2425 271 2501 bolum
280 2440 411 2482 esse
428 2425 797 2485 salvandiim.
811 2425 898 2487 De
913 2425 1183 2501 Epistolas
1199 2435 1527 2487 sinceritate
1540 2433 1692 2484 inter

92 2497 492 2565 Hieronymum
507 2506 567 2555 et
579 2503 854 2557 Rufinum
882 2497 1171 2559 convenit.
1198 2506 1308 2558 Sed
1330 2506 1420 2558 vir
1443 2505 1690 2557 Sanctus

93 2564 193 2621 hoc
203 2568 322 2643 loco
348 2571 411 2625 in
433 2573 704 2627 versione
727 2575 918 2628 Ruﬁni
942 2576 1057 2631 duo
1082 2576 1447 2643 reprehendit
1468 2593 1484 2627 :
1505 2588 1688 2628 unum

97 2641 236 2703 quod
274 2642 666 2699 fraudulenter
686 2646 878 2712 aliqua
896 2641 1189 2702 reticuerit
1220 2648 1500 2701 :alterum
1532 2647 1689 2712 quod

96 2715 640 2786 sensuminverterit.
656 2720 874 2772 Verum
886 2720 1205 2773 Halloixius
1216 2721 1312 2773 lib.
1329 2721 1423 2773 IV.
1440 2732 1552 2786 pag
1562 2718 1684 2775 200.

98 2782 349 2857 Ruﬁnum
369 2787 431 2840 in
459 2794 669 2842 neutro
682 2803 953 2855 peccasse
981 2795 1262 2857 autumat,
1283 2804 1392 2845 nec
1414 2782 1542 2857 illa;
1554 2803 1687 2856 quin

97 2856 319 2929 reticuit,
335 2860 409 2911 ad
423 2859 704 2915 librorum
719 2863 1186 2929 depravationem
1201 2864 1462 2925 attinere,
1488 2856 1689 2929 quem-

99 2925 389 3003 admodum
410 2945 533 2985 uno
558 2925 836 3000 adspectu
854 2936 1008 3001 apud
1031 2936 1446 3003 Hieronymum
1467 2925 1565 2987 illa
1585 2935 1689 2989 ad-

103 2996 389 3073 ducentem
410 3003 617 3058 videre
631 2996 738 3071 est,
750 3008 808 3060 et
825 2996 967 3061 mox
985 2996 1291 3073 utriusque
1322 3008 1433 3060 loci
1461 3005 1687 3060 collatio
1780 3052 1793 3069 ,

97 3071 388 3147 patefaciet.
402 3076 571 3138 Quod
583 3090 716 3131 vero
730 3078 805 3132 ad
817 3091 1057 3132 sensum
1067 3071 1334 3147 pertinet,
1351 3091 1687 3146 quanquam

90 3142 237 3195 nobis
261 3145 458 3201 Gmca
483 3148 745 3214 Origenis
781 3150 990 3213 desint,
1021 3142 1217 3206 tamen
1238 3142 1686 3215 ex'I—I—ieronymi,

91 3216 142 3265 et
167 3215 345 3271 Ruﬁni
385 3219 660 3274 versione
694 3220 859 3276 facile
902 3223 1010 3276 erit
1038 3236 1159 3277 rem
1194 3225 1385 3291 ipsam
1418 3223 1703 3287 adsequi..

91 3284 377 3340 Utramque
407 3291 589 3340 initur
610 3294 1036 3340 commilamus-
1058 3296 1121 3340 Id
1147 3295 1266 3340 ﬁeri
1287 3296 1470 3340 vnlnit.
1485 3295 1681 3340 Hiero—
1710 3260 1760 3340 Ο

90 3284 377 3354 Utramque
407 3291 589 3357 igitur
610 3294 1036 3348 commitamus.
1058 3296 1124 3349 Id
1145 3284 1270 3350 ﬁeri
1287 3296 1470 3350 voluit
1485 3284 1681 3347 Hiero-

91 3368 278 3435 nymus
299 3361 388 3415 his
414 3364 607 3417 verbis
630 3379 644 3417 :
665 3365 910 3431 Conferte
929 3366 1174 3434 Origenis
1186 3369 1364 3433 verba,
1376 3382 1494 3435 quae
1504 3381 1677 3432 supra

92 3430 155 3479 ad
169 3433 372 3484 uerbum
385 3436 664 3500 transtuli,
691 3437 777 3490 his
799 3452 917 3505 qua
930 3438 998 3491 ab
1020 3430 1120 3492 isto
1140 3430 1511 3507 (Ruﬁnofnon
1524 3430 1676 3490 versa

91 3502 215 3568 sunt,
235 3504 320 3557 sed
340 3521 538 3561 euersa.

435 3635 480 3686 Ι.
1251 3634 1322 3688 ΙΙ.

94 3719 449 3827 Fragmentum
471 3744 702 3831 epistola
735 3745 854 3800 Ori-
890 3746 1279 3828 Fragmentum
1308 3747 1538 3833 epistola
1554 3747 1679 3801 Ori-

217 3818 359 3877 genis
378 3831 447 3868 ea:
466 3818 709 3871 versione
1032 3821 1182 3884 genis
1204 3834 1273 3870 ea:
1292 3821 1532 3871 versione

356 3888 566 3955 Ruﬁni.
1115 3890 1458 3957 Hieronymi.

889 4001 1034 4062 Quid
1075 4017 1276 4057 necesse
1319 4008 1393 4055 est
1445 4002 1509 4054 de
1555 4016 1679 4069 pro-

172 4060 199 4094 ⁸
285 4069 315 4101 ⁴
406 4069 436 4103 ⁸
533 4071 563 4102 ⁸
660 4072 688 4106 ⁸⁵
782 4075 812 4109 ⁸⁵
883 4060 1181 4141 phetarum
1224 4060 1677 4127 sermonibus-di-

887 4160 1026 4209 cere,
1112 4145 1307 4213 quibus
1388 4146 1679 4211 saepissime

884 4217 1189 4286 pastoribus
1263 4224 1310 4268 et
1349 4217 1676 4294 _m_ajoribus

885 4296 1023 4341 natu
1078 4295 1124 4340 et
1175 4288 1537 4341 sacerdotibus
1612 4288 1676 4344 ac

882 4360 1226 4427 principibus
1282 4360 1476 4428 populi
1538 4377 1677 4413 com-

883 4431 1195 4494 minantur,
1219 4435 1265 4482 et
1286 4437 1533 4497 arguunt
1556 4434 1676 4484 eos?

887 4504 1011 4564 Quae
1094 4502 1291 4570 absque
1364 4503 1517 4556 nobis
1613 4505 1675 4557 de

884 4719 1031 4784 quod
1062 4719 1298 4785 forsitan
1336 4720 1434 4770 hoc
1464 4725 1671 4786 tempus

883 4789 979 4851 sit,
1004 4789 1067 4839 de
1104 4804 1211 4855 quo
1240 4790 1478 4842 dicitur:
1509 4791 1672 4841 nolite

882 4861 1090 4911 credere
1111 4860 1323 4923 amicis,
1342 4877 1436 4913 nec
1457 4862 1671 4928 sper-itis

880 4935 943 4986 in
985 4935 1326 5002 principibus
1372 4951 1385 4988 :
1433 4941 1480 4987 et
1520 4952 1670 4988 nunc

880 5004 1174 5071 impleatur
1194 5005 1551 5058 vaticinium:
1575 5007 1671 5058 du-

878 5091 959 5128 ces
987 5076 1176 5143 populi
1211 5078 1318 5128 mei
1352 5093 1437 5130 me
1468 5080 1670 5131 nescie-

880 5157 1042 5214 runt;
1094 5152 1200 5217 filii
1247 5152 1397 5205 stulti
1445 5159 1574 5205 sunt
1622 5159 1669 5206 et

879 5243 993 5280 non
1049 5236 1176 5281 sunt
1225 5231 1510 5297 sapientes.
1567 5232 1671 5284 Sa-

876 5300 1081 5366 pientes
1139 5306 1292 5365 sunt,
1346 5309 1405 5354 ut
1457 5304 1670 5368 faciant

879 5373 1058 5436 mala;
1104 5372 1231 5427 bene
1272 5381 1455 5426 autem
1495 5375 1671 5441 facere

878 5447 1124 5496 nesciunt
1156 5462 1172 5498 :
1205 5462 1444 5512 quorum
1492 5450 1670 5514 magis

878 5517 1142 5585 misereri,
1172 5534 1342 5584 quam
1378 5535 1462 5571 eos
1498 5521 1670 5572 odisse

878 5592 1139 5657 debemus,
1166 5599 1213 5645 et
1235 5609 1392 5646 orare
1413 5611 1513 5661 pro
1538 5597 1667 5663 illis,

878 5678 1048 5730 quam
1087 5666 1166 5717 eis
1204 5666 1537 5722 maledicere.
1582 5669 1669 5721 Ad

879 5736 1297 5789 benedicendum
1310 5741 1477 5805 enim,
1493 5745 1539 5791 et
1554 5756 1667 5792 non

879 5807 1307 5859 maledicendum
1361 5811 1515 5862 erecti
1569 5826 1666 5863 su-

880 5897 1048 5946 mus;
1103 5884 1248 5935 unde
1316 5890 1363 5936 et
1433 5886 1666 5938 Michael

880 5968 1054 6025 quum
1074 5954 1359 6011 aduersum
1379 5957 1668 6014 Diabolum

177 5216 807 5269 terra:

183 5793 814 5849 'reees

1394 330 1605 427 \VITA
1642 374 1775 430 LIB.
1811 376 1876 429 Π.
1914 378 2067 432 CAP.
2100 380 2168 436 v.

95 474 358 578 prclaris,
382 492 447 578 ut
476 503 601 575 eum
644 492 952 578 Melicum
990 506 1213 578 arguas,
1249 491 1396 543 nihil
1429 492 1493 578 de
1535 492 1711 578 Graeco
1732 507 1787 578 Α

1719 1884 1772 1960 Β

3318 400 3429 463 166

2636 511 2935 577 disputaret
2979 515 3043 565 de
3090 517 3266 583 Moysi
3316 533 3425 570 cor-

1906 576 1938 609 e
2032 576 2061 605 ι
2156 579 2187 611 ιι
2280 580 2309 613 δ’
2403 580 2435 613 *
2528 583 2561 615 δ’
2631 576 2778 646 pore,
2853 600 2921 635 ne
2985 591 3133 639 tanto
3184 576 3425 654 'quidem

2633 654 2779 725 malo
2822 671 2991 707 ausus
3038 666 3111 709 est
3144 660 3424 725 judicium

2630 724 2837 789 inferre
2911 724 3253 795 blasphemiae
3266 749 3286 795 ;
3334 736 3425 786 sed

2629 796 2773 847 discit
2810 798 3090 866 :increpet
3148 803 3243 853 tibi
3312 805 3424 856 Do-

2629 869 2834 920 minus.
2876 870 2979 922 Cui
3007 873 3224 937 quidem
3245 876 3423 927 simile

2628 940 2863 991 etiamin
2872 942 2918 992 Ζ
2919 943 3150 995 acharia
3162 944 3388 1010 legimus
3406 963 3420 1002 :

2627 1014 2860 1088 increpet
2945 1016 3040 1067 tibi
3122 1020 3419 1088 Dominus,

2627 1084 2832 1136 diabole
2870 1101 2884 1138 :
2922 1092 2969 1137 et
3020 1088 3255 1155 increpet
3304 1084 3417 1143 Do-l

2626 1157 2814 1207 minus
2882 1158 3032 1221 inte,
3105 1165 3204 1225 qni
3264 1163 3416 1229 elegit

2625 1227 2982 1282 Hierusalem.
3028 1231 3212 1295 Itaque
3240 1239 3288 1284 et
3312 1227 3412 1286 nos

2623 1299 2899 1364 cupimus,
2933 1301 3210 1367 increpari
3234 1319 3270 1354 a
3298 1305 3410 1357 Do-

2621 1368 2774 1418 mino
2809 1385 2920 1432 eos,
2954 1370 3052 1435 qui
3080 1371 3270 1423 nolunt
3290 1390 3414 1426 cum

2624 1439 2931 1492 humilitate
2951 1457 2988 1491 a
3012 1444 3283 1508 proximis
3325 1447 3418 1497 in-

2620 1514 2853 1576 crepari.
2943 1514 3160 1566 Dicente
3232 1523 3416 1571 autem

2620 1583 2881 1635 Michaele
2932 1601 2948 1635 :
2999 1585 3233 1652 increpet
3318 1590 3415 1640 tibi

2621 1652 2909 1717 Dominus,
2948 1655 3183 1721 Diabole,
3226 1664 3275 1709 et
3312 1662 3416 1712 Za-

2620 1724 2815 1774 charia
2878 1726 3154 1793 similiter,
3225 1736 3413 1783 utrum

2620 1795 2886 1862 increpet,
2924 1813 3001 1848 an
3036 1814 3150 1851 non
3181 1801 3242 1851 in

2622 1868 2762 1919 Deus
2805 1870 3116 1937 Diabolum,
3174 1876 3285 1940 ipse
3328 1868 3414 1927 ivi-

2620 1940 2759 1990 derit
2789 1946 2868 1992 :et
2895 1942 2944 1992 si
2968 1944 3242 2010 increpat,
3278 1962 3415 2013 quo-

2619 2016 2779 2067 modo
2812 2017 3064 2084 increpet,
3102 2020 3215 2085 ipse
3245 2038 3412 2088 agno-

2618 2090 2980 2141 scat...E't
3060 2100 3176 2157 post
3238 2097 3412 2147 multa

2618 2158 2816 2221 (verba
2870 2165 3008 2215 sunt
3059 2165 3411 2233 Hieronymi)

1893 1707 1918 1738 ὴ
2016 1709 2044 1740 al
2140 1707 2168 1737 ἢ
2265 1710 2294 1740 ῆι
2389 1713 2418 1741 4
2514 1718 2544 1750 ι

2617 2249 2736 2299 quae
2753 2235 3037 2300 prolixum
3063 2246 3135 2289 est
3164 2241 3406 2308 scribere,

2617 2308 2786 2380 addit.
2824 2308 2938 2380 Nos
2983 2310 3083 2361 hoc
3116 2313 3406 2380 sentimus,

2616 2378 2762 2449 quod
2810 2379 3095 2443 ejicientur
3135 2383 3199 2432 de
3242 2378 3409 2449 regno

2613 2448 2869 2499 calorum
2918 2465 3033 2501 non
3080 2453 3255 2504 solum
3302 2448 3407 2521 qui

2611 2521 2856 2592 grandia
2884 2534 3260 2592 peccaverunt,
3282 2543 3408 2578 uer-

2613 2591 2668 2641 bi
2720 2594 2904 2658 gratia
2956 2591 3314 2658 fornicatores
3361 2608 3408 2651 et

2612 2663 2848 2713 adulteri
2859 2702 2876 2727 ,
2929 2672 2975 2716 et
3035 2670 3407 2722 masculorum

2612 2734 2973 2786 concubitores
2987 2774 3004 2799 ,
3104 2744 3149 2789 et
3237 2740 3403 2807 fures,

2611 2808 2702 2857 sed
2740 2812 2786 2856 et
2814 2809 2912 2873 qui
2934 2809 3156 2861 minora
3180 2811 3409 2878 delique-

2610 2882 2762 2943 runt,
2789 2893 2858 2928 ea:
2896 2894 2954 2930 eo
2978 2882 3125 2944 quod
3144 2884 3407 2949 scriptum

2609 2955 2682 2998 est
2708 2967 2719 3021 ξ
2745 2964 2917 3014 neque
2950 2951 3168 3015 ebriosi,
3214 2971 3408 3021 neque-

2606 3019 2859 3092 maledici
2887 3036 3118 3087 regnum
3147 3026 3247 3076 Dei
3281 3019 3405 3092 pos-

2606 3090 2881 3155 sidebunt;
2914 3099 2961 3143 et
2990 3099 3103 3144 tam
3138 3096 3202 3146 in
3245 3090 3402 3148 boni-

2606 3167 2711 3213 tate
2729 3177 2899 3229 quam
2919 3164 2980 3214 in
3002 3168 3277 3220 seueritate
3300 3170 3402 3222 Dei

2604 3247 2709 3284 esse
2721 3249 3067 3299 mensuram;
3096 3240 3241 3290 unde
3268 3257 3396 3293 cun-

2604 3311 2688 3357 cta
2706 3306 2945 3379 nitimur
2970 3324 3128 3374 agere
3148 3313 3393 3379 consilio,

2602 3377 2665 3427 in
2696 3377 2815 3427 uini
2839 3392 3049 3445 quoque
3076 3388 3236 3447 potu,
3266 3390 3312 3434 et
3334 3377 3396 3436 in

2602 3449 2971 3501 moderatione
3000 3456 3298 3518 sermonis,
3332 3464 3390 3509 ul

2598 3523 2743 3574 nulli
2833 3524 3135 3577 audeamus
3231 3536 3398 3583 mate-

2595 3595 2789 3669 dicere,
2842 3596 2987 3662 Ergo
3034 3614 3209 3664 quum
3264 3617 3397 3669 pro-

2590 3672 2712 3732 pter
2759 3668 2857 3719 Dei
2911 3670 3161 3722 timorem
3210 3668 3394 3727 cavea-

2592 3752 2718 3789 mus
2760 3741 2823 3789 in
2869 3743 3183 3807 quempiam
3226 3747 3395 3798 male-

2594 3809 2739 3861 dicta
2785 3812 3044 3877 conferre,
3096 3818 3390 3870 recordan-

2502 3931 2527 3956 .
2593 3884 2666 3933 tes
2682 3882 2835 3956 illius
2852 3884 3012 3938 dicti:
3036 3902 3147 3938 non
3167 3890 3277 3954 fuit
3290 3907 3393 3943 au-

2591 3968 2683 4005 sus
2697 3953 2979 4019 judicium
3010 3953 3217 4022 inferre
3240 3962 3383 4014 blas-

2588 4027 2821 4092 phemiae
2840 4029 2987 4093 quod
3000 4030 3203 4081 dicitur
3215 4034 3278 4085 de
3291 4035 3393 4086 Mi-

2593 4100 2772 4151 chaele
2793 4110 2983 4155 contra
3015 4106 3322 4162 diabolum:
3345 4119 3392 4165 et

2594 4171 2658 4221 in
2685 4172 2796 4224 alio
2826 4172 2937 4227 loco
2953 4192 2969 4227 :
2988 4177 3387 4236 dominationes

2595 4245 2817 4323 quidem
2888 4251 3177 4317 reprobant
3202 4292 3219 4318 ,
3286 4257 3394 4323 glo-

2594 4319 2713 4371 rias
2739 4326 2924 4374 autem
2955 4319 3347 4392 blasphemant.

1887 2289 1917 2320 ἢ
2014 2292 2040 2316 ﬁ
2138 2292 2170 2325 ὓ
2264 2294 2294 2327 ἢ
2390 2296 2419 2326 4
2513 2298 2543 2332 l

1882 2862 1911 2893 ἡ
2007 2862 2034 2894 1
2130 2864 2159 2897 ἢ
2255 2867 2284 2900 1
2377 2867 2409 2902 ἢ
2503 2868 2534 2898 4

1773 4439 2031 4524 ρυίέίθω.
2067 4454 2296 4524 eorum,
2339 4444 2444 4524 SI“?
2491 4443 2562 4524 ιίτ
2598 4434 2837 4524 ρφίέαφ
2864 4452 3058 4524 “m
3083 4441 3180 4505 σαί
3217 4441 3388 4524 “Ib”?-

1771 4509 1974 4564 benter
2016 4512 2233 4567 habent
2274 4509 2561 4570 criminari
2599 4511 2675 4582 εειζ
2693 4509 3051 4582 οοῖξεεητίοηεσ
3080 4514 3387 4582 reperiunt,

884 4575 1083 4626 sanctis
1142 4575 1428 4649 scripturis
1493 4575 1725 4649 elicere_
1772 4583 2065 4647 proximos
2119 4597 2290 4649 suos,
2341 4586 2560 4641 adgeri-
2595 4577 2909 4631 adscribunt
2930 4581 3084 4633 nobis
3115 4575 3162 4635 et
3194 4575 3389 4638 nostrae

882 4648 1096 4723 potestis
1109 4647 1375 4723 etliquido
1394 4646 1746 4722 pervidereD
1773 4646 1921 4707 bunt
1968 4655 2135 4708 nobis
2183 4661 2241 4709 et
2278 4646 2558 4714 doctrina
2595 4649 2853 4703 άοοινίηεε
2963 4654 3384 4723 blasphemiam:

1770 4731 1987 4816 npstrm
2085 4728 2302 4816 crimen
2404 4731 2561 4816 blas-
2593 4737 2756 4789 super
2806 4728 3069 4816 χιμαίρας
3120 4731 3387 4816 υίάςτίηξν

1772 4801 2048 4868 ρὴθωὶω,
2096 4804 2250 4883 quod
2308 4817 2344 4858 θ,
2392 4808 2560 4883 nobis
2595 4798 2864 4883 quomodo
3116 4805 3385 4883 audiant:

1769 4876 2410 4959 nunquamaudierunt
2437 4896 2457 4959 _:
2487 4881 2560 4936 de
2594 4884 2767 4959 73f???
2789 4869 3006 4959 ξδνίοεί,
3032 4889 3217 4959 itaque
3231 4878 3390 4959 male-

1768 4957 1884 5033 9“°
1908 4946 2018 5033 ipsi
2041 4947 2320 5012 νίάθτίίιιν
2358 4950 2560 5033 ῼοὲθιι·
2594 4941 2725 5033 fit}.
2744 4958 2977 5033 Ἧῖἶυτη
2993 5022 3005 5033 ,
3021 4947 3120 4997 θεέ
3156 4950 3385 5033 Ροεξὲἔε·

1771 5020 1858 5104 tes
1881 5019 2192 5104 pbservare
2215 5011 2557 5104 mandatum
2593 5011 3122 5104 [Butltlicelpatrem
3155 5011 3386 5104 malitiae

1766 5086 1909 5174 illu‘d
1934 5090 2135 5174 “quod
2202 5091 2384 5174 diciL:
2408 5097 2558 5174 _quia
2676 5086 3249 5174 perditionis-wwm:
3272 5094 3385 5174 fit“

1766 5158 2029 5212 maledici
2052 5173 2298 5227 regnum
2320 5164 2423 5218 Dei
2438 5156 2558 5220 non
2594 5156 2657 5206 ἀε
2704 5172 2871 5222 ’³⁸9ηο
2924 5161 3022 5211 Ποῖ
3072 5156 3384 5227 εέίοίεηιίινι

1768 5231 2559 5319 possidebunt,-dicentes.as-
2804 5246 2972 5319 posse.
2987 5234 3191 5319 fatuari
3202 5251 3223 5319 ε
3239 5235 3386 5300 quod

1770 5315 1958 5385 serere
1964 5316 2079 5385 me,
2091 5309 2311 5385 patrem
2322 5308 2557 5385 malitia;
2594 5315 2661 5385 ne
2679 5308 2846 5385 mente
2875 5305 3093 5385 quidem
3114 5306 3239 5371 quis
3262 5322 3384 5373 cap-

1768 5378 1827 5427 et
1846 5374 2183 5440 perditionis
2204 5389 2433 5444 eorum,
2458 5381 2560 5444 qui
2594 5369 2677 5422 lus
2699 5374 2871 5425 dicere
2884 5381 3067 5441 potest.

1767 5448 1840 5521 de
1880 5463 2059 5517 regno
2094 5452 2198 5506 Dei
2234 5453 2555 5521 ejiciuntur,

1766 5519 1917 5573 idest
1951 5522 2243 5577 diabolum
2284 5539 2412 5579 esse
2450 5519 2561 5580 eal-

1767 5593 2025 5647 vandum
2044 5609 2058 5647 :
2089 5595 2243 5661 quod
2259 5610 2333 5652 ne
2352 5598 2559 5665 aliquis

1767 5669 2002 5734 quidem
2025 5678 2221 5727 mente
2244 5676 2439 5728 motus
2455 5713 2469 5741 ,
2498 5682 2558 5731 et

1766 5741 2071 5798 manifeste
2117 5745 2415 5799 insaniens
2466 5748 2557 5812 qi-

1765 5824 1893 5865 cere
1957 5821 2165 5881 potest.
2237 5817 2348 5871 Sed
2412 5819 2558 5873 nihil

1763 5883 1976 5958 mirum
2018 5888 2158 5942 mihi
2199 5890 2456 5958 videtur,
2507 5894 2556 5946 si

1767 5955 2119 6018 adulteretur
2148 5961 2408 6021 doctrina
2426 5955 2558 6023 mea

2688 5880 2718 5915 ﬁ
2814 5878 2843 5908 4
2942 5879 2967 5914 ξ
3067 5878 3093 5913 Ἀ
3192 5882 3220 5917 ἢ
3317 5883 3348 5919 ι
