3894 6396
429 365 549 427 167·

428 482 504 536 ab
527 478 780 535 inimicis
818 479 986 543 meis,
1019 483 1079 534 et
1125 478 1226 532 tali

429 551 712 607 adulterio
789 553 1188 616 corrumpatur
1202 588 1215 611 ,

433 620 591 690 quali
651 621 929 676 adulterio
958 628 1223 687 corrupta

433 702 525 752 est
559 694 814 763 Epistola
840 693 1000 748 Pauli
1030 696 1221 761 Apos-

496 856 582 909 Ex
603 861 847 921 utraque
868 855 974 907 hac
1000 854 1270 909 versione
1293 855 1585 920 docemur,
1606 856 1885 921 Origenem
1901 866 2032 908 cum

433 927 556 980 suis
580 926 950 992 popularibus
966 925 1103 979 olim
1134 932 1541 991 conquestum,
1575 926 1751 979 libros
1792 940 1932 979 suos
1960 927 2033 979 ab

435 996 691 1048 hcreticis
710 997 878 1062 fuisse
900 1003 1201 1063 corruptos,
1226 998 1449 1062 sibique
1464 998 1537 1049 ab
1558 998 1805 1049 inimicis
1846 997 2037 1050 aﬁlcta

474 1080 919 1145 umhnunquam
953 1068 1237 1145 dixisse}.
1260 1070 1671 1145 HincRuﬁnus
1710 1069 1771 1121 in
1806 1069 2037 1145 librqde

481 1130 1125 1181 dulteratione‘librorum
1144 1132 1387 1196 Origenis
1402 1130 1713 1197 postquam
1749 1131 2038 1184 ostendis-

434 1206 543 1266 set,
567 1202 875 1262 haereticos
890 1201 1134 1254 aliorum
1166 1203 1338 1255 etiam
1363 1204 1595 1255 Patrum
1610 1202 1770 1254 libris
1792 1202 2036 1255 furtivas

435 1286 664 1338 ungues
677 1274 760 1337 inj
767 1273 970 1333 ecisse,
984 1273 1255 1325 nimirum
1272 1274 1573 1338 utriusque
1586 1275 1913 1337 Clementis,
1928 1276 2042 1326 Ro-

433 1345 594 1397 mani
615 1349 676 1397 et
698 1344 1083 1399 Alexandrini.
1102 1350 1163 1398 et
1177 1346 1430 1410 Dionysii
1456 1347 1627 1398 etiam
1643 1346 2039 1410 Alexandrini,

435 1416 683 1469 subinde
705 1416 899 1469 verbis
921 1417 1062 1481 ipsis
1075 1417 1338 1483 Origenis
1349 1421 1694 1470 ostensurus
1707 1419 1881 1482 hujus
1895 1430 2039 1482 quo-

436 1500 550 1553 que
588 1487 765 1540 libros
789 1489 862 1540 ab
886 1488 998 1540 illis
1023 1488 1203 1541 fuisse
1228 1494 1547 1554 corruptos,
1599 1490 1732 1542 inde
1774 1490 2038 1542 laciniam

434 1558 718 1612 adducere
729 1571 897 1612 orsus
913 1564 1022 1623 est,
1035 1560 1132 1611 ubi
1147 1560 1421 1624 Origenes
1438 1561 1495 1611 id
1512 1561 1735 1625 proprie
1764 1561 2039 1625 ostendit,

435 1629 712 1683 nimirum
731 1643 805 1683 ex
819 1630 1015 1683 verbis
1034 1629 1146 1682 illis
1170 1646 1183 1681 :
1203 1631 1439 1690 Quidam
1453 1647 1659 1683 eorum.
1681 1634 1822 1695 Qua:
1844 1637 2041 1684 autem

436 1701 671 1764 Rufinus
711 1705 914 1767 utpote
951 1714 1383 1766 supervacanea
1425 1703 1636 1765 omisit,
1666 1704 1741 1755 ad
1763 1703 2040 1755 librorum

436 1770 918 1825 adulterationem
944 1784 1064 1824 non
1084 1774 1386 1838 pertinent,
1411 1786 1595 1838 quum
1611 1774 1763 1826 solas
1780 1774 2039 1839 Origenis

438 1842 828 1918 querimonias
842 1846 1160 1918 generatim
1183 1846 1515 1918 contineant
1527 1846 1588 1897 in
1603 1846 1888 1909 quosdam
1909 1846 2041 1910 Epi-
2065 1843 2119 1918 Β

439 1925 667 1979 scopos,
694 1914 774 1967 illi
796 1915 1191 1981 adversantes,
1209 1919 1305 1981 qui
1320 1916 1606 1970 hmreticis
1626 1918 1901 1970 librorum
1914 1919 2041 1981 ejus

439 1986 871 2050 corruptoribus
899 1986 1089 2040 faciles
1111 1999 1281 2040 aures
1300 1988 1823 2042 adcommodarant.
1841 1989 2040 2041 Hiero-

437 2068 655 2120 nymus
688 2056 925 2121 quidem
944 2058 1043 2118 ait.
1067 2059 1128 2111 in
1152 2062 1271 2111 tota
1291 2059 1389 2111 illa
1420 2060 1673 2125 Epistola
1710 2061 2040 2110 Demetrium

438 2125 831 2178 Alexandrina
852 2129 1005 2180 urbis
1021 2130 1336 2193 Pontiﬁcem
1359 2131 1607 2194 lacerari,
1638 2131 1739 2183 sed
1763 2138 1897 2184 ante
1935 2130 2045 2183 ini-

439 2199 686 2252 micitias
724 2212 861 2253 suas
903 2213 1039 2253 cum
1079 2202 1299 2267 Ruﬁno,
1344 2202 1652 2268 scripserat
1673 2204 1732 2255 in
1774 2202 2045 2268 Catalogo

439 2282 564 2335 cap.
592 2271 736 2323 LIV.
761 2271 1094 2322 Demetrium
1119 2278 1272 2323 tanta
1286 2275 1347 2323 in
1365 2274 1649 2339 Origenem
1663 2274 2047 2325 debacchatum

437 2356 540 2393 esse
561 2342 807 2407 insania,
831 2349 891 2393 ut
902 2359 1001 2409 per
1024 2350 1193 2395 totum
1214 2345 1490 2396 Mundam
1502 2362 1666 2412 super
1684 2349 1907 2396 nomine
1928 2347 2043 2410 ejus

435 2413 695 2465 scriberet.
722 2416 908 2477 Quare
929 2416 1144 2469 mirum
1171 2429 1289 2469 non
1312 2422 1427 2483 est,
1450 2418 1499 2470 si
1523 2419 1798 2484 Origenes
1850 2418 2045 2471 Sancti

440 2485 755 2538 Alexandri
806 2485 1329 2554 Hierosolymitani,
1353 2494 1412 2542 et
1443 2489 1683 2542 aliorum
1719 2490 2048 2543 antistitum

440 2556 849 2609 communione
881 2558 1166 2623 munitus,
1189 2559 1261 2611 de
1284 2560 1407 2612 suis
1435 2561 1702 2615 hostibus
1725 2575 1824 2626 per
1841 2563 2048 2613 Deme-

442 2628 637 2690 trium,
653 2627 947 2681 hominem
960 2642 1147 2693 neque
1158 2642 1193 2682 a
1208 2631 1468 2683 doctrina
1478 2646 1665 2696 neque
1688 2646 1723 2686 a
1746 2634 2051 2687 sanctitate

441 2699 931 2764 commendatum,
958 2702 1305 2763 subornatis,
1353 2705 1670 2767 generatim
1695 2709 2051 2769 conquestus

443 2774 552 2821 est.
587 2771 728 2822 Hmc
754 2774 948 2823 tamen
968 2772 1195 2825 reticuit
1217 2774 1468 2840 Rufinus,
1496 2780 1560 2827 ut
1581 2776 1713 2828 inde
1737 2776 2049 2839 inchoaret,

1741 360 1990 417 RUFINI
2019 356 2460 415 PRESBYTER!

1310 516 1341 548 ὑ
1437 515 1465 549 Ι
1562 515 1592 549 α
1688 513 1719 546 Ι
1815 516 1844 547 ιι
1935 514 1968 548 ι
2048 515 2064 553 Λ

2167 482 2266 553 ani
2298 479 2715 553 librisfalsatis
2740 480 2985 553 dixerat.
3016 481 3269 553 Sanctus
3292 483 3457 534 Pater
3472 482 3658 553 vertit
3677 480 3734 533 in

3638 356 3740 415 168

2129 551 2389 604 dubium.
2432 550 2619 602 Verba
2665 549 2883 614 recitat,
2928 550 3031 604 ubi
3066 552 3301 615 Rufinus
3330 551 3738 617 Epiphaniam,

2131 634 2463 687 quanquam
2486 622 2927 685 innominatum,
2954 628 3292 689 pupugerat,
3309 623 3683 689 eundemque
3710 636 3745 676 a

2130 695 2329 759 Rufini
2356 693 2899 758 reprehensionibus
2916 699 3128 747 tuetur.
3157 695 3264 745 Sea:
3284 694 3463 745 millia
3473 693 3745 745 librorum

2134 766 2380 830 Origenis
2401 765 3195 830 Epiphanius,quamplurima
3216 766 3460 829 fratrum
3493 765 3748 815 multitu-

2134 837 2262 886 dine
2303 836 2555 885 audiente
2606 837 2877 900 confessus
2916 843 3006 896 est,
3057 838 3205 889 teste
3247 837 3457 899 Rufino
3470 853 3490 897 ;
3528 837 3748 901 quibus

2133 907 2522 971 Hieronymus
2550 906 2678 959 haec
2701 907 2958 972 reponit:
2982 908 3049 957 In
3074 923 3185 972 qua
3212 908 3565 957 multitudine
3588 913 3638 957 et
3664 924 3747 957 ca-

2136 985 2281 1029 terva
2299 978 2542 1040 fratrum
2558 984 2616 1027 tu
2639 994 2852 1042 quoque
2874 979 3082 1028 medius
3102 994 3223 1028 eras
3240 1018 3255 1042 ,
3291 980 3515 1044 quando
3540 979 3657 1029 illis
3690 980 3751 1028 in

2132 1064 2235 1099 sua
2257 1050 2481 1113 epistola
2498 1050 2749 1113 queritur
2776 1064 2875 1113 pro
2901 1049 3150 1113 Origenis
3174 1051 3383 1113 haeresi,
3403 1051 3633 1113 nefaria
3657 1065 3693 1100 a
3709 1057 3752 1100 te

2138 1121 2393 1183 dogmata
2414 1134 2520 1170 esse
2536 1120 2769 1184 prolata,
2786 1121 3066 1185 Increpito
3100 1121 3311 1174 deinde
3351 1122 3566 1183 Rufino
3605 1121 3753 1185 quod

2139 1191 2397 1251 dixisset,
2417 1204 2480 1243 se
2507 1204 2623 1244 non
2646 1204 2775 1244 esse
2808 1192 3139 1254 defensorem
3172 1193 3437 1258 Origenis,
3462 1208 3640 1258 neque
3658 1209 3752 1243 as-

2137 1268 2389 1311 sertorem
2411 1262 2579 1323 illius,
2598 1276 2659 1314 se
2676 1263 3027 1327 scripturum
3052 1264 3309 1316 minatur
3344 1270 3549 1316 contra
3571 1265 3752 1316 libros

2141 1334 2423 1398 Pamphili
2451 1338 2509 1385 et
2549 1334 2784 1395 Eusebii,
2814 1336 2862 1383 si
2886 1335 3157 1385 Dominus
3190 1336 3311 1386 vita
3336 1336 3504 1400 hujus
3541 1336 3755 1386 dederit

2139 1408 2404 1470 spacium.
2423 1406 2590 1458 Dedit
2612 1410 2822 1467 autem,
2848 1412 2916 1459 ut
2936 1407 3074 1471 dixi,
3100 1407 3276 1460 ferme
3300 1407 3374 1460 ad
3397 1408 3754 1460 vicesimum

2140 1488 2378 1540 annum,
2425 1489 2531 1529 nec
2577 1482 2770 1529 tamen
2801 1477 3117 1542 quidquam
3138 1479 3368 1544 scripsit
3389 1484 3601 1543 printer
3634 1480 3752 1541 illa,

2144 1560 2275 1611 qum
2304 1548 2590 1600 hisllteris
2613 1550 3004 1613 consignavit,
3032 1564 3093 1602 se
3116 1552 3297 1616 primo
3327 1550 3569 1613 vidisse,
3607 1552 3754 1603 scri-

2144 1621 2308 1684 bens,
2334 1618 2835 1685 librumPamphili
2858 1622 3128 1675 incodice
3149 1623 3366 1686 Rufini,
3393 1627 3452 1675 et
3482 1636 3606 1675 non
3641 1623 3754 1675 sibi

2145 1692 2323 1743 fuisse
2363 1704 2539 1753 curm,
2578 1692 2715 1755 quid
2739 1707 2841 1755 pro
2880 1695 3123 1744 heretico
3155 1695 3435 1755 diceretur,
3454 1695 3530 1743 sic
3544 1709 3758 1759 semper

2147 1764 2413 1823 habuisse,
2435 1764 2593 1827 quasi
2606 1765 2875 1815 diversum
2891 1773 3014 1816 esset
3036 1781 3171 1830 opus
3190 1766 3473 1831 Pamphili
3502 1772 3549 1814 et
3572 1767 3761 1817 Euse-

2144 1834 2237 1885 bii.
2287 1835 2476 1885 Postea
2525 1850 2646 1885 vero
2690 1839 2977 1900 quaestione
3006 1843 3151 1888 mota
3186 1839 3400 1903 scriptis
3433 1853 3621 1888 eorum
3668 1854 3758 1887 ne-

2145 1920 2275 1971 spon
2287 1906 2407 1956 dere
2436 1907 2676 1967 voluisse,
2692 1914 2739 1957 et
2762 1908 2828 1957 ab
2846 1909 2989 1958 hanc
3003 1924 3256 1959 caussam
3278 1909 3459 1973 legisse
3482 1911 3623 1973 quid
3656 1925 3763 1974 pro

2153 1978 2377 2040 Origene
2401 1982 2776 2043 unusquisque
2798 1982 3033 2041 sentiret,
3059 1982 3441 2046 perspicueque
3464 1981 3765 2045 deprehen-

2152 2050 2288 2099 disse
2312 2051 2456 2113 quod
2482 2052 2698 2114 primus
2731 2050 2861 2100 liber
2900 2067 2994 2101 sea:
3016 2052 3361 2101 voluminum
3401 2051 3627 2101 Eusebii
3652 2053 3769 2116 ipse

2153 2126 2293 2182 esset,
2326 2122 2423 2185 qui
2458 2138 2603 2171 unus
2637 2122 2733 2171 sub
2761 2124 2983 2173 nomine
3009 2123 3291 2188 Pamphili
3317 2126 3366 2189 (δ.
3387 2123 3613 2188 Ruﬁno)
3647 2124 3771 2173 edi-

2157 2198 2241 2241 tus
2266 2193 2463 2256 fuerat,
2489 2202 2602 2244 tam
2627 2196 2818 2257 Graece,
2849 2210 3019 2259 quam
3055 2196 3261 2257 Latine,
3288 2196 3594 2245 immutatis
3616 2196 3771 2245 dun-

2159 2268 2307 2313 taxat
2329 2265 2566 2314 sensibus
2586 2267 2648 2316 de
2664 2268 2801 2317 Filio
2822 2272 2867 2317 et
2892 2268 3106 2331 Spiritu
3132 2267 3347 2329 Sancto,
3386 2268 3484 2332 qui
3513 2271 3772 2332 apertam

2160 2335 2551 2400 blasphemiam
2573 2338 2939 2402 praeferebant.
2977 2340 3124 2390 Hinc
3153 2339 3235 2390 ait
3276 2338 3511 2398 factum,
3539 2344 3610 2392 ut
3640 2345 3773 2388 ante

2161 2422 2336 2456 annos
2357 2408 2524 2471 ferme
2556 2411 2749 2470 decem,
2780 2422 2988 2474 nempe
3012 2411 3079 2461 A.
3114 2411 3179 2461 D.
3214 2408 3337 2465 392.
3383 2412 3769 2477 Pamphilum,

2166 2483 2443 2543 tanquam
2467 2480 2646 2545 hujus
2670 2481 2798 2533 libri
2830 2486 3138 2543 auctorem,
3162 2482 3224 2533 in
3245 2482 3515 2547 Catalogo
3541 2495 3653 2535 suo
3681 2495 3775 2534 re-

2167 2552 2454 2603 censuerit
2483 2566 2605 2617 cap.
2625 2554 2848 2605 LXXV.
2887 2552 2976 2605 Ad
2998 2553 3128 2606 hmc
3148 2554 3423 2617 queritur,
3447 2554 3775 2604 commenti-

2168 2622 2311 2672 ciam
2339 2624 2638 2687 epistolam
2673 2626 2783 2676 sub
2806 2638 2911 2677 suo
2934 2626 3165 2677 nomine
3193 2638 3467 2690 sparsam,
3491 2626 3546 2677 in
3563 2639 3685 2690 qua
3709 2639 3770 2677 se

2171 2694 2448 2759 pcenitere
2465 2698 2771 2748 testaretur
2788 2696 2943 2760 quod
2975 2696 3314 2749 adolescens
3336 2699 3409 2749 ab
3422 2698 3646 2750 Ebrmis
3670 2698 3773 2751 de-

2174 2769 2391 2830 ceptus,
2418 2768 2619 2819 Ebrma
2632 2769 2940 2833 volumina,
2956 2768 3015 2820 in
3039 2770 3251 2833 quibus
3266 2769 3427 2821 nulla
3440 2774 3601 2822 esset
3617 2772 3774 2822 veri-

442 2840 543 2893 ubi
564 2841 865 2907 [Origenes
898 2842 971 2895 de
1015 2842 1290 2897 librorum
1338 2857 1576 2899 suorum
1624 2848 2051 2913 corruptoribus

632 2842 865 2906 rigenes
898 2842 971 2895 de
1015 2842 1290 2897 librorum
1338 2837 1576 2899 suorum
1624 2837 2051 2913 corruptoribus
2176 2839 2348 2901 tas,in
2362 2837 2605 2890 latinum
2617 2841 3192 2892 vertisset.Eusebius
3207 2840 3780 2906 Cremonensisapud

632 2913 819 2963 batur.
2178 2911 2486 2963 Enisconos
2502 2910 2816 2963 Africanos.
2840 2913 2938 2963 aui
2962 2919 3177 2963 m'ovter
3208 2914 3599 2963 Ecclesiasticas
3618 2929 3780 2963 caus-

451 2917 819 2976 querebatur.

2178 2911 2486 2975 Episcopos
2502 2910 2816 2974 Africanos,
2840 2913 2938 2976 qui
2959 2919 3177 2977 propter
3208 2914 3599 2963 Ecclesiaslicas
3618 2929 3781 2964 caus-

2176 2996 2263 3032 sas
2284 2982 2357 3031 ad
2383 2983 2708 3032 Comitatum
2724 2985 2948 3049 (nempe
2969 2984 3042 3036 ad
3066 2988 3275 3037 Antam
3301 2985 3674 3050 pontiﬁciam)
3695 3001 3785 3035 ve-

483 3066 519 3108 a
539 3056 738 3118 Ruﬁno
765 3056 1078 3120 adornatae,
1104 3070 1441 3124 Quanquam
1465 3074 1574 3113 nos
1598 3064 1795 3114 Graeca
1818 3062 2081 3126 Origenis
2179 3060 2393 3115 nerant,
2431 3069 2552 3103 eam
2583 3071 2635 3104 se
2670 3058 2946 3121 reperisse
2975 3057 3413 3121 signiﬁcaverat.
3458 3055 3786 3109 Concilium

484 3128 659 3180 verba
689 3126 1081 3192 deﬁciunt,ex
1116 3130 1326 3195 duplici
1368 3137 1555 3185 tamen
1608 3134 1871 3186 versione
1909 3134 2061 3185 simu

2183 3127 2520 3190 Carthagine
2540 3127 2803 3179 habitum
2824 3131 2892 3179 A.
2929 3129 2992 3179 D.
3019 3126 3143 3182 401.
3182 3129 3403 3192 legatos
3435 3128 3677 3179 miserat
3706 3127 3786 3181 ad

483 3199 821 3299 composita;
846 3198 1008 3299 t‘lacile
1031 3200 1368 3266 colligimus,
1386 3209 1514 3299 inter
1527 3205 1805 3270 interpres
1822 3205 2083 3269 Origenis
2111 3217 2165 3299 α
2182 3200 2535 3299 Αθηαιξιαείανη
2579 3200 2924 3299 pqntiﬁcem,
2957 3200 3244 3299 Vencz‘it‘t'm
3269 3198 3784 3299 Mediolane‘psenei,

483 3282 719 3299 annosum
830 3283 860 3299 η
884 3270 969 3299 tua
989 3274 1330 3299 ΔυηηΛαηηηῖδ
1434 3278 1815 3299 .--..,.μ.-.μ.-ε..
1848 3277 2076 3299 “manu-
2184 3284 2214 3299 η
2334 3271 2584 3299 Λκηκέιιανι
2673 3284 2817 3299 ειη-ιο
2852 3283 2945 3299 nm
3000 3283 3068 3299 ην
3142 3272 3155 3299 ς
3203 3272 3454 3299 nmnnsin
3497 3283 3532 3299 ιιι
3615 3273 3628 3299 ἰ
3665 3285 3694 3299 α

483 3282 725 3342 sensum
747 3270 972 3323 ﬁdelius
989 3274 1351 3337 expresserit.
1377 3276 1746 3341 Hieronymus
1761 3279 1821 3329 in
1844 3277 2084 3342 epistola
2113 3270 2165 3299 ’⁸⁸
2183 3274 2242 3323 et
2284 3270 2589 3319 Honorium
2620 3274 2969 3335 Αυειιειωῐι,
2999 3283 3072 3324 ex
3095 3271 3454 3323 Tillemontio
3476 3271 3536 3322 in
3560 3272 3699 3322 Vita
3725 3274 3784 3323 S.

480 3340 1009 3413 adPammachium
1029 3349 1087 3395 et
1110 3344 1402 3398 Oceanum
1427 3340 1687 3413 testatur,
1716 3362 1789 3401 ex
1823 3340 2084 3401 doctrina
2183 3342 2491 3406 Augustini
2523 3344 2574 3406 §.
2602 3342 2697 3397 131
2727 3355 2874 3405 Quos
2888 3343 3119 3407 quidem
3140 3343 3360 3407 legatos
3381 3356 3453 3393 ex
3472 3342 3669 3394 Africa
3692 3355 3788 3395 se-

482 3410 744 3484 Origenis
767 3414 932 3477 sequi
981 3414 1271 3466 Diabolum
1308 3430 1475 3482 posse
1514 3410 1742 3484 salvari,
1789 3420 2084 3470 Gabrielem
2184 3426 2318 3465 cum
2366 3414 2569 3466 tulisse
2610 3419 2834 3478 oportet
2861 3414 3183 3479 epistolam,
3213 3418 3542 3478 tanquama
3574 3414 3788 3465 Hiero-

549 2984 712 3047 Quod
726 2988 949 3049 spectat
959 2984 1134 3037 ﬁdem
1144 2986 1423 3040 versionis
1434 2989 1554 3054 epis
1562 2989 1691 3042 tota
1703 2989 2080 3054 Origenianm,

483 3482 1048 3555 damnari.Origenes
1077 3487 1137 3539 in
1172 3489 1415 3553 epistola
1447 3492 1520 3542 ab
1546 3482 1883 3555 Ilioronymo
1909 3492 2083 3543 latine

480 3554 722 3629 reddita,
748 3558 856 3609 hoc
886 3560 1009 3609 suis
1032 3558 1377 3613 adversariis
1393 3564 1645 3627 objectat
1669 3579 1681 3615 :
1712 3554 1853 3613 Licet
1872 3570 2081 3629 patrem

482 3626 706 3676 malitiae
736 3633 782 3677 el
824 3630 1144 3693 perditionis
1180 3648 1385 3693 eorum,
1413 3626 1509 3697 qui
1536 3636 1596 3683 de
1622 3652 1783 3699 regno
1813 3626 1909 3685 Dei
1951 3638 2085 3699 deji-

482 3699 711 3771 cientur,
741 3700 924 3749 dicant
944 3716 1094 3765 posse
1116 3704 1340 3755 salvari.
1367 3705 1639 3771 Origenes
1655 3708 1764 3759 hoc
1784 3708 1854 3758 de
1879 3707 2085 3759 adver-

484 3770 650 3843 sariis
674 3771 797 3843 suis
832 3772 1248 3827 Valentinianis
1272 3776 1458 3829 dicere
1504 3792 1623 3830 non
1656 3780 1871 3843 potuit;
1900 3781 1998 3831 sed
2026 3782 2084 3831 hi

481 3841 674 3913 potius
702 3841 812 3894 hoc
835 3845 908 3895 ab
932 3844 1177 3909 Origene
1217 3847 1328 3899 dici
1364 3841 1754 3913 atllrmarunt;
1794 3851 2083 3900 Diabolum

482 3912 700 3965 scilicet
710 3926 890 3978 quum
904 3921 1060 3968 esset
1070 3925 1262 3967 natura;
1274 3921 1530 3985 perditas,
1557 3922 1714 3975 nullo
1727 3912 1895 3975 modo
1912 3937 2083 3987 posse

483 3996 744 4049 unquam
759 3999 867 4039 nec
882 3988 1139 4052 potuisse
1159 3991 1372 4044 salvari
1391 4007 1497 4046 nec
1512 3995 1805 4044 Gabrielem
1824 3995 2085 4047 damnari

482 4057 638 4120 quod
660 4063 887 4112 naturm
901 4065 1059 4112 esset
1075 4062 1386 4117 salvandte.
1401 4068 1578 4131 Atqui
1596 4067 1846 4129 Origenes
1863 4070 2083 4118 utrum-

483 4139 614 4203 que,
660 4141 865 4203 eorum
903 4135 1129 4185 natura;
1175 4141 1625 4190 consentaneum
1649 4140 2080 4203 pronunciabat,

482 4197 650 4272 nam.
676 4200 932 4272 Diabolus
971 4202 1147 4255 libero
1196 4206 1428 4260 arbitrio
1466 4212 1615 4261 recte
1649 4197 1813 4271 usus,
1851 4197 2078 4272 salvari,

486 4269 865 4346 Qabrielvero
887 4285 1063 4346 prave
1089 4288 1254 4340 usus,
1288 4278 1548 4332 damnari
1576 4269 1881 4346 potuisset.
1934 4269 2080 4335 Hinc

482 4341 870 4417 Yalentiniani
899 4345 1200 4410 Origenem
1220 4341 1623 4417 increpabant,
1649 4355 1817 4417 quasi
1839 4353 2081 4408 dixisset

481 4413 774 4492 Diabolum
812 4428 944 4492 esse
981 4416 1345 4492 salvandum.
1372 4413 1494 4475 Hoc
1530 4413 1781 4489 prefecto
1815 4427 2082 4492 exprimit

481 4485 871 4563 interpretatio
894 4490 1083 4542 Rufini
1104 4505 1119 4541 :
1148 4491 1405 4557 Dicentes,
1426 4485 1637 4560 patrem
1665 4485 2083 4563 malilimOctper-

483 4558 724 4635 ditionis,
749 4565 795 4610 et
814 4576 1019 4626 eorum,
1047 4564 1145 4628 qui
1176 4565 1239 4615 de
1273 4558 1440 4630 regno
1462 4568 1559 4618 Dei
1580 4570 1924 4635 rejiciunlur,
1949 4558 2079 4620 idest

2182 3498 2360 3550 nymo
2379 3485 2451 3537 ad
2481 3486 2779 3538 Africanos
2807 3486 3202 3551 conscriptam.
3229 3487 3351 3537 Hoc
3371 3486 3635 3538 animum
3655 3487 3790 3549 ejus

2184 3558 2555 3610 vehementer
2570 3558 2807 3622 perculit
2819 3562 3127 3627 postquam
3146 3556 3205 3608 id
3219 3570 3334 3609 non
3348 3557 3521 3609 unius
3541 3557 3787 3617 Eusebii,

2186 3630 2284 3680 sed
2308 3629 2603 3677 multorum
2628 3645 2694 3677 ea:
2720 3630 2847 3679 urbe
2869 3630 3109 3691 fratrum
3124 3634 3323 3693 scripta
3339 3629 3659 3688 docuerunt,
3678 3628 3791 3677 sci-

2182 3700 2513 3760 scitantium,
2535 3716 2611 3749 an
2635 3702 2711 3748 ita
2735 3715 2785 3749 se
2819 3699 3044 3761 haberet,
3069 3705 3116 3749 et
3157 3714 3194 3749 a
3239 3714 3345 3763 quo
3396 3700 3514 3763 ipsa
3561 3699 3794 3763 epistola

2184 3771 2535 3820 disseminata
2578 3778 2700 3820 esset
2728 3773 2789 3821 in
2824 3771 3029 3835 vulgus,
3072 3770 3489 3836 lacrymabiliter
3534 3771 3794 3820 indican-

2184 3843 2341 3893 tium.
2360 3843 2741 3908 Hieronymus
2765 3843 3082 3906 epistolam,
3111 3856 3186 3895 ex
3209 3842 3337 3894 stilo
3362 3848 3419 3895 et
3441 3841 3627 3895 forma
3666 3842 3790 3894 elo-

2184 3915 2303 3978 quii
2328 3916 2436 3967 sibi
2458 3928 2575 3967 non
2610 3927 2737 3966 esse
2765 3914 3227 3978 adjudicandam.
3245 3915 3511 3975 ostendit,
3535 3918 3791 3978 ejusque

2183 3986 2469 4039 ﬁctionem
2499 3999 2573 4039 ex
2596 3986 2923 4051 conjectura
2944 3987 3150 4049 Rufino
3187 3987 3400 4038 tribuit.
3438 3984 3546 4037 Sed
3572 3986 3790 4048 Rufino

2183 4059 2530 4119 obtestante,
2551 4071 2739 4111 senon
2756 4072 2883 4110 esse
2900 4060 3157 4123 epistola:
3167 4061 3479 4119 auctorem,
3500 4057 3790 4121 Hierony-

2182 4144 2316 4183 mus
2360 4131 2617 4195 reposuit
2644 4131 2701 4182 in
2740 4130 2837 4181 lib.
2878 4133 2975 4182 Ill.
3017 4130 3340 4195 Apologim,
3365 4130 3640 4181 Ruﬁnum
3672 4128 3789 4180 sibi

2181 4216 2476 4270 perperam
2498 4203 2716 4255 dictum
2739 4207 2938 4267 putare
2966 4203 3121 4267 quod
3154 4202 3488 4254 nominatim
3519 4200 3643 4265 ipse
3679 4213 3789 4253 ne-

2180 4277 2326 4328 mini
2348 4275 2643 4327 tribuisset
2668 4276 2832 4335 :Quo,
2853 4275 3059 4340 inquit,
3083 4290 3196 4324 non
3244 4279 3493 4339 erumpat
3515 4279 3672 4322 semet
3703 4273 3789 4337 cf-

2179 4350 2398 4413 frenata
2434 4348 2671 4399 audacia
2687 4350 2711 4398 il
2733 4347 2986 4398 Aliorum
3018 4349 3221 4397 crimen
3244 4346 3347 4397 sibi
3370 4346 3569 4410 objecil,
3597 4350 3658 4394 ut
3682 4360 3789 4395 nos

2178 4422 2408 4488 finxisse
2429 4421 2730 4473 videamur.
2759 4422 2912 4481 Quod
2921 4421 3116 4487 absque
3135 4421 3357 4470 nomine
3378 4419 3580 4469 dictum
3598 4423 3694 4479 est,
3717 4416 3787 4466 in

2182 4507 2232 4543 se
2262 4494 2465 4543 dictum
2493 4493 2680 4557 refert:
2704 4498 2750 4542 et
2776 4508 3024 4559 purgans
3046 4498 3266 4543 externa
3286 4495 3520 4557 peccata,
3562 4493 3785 4537 tantum

2182 4566 2244 4616 de
2258 4580 2360 4615 sua
2381 4580 2597 4615 securus
2624 4570 2696 4614 est
2719 4565 3049 4617 innocentia.
3065 4564 3227 4614 Jurat
3246 4564 3411 4623 enim,
3426 4577 3479 4611 se
3500 4559 3786 4626 epistolam

483 4629 773 4719 Diabolum
788 4644 1243 4719 HB‘DICBRBJssc
1253 4629 1575 4691 salvandum
1596 4656 1609 4693 :
1629 4629 1774 4707 quod
1795 4658 1862 4692 ne
1884 4629 2088 4707 aliquis
2103 4643 2164 4719 D
2183 4653 2296 4687 ηοη
2327 4637 2598 4702 scripsisse
2620 4637 2898 4719 αάΑῙνοει
2918 4636 3259 4719 ειξόρῑοπδίης
3284 4650 3419 4718 "fw.
3448 4634 3508 4682 ίη
3528 4647 3644 4719 (1
3654 4647 3787 4714 9οη·

484 4702 704 4767 quidem
737 4709 911 4776 mente
944 4711 1141 4767 motus,
1177 4713 1223 4757 et
1267 4712 1547 4776 manifeste
1590 4702 1874 4764 insaniens
1918 4702 2087 4765 dicere

484 4779 666 4851 potest.
682 4775 780 4851 _A_d
802 4775 930 4828 hinc
952 4778 1151 4851 Rufini
1183 4775 1507 4836 versionem
1542 4788 1919 4851 comprobant
1958 4787 2085 4840 haec

489 4846 669 4899 verba
682 4847 1015 4921 Hieronymi
1033 4850 1176 4903 libro
1187 4853 1255 4905 II.
1274 4855 1437 4918 Apol.
1462 4858 1633 4921 juxta
1656 4846 1922 4921 superius
1945 4859 2087 4910 reci-

491 4922 629 4979 tata,
652 4918 772 4992 cubi
812 4920 1105 4995 Origenes,
1158 4918 1654 4981 catholicm'Fidei
1700 4918 1986 4993 defensor,
2030 4934 2089 4982 et

488 4981 779 5033 Candidus
800 4983 1217 5033 Valentlmamn
1253 4990 1539 5033 hmresenn
1571 4999 1974 5033 nmnnonnmn
2002 4993 2087 5033 di...

707 4994 779 5058 us
800 4983 1217 5058 Valentimanm
1250 4990 1539 5043 haereseos
1571 4983 2087 5058 propugnator,'di-

487 5055 785 5118 sceptant:
810 5055 854 5104 Α
881 5056 1014 5131 serit;
1029 5058 1326 5123 Candidus,
1374 5055 1943 5131 Diabolum—pessimae
1984 5079 2088 5115 esse

484 5130 778 5201 naturanet
796 5142 915 5192 quc
932 5129 1139 5180 salvari
1180 5148 1472 5199 nunquam
1512 5129 1715 5201 possin
1751 5138 1953 5187 Contra
1990 5137 2087 5188 hoc

481 5203 617 5248 recte
635 5196 885 5272 Origenes
917 5203 1210 5266 respondit,
1241 5196 1356 5255 non
1388 5196 1792 5272 eum-periturae
1816 5224 1920 5259 esse
1960 5207 2086 5257 sub-

482 5270 711 5345 stantia.
732 5271 849 5345 _sed
868 5272 1165 5345 Lvoluntate
1208 5278 1441 5344 propria
1494 5270 1785 5341 corruisse,
1836 5285 1883 5329 et
1940 5294 2089 5345 posse

483 5340 704 5415 salvari.
720 5343 835 5415 Hoc
849 5343 1133 5396 Candidus
1142 5340 1293 5398 vertit
1310 5340 1371 5398 in
1395 5360 1774 5415 CALUMNIAM,
1786 5340 1955 5414 quasi
1967 5350 2089 5400 Ori-

484 5427 641 5476 genes
670 5414 889 5477 dixerit,
924 5416 1138 5468 Diaboli
1164 5425 1427 5470 naturam
1443 5436 1547 5471 esse
1565 5422 1906 5472 saluandam.
1940 5422 2090 5480 Quod

484 5483 577 5534 ille
604 5484 748 5558 falso?
788 5486 1061 5551 objecerat,
1109 5491 1198 5540 hic
1228 5492 1540 5555 refutat.Ex
1575 5492 1666 5545 his
1696 5498 1870 5558 patet,
1893 5494 2090 5553 Orige-

487 5567 621 5608 nem
655 5557 755 5609 ubi
773 5558 871 5623 ait,
888 5560 1179 5611 Diabolum
1196 5562 1453 5627 potuisse
1491 5557 1715 5629 salvari,
1737 5565 1846 5617 hoc
1877 5563 2090 5617 intelli-

484 5640 620 5693 gere
651 5642 720 5678 ea:
742 5637 896 5694 parte
918 5639 1149 5693 naturae,
1173 5645 1290 5685 non
1314 5633 1566 5698 malitiae,
1598 5638 1665 5688 ut
1706 5635 2092 5689 Valentiniani

485 5698 833 5754 Adamantio
848 5703 1048 5768 inique
1073 5705 1513 5769 exprobrabant.

549 5770 791 5846 Reliqua
811 5771 956 5846 libr_o
978 5776 1044 5846 ll.
1064 5775 1361 5846 Apologia)
1377 5778 1837 5845 Hieronymianm
1858 5792 2091 5846 percur-

487 5852 706 5897 ramus.
737 5844 880 5906 Quae
897 5843 1215 5908 Rufinusde
1226 5849 1450 5915 Hilarii,
1480 5843 1762 5921 Cypriani,
1790 5843 2089 5909 etTertul-

2183 4712 2364 4775 fitear,
2387 4711 2673 4759 inductum
2711 4723 2795 4758 me
2809 4724 2845 4759 a
2858 4708 3062 4759 Judaeis
3088 4707 3375 4757 mendacia
3411 4703 3750 4755 transtulisse
3764 4720 3782 4754 :

2184 4788 2233 4833 et
2254 4781 2417 4832 mittit
2440 4780 2601 4831 libros
2632 4782 2817 4831 eadem
2845 4782 3033 4830 omnia
3054 4780 3398 4842 continentes,
3420 4791 3539 4843 qua
3558 4778 3789 4826 nescisse

2184 4869 2236 4904 se
2261 4855 2435 4919 jurat.
2459 4854 2527 4903 Et
2553 4854 2729 4902 miror
2756 4853 3021 4918 quomodo
3041 4851 3337 4917 prudentia
3365 4851 3477 4913 ejus
3499 4863 3619 4899 cum
3646 4849 3787 4897 alte-

2184 4927 2305 4976 rius
2323 4927 2567 4990 nequitia
2590 4925 2911 4989 convcncril,
2936 4932 2995 4975 ut
3015 4925 3160 4990 quod
3178 4924 3321 4973 alius
3341 4923 3398 4971 in
3422 4922 3610 4984 Africa
3625 4935 3787 4969 men-

2186 4999 2316 5048 titus
2339 5004 2436 5059 est,
2470 4999 2556 5048 hic
2592 4999 2919 5047 concorditer
2953 5012 3137 5047 verum
3184 4997 3394 5059 diceret,
3429 4994 3641 5058 stilique
3667 4993 3788 5057 ejus

2184 5071 2505 5134 elegantiam
2521 5072 2697 5120 nescio
2726 5070 2847 5135 quis
2865 5070 3146 5135 imperitus
3166 5074 3333 5133 posset
3351 5066 3582 5135 imitari.
3604 5064 3786 5117 Visus

2187 5128 2277 5194 est
2307 5146 2502 5193 tamen
2530 5154 2644 5194 non
2677 5128 3129 5205 alteriusfquam
3157 5128 3369 5203 Rufini,
3403 5128 3529 5190 e'am
3559 5150 3631 5189 ex
3668 5136 3786 5188 stili

2188 5214 2574 5271 similitudine,
2614 5214 2888 5279 judicare.
2930 5215 3238 5276 Postquam
3272 5212 3635 5274 Hieronymus
3679 5221 3787 5273 pro

2186 5298 2341 5337 nova
2364 5298 2468 5336 sua
2483 5285 2893 5350 scripturarum
2907 5284 3297 5347 translatione,
3321 5285 3377 5334 et
3408 5287 3605 5333 contra
3628 5280 3783 5330 LXX

2186 5356 2563 5421 interpretum
2589 5356 3302 5419 versionem,corruptione
3324 5353 3509 5404 fusius
3533 5363 3788 5417 peroras-

2189 5430 2293 5485 set,
2310 5429 2349 5476 Α
2359 5427 2582 5491 pologite
2606 5426 3085 5490 ﬁnemimposuit,
3109 5425 3442 5490 signiﬁcans
3466 5436 3526 5474 se
3551 5427 3666 5474 tres
3680 5422 3793 5471 Ru-

2183 5499 2296 5562 fini
2339 5500 2512 5551 libros
2545 5504 2741 5550 contra
2765 5511 2826 5549 se
2850 5498 3091 5563 scriptos
3113 5498 3281 5550 avide
3295 5494 3538 5562 opperiri
3562 5508 3575 5545 :
3607 5493 3792 5559 Expe-

2186 5576 2337 5619 ctans
2373 5570 2485 5621 tria
2516 5570 2682 5618 amici
2722 5569 3021 5619 volumina.
3038 5570 3178 5621 Haec
3214 5569 3323 5617 tria
3363 5565 3674 5627 volumina,
3726 5571 3792 5618 ut

2192 5642 2333 5703 dixi,
2370 5646 2533 5693 erant
2554 5641 2679 5693 libri
2709 5643 2775 5693 ll.
2818 5642 3106 5705 Apologia,
3134 5641 3279 5704 sive,
3301 5643 3368 5691 ut
3392 5638 3565 5702 vulgo
3584 5636 3792 5689 inscri-

2190 5714 2425 5773 buntur,
2468 5712 2862 5763 Invectivarum
2898 5713 2959 5766 in
3003 5713 3436 5777 Hieronymum,
3480 5708 3793 5774 Ruﬁnique

2188 5786 2453 5853 Apologia
2468 5786 2540 5840 ad
2575 5786 2942 5840 Anastasium
2965 5784 3298 5839 Pontiﬁcem
3315 5796 3417 5853 pro
3440 5781 3553 5837 ﬁde
3569 5793 3694 5834 sua.
