3894 6424
67 422 171 483 177

1299 431 1495 488 νΙΤΑ.
1530 433 1666 488 LIB.
1700 434 1770 490 II.
1805 435 1960 491 CAP.
1995 437 2116 493 VII.

3261 436 3366 498 178

126 555 254 632 Quae
275 558 406 607 sunt
428 555 490 606 in
515 555 746 622 Lucam,
771 571 884 610 non
905 557 1150 613 Ruﬁnus
1181 558 1270 611 sed
1296 559 1665 626 Hieronymus
1687 553 1743 632 Α
1767 553 1828 605 de
1849 569 1906 606 eo
1940 553 2193 632 lectorem
2211 570 2393 632 suum,
2425 561 2590 624 prout
2621 557 2896 610 hominem
2921 554 3150 626 probum
3169 560 3224 632 et
3257 555 3369 632 veri

65 628 238 681 vertit.
778 657 793 666 -

122 782 166 834 Ι.
201 781 686 848 Quandoquidem
707 784 792 838 rei
827 786 1108 839 connexio
1127 797 1162 838 a
1197 785 1365 839 nobis
1395 783 1668 851 postulat,

67 854 290 920 ut'reliq
297 868 502 910 uarum
515 856 778 920 Origenis
789 857 1271 918 lucubrationum,
1284 871 1430 922 quas
1443 860 1598 923 Rufin
1610 873 1671 910 us

66 927 272 979 amicis
295 928 711 992 obsequturus,
739 929 898 984 Latio
913 930 1167 992 donavit,
1187 931 1410 994 seriem,
1437 931 1510 983 ab
1542 929 1670 984 aliis

69 999 326 1072 historias
337 999 631 1072 litterariae
643 1001 1018 1072 scriptoribus
1031 1003 1672 1072 ferme_neglectam_c_qn-

65 1063 391 1128 cinnemus,
416 1063 643 1115 initium
665 1063 1091 1130 auspicabimur
1111 1066 1184 1117 ab
1209 1063 1472 1118 Hofniliis
1493 1067 1666 1118 XVII.

66 1132 428 1187 inGenesim.
458 1135 575 1186 Has
592 1147 710 1188 una
737 1149 876 1188 cum
909 1137 1036 1188 aliis
1072 1137 1294 1201 zEgidio
1337 1136 1668 1199 Viterbiensi,

65 1205 389 1256 divinorum
402 1205 683 1257 verborum
699 1208 907 1258 oratori
923 1208 1214 1269 excellenti,
1235 1209 1456 1260 Ordinis
1479 1209 1671 1259 ere-mi-

66 1283 273 1339 tarum,
300 1283 361 1331 et
383 1278 755 1344 postmodum
775 1280 829 1331 S.
857 1281 922 1332 R.
950 1281 1010 1332 Ε.
1028 1280 1326 1345 Cardinali,
1357 1282 1430 1333 ab
1442 1294 1505 1334 se
1520 1293 1672 1333 nun-

65 1354 328 1414 cupatas,
353 1351 574 1414 primus
597 1352 864 1405 omnium
885 1353 1037 1416 typis
1061 1353 1324 1418 vulgavit
1347 1353 1528 1405 Aldus
1554 1354 1671 1405 Ma-

65 1421 268 1473 nutius
291 1421 484 1474 senior
505 1435 636 1474 cum
650 1423 984 1487 hujusmodi
997 1424 1401 1488 inscriptione:
1425 1424 1670 1488 Origenis

65 1492 320 1543 Homiliz
341 1495 405 1544 in
435 1494 698 1556 Genesim,
735 1495 1008 1558 Exodum,
1040 1497 1352 1557 Leviticum,
1379 1497 1667 1558 Numéros,

63 1563 250 1616 Jesum
273 1565 442 1628 Nave,
469 1571 515 1615 et
533 1565 733 1615 librum
745 1566 1025 1627 Judicum,
1063 1569 1185 1618 divo
1209 1568 1544 1632 Hieronymo
1577 1568 1671 1618 in-

65 1641 304 1701 terprete.
333 1637 560 1687 Venetiis
579 1637 645 1690 Α.
673 1637 736 1690 D.
770 1637 908 1694 1503
945 1640 1003 1688 in
1027 1639 1123 1702 fol.
1151 1639 1402 1693 Editioni
1440 1652 1669 1704 operam

65 1709 457 1762 commodavit
481 1709 814 1772 Monachus,
833 1711 931 1776 qui
951 1724 1163 1764 nomen
1181 1725 1346 1764 suam
1372 1712 1431 1764 in
1460 1711 1669 1777 praefa-

65 1779 219 1833 tione
273 1781 522 1842 reticuit,
563 1781 810 1834 multum
853 1795 915 1834 se
937 1783 1143 1837 debere
1168 1784 1463 1846 professus
1488 1782 1668 1834 sodali

67 1863 168 1921 su_0_
187 1851 246 1921 in
267 1853 534 1921 cmnobio
549 1854 822 1921 Patavina
839 1855 1064 1908 Sanctae
1078 1857 1110 1908 ,Ι
1119 1857 1346 1921 ustinm,
1363 1857 1666 1921 Hieronymo

2 1975 3 1978 η
65 1926 98 1964 a
120 1914 391 1968 Valentia
419 1917 676 1980 Hispano
720 1917 879 1969 Hanc
901 1923 1103 1980 postea
1125 1914 1432 1970 editionem
1465 1914 1664 1969 iterum

65 1987 356 2050 expressit
379 1987 730 2038 Bernadinus
751 1989 1010 2040 Benalius
1033 1990 1288 2043 Venetiis
1310 1993 1376 2042 A.
1406 1991 1472 2042 D.
1507 1987 1664 2049 1512,

2 2063 3 2066 ‘
64 2057 121 2108 in
138 2057 295 2110 folio.
315 2059 473 2111 Idem
488 2059 809 2112 monachus
820 2061 1093 2114 Sanctum
1112 2062 1522 2127 Hieronymum
1540 2061 1669 2116 uni-

66 2129 215 2182 versi
249 2129 456 2195 Operis
480 2131 847 2195 interpretem
872 2132 1018 2190 fecit,
1042 2133 1318 2185 nimirum
1343 2140 1669 2200 propterea-

67 2201 221 2263 quod
257 2202 320 2254 in
360 2203 485 2254 suis
515 2203 810 2256 codicibus
845 2205 980 2256 Mss.
1017 2205 1172 2257 unde
1196 2206 1333 2258 illud
1363 2207 1528 2269 eruit,
1567 2219 1668 2272 pro

67 2273 285 2335 Ruﬁno,
300 2289 326 2319 ιι
336 2275 374 2326 b
387 2275 628 2327 librariis
645 2276 1044 2341 Hieronymum
1057 2276 1334 2339 scriptum
1345 2279 1667 2342 reperisset,

67 2349 130 2396 ut
145 2346 292 2397 tanti
312 2347 420 2398 viri
429 2347 648 2400 auctori
657 2351 770 2400 tate
787 2347 1060 2400 volumen
1075 2349 1366 2413 acceptius
1381 2349 1666 2402 evaderet.

2 2411 4 2478 ί
68 2416 391 2470 Monachus
412 2423 604 2470 tamen
619 2418 884 2472 dubitare
901 2420 1147 2480 videtur,
1164 2411 1239 2472 an
1253 2423 1406 2472 recte
1426 2423 1670 2482 Hierony-

2 2499 4 2552 ξ
67 2499 240 2540 moea
266 2489 569 2547 translatio
593 2489 940 2542 inscribatur
958 2509 968 2538 :
989 2491 1115 2543 Non
1131 2491 1458 2546 dubitamus.
1480 2494 1666 2553 inquit,

2 2567 5 2620 ξ
66 2553 489 2620 tamauctorem,
520 2567 687 2617 quam
713 2553 1060 2616 interpretem
1093 2569 1228 2618 opus
1261 2561 1372 2604 tam
1396 2557 1668 2619 egregium

63 2619 256 2688 absque
263 2624 526 2687 praemio
537 2639 884 2690 nequaquam
895 2625 1135 2688 edidisse,
1151 2641 1332 2676 verum
1343 2632 1670 2691 scriptarum

1 2713 4 2722 -
67 2694 288 2744 incuria
316 2695 392 2746 ad
413 2711 514 2746 nos
532 2695 760 2745 minime
787 2697 1102 2760 pervenisse.
1145 2697 1328 2762 Neque
1349 2713 1406 2748 eo
1447 2698 1668 2760 inﬁcias

2 2771 4 2790 ι
66 2769 260 2827 tamen,
280 2767 340 2814 in
349 2767 548 2816 venisse
557 2767 771 2831 quidem
784 2783 884 2817 nos
897 2768 1180 2818 nonnullis
1192 2769 1248 2817 in
1265 2769 1670 2831 exemplaribus

2 2859 4 2872 ε
64 2838 235 2888 nescio
256 2839 415 2902 quid,
437 2839 686 2904 praaamii
701 2838 810 2889 loco
826 2839 1154 2904 inscriptum
1168 2857 1187 2902 ;
1202 2856 1296 2890 nec
1307 2846 1524 2890 auctore
1538 2857 1668 2891 sane

67 2910 144 2971 {ut
167 2924 266 2974 ego
289 2911 569 2974 senserim)
586 2926 678 2960 nec
695 2911 979 2964 interprete
997 2917 1181 2962 nostra
1197 2913 1448 2976 dignum.
1472 2913 1668 2963 Verum

2 3001 4 3012 ι
65 2980 308 3032 calamus
319 2981 462 3032 mihi
477 2983 854 3045 temperandus
875 2988 946 3033 est
962 2999 979 3044 ;
997 2984 1166 3039 notuit
1191 2985 1337 3034 enim
1353 2985 1555 3034 latinus
1577 2985 1668 3034 in-

2 3047 4 3072 ⁵
67 3057 264 3117 terpres
297 3069 324 3104 e
357 3055 552 3105 Grecis
589 3053 740 3104 bonis
777 3056 858 3118 {ut
889 3055 968 3104 ait
1001 3055 1264 3118 Comicus)
1297 3055 1474 3105 latina
1493 3056 1668 3119 facere

1 3129 6 3159 ι
67 3139 171 3173 non
197 3124 364 3174 bona.
402 3125 592 3176 Atium
617 3131 796 3177 tamen
817 3125 1047 3190 prologi,
1083 3130 1243 3190 atque
1281 3126 1458 3176 alium
1489 3129 1666 3192 aperis

1 3199 6 3232 ἰ
62 3194 408 3261 interpretem
424 3197 682 3246 exstitisse
703 3197 1056 3260 manifestum
1091 3202 1182 3250 est.
1216 3199 1664 3262 Haudquaquam

62 3267 227 3330 igitur
249 3267 434 3318 meum
465 3273 539 3318 est
571 3268 736 3326 nobis,
773 3269 1138 3334 pulcherrimo
1177 3271 1259 3333 (ut
1296 3269 1374 3320 ita
1407 3269 1662 3334 dixerim)
1694 3267 1741 3338 (ς
1768 3281 1896 3334 pag,
1921 3268 2376 3323 221.5uaelatinaa
2389 3271 2621 3324 editioni
2641 3271 2889 3336 Operum
2903 3269 3366 3334 Origenis.quam

61 3340 274 3402 corpori
297 3339 546 3388 alienum
571 3339 734 3390 simul
749 3356 812 3389 ac
837 3341 1128 3390 horridum
1138 3343 1408 3406 prae/igere
1421 3347 1604 3406 caput,
1617 3346 1662 3390 et

59 3411 242 3474 prima
279 3410 447 3461 libelli
463 3410 640 3474 fronte
663 3412 976 3463 deterruisse
991 3413 1188 3478 potius,
1219 3428 1388 3477 quam
1417 3413 1661 3463 allenisse

63 3481 325 3534 lectorem.
365 3483 547 3544 Quare
590 3483 909 3536 monachus
952 3483 1186 3549 prologo
1232 3483 1346 3540 illo.
1395 3497 1566 3549 quem
1604 3485 1662 3537 in

60 3554 360 3607 codicibus
396 3554 515 3606 Mss
559 3557 864 3620 repererat,
899 3555 1216 3620 improvide
1256 3555 1660 3620 praetermisso,

59 3627 326 3678 omnium
339 3625 645 3678 earundem
657 3625 1034 3678 Homiliarum
1045 3627 1458 3690 Hieronymum
1494 3627 1663 3679 inter.

1 3707 6 3738 ι
60 3702 274 3760 pretem
301 3697 450 3749 fecit.
481 3697 592 3750 Sed
628 3710 746 3750 non
777 3697 858 3750 ita
893 3697 1164 3750 credulus
1204 3698 1312 3750 fuit
1333 3698 1663 3750 Desiderius

1 3765 6 3814 ῐ
59 3769 354 3822 Erasmus.
375 3769 476 3834 qui
498 3781 621 3822 suae
631 3769 1124 3833 editioniOperum
1141 3769 1402 3835 Origenis
1417 3770 1568 3822 hanc
1591 3769 1662 3823 de

60 3840 329 3893 Homiliis
351 3841 412 3893 in
444 3841 709 3893 Genesim
739 3851 1042 3894 censuram
1071 3841 1369 3907 adposuit:
1394 3841 1664 3892 Homilias

59 3911 112 3959 in
126 3913 804 3976 GenesimvertitRuﬁnus,
829 3928 944 3963 non
982 3913 1368 3978 Hieronymus.
1407 3912 1662 3976 Praefatio

60 3991 249 4035 resecta
271 3990 367 4048 est,
380 3999 551 4048 quum
565 4000 659 4035 nec
673 3985 920 4048 Ruﬁnus,
933 4000 1028 4035 nec
1052 3986 1421 4049 Hieronymus
1459 3984 1664 4034 soleant

60 4057 360 4121 quicquam
368 4057 516 4107 edere
523 4057 638 4106 sine
647 4057 886 4122 prologo.
904 4057 1059 4120 Rufin
1067 4073 1130 4107 us
1139 4062 1322 4106 autem
1334 4057 1663 4120 gravissima

61 4129 370 4194 suspicione
395 4127 738 4194 premebatur
771 4129 916 4193 quod
933 4135 1060 4178 esset
1087 4128 1420 4193 Origenista;
1445 4126 1540 4176 sub
1567 4128 1664 4178 hoc

2 4211 5 4242 ;
61 4201 202 4250 enim
257 4201 419 4250 titulo
451 4199 793 4250 Arianorum
819 4200 1030 4250 heresis
1050 4204 1244 4250 conata
1268 4204 1338 4249 est
1365 4199 1666 4264 repullula-

60 4285 210 4323 εσσε.
241 4275 432 4336 Itaque
453 4286 552 4336 pro
589 4271 856 4321 invidioso
879 4271 1100 4322 nomine
1121 4271 1308 4334 Ruﬁni
1326 4271 1666 4336 suppositum

62 4350 128 4392 est
159 4344 469 4410 gratiosum
515 4357 708 4394 nomen
754 4343 1093 4408 Hieronymi.
1121 4343 1212 4393 Hae
1248 4343 1521 4393 nimirum
1552 4349 1678 4392 sunt

59 4421 194 4466 artes
235 4415 599 4466 librariorum
637 4414 1066 4465 submoventium
1109 4430 1226 4480 qua:
1260 4415 1448 4480 prima
1491 4415 1677 4464 statim

59 4486 233 4548 fronte
253 4487 321 4538 de
331 4491 826 4552 terrentemptorem
839 4524 856 4547 ,
869 4493 914 4536 et
925 4486 1310 4551 afﬁngentium
1327 4501 1450 4552 qua:
1463 4489 1674 4550 possent

2 4571 4 4606 τ
61 4559 290 4610 allicere.
318 4558 444 4609 Non
467 4558 784 4610 mediocrem
807 4559 1018 4607 orexim
1041 4557 1193 4608 habet
1203 4558 1443 4608 auctoris
1458 4556 1672 4607 celebri-

2 4649 4 4676 :
63 4635 154 4680 tas.
189 4630 383 4682 Simili
402 4629 529 4694 fuco
561 4631 752 4694 vulgus
782 4630 1016 4694 imponit
1040 4630 1291 4688 incautis,
1319 4644 1571 4693 pannum
1594 4643 1662 4678 ccc

2 4739 3 4746 η
61 4701 262 4764 Anglia
276 4701 510 4754 allatum
525 4701 802 4764 mentiens,
821 4701 918 4766 qui
928 4716 1220 4766 nunquam
1237 4701 1370 4750 vidit
1383 4701 1660 4765 Angliam,

2 4807 3 4818 η
61 4779 214 4835 etpro
240 4773 494 4824 Belnensi
516 4773 790 4822 uendentes
814 4773 1024 4833 vinum,
1063 4773 1209 4837 quod
1232 4772 1399 4832 juxta
1431 4771 1664 4822 Lovanii

61 4846 260 4895 mamia
282 4851 480 4894 natum
503 4851 590 4894 est.
613 4847 696 4896 Ita
708 4844 778 4896 de
801 4856 937 4896 vero
969 4844 1274 4909 interprete
1298 4844 1516 4907 optime
1541 4843 1663 4907 qui-

61 4915 186 4968 dem
202 4919 495 4970 Erasmus.
517 4919 598 4968 De
612 4917 737 4980 ipso
747 4920 941 4968 autem
952 4918 1134 4982 Opere
1148 4917 1230 4968 sic
1249 4918 1476 4968 censet:
1509 4915 1664 4964 stilus

2 5004 4 5010 τ
60 4988 296 5039 multum
336 4989 489 5038 habet
516 4988 926 5052 perspicuitatis,
951 4988 1186 5052 satisque
1215 4987 1489 5037 comm-ode
1511 4986 1633 5050 ﬂuit
1649 5001 1668 5047 ;

1 5099 4 5108 .
63 5059 174 5109 licet
193 5076 308 5110 non
335 5074 718 5124 usquequaque
739 5075 940 5124 purus:
965 5060 1056 5110 cui
1073 5059 1258 5109 virtuti
1273 5060 1488 5108 utinam
1505 5059 1666 5121 ﬁdem

2 5149 4 5178 t
60 5132 421 5196 adjunarisset,
451 5146 618 5196 quam
633 5131 700 5180 ab
718 5132 999 5193 interprete
1021 5131 1374 5195 requirimus.
1402 5131 1469 5180 At
1483 5131 1590 5180 haec
1607 5129 1670 5177 ti-

1 5239 4 5254 .
61 5203 250 5269 bertas,
263 5210 340 5254 vet
357 5203 572 5252 licentia
585 5203 780 5267 potius.
793 5203 1050 5264 addendi,
1069 5203 1367 5265 adimendi,
1389 5201 1664 5266 mutandi,

2 5291 3 5296 ‘
62 5275 327 5339 Ruﬁnum
359 5280 560 5324 clamat
587 5275 944 5339 interpretem.
980 5275 1133 5324 Hanc
1158 5273 1432 5324 licentiam
1467 5273 1669 5336 fatetur

64 5363 352 5412 usurpasse
365 5363 417 5397 se
429 5347 486 5396 in
505 5345 812 5409 Leviticum,
829 5345 887 5395 in
905 5345 1200 5410 Epistolam
1212 5347 1285 5395 ad
1302 5347 1590 5405 Romanos,
1606 5344 1666 5392 in

65 5418 359 5469 Historiam
366 5417 962 5476 Ecclesiasticam.Quod
972 5430 1136 5480 porro
1147 5432 1281 5482 opus
1292 5418 1403 5477 ipse
1421 5416 1670 5468 tractavit

65 5503 338 5554 unquam,
371 5490 516 5552 quod
544 5502 657 5537 non
691 5488 766 5538 ad
791 5489 956 5537 istum
985 5489 1208 5537 modum
1236 5487 1668 5539 contaminarit?

66 5563 341 5623 Georgius
359 5560 557 5612 Rullus
573 5560 632 5610 in
647 5559 985 5612 Defensione
999 5559 1150 5612 Fidei
1168 5561 1418 5614 Nicaeum
1432 5563 1577 5613 Sect.
1598 5561 1663 5610 II.

68 5645 184 5696 cap.
231 5634 328 5684 IX.
363 5632 414 5697 §.
445 5637 524 5684 20.
559 5643 686 5696 pag.
713 5635 825 5683 209.
849 5630 1082 5695 quando
1107 5633 1348 5684 Rufinus
1371 5632 1428 5684 id
1448 5633 1668 5696 absque

68 5701 290 5756 lectoris
319 5704 541 5755 monito
573 5714 875 5764 nunquam
914 5703 1201 5766 praestitit,
1235 5703 1344 5756 hoc
1371 5704 1562 5767 ipsum
1596 5703 1668 5754 de

2 5797 4 5820 ι
69 5787 178 5838 quo
201 5775 486 5840 culpatur,
504 5773 579 5826 illi
596 5776 654 5825 in
669 5774 878 5826 sinceri
892 5778 950 5826 et
979 5777 1136 5839 probi
1155 5775 1412 5828 hominis
1437 5775 1668 5828 laudem

3 5895 6 5900 .
71 5847 254 5899 vertit.
294 5847 438 5899 Bulli
477 5847 653 5897 verba
702 5845 826 5898 huic
865 5850 1031 5897 sunt:
1060 5847 1126 5896 In
1151 5848 1416 5896 vertendis
1448 5846 1668 5911 quidem

1 5961 7 5977 ,
71 5918 331 5984 plerisque
345 5919 593 5982 Origenis
617 5917 768 5968 libris
792 5918 971 5968 multa
1001 5918 1064 5968 de
1085 5933 1182 5970 suo
1215 5920 1491 5970 addidisse
1511 5920 1668 5980 Ruﬁ-

77 6005 202 6038 num
219 5995 420 6041 constat
436 5989 555 6051 ;scd
569 5987 1000 6054 quotiescumque
1010 6005 1072 6039 ea
1089 5989 1320 6040 libertate
1339 6006 1464 6040 usus
1480 5990 1665 6052 fuerit,

1691 1885 1746 1960 B

1769 633 2042 677 amantem
2059 627 2265 680 decebat
2287 629 2398 694 ipse
2421 645 2661 696 expresse
2691 632 2924 683 monuit.
2955 629 3288 684 Gennadius
3309 629 3370 682 in

1769 697 2036 763 Catalogo
2059 713 2182 764 cap.
2201 702 2378 754 XVII.
2397 704 2660 768 testatur,
2673 703 2950 768 quicquid
2965 702 3227 764 Origenis
3243 715 3371 755 ver-

1771 782 1901 822 sum
1912 773 2018 835 est,
2029 771 2086 822 id
2104 785 2289 833 omne,
2307 779 2513 838 praeter
2526 786 2740 837 eaquae
2760 775 2934 828 vertit
2964 775 3369 839 Hieronymus,

1769 841 1842 894 ab
1874 842 2085 894 Rufino
2104 855 2340 897 versum
2356 845 2552 899 fuisse.
2570 845 3158 911 Hieronymusautem
3180 845 3371 911 etipse

1770 912 1830 964 in
1865 913 2152 978 Catalogo,
2199 927 2372 980 quem
2413 923 2684 982 provecta
2728 921 2900 970 aetate
2935 917 3198 974 confecit,
3242 929 3366 982 cap.

1770 995 1996 1044 cxxxv,
2021 985 2158 1038 dum
2177 997 2310 1049 quae
2335 1000 2407 1038 ex
2439 988 2684 1054 Origene
2727 989 2991 1046 verterat.
3025 987 3366 1040 nominatim

1769 1061 2052 1120 recenset,
2087 1057 2363 1110 Homilies
2393 1058 2454 1111 in
2485 1059 2755 1112 Genesim
2781 1060 3014 1112 omnino
3027 1059 3187 1122 silet;
3209 1060 3266 1110 et
3287 1060 3365 1110 ta-

1770 1139 1903 1179 men
1928 1128 2190 1191 testatur,
2222 1142 2284 1182 se
2303 1129 2489 1182 adhuc
2503 1132 2779 1196 juvenem
2808 1131 3064 1195 Origenis
3097 1129 3363 1194 quaedam

1769 1199 2034 1252 vertisse.
2070 1201 2358 1253 Honorius
2383 1203 2627 1266 utroque
2648 1203 2928 1268 posterior
2948 1203 3058 1254 hoc
3082 1201 3364 1266 ipsumia-

1771 1269 1966 1333 quitur
1986 1271 2044 1322 in
2062 1271 2328 1335 Catalogo
2344 1272 2440 1326 lib.
2466 1273 2502 1326 l.
2525 1286 2653 1336 cap.
2679 1275 2981 1325 CXXXVI.
2995 1275 3209 1326 Verum
3229 1271 3366 1335 quid

1769 1355 1904 1405 apus
1921 1341 2008 1391 his
2029 1346 2382 1406 argumentis,
2407 1343 2594 1410 inquit
2617 1347 3086 1409 Erasmus,quum
3098 1345 3208 1408 ipse
3225 1343 3368 1405 Rufi-

1769 1427 1874 1461 nus
1886 1413 1944 1462 in
1962 1415 2322 1478 peroratione,
2338 1431 2506 1480 quam
2521 1417 2714 1481 adjecit
2737 1417 3046 1468 Commenta
3056 1416 3153 1466 riis
3165 1415 3225 1465 in
3243 1414 3370 1477 Epi-

1767 1485 1960 1535 stolam
1980 1486 2055 1536 ad
2071 1487 2358 1550 Romanos,
2389 1489 2728 1552 proﬁteatur,
2761 1503 2812 1537 se
2837 1489 3046 1538 vertisse
3082 1488 3364 1550 Origenem

1769 1556 1830 1604 in
1849 1557 2106 1618 Genesim,
2133 1558 2406 1620 Emodum,
2435 1560 2744 1620 Leviticum,
2788 1560 2913 1609 item
2957 1559 3018 1608 in
3031 1560 3159 1610 Jesu
3197 1559 3363 1618 Nave,

1768 1631 1813 1676 et
1841 1627 1903 1676 in
1954 1628 2171 1678 Librum
2203 1629 2461 1680 Judicum
2499 1631 2732 1695 quanvis
2769 1645 2880 1680 non
2905 1630 3141 1681 nesciam
3171 1635 3220 1680 et
3252 1629 3364 1678 illic

1767 1700 2104 1763 suppositum
2137 1698 2557 1764 Hieronymum,
2587 1703 2676 1752 sed
2704 1702 2874 1750 nimis
2897 1702 3288 1766 imprudenter,
3314 1704 3370 1749 ut

1767 1786 1899 1820 mox
1921 1771 2226 1822 docebimus
2249 1776 2276 1823 ‘t
2299 1775 2376 1824 Ea
2396 1775 2696 1838 peroratio,
2713 1773 2934 1838 adjecta
2949 1772 3370 1825 commentariis

1769 1841 1828 1893 in
1866 1843 2042 1894 Paulli
2083 1844 2395 1908 Epistolam
2438 1845 2506 1896 ad
2548 1849 2855 1900 Romanos.
2891 1847 3083 1896 exstat
3102 1847 3268 1896 tomo
3299 1845 3365 1896 II.

1771 1913 2018 1978 Operum
2063 1915 2325 1980 Origenis
2355 1930 2428 1969 ex
2465 1917 2713 1970 editione
2737 1919 2831 1970 IV.
2859 1916 3074 1969 Erasmi
3101 1929 3201 1982 per
3225 1917 3369 1977 Gry-

1768 1997 1963 2038 nmum
1984 1986 2273 2049 adornata,
2299 2001 2430 2052 pag.
2458 1987 2576 2044 634.
2597 1991 2800 2042 Petrus
2824 1988 3021 2040 Daniel
3051 1986 3365 2040 Huetiusin

1767 2056 2120 2122 Origenianis
2147 2058 2292 2112 libro
2321 2062 2414 2112 III.
2441 2073 2564 2125 cap.
2589 2063 2658 2114 II.
2681 2061 2828 2114 Sect.
2853 2062 2948 2112 III.
2975 2060 3028 2124 θ.
3059 2064 3100 2112 1.
3125 2059 3364 2124 antiquo

1767 2127 1948 2180 codici
1995 2129 2362 2184 Bibliotheca
2401 2133 2590 2196 regia,
2617 2133 2677 2184 in
2711 2145 2826 2196 quo
2855 2131 2952 2184 illa
2978 2131 3123 2197 ipsa,
3147 2131 3220 2183 de
3251 2142 3365 2194 qua

1765 2198 2009 2260 agimus,
2041 2200 2416 2253 Homiliarum
2451 2202 2506 2254 in
2528 2203 2788 2255 Genesim
2813 2201 3220 2266 interpretatio,
3238 2201 3365 2254 Hie-

1767 2281 2006 2333 ronymo
2021 2269 2382 2337 adscribitur,
2407 2285 2636 2325 omnem
2653 2274 2822 2325 ﬁdem
2837 2274 3040 2326 merito
3051 2273 3362 2336 abjudicat,

1767 2340 2124 2406 eandemque
2143 2347 2274 2407 post
2308 2346 2628 2400 Erasmum.
2657 2345 3039 2398 etGilbertum
3054 2345 3365 2396 Genebrar-

1767 2411 1908 2464 dum
1931 2413 2029 2464 uni
2053 2414 2260 2467 Rufino
2271 2415 2465 2467 deberi
2482 2416 2762 2480 agnoscit.
2782 2415 3365 2480 quandoquidemRu—

1768 2482 1921 2536 tinus
1935 2483 1994 2535 in
2012 2484 2248 2550 Prologo
2259 2499 2434 2550 super
2443 2487 2718 2538 Homilias
2743 2488 3000 2539 XXVIII.
3024 2487 3084 2539 in
3104 2491 3362 2548 Numeros,

1767 2553 2024 2606 disertim
2043 2559 2305 2622 testatur,
2331 2570 2393 2610 se
2422 2561 2561 2610 tunc
2589 2570 2792 2612 omnes
2815 2557 3366 2620 OrigenisHomilias

1767 2625 1827 2677 in
1851 2627 2326 2690 Pentateuchum,
2351 2629 2476 2681 sive
2499 2629 2559 2681 in
2583 2629 2742 2693 legem
2763 2630 2938 2693 Moysi
2954 2629 3216 2691 vertisse,
3228 2641 3364 2693 prte-

1768 2701 1856 2750 ter
1878 2699 2118 2763 scriptas
2141 2699 2201 2752 in
2226 2701 2751 2754 Deuteronomlum.
2777 2701 2949 2765 Atqui
2977 2701 3176 2752 latinas
3211 2699 3364 2750 habe-

1768 2783 1889 2818 mus
1926 2770 2190 2820 Homilias
2213 2771 2274 2820 in
2296 2776 2535 2836 quatuor
2553 2773 2762 2836 priores
2787 2773 2951 2822 libros
2984 2771 3362 2829 Pentateuchi;

1767 2839 1897 2904 quis
1923 2856 2047 2904 ergo
2073 2841 2335 2906 Rufinum
2351 2843 2692 2908 interpretem
2715 2845 2860 2894 ausit
2884 2843 3148 2907 inﬁciari,
3181 2843 3368 2907 inquit

1768 2912 2048 2964 Huetius?
2075 2915 2196 2965 Hoc
2217 2918 2560 2978 argumento
2583 2915 2760 2966 utitur
2781 2915 2949 2968 etiam
2977 2913 3365 2968 Chifﬂetiusin

1766 2983 1889 3036 loco
1924 2985 2289 3043 postmodum
2302 2985 2369 3038 ad
2377 2985 2656 3038 ducendo.
2670 2986 2816 3038 Hinc
2827 2987 3030 3038 merito
3043 2986 3360 3038 Genebrar-

1765 3054 1876 3106 dus
1899 3055 2174 3107 Homilias
2196 3055 2256 3107 in
2280 3057 2550 3108 Genesim
2573 3060 2631 3108 et
2655 3069 2800 3120 quas
2835 3057 3098 3122 Origines
3131 3055 3362 3120 scripsit

1764 3125 1824 3178 in
1850 3127 2119 3186 Exodum,
2149 3128 2456 3187 Leviticum,
2477 3128 2762 3191 Numeros,
2786 3128 3220 3190 Josue,Judices,
3244 3127 3357 3179 sub

1763 3197 1954 3258 Ruﬁni
1977 3197 2298 3262 interpretis
2322 3199 2554 3252 nomine
2577 3199 2818 3252 inseruit
2841 3212 2868 3252 δ
2885 3211 3013 3264 pag.
3028 3197 3365 3262 Lusquead

1765 3342 1873 3392 sub
1893 3341 2003 3392 hoc
2023 3341 2190 3393 titulo
2213 3343 2426 3407 publici
2445 3343 2593 3408 juris
2609 3342 2760 3394 fecit:
2791 3343 3036 3405 Origems
3049 3340 3371 3392 Adamantii

1763 3413 1953 3478 magni
1977 3412 2126 3462 illius
2155 3418 2200 3462 et
2242 3414 2429 3464 vetusti
2451 3415 2852 3479 scripturarum
2884 3413 3205 3478 interpretis,
3227 3418 3274 3462 et
3292 3427 3374 3464 se-

1763 3484 1932 3534 cundi
1984 3483 2227 3534 Ecclesia;
2265 3490 2380 3550 post
2420 3485 2699 3550 Apostolos
2731 3486 2984 3549 magistri
3019 3485 3216 3548 Opera,
3251 3499 3370 3548 qua:

1762 3556 1978 3620 quidem
1987 3555 2225 3622 proferri
2236 3561 2528 3622 potuerunt
2543 3557 2752 3618 omnia,
2772 3558 3114 3608 doctissimor
3123 3571 3215 3606 um
3225 3555 3368 3606 viro.

1761 3643 1890 3677 rum
1933 3628 2112 3678 studio
2149 3629 2274 3693 jam
2295 3627 2436 3679 olim'
2457 3629 2723 3679 translata
2741 3635 2788 3678 et
2816 3628 3108 3691 recognita.
3137 3628 3370 3680 Parisiis

1759 3699 1912 3762 apud
1934 3699 2280 3750 Guiltetmum
2305 3699 2610 3751 Chaudiere
2637 3701 2699 3752 Α.
2731 3700 2792 3753 D.
2821 3699 3158 3764 1574.infol.
3184 3701 3367 3752 Hanc.
3467 3728 3472 3734 ’

1772 3776 1972 3836 postea
2003 3771 2308 3822 editionem
2327 3772 2400 3824 ab
2421 3771 2548 3824 aliis
2569 3771 2943 3837 typographis
2964 3783 3231 3824 recusem
3258 3769 3366 3823 ad-

1771 3843 2086 3907 speximus.
2119 3846 2184 3894 In
2212 3844 2518 3908 Appendice
2531 3843 2668 3896 tomi
2685 3844 2752 3893 V.
2774 3844 3020 3907 Operum
3035 3841 3226 3895 Sancti
3251 3844 3370 3894 Au-

1769 3914 1987 3976 gustini
2027 3914 2296 3966 editionis
2326 3928 2498 3968 novae
2535 3916 2732 3967 Sermo
2765 3916 2863 3967 IX.
2899 3915 2970 3967 de
2999 3913 3256 3966 Rebecca
3283 3913 3372 3965 est

1769 3983 2013 4036 Homilia
2065 3985 2137 4038 X.
2183 3984 2432 4050 O-rigenis
2469 3987 2529 4038 in
2558 3985 2828 4038 Genesim
2869 3999 2905 4039 a
2947 3983 3150 4048 Ruﬁno
3192 3982 3370 4036 latine

1769 4068 2048 4108 conversa
2057 4094 2069 4106 .

1826 4130 1893 4180 II.
1931 4128 2268 4181 Rationibus
2282 4127 2486 4180 iisdem
2498 4126 2800 4188 evincitur,
2814 4125 3078 4192 Origenls
3089 4125 3368 4180 Homilias

1768 4199 1913 4252 XIII.
1951 4200 2012 4252 in
2037 4199 2316 4258 Exodum,
2341 4203 2399 4252 et
2421 4199 2550 4250 XVI
2585 4199 2644 4251 in
2659 4199 3268 4262 Leviticum,qusejam
3281 4196 3372 4250 di-

1766 4275 1891 4323 ctas
1921 4271 2177 4336 proxime
2201 4275 2523 4336 sequuntur
2544 4271 2598 4322 in
2626 4271 2875 4324 editione
2899 4269 3129 4335 Gryntei
3153 4271 3308 4323 tomo
3319 4271 3384 4321 IL‘

1779 4355 1907 4408 pag.
1944 4343 2025 4396 58.
2041 4345 2098 4395 et
2129 4343 2250 4398 104.
2287 4343 2476 4396 Rufini
2503 4343 2692 4396 studio
2707 4341 3367 4396 fuisselatinitatedona-

1778 4419 1890 4476 tas;
1917 4427 2050 4468 nam
2075 4419 2129 4468 et
2143 4428 2201 4467 in
2215 4415 2450 4480 Prologo
2470 4415 2844 4468 Ilomiliarum
2863 4414 2924 4466 in
2947 4416 3250 4471 Numeros,
3268 4411 3369 4474 ait,

1776 4497 1838 4538 se
1862 4485 2056 4538 omnia
2097 4486 2456 4548 Origeniana,
2481 4498 2610 4548 quae
2635 4485 3024 4548 inlegescripta
3037 4487 3181 4541 sunt,
3195 4480 3371 4534 latina

1773 4556 2116 4619 reddidisse;
2150 4563 2208 4609 et
2250 4557 2308 4608 in
2334 4555 2690 4621 peroratione
2730 4555 3106 4606 Homiliarum
3131 4553 3186 4604 in
3211 4552 3369 4605 Pauli

1690 4611 1740 4684 Ι)
1770 4628 2080 4689 Epistolam
2103 4611 2176 4680 ad
2201 4611 2488 4680 Romanos
2511 4631 2666 4678 tomo
2685 4628 2750 4678 II.
2772 4639 2901 4692 pag.
2915 4624 3372 4681 634.1uculenter

1761 4700 2028 4762 affirmat,
2051 4713 2114 4751 se
2139 4699 2196 4748 in
2224 4699 2481 4748 Exortum
2508 4699 2677 4750 etiam
2701 4698 2760 4751 id
2784 4698 3124 4763 praestitisse
3135 4702 3192 4750 et
3220 4709 3370 4763 pras-

1763 4771 1944 4834 cipue,
1982 4770 2186 4834 inquit,
2226 4770 2287 4819 in
2336 4770 2422 4820 his
2459 4785 2582 4834 quae
2617 4771 2677 4819 in
2707 4770 2910 4820 librum
2936 4769 3154 4820 Levitici
3178 4768 3245 4820 ab
3269 4768 3362 4819 illo

1761 4841 2039 4907 (Origene)
2073 4841 2292 4906 quidem
2311 4842 2606 4906 perorandi
2629 4841 2748 4892 stilo
2774 4842 2990 4902 dictata,
3015 4857 3051 4891 a
3073 4840 3228 4892 nobis
3249 4855 3370 4892 vero

1763 4913 2100 4978 explanandi
2124 4914 2291 4977 specie
2303 4913 2570 4963 translata
2583 4920 2726 4964 sunt.
2742 4915 2864 4966 Hoc
2876 4913 3031 4966 idem
3048 4925 3150 4978 pro
3163 4913 3371 4965 Ruﬁno

1769 4985 2199 5036 sentitHuetius
2221 4985 2416 5037 inloco
2429 4985 2694 5050 superius
2708 4985 2957 5038 indicabo
2979 4985 3030 5050 §.
3060 4985 3112 5040 2.
3135 4984 3373 5036 Fallitur

1767 5069 1902 5120 ergo
1935 5057 2131 5108 Sixtus
2175 5057 2439 5109 Senensis
2466 5057 2522 5108 in
2549 5057 2692 5110 libro
2723 5059 2814 5110 IV.
2844 5057 3231 5120 Bibliotheca,
3263 5055 3371 5107 has

1766 5128 2263 5194 interpretationes
2291 5129 2642 5191 Hieronymo
2681 5129 2958 5180 tribuens.
2989 5129 3268 5180 Erasmus
3297 5125 3370 5178 de

1770 5201 2136 5252 translatione
2160 5199 2534 5250 Homiliarum
2561 5200 2620 5250 in
2652 5200 2970 5251 Leviticum
2999 5199 3147 5252 hanc
3158 5197 3372 5262 profert

1767 5284 2088 5336 censuram,
2126 5269 2314 5335 paullo
2349 5272 2722 5334 asperiorem:
2764 5272 2984 5321 Fatetur
3014 5269 3297 5333 (Ruﬁnus)
3317 5282 3370 5317 se

1770 5345 1868 5394 has
1900 5343 2167 5394 Homilias
2189 5343 2400 5391 vertisse
2423 5341 2658 5400 liberius,
2687 5341 2785 5392 hoc
2807 5349 2878 5392 est
2900 5342 3074 5392 multa
3097 5356 3216 5405 quae
3239 5339 3369 5388 dicit

1767 5417 2012 5480 defuisse,
2057 5415 2119 5464 de
2158 5429 2255 5463 suo
2277 5413 2582 5463 atleacuisse.
2626 5412 2713 5462 Ea
2747 5415 3012 5462 temeritas
3035 5409 3368 5462 tolerabilior

1766 5487 1852 5547 est,
1892 5501 2064 5552 quum
2105 5484 2436 5534 nominatim
2469 5483 2678 5532 indicat
2721 5484 2856 5548 quid
2891 5482 3183 5542 sustulerit,
3231 5481 3370 5544 quid

1767 5559 2036 5623 adjeccrit,
2063 5555 2515 5622 quemadmodum
2541 5555 2663 5616 fecit
2677 5554 2735 5602 in
2751 5555 2992 5604 Historia
3003 5553 3372 5612 ecclesiastica,

1767 5634 1856 5683 cui
1867 5630 2102 5680 detraxit
2126 5629 2328 5680 librum
2353 5639 2433 5679 Ix.
2457 5633 2502 5675 et
2525 5627 2586 5674 in
2609 5626 2722 5690 ejus
2745 5627 2855 5676 loco
2876 5641 3004 5675 suas
3021 5627 3370 5676 narrationes

1763 5705 1820 5752 in
1827 5703 1996 5767 fulsit.
2017 5703 2082 5751 At
2104 5701 2199 5765 qui
2215 5701 2336 5762 legit
2355 5700 2452 5749 hoc
2465 5712 2598 5763 opus
2610 5734 2624 5757 ,
2653 5703 2696 5747 et
2713 5697 3121 5747 enarrationem
3138 5697 3371 5762 epistolas

1766 5775 1840 5824 ad
1872 5775 2158 5832 Romanos,
2201 5772 2436 5821 incertus
2467 5775 2554 5824 est,
2595 5775 2782 5818 utrum
2806 5768 2942 5832 legat
2976 5770 3370 5832 0rigenem,an

1766 5845 2051 5908 Ruﬁnum.
2087 5845 2202 5894 [lac
2227 5849 2342 5892 arte
2363 5842 2448 5892 vir
2471 5841 2652 5902 glorise
2663 5841 2893 5904 cupidus
2905 5842 3134 5906 putavit,
3155 5857 3208 5891 se
3231 5856 3373 5904 repe-

1766 5918 1897 5967 risse
1915 5917 2081 5977 viam,
2103 5930 2216 5978 qua
2239 5914 2315 5964 vel
2337 5913 2520 5963 invitis
2544 5913 2813 5976 omnibus,
2838 5917 3096 5962 tereretur
3114 5912 3369 5963 manibus

1770 5989 1954 6038 homin
1967 6004 2074 6037 um.
2101 5986 2406 6040 Matthqu
2427 5982 2847 6038 Petitditlierius
2866 5989 3020 6037 tomo
3038 5987 3078 6037 Ι.
3099 5983 3370 6036 Animad-
