3894 6398
490 384 594 445 183

492 500 599 555 lim
622 516 724 569 pro
742 503 1003 570 Origene,
1033 502 1264 555 Venetiis
1285 499 1435 566 apud
1453 499 1721 550 Lazarum
1735 497 2004 571 Soardum
2115 499 2168 571 Α

493 573 560 628 D.
598 575 755 633 1516.
775 577 834 630 in
858 578 1004 630 tolio.
1030 578 1349 628 Occurrunt
1367 572 1579 625 ibidem
1595 573 1725 644 post
1742 570 2017 623 Homilias
2036 570 2092 644 in

498 646 713 700 Lucam
738 650 828 701 fol.
858 651 943 705 87.
970 652 1313 708 exstantque
1334 646 1507 698 etiam
1532 646 1592 697 in
1608 642 1801 696 Codice
1816 644 1920 695 Ms.
1944 642 2094 693 Vati-

493 730 524 770 c
536 731 648 772 ano
660 723 927 775 Urbinate
939 720 1023 777 65.
1042 720 1137 772 fol.
1157 720 1225 775 34
1244 734 1294 781 p.
1317 716 1366 773 2.
1383 717 1650 768 Merlinus
1662 717 1921 778 Origenis
1938 718 2095 774 Opera

499 789 705 844 Latina
717 793 772 844 in
788 797 1031 857 quatuor
1042 797 1231 856 partes
1242 791 1429 842 divisa
1440 790 1693 841 ediderat
1706 788 1937 839 Parisiis
1948 788 2013 836 Α.
2029 786 2091 839 D.

507 860 665 918 1512.
686 868 852 918 tomis
866 867 1092 918 duobus
1108 866 1163 914 in
1184 864 1505 927 folioiquaa
1520 861 1912 927 ej‘itioibidgm
1929 864 2096 920 postea

501 936 704 979 recusa
736 929 842 981 fuit
871 931 937 981 Α.
966 930 1031 980 Ι).
1057 927 1214 983 1519.
1239 925 1407 982 159.9.—
1422 930 1478 979 et
1501 925 1659 982 1530.
1686 925 1790 977 Sed
1816 925 2092 981 Erasmus,

497 996 593 1057 (illi
622 1000 899 1053 Homilies
910 1001 1142 1053 easdem
1157 999 1397 1050 inseruit
1408 1004 1545 1050 tom.
1561 1000 1601 1049 Ι.
1618 1010 1745 1061 pag.
1766 996 1888 1050 440.
1906 991 2097 1044 editio-

495 1066 585 1121 nis
603 1073 821 1137 Grynei
836 1086 1047 1134 anceps
1065 1072 1311 1123 hazretin
1328 1082 1482 1132 saepe
1497 1072 1811 1121 memorata
1830 1074 2092 1119 censura,

493 1156 636 1197 num
652 1146 893 1197 referant
907 1143 1169 1205 Origenis
1184 1142 1473 1203 ingenium
1492 1146 1549 1193 et
1563 1140 1831 1200 phrasim.
1849 1139 2101 1199 proprius‘

503 1228 616 1279 que
637 1217 906 1268 accedere
930 1215 1002 1267 ad
1026 1215 1501 1279 Chrysostomum
1531 1216 1711 1275 putat,
1735 1211 1827 1262 vel
1848 1207 2096 1260 auctoris

499 1285 684 1339 fuisse
708 1288 912 1349 Latini,
956 1290 1058 1338 aut
1100 1288 1360 1344 Ruﬁnum
1390 1286 1781 1347 interpretem,
1808 1296 1956 1329 more
1979 1294 2094 1340 suo,

499 1358 632 1411 illas
664 1360 1103 1410 contaminasse.
1129 1359 1267 1409 Haec
1296 1362 1354 1408 et
1388 1356 1497 1407 alia
1524 1356 1597 1407 ab
1621 1356 1851 1404 Erasmo
1884 1354 2096 1412 superbe

502 1423 559 1471 et
585 1427 929 1487 preepostere
948 1422 1117 1472 dicta.
1145 1422 1393 1471 Huetius
1418 1418 1617 1470 merito
1648 1417 1976 1487 improbans
1996 1413 2093 1487 lib.

504 1494 597 1544 lli.
625 1506 747 1557 cap.
779 1495 845 1544 II.
886 1498 1025 1544 sect.
1059 1493 1148 1543 IlI.
1189 1492 1241 1556 ἓ.
1269 1492 1319 1545 6.
1348 1503 1476 1553 pag.
1516 1489 1640 1543 247.
1666 1489 1871 1539 endem
1887 1486 2095 1536 critica“:

501 1577 626 1617 suae
640 1564 884 1616 nimium
906 1563 1235 1625 permisisse
1251 1562 1576 1623 arbitratur,
1590 1561 1689 1611 ubi
1702 1560 1772 1612 de
1788 1560 2095 1621 interprete

500 1636 724 1688 scribit:
758 1636 863 1686 Nec
888 1636 998 1699 ipse
1028 1635 1124 1699 qui
1148 1634 1430 1697 praefatur,
1458 1634 1753 1695 proﬁtetur,
1780 1647 1831 1679 se
1864 1631 1961 1678 has
1987 1629 2094 1677 Ho-

498 1708 685 1757 milias
706 1706 1021 1770 simpliciter
1031 1706 1258 1765 vertisse,
1276 1710 1334 1753 ut
1354 1704 1688 1753 habebantur
1702 1702 1852 1765 apud
1870 1701 2087 1756 ercos,

498 1794 592 1828 nec
604 1779 715 1828 illic
725 1778 983 1841 exprimit
994 1792 1187 1826 nomen
1200 1776 1450 1825 auctoris.
1466 1774 1573 1826 Sed
1586 1789 1767 1823 verum
1781 1774 1996 1834 quidem
2018 1776 2087 1819 est

500 1850 688 1915 inquit
727 1850 993 1907 Huetius,
1048 1864 1112 1898 ac
1160 1847 1465 1897 meminisse
1513 1846 1760 1895 debuerat
1805 1845 2083 1895 Erasmus.

500 1929 786 1973 auctorum
812 1921 1045 1969 nomina
1073 1935 1297 1984 operum
1333 1918 1509 1967 initiis
1530 1916 1799 1981 praescribi
1833 1916 2088 1972 θώρηκας

500 1994 728 2061 proinde
767 1994 1083 2057 praefantem
1129 1993 1391 2052 Ruﬁnum
1440 2004 1639 2038 necesse
1689 2004 1802 2037 non
1848 1987 2094 2036 habuisse

502 2066 763 2131 proﬁteri,
797 2066 895 2114 has
919 2063 1188 2113 Homilias
1211 2079 1262 2112 se
1301 2077 1369 2111 ea:
1396 2061 1619 2122 Origine
1656 2061 1883 2118 vertisse,
1925 2072 2093 2121 quum

502 2130 562 2187 id
582 2137 768 2186 titulus
787 2138 1058 2185 clamaret.
1078 2136 1216 2186 Haec
1232 2134 1496 2189 Huetius,
1512 2132 1609 2195 qui
1627 2144 1692 2182 eo
1706 2132 1921 2193 [utilius
1933 2130 2095 2177 etiam

502 2208 667 2259 eensel
714 2212 1097 2268 argumentum
1131 2207 1353 2269 petitum
1385 2221 1452 2254 ea:
1489 2205 1850 2259 Peroratione,
1886 2203 1945 2250 in
1988 2216 2097 2263 qua

504 2295 699 2329 nomen
718 2279 955 2328 auctoris
989 2292 1102 2325 non
1134 2277 1405 2337 expressit.
1443 2276 1688 2327 Rufinus
1722 2275 1791 2325 de
1820 2272 2097 2333 Operibus

503 2351 766 2416 Origenis
804 2352 877 2402 ab
907 2362 967 2401 se
993 2349 1276 2401 latinitate
1300 2347 1522 2398 donatis
1550 2348 1771 2407 agebat,
1793 2345 2096 2403 Oriaenem

443 2476 452 2486 ι
500 2424 668 2483 ipsum
680 2422 1097 2476 nominaverat:
1108 2424 1165 2472 et
1176 2420 1550 2471 Homiliarum
1564 2418 1745 2482 ipsius
1758 2418 1815 2468 in
1832 2416 2096 2473 Gcnrsim,

504 2495 779 2551 Exodum,
817 2498 874 2544 et
917 2492 1207 2541 Leviticum
1257 2492 1607 2543 mentionem
1656 2490 1880 2541 fecerat.
1924 2486 2102 2538 Addit

503 2568 729 2629 postea:
764 2564 884 2625 Illa,
909 2578 1030 2624 qua:
1049 2564 1108 2611 in
1138 2564 1263 2612 Jesu
1289 2564 1435 2611 Nave
1464 2569 1506 2609 et
1530 2562 1789 2609 Judicum
1811 2560 2028 2615 librum,
2053 2564 2098 2606 et

501 2636 565 2684 in
592 2635 833 2685 Psalmos
857 2634 1183 2683 tricesimum
1202 2638 1429 2693 sextum,
1455 2633 1775 2681 tricesimum
1792 2632 2095 2693 septimum,

499 2712 544 2756 et
609 2705 940 2754 tricesimum
1004 2709 1282 2764 octavum,
1332 2703 1649 2759 simpliciter
1716 2702 2094 2761 expressimus,

502 2782 550 2827 et
615 2776 945 2826 invenimus.
1015 2775 1161 2826 Hinc
1224 2788 1341 2825 non
1394 2773 1697 2825 difficulter
1750 2774 1875 2824 hiBC
1929 2782 2100 2831 onera

505 2847 740 2909 perinde
771 2860 838 2899 ac
861 2846 1117 2912 proxime
1139 2845 1384 2901 laudata.
1410 2845 1482 2896 ad
1507 2845 1806 2901 Origenem
1822 2844 2099 2905 pertinere

502 2919 893 2983 intelligimus,
910 2918 1077 2978 cujus
1099 2931 1311 2970 nomen
1329 2916 1571 2978 singulis
1585 2917 1868 2980 adponere
1900 2927 2098 2972 super-

506 3002 822 3042 vacaneum
858 3002 998 3041 sane
1027 2992 1084 3040 et
1114 2988 1424 3040 molestum
1464 2987 1682 3038 fuisset.
1716 2986 1875 3048 Quod
1903 2986 1948 3035 si
1974 2984 2099 3034 hzec

507 3060 833 3126 Origeniani
857 3060 1109 3113 nominis
1133 3059 1784 3124 prtetermissiodubium
1810 3063 2101 3109 auctorem

510 3133 604 3185 hic
637 3133 787 3191 facit,
811 3146 915 3185 cur
952 3133 1230 3185 Erasmus.
1259 3132 1357 3195 qui
1380 3132 1451 3184 de
1474 3137 1706 3183 auctore
1728 3130 2101 3181 llomiliarum

509 3205 569 3256 in
586 3204 828 3256 Psalmos
853 3203 1157 3264 dubitavit,
1183 3202 1255 3254 de
1270 3204 1497 3255 auctore
1514 3215 1741 3266 quoque
1772 3203 2101 3250 Homiliarum

506 3276 564 3328 in
584 3276 791 3326 librum
830 3275 1086 3324 Judicum
1124 3260 1455 3338 neutiquam
1488 3260 1807 3326 dubitavit?
1833 3274 1936 3324 Par
1966 3284 2104 3323 sane
2129 3260 2177 3336 C

507 3352 630 3400 erat
688 3346 995 3408 utrobique
1054 3345 1353 3397 dubitandi
1405 3347 1568 3406 ratio,
1608 3345 1914 3406 utrobique
1955 3346 2104 3393 enim

505 3417 764 3481 Origenis
780 3429 993 3470 nomen
1016 3417 1309 3469 omittitur.
1332 3420 1418 3469 Ita
1442 3418 1612 3468 ferme
1635 3416 1794 3466 Hueti
1802 3431 1877 3473 us,
1890 3420 1947 3467 et
1973 3420 2104 3467 ante

504 3501 640 3540 eum
678 3487 1051 3537 Genebrardus
1087 3488 1144 3539 in
1174 3486 1545 3540 Collectaneis
1586 3488 1658 3539 de
1688 3488 1819 3537 Vita
1843 3486 2102 3544 Origenis

505 3572 627 3623 cap.
654 3560 721 3611 V.
749 3572 882 3623 quae
906 3573 1027 3611 suae
1052 3572 1283 3619 onerum
1308 3562 1430 3611 eius
1448 3560 1666 3611 Latinae
1696 3558 1929 3610 editioni
1958 3570 2103 3620 prse-

504 3629 712 3695 posuit,
763 3629 917 3681 unde
961 3631 1073 3681 huc
1110 3630 1391 3681 nonnulla
1422 3630 1478 3681 in
1513 3643 1634 3682 rem
1665 3632 1926 3681 nostram
1966 3634 2103 3680 sunt

503 3700 911 3754 transferenda.
967 3702 1243 3765 Loquitur
1287 3702 1686 3754 Genebrardus
1727 3702 1797 3753 de
1841 3702 2101 3752 censuris

505 3772 752 3825 Erasmi:
793 3775 853 3822 In
886 3772 973 3831 iis,
1011 3774 1108 3835 ait,
1148 3773 1227 3821 ita
1268 3788 1365 3823 suo
1407 3774 1680 3823 stomacho
1710 3772 1934 3821 indulsit
1957 3788 2102 3821 more

506 3850 564 3893 ut
617 3844 677 3892 in
722 3860 796 3907 eo,
845 3845 1003 3894 modo
1052 3845 1318 3909 majorem
1363 3846 1903 3896 animadversionmn,
1945 3845 2101 3892 modo

506 3915 723 3978 ﬁrmius
737 3916 1017 3965 Judicium
1036 3917 1225 3966 merito
1239 3917 1407 3981 possis
1422 3919 1708 3979 requirere.
1734 3916 1886 3966 Verbi
1900 3916 2097 3976 gratia,

502 3990 668 4038 censet
706 3986 973 4035 Ilomilias
1017 3988 1078 4036 in
1110 3986 1252 4038 Psal.
1289 3989 1525 4039 XXXVI.
1554 4003 1669 4037 non
1703 4003 1806 4036 esse
1837 3986 2095 4047 Origenis.

506 4058 651 4117 Quin
673 4063 722 4108 ct
758 4057 849 4106 ubi
872 4065 1198 4119 annotassct,
1224 4075 1407 4122 sapere
1435 4061 1685 4120 phrasim
1714 4058 2099 4120 Chrysostomi,

508 4143 637 4177 mox
676 4127 912 4191 subjicit,
945 4145 997 4178 se
1037 4131 1307 4194 suspicari
1354 4146 1495 4191 eum,
1535 4132 1632 4195 qui
1670 4130 1901 4190 scripsit,
1935 4128 2100 4187 fuisse

504 4198 780 4247 Latinum.
834 4199 910 4247 Tu
946 4200 1069 4258 haec,
1104 4201 1152 4249 si
1175 4207 1331 4261 potes,
1358 4202 1499 4251 inter
1522 4217 1572 4250 se
1595 4200 1894 4258 conciliato,
1930 4215 2099 4263 Quum

508 4269 871 4333 Chrysoslomi
895 4270 1086 4319 locutio
1130 4272 1196 4319 sit
1233 4272 1581 4324 Grzerissima.
1630 4272 1831 4321 Deinde
1850 4287 1951 4319 esse
1977 4272 2102 4320 Ori-

501 4341 650 4403 genis
677 4346 922 4403 apparet,
963 4342 1096 4405 quia
1121 4343 1359 4391 Homilia
1389 4344 1451 4392 11.
1489 4344 1552 4393 de
1570 4359 1715 4391 more.
1740 4344 2013 4391 inm-hitur
2038 4344 2097 4391 in

511 4412 930 4473 Valentinianos,
949 4420 994 4462 et
1018 4414 1261 4463 llomilia
1287 4415 1379 4465 111.
1405 4414 1575 4464 locum
1601 4415 1764 4465 Pauli
1786 4416 1823 4463 Ι.
1853 4414 2091 4463 Corinth.

504 4484 594 4534 IV.
625 4484 815 4533 iisdem
832 4484 997 4535 verbis
1010 4486 1202 4548 adfert,
1231 4486 1426 4547 quibus
1461 4487 1641 4536 Exodi
1666 4486 1907 4535 Ilomilia
1946 4487 2025 4536 Vl.
2052 4492 2096 4534 et

503 4555 671 4605 Num.
706 4553 801 4604 IV.
827 4570 925 4618 pro
955 4558 1337 4606 consuetudine
1362 4558 1672 4618 perstringit
1695 4573 1795 4615 eos,
1819 4558 1914 4619 qui
1940 4558 2098 4605 hare-

502 4623 629 4674 bant
661 4624 720 4673 in
750 4624 923 4683 litera,
942 4627 1168 4689 neglecto
1181 4628 1458 4691 spirituali
1487 4644 1663 4691 sensu,
1688 4644 1913 4685 eumque
1938 4643 2101 4676 neces-

506 4695 653 4743 sario
700 4696 1040 4745 statuendum
1076 4683 1262 4758 probat
1306 4715 1331 4748 c
1366 4714 1520 4748 versu
1542 4712 1561 4750 '.
1582 4683 1691 4748 non
1741 4683 1853 4748 vitii
1887 4700 2099 4760 justum
2121 4683 2177 4756 D

508 4765 817 4814 derelictum
828 4771 918 4816 etc.
931 4768 1061 4815 adeo
1075 4774 1133 4815 ut
1144 4769 1217 4817 ad
1228 4771 1549 4818 servandam
1561 4770 1781 4820 vericuli
1793 4771 2098 4819 literarium

506 4837 798 4899 veritatem,
822 4842 960 4899 patet
976 4838 1210 4886 locutum
1234 4839 1296 4887 de
1320 4840 1651 4889 derelictione
1681 4857 1716 4889 a
1752 4843 1905 4889 rebus
1932 4841 2099 4900 spiri-

466 4903 760 4968 ‘tualibus,
797 4923 910 4956 non
946 4908 1331 4971 corporalibus.
1371 4912 1439 4959 Et
1464 4912 1705 4961 Humilia
1735 4914 1823 4963 III.
1851 4913 2099 4961 nominat

516 4977 878 5039 Valentinum,
896 4979 1244 5040 Marcionem,
1269 4986 1313 5029 et
1338 4982 1648 5041 Basilidem,
1674 4989 1859 5032 contra
1883 4998 2014 5043 quos
2038 4983 2099 5031 in

506 5049 684 5099 ceteris
707 5048 858 5099 libris
869 5055 1120 5114 perpetuo
1141 5053 1249 5113 fere
1280 5052 1529 5105 luctatur.
1546 5056 1655 5104 Dcn
1666 5056 1787 5118 ique
1807 5054 2024 5116 phrasis
2056 5059 2101 5102 et

503 5121 761 5171 sententia
782 5126 826 5170 et
856 5135 969 5169 mos
995 5120 1359 5182 Origenianus
1391 5124 1591 5183 docent,
1633 5126 1916 5174 temeraria
1938 5124 2102 5183 fuisse

508 5191 727 5241 Erasmi
746 5191 991 5255 judicia;
1013 5193 1156 5256 quod
1178 5209 1530 5245 commemoro
1553 5202 1768 5260 propter
1800 5195 2101 5259 prurientes

508 5264 737 5313 istorum
778 5263 1061 5312 hominum
1090 5281 1267 5323 aures,
1296 5267 1393 5330 qui
1430 5269 1680 5330 protinus
1722 5267 2100 5315 destruendum

507 5335 851 5385 arbitrantur
875 5336 1019 5398 quod
1040 5336 1107 5385 ab
1130 5337 1316 5400 aliquo
1345 5354 1621 5387 corrosum
1644 5344 1939 5387 etmorsum
1959 5337 2105 5385 intel-

509 5406 769 5457 lexerunt.
789 5408 929 5458 Haec
944 5408 1341 5459 Genebrardus
1357 5448 1368 5459 .
1386 5409 1735 5470 Quareinani
1752 5408 1942 5459 studio
1962 5409 2104 5469 Mag-

508 5476 917 5542 deburgenses,
946 5479 1225 5529 Robertus
1243 5481 1444 5539 Cocus,
1463 5483 1520 5531 et
1534 5479 1869 5530 Guillelmus
1884 5478 2105 5528 Perkin-

511 5548 631 5599 sius
643 5548 873 5599 easdem
892 5549 1167 5600 Ilomilias
1180 5563 1251 5600 ex
1264 5550 1646 5613 genuinorum
1659 5565 1809 5609 ουρῐύ
1819 5564 1862 5595 rn
1877 5551 2105 5607 Origeuis

511 5617 637 5669 albo
661 5632 1006 5682 expungere,
1036 5634 1153 5671 non
1177 5626 1460 5672 verentur.
1486 5620 1715 5671 Illarum
1751 5623 2105 5679 interpretatio-

514 5704 645 5741 nem
662 5692 820 5753 Ruﬁn
832 5708 909 5751 us,
930 5694 1253 5755 Aproniano
1262 5692 1377 5753 ﬁlio
1390 5693 1667 5742 carissimo
1680 5692 2103 5757 gratiﬁcaturus

514 5773 575 5813 se
610 5763 935 5825 suscepisse
964 5767 1210 5814 testatur
1226 5762 1284 5813 in
1302 5765 1553 5828 prologo,
1572 5778 1763 5827 quem.
1781 5764 1915 5827 quia
1939 5766 2103 5812 brevis

510 5838 615 5893 est,
644 5833 759 5884 huc
787 5833 1130 5885 transferam
1164 5846 1237 5883 ex
1272 5836 1423 5885 tumo
1458 5835 1524 5886 Il.
1561 5835 1823 5899 Origenis
1856 5836 2104 5898 Operum

513 5917 637 5969 pag.
663 5904 783 5959 439.
810 5904 1082 5957 editionis
1105 5905 1333 5968 Grynaei
1358 5906 1654 5964 :Quoniam
1673 5906 1925 5956 (νὶσοδίιηὶ
1948 5906 2103 5967 θωπί,

1797 382 2041 439 RUFINI
2073 380 2509 435 PRESBYTERI

2173 493 2486 545 ettricesimi
2504 490 2793 557 septimi,et
2828 490 3080 540 tricesimi
3099 492 3268 542 octavi
3299 491 3504 556 psalmi
3533 489 3795 553 expositio

3694 372 3791 431 18$

2196 575 2301 617 tota
2326 566 2549 617 moralis
2576 570 2663 619 est,
2692 564 2941 612 instituta
2977 564 3223 626 quaedam
3258 566 3376 615 vita:
3409 561 3797 613 emendatioris

2192 640 2482 691 ostendens,
2509 642 2553 686 et
2574 651 2721 684 nunc
2757 637 3138 693 conversionis,
3169 652 3231 686 ac
3268 636 3619 701 paenitentiae,
3658 647 3797 680 nunc

2192 710 2533 775 purgationis
2553 715 2596 756 et
2627 709 2963 770 profectuum
2993 708 3243 756 semitam
3264 709 3427 766 docet,
3470 706 3683 755 idcirco
3712 706 3797 750 titn

2195 799 2331 842 eam,
2347 784 2385 829 Α
2398 797 2529 837 pron
2540 782 2679 833 iane,
2692 780 2773 840 ﬁli
2786 779 3117 837 charissime,
3134 780 3188 827 in
3204 796 3391 828 novem
3405 775 3797 828 Oratiunculas

2195 868 2331 918 quas
2378 853 2545 902 Graeci
2596 851 2864 900 Homilias
2909 857 3116 909 vocant,
3154 852 3293 899 velut
3326 852 3385 899 in
3430 865 3544 899 uno
3576 862 3797 909 corpore

2196 926 2472 987 digestam,
2494 924 2549 971 in
2572 924 2727 971 Latin
2738 938 2827 969 um
2847 922 3118 980 transtuli,
3138 923 3351 971 utintra
3370 936 3547 970 unum
3562 920 3793 968 codicem

2196 997 2463 1046 collectam
2491 994 2701 1043 haberet
2717 995 3024 1053 dictionem,
3044 1010 3159 1055 quae
3174 994 3247 1041 ad
3262 993 3705 1042 emendationem
3720 988 3796 1037 vel

2195 1067 2571 1131 profectionem
2596 1081 2811 1113 morum
2839 1071 2941 1113 tota
2961 1066 3253 1126 respiceret.
3276 1065 3385 1112 lloc
3407 1079 3540 1112 sane
3555 1060 3796 1121 beneﬁcii

2194 1139 2462 1202 praestabit
2494 1138 2599 1186 haec
2626 1136 2789 1195 lectio,
2824 1136 2967 1198 quod
2989 1136 3183 1198 absque
3208 1135 3384 1185 labore
3401 1134 3617 1184 lectoris
3639 1132 3796 1180 intel-

2196 1208 2416 1272 ligentia
2440 1211 2553 1271 ejus
2595 1210 2655 1257 in
2689 1208 2973 1271 propatulo
3004 1207 3279 1266 habeatur,
3320 1223 3426 1270 quo
3454 1207 3654 1255 scilicet
3682 1205 3798 1252 vita:

2194 1282 2531 1346 simplicitas,
2548 1295 2701 1328 sensu
2721 1280 2913 1331 lucido.
2933 1294 2994 1326 ac
3010 1279 3240 1341 simplici
3252 1293 3494 1327 sermone
3511 1279 3795 1325 doceatur:

2196 1370 2262 1402 ea:
2281 1368 2386 1416 quo
2413 1352 2699 1416 prophetia
2719 1351 2992 1414 pervenire
3016 1366 3123 1398 non
3149 1350 3321 1399 solum
3338 1350 3411 1398 ad
3427 1351 3591 1409 viros,
3610 1360 3799 1395 verum

2195 1427 2356 1475 etiam
2371 1425 2443 1473 ad
2463 1425 2738 1484 religiosas
2755 1423 2985 1483 feminas
3001 1422 3179 1484 possit,
3204 1428 3248 1470 et
3275 1422 3510 1470 excolere
3529 1420 3798 1480 simplices

2195 1504 2420 1546 mentes:
2452 1512 2517 1544 ne
2541 1496 2675 1557 forte
2714 1495 2962 1554 religiosa
2999 1494 3114 1554 ﬁlia
3142 1509 3279 1552 mea,
3303 1508 3461 1541 soror
3490 1493 3551 1540 in
3580 1492 3798 1541 Christo

2196 1575 2305 1633 tua,
2343 1569 2561 1628 ingrata
2595 1567 2661 1615 sit
2685 1567 2829 1627 operi
2854 1572 3051 1616 nostro.
3081 1566 3127 1613 si
3154 1565 3209 1612 id
3232 1580 3439 1625 semper
3461 1562 3797 1612 laboriosum

2196 1640 2478 1689 intellectui
2498 1654 2595 1686 suo
2618 1653 2715 1699 pro
2740 1638 3022 1700 asperitate
3034 1637 3225 1684 sentiat
3247 1638 3607 1698 quaestionum
3630 1635 3797 1695 ;quia

2190 1728 2283 1762 nec
2293 1726 2484 1771 corpus
2498 1712 2703 1758 human
2718 1725 2883 1756 unum
2894 1709 3016 1757 solis
3032 1709 3278 1767 potuisset
3290 1708 3471 1755 nervis
3487 1706 3798 1767 ossibusque

2188 1790 2443 1837 constare,
2464 1782 2571 1829 nisi
2586 1782 2657 1827 eis
2671 1782 2857 1827 divina
2877 1779 3210 1841 providentia
3228 1779 3303 1827 vel
3320 1778 3597 1826 mollitiem
3613 1793 3745 1824 eam
3758 1778 3797 1823 is

2191 1855 2522 1907 intexuisset,
2556 1852 2630 1900 vel
2652 1852 3019 1899 blandimenta
3048 1851 3411 1911 pinguedinis.
3442 1848 3717 1908 Huetius,
3745 1850 3797 1896 et

2192 1940 2263 1978 ex
2281 1939 2346 1977 eo
2367 1924 2581 1975 Natalis
2603 1922 2923 1973 Alexander
2947 1922 3159 1973 saeculo
3186 1923 3276 1971 Ill.
3307 1934 3427 1983 cap.
3452 1922 3547 1970 IV.
3579 1922 3704 1969 Art.
3730 1920 3795 1968 Il.

2194 1998 2473 2059 Ruﬁnum,
2488 1995 2724 2057 exploso
2743 1996 2963 2046 Riveto.
2984 1994 3351 2055 interpretem
3369 1992 3589 2042 faciunt
3608 1991 3782 2041 Hemi

2192 2070 2284 2121 lia:
2310 2070 2495 2119 unicae
2513 2068 2571 2118 in
2600 2068 2825 2116 Librum
2852 2068 2891 2116 Ι.
2917 2068 3153 2125 Regum.
3173 2065 3340 2125 cujus
3364 2064 3541 2114 etiam
3560 2067 3649 2113 est
3675 2076 3798 2111 ver-

2196 2141 2279 2191 sio
2305 2138 2679 2196 expositionis
2698 2138 2755 2187 in
2771 2137 2999 2187 Cantica
3012 2137 3391 2189 Canticorum.
3411 2139 3565 2185 teste
3580 2134 3799 2183 Cassio-

2194 2212 2331 2262 doro
2344 2210 2667 2261 divinarum
2686 2208 2993 2259 lectionum
3018 2221 3123 2269 cap
3157 2208 3220 2255 V.
3238 2206 3334 2256 ubi
3350 2206 3471 2256 haec
3490 2205 3797 2266 leguntur:

2194 2283 2254 2331 In
2280 2283 2501 2332 Cantica
2522 2282 2887 2337 Canticorum,
2907 2279 3116 2327 duabus
3134 2278 3387 2326 Ilomiliis
3403 2276 3797 2339 expositionem

2199 2354 2443 2414 Origenis
2492 2354 2634 2399 idem
2679 2354 2908 2400 Sanctus
2947 2351 3336 2412 Hieronymus,
3377 2348 3563 2396 latina:
3599 2348 3801 2406 lingua:

2194 2425 2580 2488 multiplicatur
2603 2425 2859 2484 egregius,
2883 2438 2982 2469 sua
3009 2422 3179 2478 nobis,
3207 2428 3263 2469 ut
3292 2420 3588 2479 consuevit,
3612 2419 3802 2479 proin-

2196 2497 2289 2545 ὁὶιί
2315 2496 2665 2544 translatione
2696 2494 2966 2557 prospexit
2988 2509 3001 2549 ;
3024 2509 3158 2555 quas
3182 2493 3305 2539 item
3344 2491 3602 2552 Ruﬁnus,
3634 2490 3804 2537 inter-

2193 2584 2313 2632 pres
2336 2568 2816 2629 eloquentissimus,
2844 2565 3059 2627 adjectis
3088 2563 3413 2627 quibusdam
3454 2562 3603 2620 locis,
3640 2578 3803 2622 usque

2196 2640 2268 2688 ad
2304 2639 2439 2687 illud
2479 2644 2817 2701 przrceptum,
2858 2636 3003 2699 quod
3047 2636 3159 2686 ait:
3202 2635 3386 2696 Capite
3423 2633 3577 2681 nobis
3624 2634 3805 2694 vule

2196 2710 2439 2772 pusillas,
2484 2710 2903 2758 exterminantes
2950 2708 3152 2765 vineas,
3209 2705 3378 2754 tribus
3422 2705 3576 2753 libris
3616 2703 3801 2752 latinis

2196 2783 2502 2845 explicavit.
2544 2784 2605 2831 In
2644 2781 2890 2830 editione
2935 2779 3154 2838 Gryna’i
3198 2783 3335 2828 tom.
3367 2778 3407 2828 Ι.
3452 2775 3805 2827 inchoantur

2198 2866 2323 2916 pag.
2345 2852 2466 2906 336.
2483 2857 2538 2901 et
2554 2851 2823 2902 desinunt
2851 2864 2960 2913 pag
2993 2850 3114 2903 492.
3134 2850 3345 2911 quibus
3363 2853 3559 2898 tamen
3585 2848 3803 2897 desunt

2198 2924 2413 2987 prologi
2434 2922 2710 2974 consueti.
2733 2923 2852 2982 Ruﬁ
2862 2939 2891 2968 η
2905 2938 2961 2968 us
2975 2935 3121 2985 opus
3138 2921 3428 2971 continuae
3441 2917 3688 2982 explana
3699 2918 3801 2968 tio-

2201 2996 2311 3053 nis,
2343 3000 2401 3045 et
2423 2995 2798 3055 decem.quos
2822 2997 3045 3051 vocant,
3064 2999 3327 3041 lomorum
3344 2997 3539 3053 ρεπιιιρε,
3588 2990 3651 3040 in
3690 2990 3808 3039 llo-

2203 3066 2389 3115 milias
2415 3068 2497 3115 IV.
2524 3064 2833 3121 distribuit,
2850 3064 2921 3114 de
2946 3064 3157 3125 quibus
3173 3062 3425 3124 loquitur
3445 3060 3623 3111 etiam
3653 3062 3811 3111 Pear-

2204 3136 2404 3187 sonius
2428 3136 2488 3186 in
2510 3136 2787 3186 Vindiciis
2814 3134 3126 3197 lunatianis
3142 3136 3283 3196 part.
3319 3134 3357 3182 Ι.
3393 3145 3515 3195 cap.
3546 3133 3649 3181 IX.
3679 3145 3808 3195 pag.

2204 3207 2324 3261 111.
2348 3209 2558 3257 Verum
2585 3207 2845 3255 Erasmus
2876 3206 3120 3268 hujusce
3145 3202 3555 3255 lucubrationis
3588 3215 3812 3266 nequa-

2205 3292 2377 3341 quam
2390 3280 2458 3329 ad
2468 3284 2749 3340 sequutus
2765 3284 3073 3337 auctorem,
3087 3279 3141 3327 et
3157 3289 3223 3326 eo
3247 3276 3441 3326 minus
3462 3276 3811 3334 interpretem,

2204 3356 2514 3413 utrumque
2537 3352 2595 3400 in
2626 3362 2807 3400 unum
2832 3350 3061 3409 conﬁat,
3081 3352 3356 3410 putatque
3370 3346 3653 3394 hominem
3670 3347 3814 3395 Lati-

2202 3438 2357 3481 num,
2396 3428 2439 3470 et
2464 3422 2687 3486 pulchre
2711 3422 2924 3470 doctum
2963 3436 3024 3469 ac
3058 3421 3181 3468 bene
3205 3419 3482 3475 disertum,
3508 3430 3630 3468 non
3658 3422 3811 3469 certe

2202 3495 2459 3544 Graecum.
2481 3494 2753 3551 Quoniam
2768 3498 2945 3541 autem
2961 3493 3006 3540 is
3021 3492 3081 3539 ob
3102 3490 3411 3539 modestiam
3430 3504 3591 3537 suum
3611 3504 3805 3537 nomen

2198 3580 2469 3629 apponere
2486 3564 2680 3625 noluit,
2698 3564 2912 3612 librarii
2930 3566 3277 3627 pra/irrrunt
3291 3576 3481 3609 nomen
3504 3560 3807 3609 Ambrosii.

2201 3639 2285 3687 Ita
2319 3638 2597 3695 Erasmus,
2625 3636 2716 3687 cui
2741 3635 3015 3686 continuo
3054 3634 3428 3685 adhaeserunt
3464 3632 3810 3693 Magdebur—

2201 3721 2411 3770 genses
2449 3709 2605 3759 Cent.
2642 3709 2733 3758 III.
2770 3720 2891 3770 cap.
2941 3708 3010 3757 X.
3050 3706 3366 3757 Guilelmus
3392 3703 3728 3754 Perkinsius
3752 3703 3807 3753 in

2201 3792 2305 3829 suo
2338 3778 2710 3833 Problemate.
2740 3777 2949 3839 aliique
2972 3790 3107 3827 mox
3142 3773 3493 3827 nominandi.
3544 3774 3801 3824 Tantum

2200 3849 2352 3900 valet
2374 3856 2763 3913 praeconcepla
2778 3848 2967 3912 oplnio
2979 3853 3180 3899 contra
3193 3847 3357 3909 Rufin
3366 3860 3478 3906 um,
3492 3849 3559 3895 ut
3570 3847 3808 3892 Erasmus

2199 3920 2459 3984 ignorato
2483 3921 2687 3972 harum
2712 3919 3422 3981 Homiliaruminterprete,
3438 3928 3585 3979 opus
3612 3916 3807 3979 ipsum

2199 4005 2451 4055 eousque
2467 3992 2727 4049 laudarit,
2748 4005 2813 4042 ac
2828 3991 2874 4041 si
2887 4003 3000 4041 non
3016 4003 3091 4050 aq
3102 4001 3350 4052 uoquam
3371 3988 3548 4038 latine
3560 3999 3803 4037 versum

2199 4063 2297 4114 sed
2322 4065 2393 4113 ab
2418 4064 2593 4115 latino
2617 4063 2847 4113 homine
2866 4062 3082 4121 integre
3101 4060 3490 4124 compositum
3502 4058 3807 4109 existima-

2198 4136 2302 4185 ret.
2329 4133 2435 4184 Sed
2460 4147 2590 4184 esse
2612 4134 2881 4196 Origenis,
2907 4138 2964 4183 et
2985 4134 3057 4183 ab
3082 4130 3472 4194 Rufinolatine
3494 4128 3804 4187 redditum,

2199 4217 2270 4255 ex
2311 4204 2645 4255 Cassiodoro
2686 4204 3201 4266 locupletissimum
3234 4200 3628 4253 testimonium
3680 4212 3807 4261 pro-

2198 4275 2487 4325 duximus.
2525 4277 2755 4337 Ru/inus
2787 4278 2980 4325 tamen
3013 4274 3084 4325 de
3109 4286 3214 4323 suo
3248 4270 3523 4323 nonnulla
3554 4270 3805 4325 addidit,

2198 4346 2350 4397 unde
2374 4347 2626 4398 Rivetus.
2643 4347 2926 4399 Hobertus
2952 4347 3153 4407 Cocus,
3177 4347 3235 4395 et
3258 4342 3313 4393 id
3340 4354 3525 4405 genus
3548 4340 3806 4403 pseudo-

2196 4418 2371 4468 critici
2394 4418 2739 4469 Heterodoxi
2762 4430 2965 4468 ansam
2997 4414 3517 4479 arripuerunthanc
3541 4413 3809 4475 explana-

2198 4489 2409 4540 tionem
2442 4489 2668 4553 Oriueni
2707 4487 3093 4551 abjudicandi,
3129 4497 3417 4549 perperam
3449 4482 3673 4553 auctori
3708 4482 3805 4533 tri-

2198 4560 2443 4612 buentes
2469 4561 2624 4622 quod
2648 4565 2737 4611 est
2760 4559 3101 4622 interpretis.
3135 4556 3433 4608 Formulas
3466 4552 3801 4619 pepulures.

2200 4636 2257 4684 et
2293 4647 2463 4685 voces
2489 4633 2689 4694 Ruﬁno
2715 4632 3143 4685 usitatissimas.
3170 4629 3303 4680 inde
3327 4627 3555 4690 collegit
3568 4626 3801 4674 [laetius

2201 4703 2296 4755 lib.
2332 4706 2425 4754 III.
2466 4718 2588 4767 cap.
2622 4706 2689 4754 ll.
2728 4708 2867 4754 sect.
2906 4704 2995 4753 lll.
3031 4702 3079 4763 ξ.
3118 4700 3164 4753 7.
3205 4714 3331 4764 pag.
3366 4697 3490 4752 249.
3533 4699 3801 4747 Ceterum

2199 4775 2419 4837 Prologi
2464 4775 2664 4837 Ruﬁno
2694 4774 2893 4824 eadem
2918 4774 2990 4824 ob
3003 4785 3293 4834 caussam,
3316 4772 3389 4822 ob
3410 4782 3585 4833 quam
3607 4768 3799 4827 ceteri,

2199 4844 2623 4903 interciderunt,
2645 4844 2901 4895 velutille
2914 4844 2971 4894 in
2984 4844 3269 4903 Numeros,
3293 4842 3511 4905 pridem
3523 4844 3803 4903 repertus,

2200 4929 2371 4979 quem
2396 4916 2611 4968 Latinae
2636 4916 2911 4966 editiones
2945 4926 3242 4976 nunquam
3267 4917 3399 4964 ante
3426 4917 3805 4975 repraesenta-

2204 4993 2420 5039 verant.
2446 4989 2585 5038 Rem
2612 4987 2799 5037 firmat
2823 4988 2995 5036 etiam
3016 4988 3183 5035 vetus
3206 4983 3385 5035 codex
3403 4982 3551 5031 Petri
3568 4980 3801 5041 Pithoci,

2202 5059 2283 5109 sic
2312 5058 2647 5121 inscriptus:
2686 5058 2879 5119 Incipit
2915 5058 3187 5104 'I'ractatus
3222 5055 3465 5117 Origenis
3486 5053 3546 5100 in
3574 5052 3803 5101 Cantica

2205 5130 2570 5188 Canticorum,
2613 5145 2646 5177 a
2690 5130 2885 5189 Ruﬁno
2913 5126 3205 5175 trtmslutus
3234 5127 3291 5174 in
3332 5126 3583 5173 latinum.
3615 5124 3800 5183 Quare

2199 5200 2494 5253 Johannes
2539 5195 2884 5251 Marlianeus
2927 5197 3135 5248 librum
3177 5198 3249 5247 ab
3289 5209 3349 5247 se
3396 5194 3586 5245 minus
3642 5199 3796 5244 recte

2200 5271 2399 5320 incerto
2441 5272 2721 5334 interpreti
2763 5269 3135 5331 adscriptum,
3181 5266 3425 5327 conjecit
3464 5265 3526 5315 in
3560 5268 3697 5315 tom.
3730 5265 3794 5315 V.

2202 5344 2445 5404 Operum
2462 5342 2648 5391 Sancti
2666 5340 3132 5402 llivronymipag.
3150 5338 3420 5391 (303.11ch
3433 5348 3617 5399 quum
3640 5336 3723 5386 ita
3735 5348 3796 5385 se

2201 5414 2468 5469 habeant,
2482 5412 2551 5462 de
2563 5426 2613 5461 n1
2625 5412 2735 5461 hilo
2750 5416 2854 5467 est,
2870 5413 3022 5473 quod
3036 5412 3095 5459 in
3108 5410 3493 5471 quibusquam
3512 5410 3792 5463 codicibus,

2202 5485 2445 5546 Iiierony
2458 5496 2547 5534 mo
2559 5488 2617 5533 et
2630 5487 2731 5532 Am
2744 5488 2753 5529 ι
2765 5482 2928 5533 ιΓυδὶΟ
2942 5482 3065 5533 haec
3078 5479 3397 5531 lucubratio
3419 5478 3713 5541 tribuitur,
3730 5481 3791 5528 ut

2202 5557 2376 5621 probe
2401 5559 2593 5605 monet
2617 5555 2862 5603 lluctiuS.

2269 5628 2357 5683 Vl,
2392 5627 2703 5687 [lucusque
2736 5636 3057 5675 seunonem
3086 5622 3324 5673 fecimus
3338 5621 3407 5672 de
3429 5621 3659 5683 scriptis
3681 5620 3801 5671 Ori-

2203 5698 2464 5761 genianis
2492 5697 2547 5746 in
2584 5698 2762 5747 Vetus
2799 5698 3251 5752 'l‘estamentum,
3296 5705 3429 5756 quae
3462 5694 3701 5754 Ruﬁnus
3732 5705 3800 5743 ex

2204 5773 2430 5836 prie-nte
2464 5768 2519 5817 in
2546 5767 2759 5836 ltiliam
2794 5768 2975 5836 redux
3008 5765 3798 5836 tulitetprecibusamicorum,

2205 5832 2627 5882 latiodonavit.
2654 5833 2817 5880 Nunc
2840 5832 2908 5880 de
2930 5828 3283 5891 Origeuianis
3304 5828 3800 5878 lucubrationibus

2205 5902 2605 5955 disserendum
2632 5906 2911 5965 superest,
2937 5901 2994 5952 in
3020 5913 3173 5952 novo
3199 5902 3571 5951 Testamento
3607 5900 3801 5963 expla-
