3894 6400
85 381 200 440 185

1367 385 1560 439 VITA.
1599 381 1732 433 LIB.
1768 380 1836 432 II.
1874 373 2161 432 CAP.VII.

3295 378 3398 435 186

83 500 299 554 nando
315 503 704 566 versantibus,
722 518 868 568 quas
886 505 1115 567 Ruﬁnus
1132 505 1338 571 pariter
1353 505 1561 558 latinas
1575 501 1702 555 fecit
1721 501 1776 574 Α
1804 499 2070 574 suscipiet.
2113 497 2463 560 Sat-is/‘aciam
2503 511 2633 545 sane
2661 497 2730 574 in
2763 512 2828 574 eo
2861 497 3055 574 amicis
3078 497 3224 548 meis.
3251 499 3399 574 Dabo

81 585 434 637 quanquam
457 575 517 626 in
536 576 787 640 vulgatis
811 577 1156 629 editionibus
1179 579 1286 628 sub
1303 577 1500 629 alienis
1516 575 1702 626 nomi-

78 646 273 696 nibus
296 646 793 700 circumferuntur.
812 652 894 700 Ex
912 650 999 700 his
1013 651 1260 713 primum
1276 651 1460 700 locum
1480 649 1707 698 oblinunt

88 717 242 768 torni
259 719 363 768 XV
377 721 928 772 Commentariorum
951 721 1009 771 in
1026 722 1325 785 epistolam
1355 721 1541 773 Sancti
1565 720 1703 766 Pauli

82 789 162 840 ad
185 793 503 850 Romanos,
523 793 673 854 quod
688 806 834 852 opus
851 795 908 843 in
929 794 1183 844 libros
1199 795 1465 854 divisum,
1479 794 1703 852 Ruﬁnus

84 861 347 912 Heraclii
376 863 627 926 impulsu
643 865 834 916 latinae
857 864 1069 929 linguze
1087 866 1420 916 donandum
1454 861 1704 923 suscepit

87 945 215 995 quo
283 939 537 996 tempore
561 935 619 986 in
649 937 958 987 vertendas
999 938 1277 989 IIomilias
1312 936 1700 988 incumbebat.

86 1017 341 1062 quarum
370 1007 579 1058 seriem
601 1008 783 1058 amico
807 1008 1205 1068 obsecuturus,
1224 1010 1561 1071 abrumpere
1601 1006 1700 1054 de-

88 1075 247 1126 buit.
295 1078 384 1128 Sic
420 1079 574 1129 enim
622 1079 702 1130 ait
745 1079 800 1130 in
843 1080 1112 1145 Prologo:
1145 1082 1405 1131 Valentem
1434 1095 1512 1128 me
1536 1091 1702 1142 parvo

83 1147 399 1196 subvectum
411 1151 634 1212 navigio
652 1165 810 1199 oram
828 1152 1113 1214 tranquilli
1146 1153 1338 1201 littoris
1364 1152 1639 1213 stringere,
1659 1151 1703 1195 et

89 1220 343 1269 minutos
389 1221 450 1269 de
497 1223 800 1271 Graecorum
839 1225 1046 1287 stagnis
1094 1226 1377 1288 pisciculos
1412 1225 1590 1285 legere,
1640 1221 1700 1269 ίη

86 1291 484 1353 αιιῑι-ηι,[ν·ατετ·
506 1295 736 1355 Hera-cli,
756 1295 945 1344 laxare
968 1296 1078 1344 vela
1111 1296 1395 1360 eo‘mpellis,
1422 1297 1703 1355 relictoque

87 1362 150 1408 in
190 1361 357 1410 libros
375 1366 434 1413 X.
463 1381 634 1428 opere,
657 1367 801 1428 quod
818 1368 874 1414 in
891 1368 1276 1429 transferendis
1294 1368 1548 1416 Homiliis
1563 1366 1704 1414 senis

85 1433 427 1484 Adamantii
451 1437 726 1501 habebam,
745 1439 952 1498 suades,
976 1446 1033 1487 ut
1052 1446 1232 1488 nostra
1254 1456 1368 1488 voce
1393 1438 1703 1500 quindecim

87 1505 210 1566 ejus
254 1506 536 1556 volumina
565 1550 576 1571 ,
603 1510 796 1571 quibus
821 1512 1096 1574 epistulam
1127 1512 1309 1560 Paulli
1333 1512 1406 1559 ad
1431 1513 1702 1559 Roma-nos

87 1576 372 1636 disseruit,
417 1579 775 1642 explicemus:
819 1582 877 1629 in
927 1581 1116 1645 quibus
1154 1583 1240 1630 ille.
1290 1584 1422 1630 dum
1473 1588 1703 1629 secter—tur

87 1648 340 1708 Apostoli
361 1666 596 1712 sensum,
622 1654 681 1700 in.
708 1658 818 1702 tam
841 1655 1179 1717 profundum
1203 1654 1423 1718 pelagus
1462 1653 1695 1715 effertur,

89 1726 151 1766 ut
188 1727 359 1769 metus
388 1722 582 1780 ingens
623 1726 690 1773 sit
734 1726 859 1774 illuc
897 1742 1017 1774 eum
1038 1727 1204 1789 sequi,
1235 1742 1298 1773 ne
1322 1725 1701 1787 magnitudine

83 1805 369 1852 sensuum,
387 1794 522 1842 velut
535 1796 875 1845 immanitate
887 1798 1173 1861 opprimar
1185 1798 1486 1847 undarum.
1504 1796 1630 1844 Dein
1641 1796 1702 1843 de

87 1877 186 1942 nec
211 1863 355 1912 illud
397 1867 652 1929 adspicis,
693 1869 836 1931 quod
880 1871 1054 1918 tenuis
1096 1871 1237 1917 mihi
1271 1875 1341 1917 est
1374 1869 1598 1932 spiritus
1621 1868 1693 1915 ad
1720 1878 1772 1950 B

90 1934 430 1996 implendam
450 1938 564 2000 ejus
581 1946 690 1986 tam
707 1955 867 2003 magn
880 1941 1057 2002 iﬁcam
1075 1941 1285 1989 dicendi
1305 1941 1501 1988 tubam.
1523 1939 1696 1995 Super

86 2020 280 2053 omnes
306 2015 482 2056 autem
503 2010 842 2073 difﬁcultates
864 2019 950 2074 est,
966 2013 1428 2074 quodinterpolati
1448 2019 1571 2059 sunt
1591 2011 1696 2072 ipsi

89 2076 257 2125 libri:
296 2078 482 2127 desunt
525 2083 672 2129 enim.
712 2081 822 2142 fere
862 2085 1013 2145 apud
1064 2085 1311 2132 omnium
1361 2083 1696 2131 bibliothecas

89 2148 385 2205 (incertum
416 2167 546 2200 sane
576 2168 680 2214 quo
711 2154 856 2213 casu)
886 2156 1179 2217 aliquanta
1219 2171 1284 2201 em
1328 2157 1440 2217 ipso
1479 2167 1696 2216 corpore

91 2219 420 2272 volumina:
455 2230 499 2272 et
539 2225 648 2272 haec
684 2225 979 2289 adimplere
1001 2227 1058 2274 in
1087 2227 1257 2274 latino
1281 2227 1458 2288 Opere,
1486 2233 1529 2274 et
1562 2227 1697 2271 inte-

89 2307 256 2349 gram.
283 2298 718 2358 consequentiam
743 2298 890 2357 dare,
918 2312 1024 2346 non
1054 2304 1124 2346 est
1153 2298 1515 2359 meiingenii‘;
1538 2297 1626 2345 sed
1639 2300 1696 2342 ut

90 2367 146 2408 tu
204 2365 395 2425 credis,
431 2369 528 2430 qui
581 2369 688 2417 hove
733 2370 922 2429 exigis,
969 2370 1211 2417 muneris
1253 2369 1475 2430 fortasse.
1499 2368 1694 2418 divini.

93 2434 272 2481 Addis
299 2444 498 2496 autem,
531 2442 733 2502 nequid
751 2440 1020 2489 labor-ibus
1041 2443 1166 2489 meis
1179 2442 1328 2501 desit,
1355 2447 1581 2489 utomne
1601 2442 1696 2486 hoc

91 2507 412 2566 quimlecim
436 2511 773 2560 voluminmn
800 2528 1009 2576 corpus,
1039 2513 1184 2576 quod
1209 2513 1599 2560 Greecussermo
1625 2512 1696 2560 ad

93 2578 476 2640 quadraginta
502 2582 628 2645 fere,
652 2590 746 2632 aut
766 2599 822 2631 eo
845 2584 1082 2646 amplius
1106 2585 1284 2633 millia
1301 2600 1544 2632 versuum
1566 2600 1696 2645 pro-

92 2648 280 2708 dierit,
308 2651 618 2712 abbreviem,
646 2661 689 2703 et
720 2657 792 2703 ad
824 2656 1035 2718 media,
1074 2657 1120 2704 si
1143 2657 1261 2719 ﬁeri
1305 2661 1483 2719 potest,
1518 2657 1697 2718 spatia

93 2727 378 2773 coa-rctem.
409 2724 563 2773 Dura
578 2742 708 2774 sane
732 2727 982 2785 imperia,
1009 2732 1052 2774 et
1081 2733 1348 2787 tanquam
1391 2727 1456 2774 ab
1493 2744 1568 2778 eo.
1603 2728 1696 2784 qui

94 2792 317 2852 pandas
337 2797 514 2857 ope-ris
541 2797 705 2860 hujus
727 2799 858 2846 scire
903 2799 1052 2860 nolit,
1088 2800 1353 2862 imposita.
1395 2798 1696 2857 Aggrediar

97 2869 302 2923 tamen,
342 2867 391 2913 si
422 2868 557 2928 forte
587 2870 926 2918 orationibus
959 2872 1083 2929 tuis,
1122 2886 1238 2932 quae
1262 2871 1403 2918 mihi
1431 2878 1694 2932 tanquam

98 2932 338 2989 homini,
395 2938 744 3001 impossibilia
788 2942 1056 3000 videntur,
1093 2943 1406 3004 adspirante.
1441 2943 1694 2998 Domino,

93 3006 379 3066 possibilia
406 3011 560 3068 fiant.
591 3011 692 3061 Sed
717 3013 892 3075 ipsum
908 3013 1047 3073 jam,
1070 3014 1117 3060 si
1144 3013 1368 3072 videtur,
1397 3014 1694 3071 Origenmn,

97 3093 126 3135 q
138 3078 232 3125 ual
239 3079 338 3126 iter
347 3082 540 3143 prae/“at
547 3084 718 3131 ionem
735 3086 958 3143 suscepti
975 3086 1148 3148 operis
1160 3085 1378 3147 dirigat,
1401 3086 1626 3132 audiam
1639 3099 1697 3131 us

96 3149 397 3202 Hactenus
418 3155 663 3216 Ruﬁnus,
689 3157 861 3216 cujus
882 3157 940 3206 in
965 3157 1068 3207 hoc
1085 3157 1276 3208 labore
1311 3157 1696 3207 sinceritatem

91 3234 158 3269 ac
182 3223 399 3274 bonam
427 3224 594 3276 ﬁdem
622 3226 817 3278 laudat
844 3227 1241 3278 Tillemontius
1268 3233 1402 3278 tom.
1435 3230 1525 3278 IIl.
1566 3241 1694 3290 pag.

1809 573 1960 621 titulo
1996 587 2188 620 nomen
2224 585 2420 624 meum,
2461 569 2696 617 auctoris
2745 571 3110 620 nihilominus
3151 571 3398 621 vocabulo

1803 649 2165 708 pe-rnu'tnente,
2203 657 2333 690 nam
2368 642 2556 703 Ruﬁni
2603 642 2838 690 Clemens
2879 642 3215 706 inscribetur,
3269 645 3398 695 Mox

1805 716 2115 778 subiungit,
2145 729 2204 765 se
2235 713 2306 764 ad
2331 715 2516 763 cetera
2544 713 2803 774 Origenis
2815 726 2987 776 opera
3007 714 3401 766 transferenda

1803 804 2157 847 aggressurum
2186 803 2198 839 :
2225 788 2376 846 Quod
2404 787 2548 836 sime
2563 786 3066 851 Dominus-implere
3078 787 3396 851 permiserit,

1802 861 2096 908 redi/amns
2126 860 2198 907 ad
2220 860 2350 919 illos,
2379 861 2506 908 ctad
2533 865 2621 907 tua
2641 859 2923 921 deside-ria,
2947 865 3004 907 ut
3033 860 3090 907 in
3123 859 3397 907 Numero-

1804 950 1946 991 rum,
1981 940 2024 980 et
2066 933 2119 980 in
2165 934 2563 981 Deum-«monili
2588 933 2764 991 liln-os,
2793 933 2897 980 Deo
2921 932 3271 995 permittente,
3298 930 3395 978 ali-

1803 1021 1911 1068 qua
1949 1006 2210 1055 dicamus.
2231 1007 2510 1053 Hert-enim
2549 1005 2722 1052 solum
2760 1005 2900 1052 vobis
2941 1005 3002 1052 de
3037 1005 3396 1053 Pentateuclto

1802 1077 1878 1124 cel
1895 1076 1955 1124 de
1971 1077 2193 1139 reliquis
2215 1078 2454 1140 Apostoli
2477 1076 2659 1125 Paulli
2683 1077 2929 1139 epistolis,
2953 1091 3072 1139 quae
3092 1088 3392 1138 possumus,

1804 1149 2037 1196 Domino
2072 1156 2368 1212 protegente
2401 1148 2658 1196 debemus.
2693 1151 2758 1198 1n
2789 1147 3046 1210 margine
3071 1147 3245 1209 hujus
3272 1158 3398 1208 per-

1804 1220 2073 1270 orationis
2099 1233 2225 1282 pag.
2261 1220 2380 1274 634.
2418 1219 2682 1270 editionis
2718 1220 2941 1283 Grynwi
2974 1219 3080 1269 hoc
3112 1217 3393 1267 monitum

1803 1296 2020 1341 exstat:
2071 1292 2154 1339 Vel
2189 1293 2316 1340 hinc
2349 1292 2525 1352 colligi
2563 1298 2722 1354 potest
2761 1307 2894 1354 quos
2947 1290 3190 1350 Origenis
3237 1288 3395 1336 libros

1804 1363 2034 1424 Rufinus
2053 1363 2227 1410 lat-ina
2260 1364 2469 1410 civitate
2493 1363 2792 1414 donaverit.
2819 1364 2987 1413 Recte
3002 1361 3264 1423 quidem;
3284 1371 3398 1409 om-

1803 1434 1897 1484 nia
1921 1436 2071 1484 enim
2097 1435 2167 1484 ab
2196 1448 2256 1484 se
2282 1447 2446 1486 versa
2471 1440 2527 1486 et
2560 1435 2852 1494 vertenda,
2888 1432 3220 1496 singulatim
3255 1444 3398 1482 enu-

1802 1511 1997 1556 merat.
2026 1507 2288 1568 Ruﬁnum
2315 1520 2446 1557 vero
2469 1505 2776 1557 Clementis
2800 1519 2946 1568 opus
2958 1517 3157 1567 reapse
3175 1504 3233 1553 in
3250 1501 3396 1552 Lati-

1801 1590 1942 1626 num
1987 1579 2228 1628 vertisse
2277 1579 2408 1629 alibi
2446 1578 2765 1629 audiemus.
2815 1580 3025 1628 Iterum
3061 1577 3142 1626 sic
3199 1573 3396 1625 scribit

1802 1651 2073 1699 Erasmus
2094 1651 2216 1700 :Hic
2235 1651 2377 1697 locus
2400 1657 2513 1697 erat
2538 1651 2856 1709 eradendus,
2876 1651 2922 1697 si
2949 1645 3394 1697 voluissentnobis

1798 1722 2133 1783 persuadere,
2156 1723 2319 1783 hujus
2335 1723 2508 1786 operis
2524 1724 2861 1785 interpretem
2878 1737 2979 1769 esse
2995 1722 3194 1768 Hieron
3207 1733 3392 1780 ymum

1800 1799 2002 1840 constat
2033 1794 2178 1840 enim
2201 1801 2313 1840 tum
2339 1809 2404 1841 ex
2439 1795 2741 1854 Gcnnadio,
2769 1800 2881 1841 tum
2911 1809 2977 1841 ac
3009 1791 3176 1855 ipsius
3208 1789 3394 1851 Ruﬁni

1799 1864 2136 1925 praefatione,
2162 1865 2306 1928 quod
2333 1867 2450 1928 Rufi
2461 1881 2491 1911 η
2503 1866 2780 1926 ιιεξυιινῑρνὶί
2801 1865 3077 1914 Clementis
3089 1864 3290 1923 Ilecogn
3303 1861 3394 1908 itio

1800 1950 1831 1980 n
1844 1950 1931 1982 um
1952 1937 2128 1994 libros,
2155 1952 2261 1985 non
2290 1939 2673 1997 Hieronymus,
2690 1944 2733 1984 et
2759 1939 2829 1985 ad
2860 1937 3003 1984 hunc
3031 1934 3394 1983 (iamlentium

1801 2006 1940 2055 alias
1951 2028 1980 2072 q
1993 2025 2162 2072 uoq-ue
2177 2009 2358 2057 scribit
2375 2012 2533 2072 Rufin
2547 2010 2740 2060 us.Nih
2752 2010 2786 2058 il
2800 2011 2968 2068 igitur
2985 2007 3398 2069 aguntLibrarii

1799 2081 1943 2127 toties
1973 2081 2302 2129 inculcantes
2328 2097 2519 2129 nomen
2541 2083 2739 2129 Hieron
2752 2099 2780 2140 y
2791 2082 2883 2141 mi,
2904 2082 3071 2128 immo
3090 2081 3199 2128 lucc
3220 2079 3391 2127 incul-

1796 2153 1961 2199 candi
1983 2152 2240 2200 sedulitas
2265 2159 2422 2213 auget
2445 2153 2803 2216 suspicionem
2828 2152 2959 2213 fuci.
2994 2151 3131 2202 Inde
3167 2163 3239 2202 ex
3267 2151 3393 2213 Ruﬁ—

1798 2225 1973 2271 niana
2009 2224 2358 2282 peroratione
2386 2224 2647 2274 laciniam
2669 2224 2741 2273 ab
2772 2223 3394 2273 Librarbisdepravatam

1800 2287 2010 2348 profert
2031 2285 2089 2336 in
2115 2299 2228 2346 qua
2252 2288 2482 2347 [iu/inus
2511 2286 2782 2348 loquitur.
2812 2285 2909 2336 sed
2939 2287 3048 2336 sub
3074 2286 3397 2346 Hieronymi

1797 2358 2046 2414 nomine,
2082 2371 2179 2419 per
2206 2357 2462 2409 falsarios
2477 2358 2681 2408 aftlclo.
2724 2359 2843 2407 Hoc
2857 2369 2970 2407 non
2991 2355 3395 2407 animadverso

1797 2431 1880 2478 J0.
1912 2429 2136 2478 Carolus
2163 2430 2290 2478 Boni
2298 2446 2355 2476 us
2379 2430 2432 2480 in
2449 2429 2779 2492 migratione
2791 2428 2859 2479 ad
2879 2429 3157 2477 Clementis
3186 2426 3397 2475 Consti—

1799 2502 2025 2550 tutiones
2057 2501 2410 2561 Apostolicas
2435 2500 2607 2551 latine
2625 2501 2808 2551 editas
2841 2501 3068 2548 Vencliis
3095 2499 3244 2562 apud
3261 2499 3392 2546 Jor-

1798 2574 2008 2621 danum
2045 2573 2294 2620 Zilclum.
2357 2575 2420 2622 Α.
2470 2575 2532 2622 D.
2583 2572 2738 2626 1563.
2791 2574 2846 2622 in
2896 2573 2950 2625 4ο
2995 2575 3052 2623 et
3075 2571 3394 2620 Franciscus

1804 2645 2108 2693 Turrlauus
2121 2645 2179 2694 in
2193 2645 2610 2707 prolegomenis
2625 2645 2837 2696 Graecis
2849 2644 2921 2694 ad
2937 2644 3168 2695 easdem
3182 2642 3396 2692 Consti-

1799 2717 2066 2778 tutiones,
2097 2717 2270 2765 Grmce
2295 2717 2494 2776 editas,
2526 2716 2674 2777 apud
2705 2717 2953 2768 eundem
2974 2715 3394 2779 typographum

1797 2789 1994 2838 eodem
2022 2801 2170 2837 anno
2205 2792 2262 2838 et
2301 2788 2493 2848 forma,
2525 2801 2649 2848 pag.
2688 2787 2737 2840 7.
2763 2788 2951 2842 ipsum
2976 2789 3391 2848 [lita-(mynan

1797 2872 1912 2909 non
1937 2859 2129 2917 alium,
2173 2859 2330 2921 loqui
2365 2872 2561 2921 reapse
2595 2860 2976 2919 crediderunt,
3012 2865 3070 2909 et
3102 2863 3389 2921 propterea

1797 2931 2152 2992 castigantur
2183 2942 2217 2980 a
2245 2931 2439 2979 Jacobo
2495 2931 2700 2978 Usse-rio
2754 2931 2812 2980 in
2859 2930 3271 2981 Dissertatione
3324 2928 3393 2979 de

1797 3003 1994 3060 lunatii
2015 3001 2270 3065 epistolis
2295 3015 2415 3062 cap.
2443 3004 2558 3052 VII.
2590 3004 2775 3052 Verba
2807 2999 3390 3062 Pande-Hieronymi,

1797 3074 1919 3123 siVe
1934 3074 2118 3136 Ita/ini
2137 3073 2260 3123 hinc
2280 3077 2415 3123 sunt
2434 3087 2541 3136 pag
2579 3073 2682 3126 634
2720 3074 2892 3122 Aiunt
2912 3074 3056 3120 enim
3075 3073 3214 3119 mihi
3233 3072 3292 3119 in.
3309 3071 3393 3119 his

1799 3161 1917 3207 qua:
1943 3145 2143 3202 scribis,
2172 3146 2434 3206 quoniam
2460 3146 2706 3208 plu-rima
2731 3146 2810 3193 tui
2823 3146 2996 3208 operis
3013 3145 3298 3201 habentur,
3322 3143 3391 3190 da

1801 3217 2016 3263 titulum
2047 3216 2283 3263 nominis
2309 3217 2464 3277 tui,ct
2490 3217 2676 3266 scribe:
2713 3217 3037 3277 Hieronymi
3064 3216 3204 3275 (leae
3239 3216 3392 3276 [iu/i-

273 3295 375 3368 γὴ·
417 3297 546 3360 pius
583 3298 840 3349 disertim
879 3299 1108 3360 fatetur,
1138 3313 1199 3351 se
1215 3300 1272 3349 in
1292 3287 1693 3350 transferendis

1805 3289 1881 3347 ni/l
1908 3287 2048 3335 verbi
2077 3289 2276 3349 gratia,
2309 3288 2362 3335 in
2392 3288 2670 3349 epistolam
2699 3290 2770 3337 ad
2804 3291 3093 3349 Rt‘nnanos,
3118 3287 3394 3351 Eae—plano-

95 3364 255 3415 hisce
277 3366 530 3418 homiliis
549 3370 806 3422 libertate
823 3385 997 3422 usum
1019 3371 1286 3432 addendi,
1308 3371 1609 3423 etlacunas
1627 3370 1696 3420 de

95 3449 202 3486 suo
239 3439 565 3501 supplendi.
607 3442 928 3502 TltCOPhllttS
962 3442 1295 3491 Salodianus
1334 3442 1549 3493 ordinis
1570 3443 1692 3492 Fra-

97 3513 245 3558 trum
267 3510 739 3564 Observantium.
760 3517 824 3564 ut
841 3516 1065 3568 vocant.
1080 3515 1151 3565 de
1164 3527 1277 3577 quo
1296 3515 1351 3564 in
1370 3517 1697 3574 scriptoribus

97 3580 380 3631 Minorum
403 3583 539 3634 silet
555 3585 739 3636 Lucas
751 3585 1131 3645 Waddingus,
1149 3586 1557 3649 Origenianum
1571 3600 1696 3645 opus

95 3651 152 3699 in
172 3652 441 3704 Fesulani
464 3656 793 3707 monasterii
811 3656 1155 3707 bibliotheca
1185 3659 1503 3717 Hieronymi
1529 3659 1697 3708 inter-

95 3723 270 3784 pretis
298 3725 550 3784 nomine,
581 3739 711 3777 cum
729 3726 922 3778 blattis
949 3733 1004 3777 et
1033 3729 1200 3778 tineis
1227 3742 1512 3791 pugnans,
1533 3730 1605 3778 ab
1632 3741 1693 3779 se

98 3799 405 3856 repertum,
446 3797 595 3848 foras
633 3798 826 3849 emisit
872 3799 1098 3848 Venetiis
1131 3800 1281 3860 apud
1318 3799 1595 3847 Simonem
1633 3800 1694 3847 de

95 3864 257 3912 Luerc
283 3867 352 3916 Α.
377 3868 440 3916 D.
464 3867 600 3922 1506
625 3870 678 3917 in
710 3869 860 3931 folio,
885 3870 1351 3932 nuncupavitque
1369 3869 1694 3922 Alexandro

97 3935 355 3987 Portensi
411 3940 690 3998 Vicetino,
724 3941 1008 4003 equestris
1027 3941 1243 3992 ordinis
1269 3955 1409 4003 Vll‘O,
1434 3941 1597 4003 quasi
1621 3942 1693 3992 ob

92 4006 398 4060 inventum
438 4011 772 4063 thesaurum
816 4025 934 4076 prin
970 4013 1178 4076 gaudio
1202 4013 1490 4064 exsiliens.
1532 4013 1693 4064 Istud

98 4084 296 4140 postea
330 4094 479 4144 opus
517 4083 726 4134 ibidem
766 4083 987 4134 recadit
1025 4085 1404 4133 Bcrnardinus
1435 4084 1693 4133 Bcnalius

96 4153 157 4198 Α.
179 4153 241 4200 D.
275 4151 435 4206 1519..
462 4155 519 4202 in
534 4155 683 4216 folio,
701 4168 939 4217 sumque
957 4156 1430 4214 Origenianorum
1457 4169 1692 4219 operum

95 4220 418 4274 collectioni
467 4235 622 4278 tomo
669 4229 734 4277 II.
781 4240 908 4288 pug.
960 4225 1080 4279 455.
1130 4227 1396 4278 editionis
1453 4227 1690 4289 Grynzei,

94 4292 333 4344 inseruit
376 4297 669 4350 Erasmus.
714 4299 1036 4359 Hieronymi
1090 4298 1320 4361 quidem
1365 4298 1592 4349 nomine
1636 4300 1693 4350 in

95 4365 278 4416 fronte
302 4367 517 4426 relicto,
545 4369 631 4419 cui
651 4374 840 4420 tamen
866 4368 924 4419 in
941 4382 1184 4421 censura
1211 4375 1348 4421 tom.
1377 4373 1411 4417 Ι.
1438 4370 1692 4433 praalixa,

94 4450 238 4498 opus
263 4440 569 4499 abjudicat.
601 4443 964 4504 Ruﬁnumque
981 4441 1346 4505 interpretem
1364 4442 1558 4504 carpit.
1585 4443 1693 4493 Sed

95 4507 410 4570 ipsummet
444 4513 745 4562 Erasmum
786 4510 982 4562 audire
1023 4519 1283 4575 praestat:
1321 4515 1438 4572 llic,
1484 4514 1691 4577 inquit,

95 4580 332 4629 Librarii
353 4585 638 4647 magnifice
650 4585 971 4646 per/'ricuere
986 4584 1216 4645 frontem
1237 4591 1282 4633 et
1304 4586 1355 4632 in
1378 4586 1693 4647 prie/alioue

95 4657 136 4698 et
165 4652 218 4699 in
246 4656 605 4716 peroratione,
633 4672 729 4718 pro
752 4657 947 4716 Rufino
977 4656 1372 4717 Hieronymum
1389 4672 1694 4720 supponen-

98 4728 182 4784 tes,
211 4724 308 4771 hoc
333 4727 620 4774 estuitrmm
646 4743 742 4789 pro
765 4741 977 4787 gemma
1001 4728 1180 4775 lectori
1198 4728 1475 4776 oblrutlcrc
1497 4746 1694 4778 conan-

96 4800 181 4851 les,
207 4800 251 4841 et
284 4797 541 4845 hactenus
570 4814 698 4845 sane
720 4796 1018 4859 fefellerunt
1042 4799 1318 4858 incautos;
1343 4814 1470 4846 nam
1490 4799 1694 4859 prro/a-

96 4867 166 4911 tio
187 4871 396 4927 poterat
429 4875 698 4932 utcunque
723 4869 893 4917 videri
915 4870 1156 4932 [lira-any
1167 4872 1240 4918 mi
1261 4886 1272 4920 :
1292 4872 1379 4917 sed
1396 4872 1450 4917 in
1471 4887 1694 4933 perora-

97 4936 235 4985 tione
279 4940 442 5001 quasi
473 4941 663 4989 soriccs
701 4957 798 4989 suo
833 4956 884 4988 se
927 4942 1169 5004 produnt
1198 4942 1426 5004 judicio.
1458 4942 1589 4992 lude
1621 4955 1692 4992 ex

94 5008 289 5058 eadem
312 5012 669 5072 peroratione
689 5012 989 5075 subiungit
1012 5014 1417 5076 qumlluﬁuum.
1442 5023 1688 5061 auctorum

95 5080 464 5142 patefaciunt.
485 5097 816 5146 quanquam
845 5084 1238 5145 Hieronymum
1261 5099 1359 5148 pro
1386 5088 1581 5148 [tu/luo
1598 5098 1692 5135 as-

93 5157 285 5201 sutum
301 5159 528 5215 gerunt.
549 5157 662 5204 [loc
676 5155 1054 5217 proditcodex
1069 5156 1366 5216 Thurinus,
1381 5162 1525 5215 cujus
1541 5161 1691 5204 \‘crlia

92 5223 290 5274 recitat
304 5227 615 5277 Cotelerius
634 5229 690 5277 in
711 5227 933 5278 Judicic
944 5226 1015 5277 de
1036 5227 1192 5277 libris
1212 5230 1686 5292 liceognitionum

93 5296 574 5348 Clementinarum
597 5299 740 5349 inter
764 5311 936 5361 opera
961 5301 1294 5350 Sanctorum
1317 5303 1564 5359 Patrum,
1594 5299 1689 5362 qui

95 5369 446 5433 tenuioribus
466 5373 508 5419 A
520 5370 808 5427 postolicis
831 5371 1148 5421 ﬂoruerunt
1164 5385 1288 5433 pag.
1311 5372 1433 5425 484.
1452 5374 1688 5419 editionis

94 5431 152 5478 ll.
181 5431 318 5480 anni
347 5431 502 5485 1698.
527 5435 604 5484 Eo
628 5435 799 5483 verba
821 5431 1220 5485 huclibentius
1238 5433 1509 5494 adferam,
1534 5435 1686 5495 quod

92 5513 202 5550 non
251 5515 363 5554 uno
405 5503 462 5553 in
501 5504 623 5555 loco
670 5504 961 5567 vulgatam
1007 5505 1316 5556 editionem
1345 5506 1684 5556 emendant:

95 5573 210 5619 I’os’l
247 5575 343 5621 hoc
377 5590 508 5623 sane
533 5582 680 5624 υοιται
704 5592 800 5623 nos
834 5591 986 5638 opus,
1027 5577 1172 5637 quod
1196 5577 1325 5625 olim
1352 5579 1566 5640 quidem
1597 5579 1687 5624 in-

84 5644 333 5704 junctum
368 5651 456 5708 est,
503 5647 592 5694 sed
638 5663 783 5695 nunc
823 5663 853 5694 ιι
904 5648 1060 5694 Beato
1110 5649 1410 5697 Gaudentio
1447 5651 1685 5711 (‘pierpo

97 5716 448 5765 rrlu'meatius
490 5717 841 5782 pcruryrtur;
892 5718 1172 5767 Clementis
1205 5721 1396 5768 scilicet
1451 5720 1686 5768 Hmaani

97 5788 334 5851 episcopi,
373 5790 753 5852 Apostolorum
790 5806 900 5835 com
915 5789 998 5836 itis
1032 5807 1092 5836 (tt?
1132 5794 1459 5850 Sttt't‘t'sSIH'lS,
1488 5793 1549 5839 de
1587 5793 1687 5839 [le-

96 5861 390 5921 cuyaitionc
416 5862 559 5911 libri.
593 5869 647 5910 ut
673 5861 982 5910 inlatiuiun
1004 5868 1310 5911 vertantur:
1334 5865 1508 5928 inquo
1534 5880 1685 5927 opere

100 5930 214 5978 [νεεδ
266 5934 406 5989 nari,
457 5935 601 5996 quod
649 5932 875 5981 laborem
926 5931 1090 5987 labor,
1137 5935 1490 5998 multiplimta
1551 5941 1684 5983 sorte.

1800 3360 2009 3406 tionum
2037 3359 2178 3410 libri.
2205 3362 2274 3410 Et
2307 3362 2432 3416 post
2454 3361 2755 3411 nonnulla:
2797 3361 3147 3421 Stl-llettt‘ld-ﬂl
3176 3375 3304 3408 sane
3333 3359 3389 3405 in

1796 3447 1852 3479 co
1917 3432 2108 3479 (iniicis
2139 3433 2286 3480 meis.
2325 3432 2562 3493 Reliqua
2589 3432 2701 3490 jam
2752 3432 2984 3483 adduxi.
3022 3432 3128 3482 Sed
3159 3436 3298 3480 estet
3324 3429 3391 3477 il-

1795 3502 1906 3556 lud,
1935 3503 2119 3564 inquit
2157 3503 2445 3564 Erasmus,
2484 3505 2742 3553 nonnihil
2776 3505 3104 3565 argumenti,
3146 3503 3292 3566 quod
3334 3502 3388 3548 in

1794 3576 2031 3636 gratiam
2073 3575 2297 3633 Ursacii,
2331 3576 2484 3636 cujus
2509 3576 2666 3637 jussu
2705 3578 2929 3639 suscepit
2970 3578 3114 3625 hunc
3140 3575 3390 3632 laborem,

1794 3648 1946 3694 vertit
1973 3648 2231 3707 Regulam
2258 3648 2470 3704 Basilii,
2497 3654 2541 3694 et
2569 3649 2626 3695 in
2664 3650 2906 3708 gratiam
2943 3650 3059 3697 (ian
3085 3647 3272 3702 dentii,
3299 3661 3395 3694 cu-

1787 3717 1880 3779 jus
1908 3718 1991 3765 hic
2021 3719 2282 3775 meminit,
2307 3720 2451 3766 vertit
2479 3719 2813 3770 Clementem.
2841 3720 2994 3778 Quod
3020 3722 3292 3770 Erasmus
3309 3717 3390 3768 ait

1795 3788 1866 3839 de
1903 3789 2142 3846 Ursae-i0,
2170 3795 2258 3841 est
2284 3792 2574 3842 memoriae
2598 3791 2794 3853 lapsus
2836 3793 2894 3842 in
2935 3791 3058 3842 viro
3088 3802 3206 3841 non
3237 3800 3392 3840 sem-

1794 3872 1892 3921 per
1915 3860 2346 3911 accuratissimo
2371 3862 2618 3910 Heraclio
2644 3863 2816 3922 enim,
2840 3875 2954 3913 non
2990 3862 3210 3910 Ursacio
3243 3872 3392 3923 opus

1795 3930 1933 3980 illud
1979 3931 2211 3992 Ruﬁnus
2258 3933 2535 3990 inscribit,
2595 3934 2694 3993 qui
2741 3947 2926 3996 neque
2995 3934 3230 3991 Ursacio,
3289 3930 3389 3981 sed

1802 4002 1981 4064 Ursejo
2042 4001 2316 4063 Regulam
2379 4004 2570 4055 Sancti
2624 4005 2810 4054 Basilii
2862 4003 3238 4066 nuncupavit.
3291 4002 3392 4050 Ur—

1793 4074 1970 4122 sacius
2019 4087 2168 4136 vero,
2214 4074 2335 4125 sive
2394 4073 2660 4130 Ursatias,
2716 4075 2822 4126 fuit
2881 4076 3066 4138 Rufini
3110 4072 3387 4130 notarius,

1794 4146 1919 4209 ipso
1975 4148 2117 4196 teste
2173 4145 2230 4195 in
2286 4146 2520 4206 Prolouo
2565 4147 2937 4198 Homiliarum
2989 4148 3044 4197 in
3091 4148 3390 4204 Numeros,

1795 4230 1984 4279 quem,
2001 4218 2080 4268 uti
2095 4218 2213 4278 jam
2233 4217 2370 4279 dixi,
2387 4219 2586 4267 Donati
2599 4220 2829 4270 nomine
2846 4218 3203 4281 praenotavit.
3220 4217 3392 4266 Ile-ra-

1794 4291 1861 4338 cli
1870 4306 1960 4337 ιιιιι
1987 4292 2098 4340 tam
2117 4289 2401 4353 protenus,
2417 4303 2590 4353 quam
2605 4293 2904 4355 peroratio,
2920 4291 2977 4342 in
2991 4290 3276 4341 universis
3288 4291 3392 4335 edi.-

1797 4362 2047 4436 tionibus
2062 4363 2357 4426 exhibent,
2372 4377 2442 4413 ne
2455 4365 2689 4436 excepta
2703 4363 2934 4427 quidem
2953 4363 3258 4414 Erasmica.
3278 4359 3389 4410 Ad-

1796 4438 1842 4481 sl
1855 4433 2143 4494 ipulantur
2157 4434 2381 4483 codices
2401 4433 2823 4488 manu'exarati.
2840 4435 3152 4485 Vaticanus
3171 4434 3321 4480 Urbin
3331 4445 3389 4478 us

1795 4503 1880 4558 6:2.
1911 4504 2003 4554 fol.
2023 4504 2108 4557 96.
2138 4511 2196 4554 et
2217 4505 2272 4555 in
2295 4506 2562 4565 Catalouo
2597 4509 2733 4556 Mss.
2765 4506 2988 4564 Anglia)
3021 4510 3157 4554 tom.
3184 4505 3225 4555 Ι,
3261 4515 3386 4565 pug.

1793 4576 1879 4630 68.
1907 4575 2088 4626 codex
2111 4575 2266 4634 1247.
2301 4576 2581 4627 Guillelmi
2607 4576 2804 4634 Laudi,
2822 4578 3258 4628 ubirecensetur
3286 4574 3390 4639 epi-

1793 4648 1926 4695 stola
1951 4648 2214 4709 Ru/iniad
2249 4649 2581 4706 [lci-artium,
2618 4661 2792 4710 quam
2817 4662 2849 4698 ἱ).
2890 4648 3127 4711 prologo,
3169 4647 3242 4698 de
3274 4657 3388 4708 quo

1792 4719 2098 4781 loquimur,
2121 4718 2409 4769 diversam
2436 4734 2550 4770 non
2577 4720 2884 4772 credimus.
2902 4722 2974 4772 Ut
2997 4721 3049 4770 in
3079 4733 3260 4782 pauca
3273 4729 3386 4769 rem

1793 4791 2146 4845 contraham.
2161 4790 2381 4838 Ενακηιὶ
2401 4791 2824 4842 animadversio
2839 4792 3014 4843 hacin
3031 4797 3187 4854 parte
3215 4790 3389 4840 veris—

1794 4863 1940 4912 sima
1963 4867 2068 4923 est,
2101 4862 2390 4912 neminem
2420 4876 2674 4924 unquam
2712 4864 2987 4926 objecisse
3022 4864 3387 4925 Hieronymo,

1791 4934 1945 4995 quod
1959 4946 2188 4995 €11,q1133
2203 4937 2464 4990 vei-terat.
2483 4937 2776 4992 truncarit,
2791 4936 3104 4997 inVcrterit,
3119 4935 3390 4985 immuta-

1791 5006 1878 5064 rit,
1906 5010 1962 5056 et
1991 5005 2441 5067 exalienOOpere
2460 5019 2630 5058 suum
2649 5008 2837 5058 fecerit
2865 5027 2874 5054 :
2903 5008 3054 5069 quod
3071 5013 3260 5057 tamen
3275 5007 3386 5052 Itu-

1789 5080 1933 5139 [inus
1959 5078 2014 5127 in
2051 5077 2171 5128 loco
2217 5079 2477 5140 superius
2501 5079 2769 5130 adducto.
2798 5085 2855 5128 et
2879 5093 2974 5141 per
3004 5078 3384 5128 Librariorum

1791 5148 2045 5198 fraudein
2062 5149 2390 5208 Hieronymi
2408 5162 2701 5213 perperam
2729 5149 2962 5211 credito,
2979 5150 3084 5200 sibi
3100 5150 3383 5210 obj::ctum

1792 5221 1965 5271 fuisse
1992 5220 2194 5283 prodit.
2224 5220 2331 5270 Sed
2357 5221 2622 5268 Erasmus
2661 5221 2766 5271 hoc
2793 5222 2962 5271 etiam
2999 5223 3388 5268 animadvertere

1789 5292 2004 5351 debuit,
2032 5293 2227 5353 Ruﬁno
2259 5291 2412 5341 haud
2438 5292 2679 5343 modicae
2709 5293 2954 5355 profects
2988 5291 3138 5342 laudi
3177 5289 3384 5352 potius,

1789 5376 1961 5426 quam
1989 5362 2152 5413 malm
2177 5361 2304 5412 ﬁdei
2338 5401 2351 5422 ,
2381 5363 2746 5413 tribuendum
2771 5363 2961 5416 videri.
2983 5361 3133 5424 quod
3154 5374 3286 5411 eum
3308 5375 3385 5407 ue-

1789 5447 2078 5497 quaquam
2108 5434 2388 5496 puduerit,
2419 5434 2602 5495 palam
2631 5433 2806 5493 fateri,
2853 5434 2954 5483 sed
2980 5434 3032 5482 id
3078 5434 3383 5492 praestitisse,

1789 5508 2261 5569 quotiescumque
2294 5504 2345 5554 id
2376 5505 2668 5567 praestitit;
2696 5518 2884 5567 neque
2907 5505 3055 5554 enim
3103 5505 3386 5552 l-zomanos

1789 5579 2026 5628 lectores
2050 5577 2132 5626 vir
2153 5577 2361 5638 probus
2383 5575 2570 5626 fallere
2589 5575 2764 5626 voluit.
2777 5576 2940 5637 quasi
2955 5575 3224 5625 nimirum
3241 5577 3384 5621 [illam

1787 5654 1841 5699 et
1857 5649 2168 5711 simplicem
2184 5649 2508 5698 Graecorum
2527 5647 2850 5709 iuterpretal
2865 5648 3048 5696 ionem
3065 5647 3298 5696 latinam
3315 5645 3382 5695 iis

1790 5721 2125 5774 venditaret,
2162 5719 2279 5779 sed,
2311 5722 2370 5767 ut
2400 5731 2651 5768 \‘Hl'JCCln
2667 5718 3066 5781 etreligiosum
3095 5719 3382 5768 hominem

1787 5793 1994 5853 decuit,
2022 5792 2254 5841 eosdem
2281 5789 2521 5840 mundule
2547 5791 3170 5851 monuit,seextlrauzis
3198 5793 3384 5841 Lucu-

1786 5863 2160 5921 brationibus,
2187 5875 2320 5924 tunc
2340 5861 2481 5911 alias
2511 5875 2604 5924 per
2617 5863 2873 5913 omnium
2893 5875 3094 5914 manus
3114 5865 3248 5913 tunc
3265 5863 3400 5908 voIi-'

1787 5937 2001 5995 tabuit,
2029 5935 2305 5996 quasdam
2336 5933 2508 5982 veluti
2539 5933 2929 5998 decerptiones
2956 5936 3012 5981 et
3053 5932 3386 5996 compendia
