3894 6398
506 317 609 373 187

505 417 709 480 rogatu
731 413 1048 464 amicorum
1068 412 1408 464 exlraxisse.
1449 411 1644 482 Neque
1669 408 1917 474 profecto
1946 407 2100 482 aliud
2131 408 2185 482 Α

503 497 679 552 quam
703 484 1057 548 decerptiones
1079 489 1139 534 et
1169 482 1483 546 compendia
1507 481 1684 534 fuisse
1708 481 1998 546 opportuit
2021 481 2104 534 tot

499 569 672 622 Opera
686 556 1102 609 exGraacorum
1117 555 1342 618 scriptis
1369 554 1581 616 raptim
1605 553 1871 611 deducta,
1891 566 2025 616 quae
2047 553 2108 605 in

505 628 726 681 Italiam
755 627 954 679 redux.
973 625 1170 678 decem
1203 639 1487 678 annorum
1518 626 1702 684 spatio
1728 639 1854 678 cum
1890 626 2108 678 Latinis

506 699 733 764 pepulis
757 697 1200 750 communicavit
1237 703 1441 762 printer
1483 696 1611 756 alia,
1637 710 1768 760 quae
1789 695 1883 748 illo
1908 698 2108 750 eodem

505 775 760 835 tempore
793 768 863 820 de
897 767 1118 833 proprio
1154 769 1514 834 conscripsit.
1553 771 1736 830 Quare
1758 769 1866 821 hoc
1896 769 2104 833 ipsum,

506 841 660 906 quod
703 841 900 903 Ruﬁno
941 852 976 891 a
998 839 1412 892 recentioribus
1446 841 1656 892 criticis
1680 841 1816 893 vitio
1847 842 2105 904 vertitur,

503 911 658 964 laudi
683 910 1026 963 vertendum
1069 915 1178 963 est.
1202 913 1324 964 Non
1357 911 1555 964 debuit
1579 924 1714 976 ergo
1739 913 2000 962 Erasmus
2028 914 2108 965 ita

504 982 931 1042 excandescere,
951 981 1051 1034 ubi
1069 985 1296 1044 Rufinus
1308 983 1366 1034 in
1379 984 1731 1046 peroratione
1747 985 2108 1037 Commenta-

502 1054 714 1106 riorum
736 1051 796 1104 in
822 1053 1127 1116 epistolam
1152 1055 1310 1106 Pauli
1347 1055 1420 1107 ad
1451 1057 1737 1107 Romanos
1757 1057 1976 1114 ingenuo
1993 1057 2108 1106 fale-

503 1127 611 1186 tur,
652 1140 702 1174 se
739 1123 1011 1174 Homilias
1047 1125 1293 1190 Origenis
1328 1127 1385 1175 in
1429 1127 1690 1190 Genesim,
1737 1127 2011 1187 Exodum,
2061 1131 2107 1176 et

500 1197 744 1246 maxime
766 1195 830 1244 in
857 1195 1150 1245 Leviticum
1173 1197 1248 1247 sic
1268 1198 1671 1259 immutasse,ut
1699 1213 1816 1262 quae
1830 1198 1917 1248 ille
1938 1200 2108 1260 aediﬁ-

500 1267 665 1318 candi
693 1267 877 1316 studio
898 1268 1238 1332 populariter
1257 1269 1417 1327 dixit,
1451 1270 1561 1331 ipse
1581 1269 1920 1333 explanandi
1941 1270 2108 1334 specie

503 1337 837 1388 transtulerit
862 1353 876 1389 :
897 1351 1028 1402 quas
1049 1341 1322 1393 Erasmus
1338 1339 1502 1392 obelo
1518 1340 1597 1392 ita
1613 1341 1886 1404 percellit:
1907 1341 2106 1404 Arguta

501 1425 623 1460 vero
641 1410 894 1460 distinxit
917 1411 1321 1474 aediﬁcationem
1332 1412 1398 1461 ab
1409 1412 1810 1476 explanatione,
1824 1413 1983 1476 quasi
1994 1428 2105 1464 non

501 1481 818 1545 explanatio
829 1488 1013 1546 spectet
1027 1484 1778 1546 xdiﬁcationemauditorum.
1795 1486 1982 1538 Verba
1994 1486 2105 1535 Ru-

497 1553 602 1616 ﬁni
623 1552 750 1606 haec
775 1559 916 1607 sunt
937 1555 997 1606 in
1011 1557 1366 1619 peroratione
1380 1569 1506 1621 pag.
1527 1555 1645 1612 654.
1671 1558 1940 1608 Hactenus
1954 1557 2106 1609 nobis

498 1625 561 1674 in
583 1626 864 1689 epistolam
879 1627 954 1676 ad
969 1628 1256 1689 Romanos,
1274 1644 1369 1692 pro
1378 1633 1434 1678 ut
1449 1632 1742 1692 potuimus.
1759 1629 2101 1692 dictantibus,

501 1697 748 1747 Plurima
792 1701 838 1746 et
882 1697 1060 1748 labore
1096 1705 1142 1750 et
1187 1705 1418 1765 tempore
1459 1702 1777 1751 desudatum
1811 1703 1877 1751 sit
1893 1717 1911 1762 ;
1931 1703 2106 1766 fateor

496 1783 752 1856 namque,
777 1769 1014 1856 Heraqli,
1037 1770 1212 1834 frater
1228 1773 1639 1856 amantissime,
1666 1774 1810 1838 quod
1833 1774 1966 1823 dum
1990 1776 2097 1824 tuis
2127 1782 2180 1856 B

501 1839 777 1890 desideriis
801 1841 1100 1905 satisfacere
1113 1843 1290 1908 cupio,
1317 1843 1507 1894 oblitus
1524 1861 1649 1895 sum
1671 1861 1802 1910 pene
1823 1847 2094 1910 mandati,

502 1925 609 1976 quo
631 1911 977 1976 praecipitur:
1013 1929 1152 1964 onus
1193 1930 1363 1980 supra
1396 1918 1535 1967 vires
1559 1922 1680 1968 tuas
1716 1933 1782 1967 ne
1817 1918 2100 1970 levaveris:

497 1983 734 2047 quanvis
761 1983 914 2034 nobis
940 2000 1033 2036 nec
1057 1987 1117 2036 in
1145 1989 1358 2050 exteris,
1393 2004 1526 2052 quae,
1553 1994 1598 2040 te
1621 1990 1908 2050 insistente,
1933 1990 2102 2042 immo

497 2055 680 2119 potius
691 2070 919 2119 pensum
941 2057 1136 2107 diurni
1151 2074 1324 2124 operis
1341 2061 1598 2122 exigente,
1616 2061 1678 2110 in
1695 2061 1929 2110 latinum
1945 2063 2105 2112 verti-

500 2139 642 2189 mus,
673 2125 901 2198 defuerit
930 2127 1203 2192 plurimus
1235 2129 1401 2192 labor,
1433 2132 1566 2182 dum
1587 2132 1832 2197 supplere
1853 2136 2104 2198 cupimus

498 2211 578 2256 ea,
603 2211 722 2260 quae
741 2197 808 2246 ab
831 2199 1056 2263 Origene
1081 2202 1138 2250 in
1151 2203 1425 2252 auditorio
1439 2204 1657 2254 ecclesiae
1676 2211 1781 2254 eote
1791 2197 1974 2269 mpore
1991 2221 2101 2254 non

498 2272 614 2317 tum
637 2269 1052 2334 explanationis,
1078 2288 1245 2337 quam
1268 2275 1642 2336 aediﬁcationis
1666 2277 1962 2326 intentione
1984 2294 2101 2342 per-

496 2343 652 2389 orata
675 2344 818 2400 sunt,
851 2347 988 2392 sicut
1023 2343 1084 2393 in
1107 2345 1380 2409 Homiliis,
1414 2348 1522 2396 sive
1551 2348 1612 2397 in
1649 2349 2017 2398 Oratiunculis
2040 2351 2100 2400 in

498 2409 758 2483 Genesim,
778 2417 828 2483 et
849 2412 910 2462 in
931 2413 1186 2464 Exodum
1200 2417 1444 2480 fecimus,
1469 2423 1515 2467 et
1537 2420 1801 2483 praecipue
1821 2420 1880 2468 in
1899 2420 2100 2470 librum

495 2481 712 2531 Levitici
733 2481 798 2530 ab
823 2483 914 2534 illo
941 2487 1160 2549 quidem
1180 2490 1480 2553 perorandi
1507 2481 1625 2540 stilo
1648 2481 1865 2552 dictata,
1891 2508 1925 2540 a
1946 2492 2100 2542 nobis

494 2567 616 2626 vero
639 2553 980 2626 explanandi
1009 2559 1176 2620 specie
1207 2560 1474 2610 translata
1501 2566 1650 2610 sunt:
1677 2577 1834 2626 quem
1866 2561 2100 2612 laborem

495 2622 836 2685 adimplendi
851 2642 968 2690 quae
991 2629 1230 2693 deerant,
1253 2631 1452 2681 idcirco
1474 2622 1818 2695 suscepimus,
1834 2648 1904 2681 ne
1925 2633 2102 2696 pulsa»-

497 2696 558 2743 ιω
582 2696 892 2758 quaestiones
935 2703 982 2748 et
1010 2699 1217 2761 relictas,
1247 2703 1394 2764 quod
1415 2703 1475 2751 in
1517 2703 1858 2753 llmnitiatico
1888 2704 2101 2754 dicendi

495 2779 683 2828 genere
697 2765 764 2815 ab
803 2767 896 2817 illo
919 2782 1052 2834 saepe
1083 2771 1205 2832 ﬁeri
1226 2772 1366 2833 solet,
1395 2772 1562 2821 latino
1587 2775 1769 2822 lectori
1812 2775 2100 2836 fastidium

496 2842 828 2896 generarent.
855 2839 1002 2888 Nam
1026 2841 1140 2899 illa,
1167 2857 1288 2905 qua:
1313 2843 1370 2891 in
1387 2844 1512 2893 Jcsu
1529 2844 1755 2898 Nave.et
1771 2845 1826 2892 in
1840 2845 2099 2895 Judicum

498 2905 714 2968 librum,
762 2914 809 2958 et
837 2909 899 2958 in
938 2911 1179 2965 XXXVI.
1217 2915 1482 2973 XXXVII,
1516 2919 1561 2964 et
1611 2916 1906 2968 XXXVIII.
1942 2916 2101 2966 Psal-

495 2993 648 3027 mum
657 2980 990 3044 scripsimus,
1004 2983 1107 3032 sim
1115 2984 1325 3044 pliciter
1333 2989 1706 3050 expressimus,
1721 2993 1779 3036 ut
1791 2987 2098 3038 invenimus

496 3053 546 3098 et
567 3064 678 3098 non
703 3051 872 3100 multo
903 3067 1026 3101 cum
1042 3053 1216 3104 labore
1240 3059 1634 3111 transtulimus.
1654 3059 1909 3116 Quamvis
1920 3075 2040 3117 ergo
2057 3063 2102 3108 et

493 3120 557 3168 in
579 3122 776 3192 ceteris,
813 3139 931 3186 qux
955 3140 1123 3188 supra
1149 3127 1412 3192 diximus,
1447 3129 1748 3178 laboratum
1771 3129 1921 3179 nobis
1953 3131 2020 3179 sit
2041 3130 2102 3178 in

494 3191 815 3274 supplendis
833 3193 902 3243 iis
932 3210 1048 3258 quae
1063 3199 1313 3274 omiserat
1335 3216 1353 3260 ;
1377 3200 1438 3248 in
1457 3202 1560 3274 hoc
1594 3206 1773 3274 tamen
1807 3217 1961 3274 opere
1983 3201 2098 3274 epi-
2119 3199 2170 3274 ρ

493 3261 634 3310 stolae
656 3262 730 3335 ad
768 3265 1043 3316 Romanos
1064 3283 1162 3332 pro
1185 3270 1271 3318 his
1289 3272 1509 3331 caussis,
1533 3287 1668 3335 quas
1692 3273 1752 3320 in
1783 3261 2097 3335 pra/aliene

493 3333 998 3413 comprehenduntur
1009 3338 1304 3413 immensus
1317 3341 1465 3391 nobis
1478 3349 1522 3392 et
1536 3333 1930 3392 inaestimabilis
1941 3343 1996 3391 in
2005 3359 2102 3392 cu-

491 3401 605 3451 buit
641 3403 807 3486 labor.
847 3408 951 3486 ῥῖᾳά
961 3409 1232 3486 delectabit
1247 3413 1536 3486 indulsisse
1554 3413 1842 3486 laboribus,
1861 3415 1910 3464 si
1925 3415 2102 3486 modo,

639 3479 696 3555 ut
720 3477 780 3526 in
803 3477 933 3555 aliis
948 3484 1164 3555 experti
1185 3499 1394 3546 sumus,
1411 3485 1679 3535 malevola:
1694 3491 1891 3535 mentes
1903 3485 2103 3548 vigiliis

489 3548 687 3616 nostris
696 3551 1044 3602 contumelias
1060 3554 1305 3616 reddant,
1319 3556 1368 3605 si
1385 3572 1497 3606 non
1507 3557 1692 3606 studia
1708 3557 1954 3606 obtrectat
1959 3558 1978 3604 i
1981 3557 2106 3606 oni-

489 3614 603 3676 bus,
626 3621 674 3692 et
715 3617 914 3692 labores
944 3614 1371 3677 remunerantur
1392 3628 1635 3678 insidiis.
1663 3628 1880 3679 Novum
1904 3629 2103 3692 quippe

489 3687 648 3772 apud,
661 3705 746 3739 eos
767 3691 932 3772 culpae
945 3711 1111 3772 genus
1126 3697 1388 3772 suaimus.
1414 3700 1588 3772 Aiunt
1605 3700 1755 3749 enim
1777 3687 1942 3772 mihi.
1961 3687 2104 3772 Reli-

493 3767 609 3835 qua
633 3766 900 3835 superius
928 3767 1180 3820 recitavi.
1201 3770 1515 3835 Hucusque
1531 3766 1789 3835 Rufinus,
1809 3769 2102 3834 quiprofe-

491 3831 584 3900 etc
607 3831 681 3883 ob
716 3833 1051 3900 hujusmodi
1077 3841 1384 3894 verborum
1421 3831 1763 3895 sententiam
1779 3831 1861 3894 ab
1896 3831 2103 3894 immiti

492 3899 725 3979 Frusino
750 3899 1026 3972 vapulare
1042 3924 1159 3964 non
1172 3913 1388 3966 debuit.
1409 3915 1580 3966 Miror
1595 3915 1858 3979 amplius.
1872 3926 1990 3966 non
2009 3924 2102 3964 so-

489 3969 611 4056 lum
634 3969 949 4056 Erasmum,
965 3984 1072 4056 sed,
1089 3985 1166 4032 illi
1183 3985 1352 4037 etiam
1365 3969 1814 4050 adstipulan‘tem
1831 3987 2094 4056 Huetiuln,

492 4053 680 4119 Virum
693 4053 1046 4116 caateroquin
1059 4068 1285 4108 summe
1299 4056 1774 4116 laudandum,lib.
1790 4058 1884 4108 III.
1901 4054 2100 4119 cap.II-

494 4115 790 4198 _Sect.._lll.§
813 4159 826 4172 .
858 4115 944 4177 15,
970 4137 1100 4198 pagi.
1126 4125 1249 4198 253.
1286 4128 1343 4178 in
1369 4129 1640 4191 Rufinum
1663 4115 1848 4185 irasci,
1874 4115 2102 4198 qudqu-

493 4186 770 4269 lud'ideln
793 4204 940 4269 opus
963 4186 1096 4269 alibi
1117 4186 1522 4269 decurtaverit,
1536 4199 1672 4250 alibi
1693 4199 1864 4249 etiam
1872 4186 1984 4269 sup
1991 4195 2100 4269 ple-

496 4262 659 4342 verit.
696 4262 987 4342 Et_tamen
1009 4267 1250 4342 Rufinus
1265 4269 1322 4320 in
1345 4269 1677 4342 prologoad
1690 4267 2100 4342 Heracliunidi-

497 4333 694 4383 sertim
728 4333 999 4400 afﬁrmat,
1024 4349 1125 4390 eos
1152 4339 1326 4392 libros
1341 4340 1402 4392 in
1425 4340 1719 4392 codicibus
1742 4338 2098 4392 Bibliotheca

495 4414 641 4473 tum,
665 4415 812 4466 quos
836 4407 958 4470 ipse
981 4411 1290 4470 consuluit.
1318 4411 1494 4463 fuisse
1516 4410 1899 4473 interpolatos,
1927 4412 2095 4462 muti-

493 4472 755 4556 latasque
769 4491 783 4528 :
797 4490 929 4542 quae
945 4485 1036 4556 est
1048 4494 1276 4556 caussa,
1293 4495 1396 4556 cur
1410 4483 1642 4534 eosdem
1654 4472 1775 4545 ipse
1791 4484 2095 4556 contraxe-

494 4547 586 4619 rit,
605 4547 774 4610 atque
803 4552 1166 4616 suppleverit.
1193 4556 1319 4606 Huc
1348 4555 1584 4619 insuper
1606 4553 1846 4606 accessit
1870 4558 2090 4605 votum-

497 4615 735 4691 Heraclii
769 4615 1134 4688 postulantis,
1181 4628 1244 4678 ut
1281 4615 1590 4691 quindecim
1612 4625 1909 4677 volumina
1931 4638 2090 4678 coar-

498 4689 764 4759 ctans,iin
789 4693 1036 4745 mediam
1071 4689 1303 4758 partem
1317 4698 1612 4759 redigeret.
1645 4697 1714 4748 Et
1735 4701 1928 4748 tamen
1950 4697 2095 4746 Era-

497 4771 666 4840 sinus,
685 4758 796 4812 hoc
816 4761 1006 4840 ipsum
1024 4763 1332 4840 addidisse,
1357 4758 1887 4840 impudentissimam
1903 4773 2091 4840 vocat.

498 4828 706 4902 Nescio
734 4843 850 4894 quo
875 4839 1040 4895 pacto
1064 4836 1184 4889 ﬁeri
1201 4828 1466 4902 potuerit,
1483 4839 1549 4890 ut
1563 4837 1854 4889 Johannes
1869 4838 2092 4891 Martia-

498 4910 667 4951 nzeus
681 4899 835 4974 hunc
851 4904 1043 4968 Rufini
1057 4899 1340 4972 prole—gum
1352 4907 1425 4960 ad
1440 4899 1749 4958 Heracliam
1761 4909 2094 4974 Hieronymi

499 4973 963 5054 essecrediderit,
987 4979 1429 5054 cujusepistolis
1453 4979 1525 5032 ab
1551 4993 1614 5032 se
1628 4993 1780 5054 novo
1790 4973 1995 5054 ordine:
2010 4980 2094 5054 di-

495 5043 677 5119 gestis
716 5043 878 5119 illum
893 5046 1133 5102 inseruit
1158 5043 1292 5102 tom.
1317 5052 1410 5104 IV.
1436 5065 1596 5103 num.
1622 5051 1782 5103 CVII.
1805 5063 1936 5116 pag.
1966 5049 2088 5106 808-

495 5111 888 5194 Tillemontius
939 5125 1058 5172 tom
1089 5193 1093 5194 ί
1130 5123 1252 5173 XII.
1289 5134 1418 5194 pag.
1443 5120 1566 5178 308.
1591 5121 1748 5174 hunc
1781 5111 2093 5194 Heracliam

496 5185 729 5238 minime
745 5187 1035 5243 diversum
1047 5193 1119 5244 ab
1137 5185 1388 5244 Heraclio
1403 5194 1644 5244 Diacono
1659 5193 1902 5257 putavit,
1919 5205 2092 5257 quem

494 5261 772 5328 memorat
817 5261 1060 5316 Sanctus
1104 5265 1489 5328 Hieronymus
1540 5264 1600 5316 in
1641 5265 1804 5328 epist.
1847 5263 1906 5315 C.
1950 5263 2125 5315 alias'

496 5327 754 5409 XXXIII.
773 5331 1240 5409 ad_Castrucium.
1266 5327 1590 5409 Verbisipsi
1605 5327 1818 5409 Rufini,
1845 5347 1976 5409 quae
2003 5349 2093 5409 su-

495 5401 814 5480 P?Pi}lsiam
831 5405 980 5480 dedi,
1008 5408 1289 5466 candoris,
1317 5407 1558 5480 pietatis,
1583 5411 1640 5457 et
1654 5405 1954 5480 modestiae
1974 5405 2092 5470 ple-

494 5472 768 5550 nissimis,
783 5476 1220 5550 satissuperque
1235 5479 1454 5528 Erasmi
1467 5490 1711 5550 censura
1725 5475 2014 5550 refellitur,
2029 5487 2093 5536 ut,

493 5539 636 5612 nihil
659 5543 888 5598 interim
906 5539 1091 5600 dicam
1115 5539 1185 5601 de
1209 5551 1421 5610 Huetio,
1443 5548 1540 5612 qui
1573 5547 1794 5596 Erasmi
1830 5560 2090 5600 censuras

495 5609 568 5685 de
591 5624 698 5685 suo
737 5616 913 5678 addit,
951 5633 1069 5672 non
1085 5621 1315 5685 quidem
1331 5609 1673 5672 recentiores
1697 5617 1972 5681 librarios,
1987 5619 2090 5671 sed

496 5681 970 5762 Ryfinun'gipsum
996 5681 1160 5742 suain
1183 5693 1332 5743 hanc
1353 5689 1876 5762 interpretationem
1897 5689 2090 5762 oriae-

495 5758 730 5826 nianam
741 5758 1090 5825 Hieronymo
1107 5762 1496 5826 supposuisse,
1509 5761 1648 5813 dum
1659 5765 1844 5821 astu,et
1857 5759 2086 5826 invidia,

501 5825 566 5876 ut
591 5825 714 5890 ipse
728 5829 824 5890 ait,
843 5832 916 5881 ad
935 5825 1318 5884 declinandam
1347 5833 1478 5896 facti
1507 5832 1778 5884 invidiam
1802 5831 1958 5894 (male
1973 5825 2089 5897 qui-4

1801 310 2045 364 RUFINI
2075 307 2516 361 PRESBYTER]

2118 4575 2174 4651 D

2217 405 2334 454 dem
2365 405 2617 454 audiebat
2651 405 2897 468 Origenis
2934 404 3144 465 nomen)
3178 407 3222 458 et
3267 404 3327 452 in
3359 401 3823 466 Ilieronymuma

2215 493 2321 542 quo
2344 493 2474 542 saepe
2501 477 2824 541 Origenismi
2854 490 3044 526 caussa
3069 476 3372 538 exagitatus
3395 473 3609 537 fuerat,
3634 475 3827 537 ref-un-

2209 551 2461 612 dendam,
2485 565 2681 599 nomen
2717 565 2880 598 suum
2903 565 3014 598 non
3033 547 3305 614 apposuit,
3330 546 3600 595 modestia
3618 549 3826 609 factum

2208 623 2493 684 simulans,
2509 623 2652 686 quod
2669 622 2827 671 malis
2841 621 3047 670 artibus
3062 625 3240 670 actum
3257 625 3387 669 erat.
3402 621 3470 670 In
3482 619 3578 669 his
3599 617 3826 670 diluen-

2209 695 2298 746 dis
2321 695 2491 746 horas
2521 693 2740 746 diutius
2762 707 2879 746 non
2913 697 3118 754 teram,
3145 705 3324 755 quum
3347 691 3474 744 haec
3498 690 3827 755 improvide

2209 766 2419 829 scripta
2472 766 2764 824 recitasse.
2830 765 3029 815 eadem
3073 763 3358 816 refutasse
3407 763 3503 824 sit,
3533 762 3826 826 praecipue

2208 837 2436 900 quando
2453 838 2624 888 etiam
2639 836 2861 900 antiqui
2873 835 3098 887 codices
3115 837 3252 886 Mss.
3268 848 3335 885 su
3344 847 3441 897 pra
3451 833 3697 895 laudati,
3711 847 3826 886 non

2212 909 2551 972 Hieromyni,
2591 909 2692 960 sed
2729 907 2918 969 Rufini
2940 907 3262 972 interpretis
3281 919 3495 958 nomen
3518 905 3821 958 referunt:

2207 982 2264 1032 et
2278 980 2584 1030 Cassiodori
2601 980 2809 1031 diserta
2829 978 3139 1030 auctoritas
3156 990 3276 1042 cap.
3307 979 3450 1029 VIII.
3477 977 3552 1029 de
3585 977 3824 1028 Institu-

2208 1051 2360 1104 tione
2373 1051 2697 1102 divinarum
2709 1050 3000 1101 literarum
3013 1049 3106 1100 his
3119 1049 3310 1101 verbis
3323 1049 3490 1100 nobis
3507 1049 3823 1112 adstipula-

2209 1128 2328 1174 tur:
2377 1123 2675 1186 Epistotam
2703 1123 2778 1171 ad
2809 1123 3083 1171 Romanos
3127 1119 3382 1184 Origenes
3427 1120 3636 1184 viginti
3673 1120 3822 1170 libris

2207 1195 2383 1244 Graeco
2414 1207 2654 1242 sermone
2699 1193 3027 1242 declaravit:
3072 1206 3206 1256 quos
3251 1195 3432 1240 tamen
3463 1191 3825 1256 supradictus

2204 1268 2497 1324 RUFINL'S,
2535 1265 2596 1314 in
2642 1265 2816 1314 decem
2861 1263 3024 1313 libros
3077 1263 3337 1326 redigens,
3382 1262 3571 1312 adhuc
3615 1263 3826 1328 capiose

2206 1337 2480 1387 transtulit
2497 1337 2555 1384 in
2575 1336 2827 1386 latinum.
2852 1335 3000 1398 Quid
3012 1333 3220 1386 clarius
3236 1333 3523 1387 adversus
3539 1334 3823 1387 Huetium

2206 1408 2318 1460 dici
2352 1410 2570 1472 poterat
2600 1411 2628 1459 ‘t
2665 1407 2814 1460 Nihil
2837 1407 3089 1458 omnino.

2269 1482 2388 1531 VII.
2401 1481 2693 1532 Hactenus
2705 1479 2859 1530 dicta
2868 1477 3464 1540 ostendunt,Ruﬂnum
3474 1475 3687 1540 Inique
3697 1489 3820 1541 pro-

2205 1551 2389 1603 scindi
2412 1565 2446 1604 a
2469 1550 2880 1603 recentioribus
2917 1549 3145 1610 criticis,
3189 1548 3419 1612 quando
3442 1547 3512 1610 ei,
3547 1547 3624 1599 de
3649 1547 3822 1601 eccle-

2206 1621 2453 1674 siasticis
2503 1621 2681 1673 literis
2713 1621 2867 1685 apud
2903 1620 3137 1672 Latinos
3168 1617 3439 1684 prmclare
3477 1617 3693 1670 merito
3722 1631 3822 1684 pro

2205 1693 2566 1746 contumeliis
2581 1693 2781 1756 gratias
2800 1691 3108 1744 referendae
3126 1695 3342 1752 essent,
3361 1690 3824 1754 proptereaquod

2205 1765 2253 1827 ej
2265 1779 2331 1816 us
2346 1764 2707 1828 potissimum
2720 1778 2854 1815 cura
2865 1768 2920 1815 et
2935 1763 3128 1814 studio
3144 1767 3271 1826 post
3282 1761 3616 1825 deperditus
3630 1761 3824 1824 Orige-

2202 1837 2406 1888 nianas
2423 1837 2725 1901 plerasque
2741 1835 3188 1895 lucubrationes,
3203 1834 3400 1886 Graece
3419 1833 3696 1897 scriptas,
3713 1833 3825 1884 illa:

2205 1907 2425 1970 saltem,
2451 1920 2596 1971 quas
2621 1908 2742 1971 ipse
2764 1905 3046 1958 latinitate
3076 1904 3332 1964 donavit,
3363 1904 3531 1967 quasi
3552 1903 3822 1968 paucula)

2203 1992 2276 2032 ex
2292 1992 2505 2044 magno
2522 1979 2816 2042 naufragio
2835 1977 3175 2040 superstites
3189 1975 3402 2027 tabulae
3413 1975 3486 2026 ad
3497 1988 3609 2027 nos
3625 1988 3824 2040 perve-

2201 2051 2406 2103 nerint.
2460 2053 2704 2102 Exstant
2752 2049 2987 2114 insuper
3012 2053 3148 2100 tom.
3175 2050 3245 2099 II.
3270 2047 3522 2110 Operum
3547 2047 3820 2110 Origenis

2205 2135 2330 2186 pag.
2357 2121 2478 2176 4‘25.
2505 2121 2766 2172 Homilim
2779 2122 2849 2172 X.
2869 2133 3015 2183 quas
3031 2124 3232 2171 auctor
3247 2119 3511 2170 editionis
3525 2118 3818 2179 Erasmus,

2202 2206 2264 2247 se
2287 2207 2358 2246 ex
2375 2193 2545 2244 variis
2570 2193 2710 2244 locis
2730 2192 2790 2244 in
2804 2205 2984 2243 unum
3001 2191 3298 2254 collegisse
3313 2192 3574 2242 testatur.
3594 2191 3667 2240 In
3685 2203 3816 2241 cen-

2202 2279 2353 2328 sura,
2385 2268 2627 2326 quasdam
2651 2278 2781 2316 esse
2805 2265 2902 2324 ait,
2935 2279 3047 2313 non
3077 2264 3338 2325 Origenis,
3363 2263 3452 2311 sed
3477 2263 3733 2310 hominis
3751 2261 3819 2310 ta-

2203 2338 2324 2399 tini,
2349 2337 2587 2400 reliquas
2612 2352 2646 2386 a
2671 2337 2868 2395 Ruﬁno
2893 2336 3235 2400 impudenter
3253 2334 3682 2384 contaminatas.
3711 2332 3820 2386 Sed

2201 2421 2466 2472 quamam
2493 2409 2627 2466 sint,
2653 2407 2992 2470 neutiquam
3020 2405 3223 2470 prodit.
3243 2406 3327 2457 Ex
3343 2404 3434 2455 his
3450 2406 3492 2456 Ι.
3511 2405 3607 2456 III.
3629 2405 3734 2456 IV.
3753 2405 3817 2456 V.

2201 2482 2293 2532 VI.
2314 2482 2455 2532 VIII.
2471 2483 2528 2531 et
2549 2481 2646 2530 IX.
2678 2484 2818 2531 sunt
2841 2479 2901 2530 in
2918 2479 3262 2538 Matthteum;
3286 2478 3353 2528 II.
3379 2475 3442 2528 in
3461 2476 3818 2536 Johannem;

2200 2553 2270 2604 Χ.
2303 2553 2392 2603 est
2415 2551 2486 2602 de
2509 2551 2691 2600 Maria
2721 2550 3037 2613 Magdelena
3057 2564 3075 2609 ,'
3097 2549 3242 2600 VIII.
3271 2553 3360 2600 est
3387 2546 3458 2598 de
3481 2547 3818 2612 Epiphania

2198 2624 2436 2673 Domini.
2477 2624 2556 2674 Ne
2590 2622 2728 2685 quid
2755 2626 3104 2686 praeteream,
3129 2619 3424 2671 Johannes
3445 2619 3733 2679 Dallaeus,
3760 2624 3816 2672 et

2199 2695 2382 2746 David
2407 2693 2750 2753 Blondellus,
2768 2695 2928 2756 Ruﬁn
2939 2707 3031 2740 um
3043 2691 3306 2754 Origenis
3319 2703 3549 2754 quoque
3565 2694 3817 2738 Humilia-

2199 2778 2328 2816 rum
2351 2765 2411 2815 in
2431 2766 2634 2814 Lucam
2649 2765 3009 2829 interpretem
3046 2763 3286 2823 faciunt;
3314 2761 3413 2812 sed
3451 2764 3703 2824 uterque
3731 2776 3818 2814 re-

2198 2836 2409 2888 fellitur
2438 2849 2472 2888 a
2504 2837 2806 2888 Pearsonio
2840 2837 2900 2887 in
2937 2835 3208 2886 Vindiciis
3233 2833 3545 2897 Ignatianis
3571 2835 3744 2885 Parte
3775 2836 3812 2886 Ι.

2197 2921 2319 2972 cap.
2360 2908 2456 2958 IX.
2502 2921 2629 2971 pug.
2678 2906 2798 2962 118.
2847 2906 2978 2958 Ilias
3015 2907 3168 2958 enim
3211 2905 3379 2956 vertit
3415 2905 3812 2969 Hieronymus,

2198 2992 2529 3042 quanquam
2553 2979 2612 3030 in
2636 2979 2759 3030 cod.
2781 2977 2865 3032 65-
2890 2979 3161 3030 Vaticano
3177 2977 3466 3036 Urbinate,
3491 2976 3698 3037 Ruﬁno
3717 2977 3815 3028 tri-

2204 3051 2473 3101 buuntur.
2503 3051 2550 3100 Η
2558 3050 2646 3100 nic
2669 3049 2748 3101 rei
2773 3049 2956 3099 fusius
2973 3047 3257 3099 immorari
3277 3062 3376 3095 non
3393 3052 3816 3110 opusest,quan-

2203 3121 2513 3184 doquidem
2532 3122 2916 3182 Hieronymus
2943 3119 3370 3171 translationem
3394 3131 3493 3182 pro
3512 3131 3622 3170 sua
3637 3132 3815 3183 agno.

2205 3193 2328 3252 scit,
2355 3194 2602 3255 Ruﬁnus,
2622 3197 2687 3244 ut
2707 3191 3226 3256 Hieronymianam,
3251 3189 3458 3255 carpit;
3473 3190 3633 3255 quod
3655 3192 3815 3244 Pear-

2203 3264 2367 3317 sonio
2394 3267 2657 3316 accurate
2672 3264 3069 3317 observatum.

2790 3379 3022 3431 CAPUT
3067 3377 3214 3430 VIII.

2200 3487 2242 3538 Ι.
2295 3486 2527 3549 Ruﬁnus
2555 3486 2750 3536 Basilii
2790 3487 2981 3550 Magni
3010 3485 3281 3536 Homilias
3313 3488 3446 3546 octo,
3480 3486 3527 3533 et
3559 3483 3810 3545 Gregorii

2294 3557 2628 3608 Nazianzeni
2671 3558 2843 3608 decem
2885 3557 3146 3622 opuscula
3188 3555 3255 3606 ab
3299 3571 3351 3605 se
3383 3554 3550 3604 latine
3571 3555 3808 3615 reddita,

2294 3629 2618 3694 Aproniano
2632 3630 2687 3678 in
2695 3630 2897 3680 scribit.
2912 3633 2971 3682 II.
2985 3627 3270 3679 Nonnulla
3282 3627 3343 3677 de
3355 3626 3440 3677 his
3453 3627 3811 3689 Gregorianis

2293 3700 3161 3766 lucubrationibusprofcruntur.I
3170 3700 3468 3754 ILRuﬁnus
3480 3697 3633 3748 Sixti
3643 3700 3808 3748 etiam

2294 3772 2644 3836 Pythagorici
2653 3774 2938 3822 sententias
2949 3774 3008 3821 in
3023 3772 3154 3822 latin
3163 3786 3258 3820 um
3267 3785 3554 3820 sermonen
3571 3770 3805 3819 transla-

2293 3847 2372 3892 tas
2387 3843 2459 3891 ad
2479 3847 2823 3906 Apronianum
2848 3844 3026 3904 mittit,
3052 3845 3275 3909 Ayamte
3293 3840 3468 3892 sorori
3489 3841 3804 3893 donandus.

2294 3915 2386 3966 IV.
2407 3914 2552 3964 Sixti
2564 3919 2706 3974 aetas,
2729 3915 2938 3979 religio,
2961 3919 3006 3965 et
3035 3915 3270 3979 pretium
3288 3911 3441 3978 apud
3452 3913 3718 3976 antiquos
3742 3914 3805 3963 V.

2291 3985 2523 4048 Ruﬁnus
2537 3985 2598 4034 ob
2611 3986 2754 4036 Sixti
2771 3987 3177 4036 translationem
3193 3985 3335 4035 male
3347 3982 3583 4046 habitus,
3597 3999 3716 4032 non
3733 3989 3808 4032 ta-

2292 4069 2414 4104 men
2443 4063 2719 4120 superstes.
2751 4058 2843 4108 VI.
2881 4057 2992 4107 Cur
3023 4055 3278 4106 Sixlinus
3313 4054 3446 4105 liber
3468 4069 3503 4104 a
3525 4053 3742 4104 Gelasio
3766 4055 3804 4105 Ι.

2291 4126 2510 4190 rejectus
2531 4127 2674 4176 inter
2692 4129 3028 4192 apocrypha.
3053 4129 3128 4180 De
3151 4143 3208 4176 eo
3225 4127 3509 4176 variorum
3531 4126 3807 4174 sententias

2290 4193 2555 4260 expositae.
2574 4199 2692 4249 VII.
2729 4199 2874 4250 Sixti
2891 4199 3075 4249 dictaa
3101 4199 3294 4249 Graecis
3319 4197 3527 4262 passim
3542 4195 3804 4246 adducta.

2290 4267 2474 4317 Etiam
2489 4283 2525 4317 α
2547 4269 2774 4327 Latinis,
2788 4271 2932 4323 VIII.
2957 4271 3092 4335 Ejus
3114 4270 3330 4330 codices,
3347 4273 3509 4331 atque
3525 4267 3800 4316 editiones.

2259 4339 2300 4390 Ι.
2331 4339 2580 4403 Ruﬁnus,
2603 4341 2776 4403 quiin
2799 4343 2948 4394 Urbe
2977 4341 3211 4404 degens,
3237 4338 3498 4404 Origenis
3523 4337 3806 4389 Homilies

2196 4406 2254 4459 In
2269 4409 2546 4474 Psalmos,
2579 4412 2887 4474 Aproniani
2912 4417 3137 4476 rogatu,
3163 4412 3368 4464 latinas
3391 4411 3619 4467 fecerat,
3648 4414 3806 4472 post-

2196 4480 2432 4531 modum
2449 4482 2490 4530 A
2501 4482 2709 4546 quilejte
2724 4485 3100 4544 constitutus,
3117 4483 3174 4536 in
3187 4483 3426 4534 aliorum
3439 4480 3617 4531 etiam
3637 4480 3804 4530 inter-

2198 4553 2611 4615 pretationibus
2627 4555 2922 4614 laboravit,
2937 4559 3002 4606 ut
3014 4555 3089 4606 ab
3099 4554 3299 4606 eodem
3313 4551 3669 4605 amicissimo
3681 4550 3802 4601 viro

2197 4623 2438 4684 gratiam
2455 4623 2639 4676 iniret.
2661 4627 2725 4677 In
2739 4625 2831 4676 his
2848 4626 3030 4689 primo
3055 4625 3178 4676 loco
3193 4627 3584 4676 memorantur
3598 4621 3802 4674 Homi-

2191 4693 2286 4747 lim
2325 4695 2465 4746 VIII.
2503 4696 2693 4748 Sancti
2721 4697 2909 4748 Basilii
2935 4697 3318 4750 Cassareensis
3340 4692 3626 4759 Episcopi,
3652 4705 3799 4756 quas

2193 4765 2346 4817 idem
2361 4767 2602 4819 Ruﬁnus
2626 4767 2770 4820 libro
2800 4770 2895 4820 XI.
2920 4769 3068 4821 Hist.
3094 4780 3217 4821 sum
3236 4764 3651 4819 Ecclesiasticm
3673 4776 3798 4828 cap.

2191 4838 2272 4889 IX
2289 4840 2546 4898 testatur,
2563 4853 2624 4890 se
2647 4840 2706 4892 in
2730 4838 2975 4893 latinum
2999 4840 3266 4893 vertisse:
3297 4839 3386 4888 Ex
3419 4835 3616 4902 quibus
3643 4836 3800 4900 (Gre-

2191 4911 2332 4974 gorii
2354 4914 2412 4962 et
2435 4910 2624 4962 Basilii
2641 4913 3046 4975 monumentis)
3062 4927 3160 4962 nos
3177 4921 3372 4963 unus
3384 4909 3552 4972 ferme
3561 4907 3686 4970 sing
3695 4907 3802 4956 uto-

2191 4996 2317 5030 rum
2331 4983 2704 5033 oratiunculas
2715 4984 3115 5046 transfudi-mus
3128 4984 3188 5033 in
3201 4978 3656 5032 latinum.Basilii
3668 4993 3799 5043 prx-

2192 5057 2330 5102 terea
2353 5053 2603 5103 Instituta
2638 5055 3052 5105 monachorum.
3097 5055 3192 5106 Ait
3222 5054 3387 5104 denas
3409 5062 3630 5110 FBRMR,
3661 5050 3799 5114 quia

2189 5124 2356 5173 denas
2375 5125 2605 5186 quidem
2628 5125 2984 5186 Nazianzeni,
3005 5125 3107 5178 sed
3133 5127 3307 5174 Basilii
3327 5127 3438 5174 octo
3463 5129 3650 5171 tantum
3679 5133 3798 5173 ora-

2191 5194 2375 5246 tiones
2403 5195 2463 5246 in
2485 5195 2726 5248 latinum
2745 5197 3143 5249 transfuderat.
3169 5197 3436 5249 Labbeus
3462 5195 3524 5245 in
3545 5194 3707 5244 tomo
3730 5193 3795 5244 II.

2189 5265 2261 5317 de
2277 5266 2656 5329 Scriptoribus
2682 5267 3094 5320 Ecclesiasticis
3119 5281 3246 5332 pag.
3275 5266 3396 5322 310.
3429 5268 3489 5318 et
3510 5276 3584 5317 ex
3611 5275 3680 5314 eo
3704 5263 3799 5314 Ga-

2189 5350 2354 5399 veus,
2370 5339 2681 5402 generatim
2700 5338 3254 5402 dumtaxatloquuti,
3267 5335 3534 5388 nonnulla
3547 5349 3583 5383 α
3599 5335 3796 5396 Ruﬁ-no

2190 5423 2338 5456 versa
2354 5408 2414 5456 in
2438 5409 2681 5471 antiquis
2696 5409 2946 5472 Operum
2968 5411 3157 5461 Basilii
3172 5415 3228 5461 et
3246 5405 3588 5460 Nazianzeni
3607 5405 3794 5454 latinis

2187 5479 2250 5528 ed
2257 5479 2272 5525 ἰ
2279 5479 2510 5528 tionibus
2521 5480 2745 5543 reperiri
2760 5479 3130 5533 tradiderunt.
3150 5481 3338 5533 Basilii
3357 5485 3568 5538 tamen,
3587 5481 3796 5540 praeter

2187 5549 2461 5612 Regulam
2477 5552 2911 5613 monachorum,
2930 5565 3036 5615 ego
3049 5553 3190 5604 nihil
3205 5552 3500 5614 vulgatum
3517 5563 3584 5598 ex
3605 5546 3795 5598 Ruﬁni

2190 5620 2450 5672 versione
2493 5621 2732 5684 reperire
2767 5623 2950 5686 potui.
2994 5623 3098 5674 Sed
3139 5623 3488 5674 Bibliotheca
3513 5619 3791 5670 Vaticana

2187 5691 2615 5742 membraneum
2633 5693 2885 5744 codicem
2902 5695 3232 5746 Urbinatem
3250 5693 3338 5748 67.
3354 5692 3490 5742 mihi
3517 5688 3791 5742 submini-

2187 5762 2410 5820 stravit.
2441 5763 2541 5814 ubi
2564 5763 2656 5816 l‘ol.
2681 5763 2802 5821 201.
2829 5765 3096 5818 ΙΙοωὶιὶω
3120 5765 3265 5816 VIII.
3297 5762 3601 5815 Basilianas
3629 5773 3665 5812 a
3687 5762 3793 5811 Ru-

2189 5833 2303 5887 tlno
2319 5844 2615 5890 conversa
2631 5849 2766 5890 cum
2784 5837 3021 5901 Prologo
3035 5835 3108 5890 ad
3125 5835 3514 5901 Apronianum
3533 5835 3790 5896 leguntur.
