3894 6400
65 335 186 391 189

1321 335 1515 388 VITA.
1554 333 1688 386 LIB.
1724 333 1796 387 II.
1834 333 1988 386 CAP.
2026 334 2170 386 VIII.

3311 329 3414 388 190

65 437 226 489 Haec
242 438 456 508 postea
475 432 740 489 Julianus
755 436 1062 491 Gamerius
1073 448 1145 489 ex
1162 434 1454 488 codicibus
1467 433 1625 500 regio
1640 437 1697 508 et

1805 441 1978 494 latine
2003 431 2392 508 superstitem,
2411 441 2768 494 Nazianzeno
2783 440 3076 506 abjudicat
3099 454 3112 491 :
3139 451 3253 503 qua
3277 437 3338 490 in
3352 447 3415 490 re

65 507 424 561 Colbertino
451 509 719 573 vulgavit
740 509 969 562 Parisiis
995 511 1060 561 A.
1088 510 1150 560 D.
1172 508 1330 565 1722.
1345 521 1479 561 cum
1505 506 1700 579 Operi-_-
1727 506 1743 508 ἡ
1757 506 1783 508 ”
1805 506 2238 579 suffragatorem
2251 514 2523 567 adsciscit
2538 513 2888 566 Fridericum
2901 511 3200 566 Morellum
3217 515 3349 560 tomo
3364 510 3412 579 I.

65 581 195 632 bus
249 579 453 632 Sancti
504 581 697 633 Basilii
728 583 882 634 tomo
932 583 1000 634 II.
1039 580 1167 646 pag.
1215 580 1338 636 713.
1369 581 1608 632 Rufinus
1631 577 1705 631 ad

68 653 496 718 Apronianum
529 651 590 704 in
609 653 839 718 prologo
851 654 976 707 haec
1000 653 1224 706 scribit:
1253 653 1455 717 Aliqua
1480 653 1539 701 in
1575 651 1704 701 lali-

69 739 225 773 num
268 723 406 773 verti
431 735 579 776 OLIM
601 741 932 790 poposceras,
955 725 1274 790 Aproniam:
1295 725 1375 789 ﬁli
1391 725 1664 774 carissime
1689 739 1705 775 :

69 796 237 863 quod
272 801 322 846 et
346 811 414 846 ea:
443 803 597 860 parte
621 798 813 862 aliqua
841 797 942 862 feci
965 797 1027 847 in
1060 799 1308 862 praesenti
1332 799 1466 847 dum
1491 797 1551 846 in
1584 796 1709 848 urbe

70 883 251 920 essem
268 883 284 918 :
301 869 394 918 sed
414 874 460 918 et
475 885 626 920 nunc
649 870 1000 934 aliquantum
1025 870 1216 918 addidi
1241 880 1415 922 OCTO.
1432 885 1554 934 ergo
1572 869 1706 918 beati

71 941 288 992 Basilii
301 941 476 990 breves
500 943 625 990 istos
653 941 976 991 homeliticos
995 941 1250 990 transtuli
1280 941 1494 993 libellos.
1513 942 1708 994 Procul

70 1014 152 1066 ab
178 1014 343 1066 Urbe
365 1013 494 1065 haec
516 1013 740 1078 scripsit
763 1013 1028 1076 Rufinus,
1062 1026 1266 1078 nempe
1289 1013 1348 1066 in
1372 1013 1569 1078 patria.
1587 1014 1706 1064 Octo

71 1097 247 1149 ergo,
273 1097 397 1136 non
421 1085 594 1134 decem
629 1084 817 1136 Basilii
839 1085 1120 1141 homilias,
1145 1085 1451 1137 transtulit.
1472 1085 1708 1137 Saeculis

73 1157 302 1208 Rufino
327 1155 744 1220 posterioribus
773 1157 913 1207 dum
937 1155 1091 1220 apud
1115 1157 1346 1208 Latinos
1371 1156 1497 1208 haec
1520 1154 1708 1208 Basilii

76 1229 314 1292 scripta
338 1227 664 1288 laudantur,
691 1240 760 1280 ea
774 1241 846 1280 ex
870 1229 1059 1291 Ruﬁni
1074 1229 1334 1281 versione
1349 1227 1588 1290 laudari,
1604 1225 1707 1279 mi-

76 1300 257 1352 nime
281 1299 508 1352 dubito.
541 1301 626 1351 Ita
640 1298 1304 1364 Origenem,Eusebium,
1333 1301 1597 1352 Nicaanos
1613 1311 1710 1351 ca-

75 1383 302 1432 nones,
322 1371 766 1431 Nazianzenum,
786 1371 1057 1436 Xystum,
1076 1372 1394 1435 pariterque
1406 1371 1591 1424 Basilii
1610 1373 1711 1422 Re-

77 1443 282 1508 gulas,
299 1456 374 1494 ex
389 1443 580 1506 Ruﬁni
597 1443 1070 1495 translationibus
1085 1443 1301 1508 passim
1324 1443 1561 1508 laudari,
1586 1456 1710 1495 ma-

79 1514 373 1566 nifestum
387 1519 478 1566 est
508 1516 576 1565 In
595 1526 748 1566 nova
761 1513 1008 1566 editione
1028 1515 1278 1578 Operum
1297 1515 1490 1566 Sancti
1507 1517 1709 1580 Augu-

83 1586 234 1638 stini
248 1591 385 1651 post
398 1585 628 1638 initium
645 1585 783 1638 tomi
807 1586 902 1636 IV.
921 1590 1115 1637 exstat
1139 1587 1330 1637 Sancti
1350 1585 1539 1638 Basilii
1561 1599 1710 1651 prie-

81 1657 235 1710 fatio
257 1658 335 1710 ad
353 1658 839 1710 Commentarium
856 1657 916 1709 in
934 1656 1212 1720 Psalmos,
1229 1659 1365 1710 olim
1381 1661 1587 1710 Sancto
1602 1659 1711 1709 Au-

81 1730 339 1794 gustino
354 1731 650 1785 attributa,
669 1742 843 1793 quam
863 1741 1034 1782 novm
1055 1729 1323 1782 editionis
1347 1731 1711 1782 auctoresin-

84 1802 336 1867 terpreti
351 1803 549 1864 Ruﬁno
563 1801 972 1862 transcribunt,
986 1801 1141 1864 quod
1156 1802 1273 1852 fieri
1289 1803 1452 1854 video
1465 1803 1634 1854 etiam
1651 1801 1708 1852 in

83 1875 297 1926 codice
308 1873 678 1925 Bibliotheca:
688 1873 947 1924 Thuanaa
958 1875 1096 1924 tom.
1110 1875 1170 1924 li.
1187 1886 1312 1936 pag.
1328 1872 1448 1928 456.
1465 1876 1604 1926 Haec
1615 1876 1704 1925 est

84 1945 356 2012 praefatio
367 1945 632 1997 Homilim
643 1947 681 1995 I.
696 1943 885 1996 Sancti
899 1944 1107 2004 Basilii,
1121 1957 1153 1994 a
1165 1947 1342 1993 Iluﬁno
1353 1947 1507 1994 latine
1525 1951 1704 1996 trans-

86 2019 368 2068 latazeam
379 2016 492 2082 pias
505 2015 797 2068 memorias
810 2015 1123 2066 Cardinalis
1137 2015 1480 2067 Thomasius
1495 2029 1706 2080 prtepo-

91 2089 218 2140 suit
237 2089 474 2152 utrique
509 2087 764 2139 Psalterii
797 2087 1033 2138 editioni
1057 2089 1094 2138 l.
1128 2091 1185 2139 et
1213 2090 1272 2138 ΙΙ.
1298 2101 1427 2152 pag.
1454 2087 1516 2142 11
1540 2093 1597 2139 et
1613 2087 1696 2142 43.

159 2163 301 2212 Post
323 2159 600 2211 Basilium
623 2159 879 2224 proxime
903 2158 1121 2210 accedit
1146 2159 1436 2223 Gregorius
1456 2159 1704 2209 Nazian-

88 2247 278 2291 senas,
298 2232 490 2294 Hujus
520 2228 778 2294 apuscula
817 2230 889 2281 ab
921 2243 982 2281 se
1005 2229 1281 2281 latinitate
1297 2231 1522 2290 donata,
1551 2233 1704 2293 Ruﬁ-

87 2319 202 2354 nus
219 2305 552 2369 Aproniano
567 2315 673 2354 suo
695 2301 903 2367 pariter
924 2303 1301 2366 nuncupavit,
1323 2304 1596 2367 quivorim
1615 2304 1705 2356 in-

87 2376 568 2439 terpretationem
585 2375 658 2426 ab
676 2375 878 2425 amico.
897 2373 1204 2436 Aquilejam
1217 2375 1464 2426 abeunte
1482 2376 1704 2439 flagita.

89 2451 279 2510 verat,
303 2448 430 2512 ipso
452 2447 652 2510 Rufino
677 2449 824 2498 teste
847 2445 907 2496 in
931 2444 1188 2509 epistola,
1217 2458 1350 2508 quae
1375 2447 1703 2511 Apologeti—

90 2532 234 2572 cum
257 2518 440 2583 praeit,
467 2519 566 2570 ubi
591 2517 674 2568 sic
693 2517 1081 2581 Apronianum
1108 2517 1444 2580 alloquitur:
1474 2519 1702 2581 Proﬁci-

88 2591 262 2640 scenti
284 2590 510 2640 mihiea:
537 2589 670 2638 Urbe
686 2603 1006 2652 magnopere
1021 2587 1358 2652 injungebas,
1385 2589 1465 2652 ﬁli
1484 2591 1704 2639 carissi-

89 2677 198 2722 me,
223 2668 284 2711 ut
308 2663 422 2727 tibi,
448 2663 635 2711 absens
651 2675 876 2726 quoque,
895 2659 1110 2723 aliquid
1125 2661 1300 2725 operis
1316 2661 1699 2726 impendere-m,

91 2749 190 2782 nec
211 2748 311 2782 nos
334 2748 370 2780 a
393 2733 654 2782 consuetis
681 2731 874 2782 studiis
909 2732 1186 2780 necessitas
1207 2747 1333 2781 meae
1359 2733 1704 2796 profectionis

92 2804 381 2854 inhiberet.
405 2805 615 2856 Petebas
646 2805 967 2868 Gregorium
991 2803 1295 2852 Nasianzen
1307 2820 1400 2852 um
1416 2805 1510 2854 tibi
1533 2806 1592 2855 in
1625 2806 1704 2856 la-

96 2877 281 2926 tinum
303 2877 456 2928 verti.
473 2879 559 2928 Ita
575 2878 826 2940 Ruﬁnus,
851 2875 948 2939 qui
969 2874 1029 2926 in
1046 2875 1298 2928 Historia
1321 2877 1486 2926 denas
1501 2880 1704 2943 Grego-

95 2948 166 3000 rii
186 2949 583 3012 oratiunculas,
599 2952 664 3000 ut
674 2949 793 3011 jam
809 2946 947 2998 dixi.
967 2959 1029 2998 se
1045 2946 1358 2999 inlatinum
1381 2961 1702 3002 sermonem

95 3019 484 3072 transfudisse
511 3019 870 3072 memoravit.
915 3018 1034 3069 Has
1077 3018 1374 3071 Johannes
1406 3019 1702 3084 Adelphus

96 3091 393 3156 Mulingus
424 3092 601 3144 edidit
636 3089 966 3156 Argentinm
1001 3091 1070 3141 A.
1108 3091 1176 3141 D.
1205 3089 1360 3144 1508.
1393 3091 1503 3144 hoc
1538 3093 1702 3146 titulo

97 3169 448 3260 ptas-notatas
475 3182 487 3213 :
517 3165 600 3247 Hi.
623 3170 748 3214 sunt
772 3163 831 3212 in
859 3163 956 3212 hoc
978 3162 1150 3213 codice
1175 3161 1336 3213 libelli
1351 3175 1407 3216 x.
1433 3165 1546 3216 divi
1569 3167 1701 3216 Gre-
1730 3183 1780 3260 Ο

92 3237 241 3302 gorii
266 3236 616 3287 Nazianzeni.

160 3309 210 3364 1.
245 3309 618 3373 Apologeticus
645 3309 775 3360 liber
799 3309 839 3360 I.

155 3378 211 3434 2.
247 3379 321 3430 De
353 3381 706 3446 Epiphaniis,
731 3381 838 3430 sive
855 3377 1036 3429 natali
1052 3377 1290 3430 Domtni.

160 3450 211 3508 3.
247 3451 322 3502 De
356 3451 676 3516 luminibus,
699 3451 844 3518 quod
875 3455 946 3501 est
969 3451 1216 3501 secundis
1239 3451 1570 3517 epiphaniis.

161 3523 211 3578 4.
247 3524 322 3574 De
357 3524 482 3574 Fide
505 3524 634 3574 liber
657 3525 703 3575 1.

161 3593 215 3650 5.
249 3595 323 3645 De
355 3596 579 3646 Nicena
600 3597 744 3658 Fide,
764 3597 825 3646 de
845 3595 1142 3647 Pentecoste
1155 3600 1202 3645 et
1239 3595 1453 3661 Spiritu
1483 3595 1696 3649 Sancto.

161 3666 212 3723 6.
248 3667 322 3718 De
353 3669 624 3733 semetipso
648 3685 714 3718 ex
737 3684 870 3732 agro
892 3681 1114 3719 reverso.

161 3737 211 3792 7.
249 3738 321 3788 De
344 3739 498 3789 dictis
527 3740 824 3802 Hieremiae,
855 3744 1110 3804 prasente
1140 3738 1480 3804 Imperatore.

159 3809 212 3863 8.
245 3810 318 3860 De
349 3811 778 3861 reconciliatione
801 3817 846 3860 et
863 3811 1070 3861 unitate
1092 3811 1504 3861 monachorum.

157 3879 209 3936 9.
245 3882 318 3932 De
349 3883 642 3947 grandinis
664 3883 981 3935 uastatione.

123 3952 214 4010 10.
248 3953 322 4006 De
353 3955 599 4018 Arianis,
628 3956 774 4020 quod
793 3970 906 4004 non
922 3955 1074 4006 liceat
1105 3969 1312 4020 semper
1332 3957 1378 4004 et
1406 3951 1610 4019 publice
1633 3955 1696 4004 de

355 4028 462 4079 Deo
494 4028 821 4078 contendere.

97 4097 172 4150 Hi
209 4096 396 4160 libelli,
425 4113 529 4152 seu
563 4101 756 4166 potius
799 4098 1190 4164 orationes,'in
1213 4103 1353 4152 tom.
1378 4099 1416 4149 Ι.
1447 4098 1696 4164 Operum

93 4170 431 4223 Nazianzeni
465 4171 731 4224 editionis
768 4171 1102 4224 Parisiensis
1145 4171 1207 4222 G.
1258 4173 1318 4222 L.
1365 4170 1502 4222 anni
1535 4169 1694 4235 1630,

93 4243 248 4307 apud
283 4243 543 4296 Carolum
585 4242 900 4306 Morellum,
945 4251 1077 4296 sunt
1124 4245 1165 4294 Ι.
1204 4243 1323 4294 XII.
1368 4243 1491 4294 XV.
1519 4243 1694 4294 XVII.

95 4314 351 4367 XXVIII.
392 4317 652 4368 XXXIII.
692 4316 1004 4368 XXXVIII.
1039 4316 1302 4367 XXXIX.
1330 4316 1524 4366 XLIV.
1551 4320 1608 4368 et
1632 4316 1694 4366 L.

97 4399 226 4452 Pati.
257 4385 307 4441 1.
346 4386 466 4442 190.
491 4386 614 4442 224.
650 4385 772 4442 265.
800 4385 922 4441 472.
959 4385 1081 4442 529.
1120 4385 1243 4442 613.
1279 4385 1400 4442 624.
1423 4385 1542 4442 705.
1572 4387 1694 4442 727.

97 4458 220 4513 736.
245 4470 358 4510 non
383 4460 578 4512 tamen
594 4461 818 4514 Rufino.
839 4459 940 4510 sed
958 4460 1172 4511 Jacobo
1190 4458 1348 4510 Billio
1371 4459 1695 4522 interprete.

98 4531 180 4580 Ex
199 4529 288 4580 his
326 4529 442 4581 falli
485 4535 712 4582 constat
733 4530 1028 4582 Julianum
1051 4531 1386 4582 Garnerium
1411 4531 1472 4582 in
1492 4532 1697 4594 prmia-

99 4601 402 4689 t'ipnetomi
418 4602 500 4684 ΙΙ..
513 4603 762 4685 Operum
787 4601 980 4684 Sancti
1000 4601 1331 4689 Basilii‘pag.
1351 4601 1557 4689 87'.”ubi
1577 4602 1656 4689 ait
1682 4623 1694 4654 :
1714 4615 1771 4689 D

99 4673 267 4724 Hodie
288 4689 457 4738 neque
479 4674 541 4723 in
562 4675 836 4739 impressis
852 4690 1022 4739 neque
1036 4675 1097 4724 in
1121 4675 1378 4724 veteribus
1403 4673 1552 4724 libris
1569 4675 1694 4739 plus

106 4751 294 4810 septem
334 4753 430 4794 aut
467 4751 578 4796 octo
605 4751 836 4799 exstare
854 4747 1192 4798 Nazianzeni
1207 4747 1525 4804 Orationes.
1542 4748 1694 4799 aRu-

101 4818 214 4869 tino
239 4829 570 4870 conversas.
599 4819 666 4870 In
690 4819 802 4871 fine
827 4819 1092 4870 editionis
1112 4819 1548 4884 Argentinensis
1568 4818 1695 4870 haec

101 4893 373 4952 prostant.
419 4889 658 4955 Explicil
693 4889 824 4940 liber
856 4891 1008 4940 Beati
1055 4891 1300 4955 Gregorii
1343 4890 1690 4951 Nasiansc-ni,

102 4960 390 5010 translatus
416 4976 453 5011 a
467 4962 706 5025 quodam
727 4962 944 5026 Ruﬁno,
973 4961 1262 5028 impressus
1278 4963 1588 5026 Argcnlina!
1599 4976 1696 5026 per

99 5033 406 5085 Johannem
442 5033 755 5086 Knoblouch
793 5049 944 5084 anno
988 5035 1214 5085 Domini
1242 5035 1346 5085 MD
1360 5035 1494 5086 VIII.
1535 5034 1595 5084 in
1619 5033 1691 5088 4ο.

101 5104 370 5157 Editionis
391 5111 592 5158 auctor
622 5107 900 5171 Adetphus
923 5105 1131 5158 librum
1156 5107 1307 5159 dicat
1329 5105 1566 5170 Georgio
1590 5106 1698 5158 Βοο

99 5176 246 5236 hem,
263 5176 632 5241 Moguntinae,
653 5181 707 5228 et
721 5177 970 5229 Johanni
981 5177 1300 5242 Flamingo,
1319 5177 1698 5242 ROppardien-

98 5249 175 5299 sis
210 5248 578 5300 ecclesiarum
611 5247 983 5314 presbyteris,
1007 5250 1220 5312 quibus
1248 5251 1432 5314 palam
1463 5249 1596 5301 facit
1627 5260 1692 5301 se

99 5319 339 5372 Johanni
360 5319 662 5372 Francisco
687 5321 833 5382 Pico,
860 5321 1196 5373 Mirandulm
1219 5319 1441 5380 Comiti,
1459 5319 1704 5373 necessi.

101 5391 288 5443 tudine
307 5391 595 5456 junctum,
617 5405 794 5458 seque
820 5392 1030 5456 scripta
1044 5393 1232 5456 Ruﬁni
1248 5392 1508 5445 iniucem
1537 5394 1695 5455 ferre,

101 5476 168 5514 ne
192 5464 424 5515 tandem
459 5470 712 5528 pereant.
751 5465 1038 5527 Labbeus,
1077 5469 1144 5518 ut
1166 5465 1435 5525 vidimus,
1462 5465 1602 5516 nihil
1627 5463 1698 5514 de

99 5538 201 5590 hac
243 5535 443 5596 Rufini
480 5535 726 5588 editione
763 5535 1059 5600 speciatim
1102 5537 1327 5600 proruit,
1367 5536 1468 5588 sed
1499 5550 1602 5588 nec
1627 5535 1698 5588 de

100 5609 267 5660 altera
289 5620 466 5672 quam
483 5620 617 5658 cum
642 5609 767 5660 aliis
785 5607 1123 5660 Nazianzeni
1141 5609 1413 5672 operibus
1433 5622 1502 5658 ex
1527 5608 1700 5659 inter-

103 5679 406 5745 pretatione
431 5679 576 5728 Petri
606 5679 908 5738 Mosellani,
934 5683 992 5730 et
1033 5679 1292 5728 Bilibaldi
1326 5679 1696 5740 I’irckcimm-i,

101 5751 247 5804 dedit
275 5751 487 5815 Lipsiae
524 5752 590 5802 A.
642 5752 702 5802 D.
757 5749 915 5805 1522.
945 5750 1004 5802 in
1043 5749 1118 5804 8°.
1157 5751 1262 5801 Hic
1307 5763 1413 5802 nos
1442 5754 1699 5815 moratur

103 5825 278 5875 Petrus
307 5813 623 5873 l‘i‘anciscus
659 5823 960 5887 Chi/letius,
992 5823 1087 5886 qui
1111 5822 1170 5874 ln
1199 5823 1476 5874 Vindiciis
1507 5813 1700 5887 Vigilii

103 5899 400 5965 Tapsensis
417 5910 549 5964 pag.
574 5895 660 5952 57.
679 5903 938 5962 quartum
953 5894 1214 5950 libellum
1230 5896 1291 5947 de
1310 5895 1453 5957 Fide,
1473 5899 1698 5949 tantum

1804 578 2053 652 Operum
2079 586 2422 640 Nazianzeni
2445 585 2712 638 editionis
2727 585 3064 638 Parisiensis
3081 586 3146 636 A.
3168 583 3233 634 D.
3254 578 3414 652 1009.

1802 649 1871 710 in'
1884 659 2036 710 notis
2064 659 2137 710 ad
2162 659 2489 711 Orationem
2518 659 2714 718 XLIX,
2749 671 2878 724 pag.
2915 656 3037 712 726.
3063 654 3165 708 ubi
3184 651 3416 706 Morello

1803 733 2006 783 neutra
2039 731 2236 792 oratio,
2264 731 2334 782 de
2360 731 2488 780 Fide
2517 733 2575 782 et
2605 730 2829 779 Niczena
2858 730 2986 779 Fide
3018 725 3276 790 Gregorii
3309 725 3416 777 fce-

1807 805 1900 853 tus
1925 801 2171 855 videtur:
2193 807 2251 854 at
2274 817 2372 866 neq
2382 818 2443 852 ue
2457 802 2619 852 ullius
2635 802 2871 852 auctoris
2889 801 3072 861 Graeci,
3092 801 3183 850 sed
3212 795 3414 856 Latini,

1807 875 2015 924 tametsi
2029 874 2263 938 antiqui,
2293 875 2746 938 proptereaquod
2765 873 3179 938 scripturarum
3202 873 3415 925 versio-

1806 947 2151 998 nemltaiam
2174 958 2247 996 ex
2270 946 2467 998 Grznc-a
2492 947 2660 1006 LXX.
2688 946 3062 1010 interpretum
3081 957 3417 1008 expressam

1808 1019 1959 1070 citet.
1986 1017 2248 1069 Andreas
2268 1017 2509 1069 Rivetus
2533 1030 2834 1069 censuram
2853 1015 3080 1068 Morello
3098 1015 3416 1068 sufi‘uratus

1807 1103 1909 1154 pro
1947 1102 2051 1142 sua
2075 1089 2397 1142 venditavit
2431 1102 2554 1154 cap.
2581 1090 2732 1140 XXI.
2760 1089 2886 1142 libri
2911 1091 3003 1141 IlI.
3031 1089 3217 1140 Critici
3243 1087 3413 1140 Sacri'

1806 1163 1946 1213 Haec
1971 1162 2144 1213 ferme
2171 1164 2327 1222 sunt,
2353 1173 2488 1224 quas
2505 1161 2804 1219 Chiffletio,
2829 1160 2960 1213 licet
2983 1160 3248 1212 codicum
3271 1163 3409 1213 Mss.

1805 1234 2145 1286 auctoritate
2171 1237 2546 1297 veterumque
2565 1233 2909 1284 testimoniis
2934 1232 3228 1292 destituto,
3249 1231 3414 1284 facile

1805 1307 2236 1371 persuaserunt,
2261 1310 2533 1357 neutrum
2550 1317 2715 1368 opus,
2733 1304 2804 1356 de
2822 1305 2948 1354 Fide
2968 1308 3025 1355 et
3039 1303 3265 1353 Nicena
3283 1303 3410 1354 Fide

1807 1379 1878 1431 ad
1904 1377 2236 1442 Gregorium
2263 1378 2558 1442 pertinere.
2586 1379 2768 1429 Immo
2786 1377 2917 1428 hinc
2934 1375 3150 1428 factum
3166 1375 3412 1440 putavit,

1807 1454 1872 1502 ut
1895 1450 1955 1501 in
1979 1449 2172 1502 codice
2197 1449 2548 1510 Divionensi,
2573 1449 2671 1512 qui
2698 1448 2953 1511 Gregorii
2970 1449 3144 1500 libros
3160 1447 3416 1512 aRufino

1807 1535 2008 1574 versos
2043 1520 2454 1585 complectitur,
2494 1519 2748 1584 prologus
2787 1520 2861 1572 ad
2883 1520 3276 1583 Apronianum
3311 1517 3416 1572 uni

1807 1593 2175 1660 Apologetico
2187 1593 2580 1658 praefigeretur
2596 1610 2609 1644 :
2627 1605 2798 1656 quem
2815 1591 3098 1657 prologum
3118 1589 3414 1643 Cbifietius

1808 1679 1880 1718 ex
1914 1667 2115 1718 eodem
2140 1665 2332 1716 codice
2369 1665 2562 1716 edidit.
2590 1665 2728 1716 Haec
2755 1668 2947 1716 tamen
2967 1663 3111 1714 ratio
3127 1662 3232 1714 viri
3261 1661 3415 1714 docti

1807 1738 1965 1790 hand
1991 1737 2185 1802 magni
2217 1738 2296 1788 fit.
2311 1735 2612 1788 Universis
2629 1735 2781 1787 enim
2793 1735 3154 1798 Gregorianis
3173 1746 3416 1798 opuscu-

1810 1811 1879 1862 lis
1892 1811 1964 1862 ab
1979 1811 2174 1871 Rufino
2193 1807 2502 1868 translatis,
2523 1807 2811 1871 simulque
2829 1807 3159 1872 compactis,
3175 1805 3416 1856 unicum

1807 1896 1919 1934 non
1948 1882 2138 1946 plures
2157 1881 2422 1944 prologos
2440 1879 2657 1943 prmflgi
2677 1879 2886 1930 decuit.
2905 1879 3026 1930 Hoc
3051 1878 3203 1929 recte
3231 1876 3416 1928 anim-

1802 1952 2414 2016 advertit'l‘beopbilus
2441 1951 2790 2014 Raynnudus
2815 1951 2886 2003 de
2912 1949 3073 2002 Malis
3089 1953 3146 2001 et
3169 1947 3416 2000 bonisli—

1805 2027 1920 2078 bris
1948 2025 2136 2077 Partit.
2156 2026 2195 2074 Ι.
2219 2027 2460 2076 Erotem.
2482 2025 2552 2075 X.
2570 2029 2722 2076 tomo
2738 2023 2833 2075 XI.
2865 2023 3110 2086 Operum
3131 2033 3257 2085 pag.
3287 2017 3414 2074 269.

1801 2097 1906 2150 col.
1955 2095 2006 2150 2.
2061 2096 2160 2147 ubi
2190 2099 2384 2146 tamen
2425 2095 2580 2146 hunc
2624 2094 2835 2146 librum
2869 2093 2940 2144 de
2974 2091 3109 2145 Fide
3133 2090 3410 2155 Gregorio

1804 2171 2084 2234 Nysseno,
2124 2168 2287 2230 quasi
2315 2179 2388 2217 ex
2426 2167 2782 2227 Cassiodoro,
2811 2163 2952 2216 falso
2975 2162 3287 2228 adjudicat.
3319 2160 3408 2214 Ad

1802 2241 1928 2294 hinc
1951 2241 2010 2292 in
2027 2240 2228 2293 eodem
2242 2239 2430 2291 Rufini
2450 2239 2698 2303 prologo,
2717 2239 2814 2302 qui
2829 2235 3218 2301 Apologetico,
3242 2246 3412 2298 opus-

1802 2313 2060 2364 culorum
2077 2314 2274 2376 primo,
2295 2310 2664 2374 praeponitur,
2676 2323 2793 2361 non
2807 2322 2959 2360 unus
2976 2305 3410 2376 Apologeticus,

1803 2385 1903 2436 sed
1916 2384 2228 2449 generatim
2247 2383 2498 2442 Gregorii
2514 2383 2726 2445 scripta
2744 2384 3130 2432 memorantur
3149 2393 3162 2428 :
3182 2375 3397 2449 Petebas

1803 2447 2122 2518 GregOrium
2155 2454 2566 2504 Nazianzenum
2589 2453 2684 2502 tibi
2704 2453 2765 2502 in
2790 2452 3026 2503 latinum
3049 2449 3198 2509 verti,
3216 2447 3406 2510 inquit.

1800 2527 1859 2579 in
1885 2527 2158 2592 principio
2195 2527 2452 2589 Rufinus.
2493 2527 2557 2576 In
2581 2525 2696 2577 fine
2721 2538 2882 2576 vero:
2913 2525 3072 2573 Ilunc
3095 2535 3218 2583 ergo
3249 2521 3410 2576 (Gre-

1801 2601 2044 2663 gorium)
2071 2599 2265 2662 absque
2294 2597 2404 2646 ullo
2421 2613 2644 2662 prorsus
2666 2597 2772 2660 lege
2791 2596 3062 2660 scrupulo.
3083 2593 3190 2655 Qui
3209 2593 3409 2663 Grego-

1800 2661 1951 2720 rium
1966 2669 2131 2723 nobis
2155 2661 2288 2720 dare
2315 2682 2375 2720 sc
2398 2661 2716 2732 profitetur,
2735 2681 2850 2720 non
2867 2679 3052 2719 unum
3069 2665 3116 2730 ej
3127 2678 3195 2716 us
3211 2663 3251 2712 Α
3261 2661 3408 2727 ροισ-

1801 2743 2047 2808 geticum,
2066 2742 2166 2794 sed
2191 2747 2246 2792 et
2264 2740 2376 2792 alia
2392 2753 2562 2805 opera
2586 2742 2826 2800 subuno
2852 2742 2909 2792 et
2937 2738 3143 2791 eodem
3170 2734 3405 2808 prologo

1800 2804 1968 2866 nobis
2001 2804 2136 2866 dare
2172 2804 2452 2864 dicendus
2479 2817 2582 2864 est.
2613 2815 2797 2874 Quare
2840 2811 2974 2863 licet
2997 2807 3322 2861 Gennadius
3343 2804 3406 2858 in

1801 2887 2068 2949 Catalogo
2094 2898 2216 2949 cap.
2244 2885 2418 2935 XVII.
2440 2884 2758 2948 generatim
2781 2886 3001 2934 tantum
3019 2880 3284 2937 afﬁrmet,
3309 2879 3399 2949 Ru

1802 2959 1984 3010 tinum
1998 2945 2248 3019 Gregorii
2264 2945 2473 3004 Nazian
2482 2955 2595 3004 seni
2607 2953 3028 3018 eloquentissimi
3043 2949 3284 3001 hominis
3293 2945 3399 2998 seri

1799 3036 1893 3095 pta
1907 3028 2092 3078 latinis
2102 3027 2328 3078 dedisse
2347 3039 2360 3085 ;
2380 3027 2534 3078 facile
2552 3029 2743 3076 tamen
2757 3030 2848 3076 est
2863 3023 3117 3085 definire,
3131 3031 3401 3095 quaenam

1802 3090 1973 3164 opera
2007 3098 2226 3150 dederit
2267 3097 2484 3148 scilicet
2530 3109 2594 3147 ea
2631 3097 2841 3158 omnia,
2879 3107 3011 3160 quae
3049 3095 3105 3144 in
3152 3090 3404 3164 editione

1804 3161 2146 3235 Argentincn
2156 3169 2202 3220 si
2223 3168 2407 3220 eidem
2425 3167 2656 3231 prolego
2671 3167 3071 3232 subjiciuntur.
3089 3165 3230 3235 Hinc
3245 3161 3402 3235 enim

1801 3231 2026 3294 denario
2049 3253 2308 3298 numero,
2342 3252 2512 3302 quem
2543 3231 2806 3303 ipsemet,
2822 3239 3060 3302 Rufinus
3076 3231 3401 3288 inllistoria

1795 3314 2096 3380 expressit,
2113 3311 2338 3386 egregie
2355 3311 2722 3386 respondent.
2750 3305 3402 3386 D‘isertumiestimpnium.

1795 3375 1991 3452 Rufini
2017 3397 2135 3450 pra:
2162 3375 2432 3434 omnibus
2458 3375 2767 3435 codicibus
2788 3384 2922 3434 Mss.
2950 3381 3166 3434 nedum
3189 3375 3404 3452 Nicolai

1794 3448 1963 3510 Fabri
1979 3448 2035 3509 et
2054 3455 2433 3508 Divionensis.
2453 3454 2782 3507 habendum
2800 3457 2905 3510 est,
2924 3453 2984 3506 in
2999 3453 3230 3516 quibus,
3257 3448 3405 3500 teste

1797 3529 2340 3592 Chiffletio,quartus
2361 3530 2418 3579 et
2446 3527 2670 3590 quintus
2699 3528 2866 3579 abest
2889 3523 3143 3586 Gregorii
3178 3518 3404 3592 libellus

1795 3603 1867 3654 de
1894 3603 2040 3664 Fide,
2067 3589 2134 3652 ac
2159 3599 2229 3650 de
2265 3600 2392 3649 Fide
2423 3589 2646 3649 Nicena
2677 3599 2723 3650 it
2761 3605 2825 3652 ut
2861 3603 2976 3649 octo
3015 3596 3092 3648 ibi
3139 3606 3255 3646 non
3277 3589 3404 3664 deni

1796 3673 1912 3726 sint
1927 3659 2096 3724 libelli
2107 3709 2122 3736 ,
2140 3670 2337 3732 Rufini
2350 3671 2674 3734 interpretis
2690 3683 2900 3722 nomen
2916 3669 3298 3732 praeferentes.
3317 3659 3404 3714 Illi

1799 3758 1935 3798 vero
1958 3743 2017 3795 in
2051 3743 2302 3795 erlitione
2337 3741 2662 3794 Morelliana
2685 3747 2823 3794 sunt
2847 3745 2956 3791 octo
2993 3739 3292 3794 Orationes
3315 3745 3403 3794 eo,

1796 3816 1893 3882 qui
1911 3815 2305 3877 subsequitur,
2319 3813 2517 3866 ordine
2530 3815 2571 3865 I.
2589 3815 2903 3878 XXXVIII,
2920 3804 3401 3882 XXXIXCXLIV.

1794 3888 1968 3940 XVII.
2009 3887 2131 3936 XII.
2163 3886 2285 3936 XV.
2325 3885 2582 3937 XXVIII.
2615 3885 2894 3938 Libellum
2927 3884 2998 3936 de
3022 3883 3150 3934 Fide
3174 3881 3402 3932 Nicena

1793 3960 2045 4012 Jacobus
2072 3955 2336 4008 Usserius
2380 3956 2440 4007 in
2464 3957 2734 4009 Diaitriba
2752 3957 2822 4009 de
2847 3959 3117 4008 Romanae
3135 3948 3404 4005 Ecclesia

1797 4028 2060 4096 symbolo
2084 4041 2212 4092 pag.
2239 4025 2326 4083 30.
2351 4027 2447 4092 ait,
2461 4029 2535 4079 ab
2549 4027 2841 4091 aliquibus
2865 4025 3182 4096 Athanasio
3207 4019 3400 4096 tribui,

1795 4095 1853 4157 et
1866 4099 2129 4166 quamvis
2141 4099 2200 4150 in
2215 4099 2558 4152 Nazianzeui
2571 4101 2818 4164 Operum
2843 4095 3272 4152 collectionibus
3284 4095 3403 4166 Mss

1797 4163 2002 4238 Rufino
2025 4173 2346 4235 interprete,
2373 4163 2760 4234 recenseatur,
2779 4185 2954 4225 unam
2979 4175 3172 4224 tamen
3186 4180 3221 4219 a
3234 4163 3406 4238 Patri-

1796 4237 1922 4299 cioJ
1931 4243 2064 4297 unio
2090 4243 2199 4294 sibi
2217 4247 2526 4300 ostensam,
2551 4244 2610 4296 in
2633 4257 2748 4309 qua
2763 4244 2903 4296 illud
2918 4241 3262 4308 opusculum
3279 4237 3405 4290 dce-

1794 4323 1900 4382 rat,
1915 4316 2071 4382 quod
2085 4315 2328 4368 Usurius
2360 4319 2665 4380 prOpterea
2682 4317 2896 4369 factum
2912 4319 3094 4382 putat,
3125 4310 3282 4378 quod
3303 4321 3404 4361 ne-

1794 4403 1906 4456 que
1929 4402 1964 4441 a
1985 4388 2258 4453 Gregorio
2281 4389 2577 4452 scriptum,
2598 4401 2788 4454 neque
2802 4388 3052 4452 aRu/‘ino
3065 4385 3262 4456 Latine
3283 4392 3404 4432 ver-

1799 4452 1930 4514 sum
1948 4452 2167 4512 fuisset.
2190 4461 2256 4510 In
2279 4458 2630 4511 Bibliotheca
2666 4452 2974 4512 Fassionea
2997 4457 3199 4510 extant
3217 4452 3402 4516 Opera

1799 4531 1988 4584 Sancti
2019 4529 2275 4592 Gregorii
2298 4529 2661 4591 Nazianzeni,
2686 4531 2886 4582 Latine
2905 4530 3146 4588 tantum,
3185 4521 3404 4575 Basilez

1795 4605 1908 4658 edit
1939 4601 2089 4666 apud
2119 4600 2204 4652 Jo.
2254 4600 2584 4665 Heruagium
2615 4603 2682 4653 A.
2722 4604 2786 4654 Ι).
2841 4599 3000 4656 1555,
3025 4601 3086 4652 in
3109 4598 3243 4650 folio
3267 4606 3402 4646 cum

1792 4673 2007 4730 notulis
2050 4673 2186 4723 Mss.
2217 4671 2405 4721 Latini
2441 4671 2668 4738 Lalinii,
2706 4674 2805 4738 qui
2841 4687 2968 4738 pag.
2997 4669 3120 4728 392.
3147 4669 3219 4723 ad
3243 4677 3402 4720 oram

1793 4749 2074 4800 tractatus
2089 4744 2150 4792 de
2164 4743 2310 4818 Fide,
2334 4742 2542 4818 Rufino
2566 4743 2984 4810 interprete,ita
3009 4741 3266 4818 scripsit:

1793 4833 1908 4884 quae
1937 4821 2060 4866 ante
2089 4814 2354 4880 epistolas,
2383 4815 2585 4882 abjecla
2612 4831 2680 4867 cae
2710 4818 2917 4883 Rufino
2952 4821 3098 4878 sunt,
3123 4816 3184 4865 in
3211 4813 3402 4864 Graecis

1794 4887 2060 4942 codicibus
2084 4903 2190 4936 non
2221 4885 2443 4952 legimus
2463 4888 2636 4951 hodie,
2664 4889 2796 4940 idest
2834 4891 2896 4940 in
2913 4889 3122 4940 excusis
3153 4891 3279 4937 ante
3300 4895 3403 4932 an-

1792 4976 1929 5011 num
1955 4957 2112 5014 1550.
2139 4959 2347 5012 Notula
2370 4959 2596 5012 videtur
2614 4961 2880 5026 amplecti
2903 4961 3074 5014 etiam
3095 4962 3401 5012 tractatum

1795 5035 1857 5084 de
1887 5031 2012 5084 Fide
2064 5030 2288 5081 Nicena
2323 5031 2530 5095 Rufino
2567 5033 2888 5098 interprete,
2913 5033 3239 5086 exstantem
3269 5042 3398 5093 pag.

1797 5103 1918 5161 403.
1957 5115 2128 5167 quem
2153 5103 2498 5156 Nazianzeni
2527 5105 2786 5169 epistolas
2810 5106 3264 5170 subsequuntur.
3289 5099 3399 5152 Sed

1798 5175 1991 5239 magni
2017 5185 2133 5224 non
2149 5173 2336 5238 refert,
2363 5174 2536 5226 hosce
2551 5175 2772 5228 libellos
2799 5178 2994 5230 Graece
3020 5174 3261 5237 scriptos
3285 5183 3402 5224 non

1798 5246 2043 5312 reperiri,
2068 5249 2136 5297 ut
2179 5259 2276 5296 eos
2299 5247 2568 5311 Gregorio
2593 5247 3018 5312 abjudicemus;
3043 5246 3225 5298 multa
3247 5243 3400 5296 enim

1796 5332 1832 5373 a
1853 5318 2079 5383 Rufino,
2099 5315 2342 5380 aliisque
2369 5317 2564 5370 Latine
2581 5319 3242 5384 expressareperiuntur,
3258 5328 3402 5379 quo-

1799 5406 1926 5446 rum
1953 5393 2148 5442 tamen
2158 5389 2382 5442 codices
2397 5391 2575 5442 Graeci
2591 5404 2878 5455 nusquam
2893 5393 3224 5456 supersunt.
3243 5389 3381 5450 Ejus

1798 5465 1928 5518 dem
1957 5462 2221 5528 ponderis
2246 5462 2501 5526 estquod
2519 5463 2837 5528 Opponitur,
2858 5464 2916 5515 in
2932 5461 3278 5526 quibusdam
3303 5473 3400 5512 co—

1797 5537 2022 5590 dicibus
2047 5535 2254 5600 plures,
2280 5535 2338 5586 in
2361 5535 2484 5586 aliis
2510 5535 2806 5600 pauciores
2819 5535 3150 5599 Rufinianos
3173 5534 3399 5593 Gregorii

1797 5609 2016 5662 libellos
2029 5612 2257 5660 exstare
2277 5607 2512 5670 ;sufficit
2527 5609 2676 5659 enim
2694 5608 2751 5659 in
2764 5607 3053 5671 aliquibus
3087 5618 3289 5658 omnes
3306 5618 3399 5658 ex-

1799 5684 1969 5740 stare,
1983 5681 2142 5728 denos
2155 5679 2443 5737 nimirum.
2459 5679 2809 5744 totidemque
2823 5679 3119 5732 exstitisse
3131 5678 3191 5730 in
3201 5677 3397 5730 codice

1797 5750 2196 5815 qqudrtphus
2207 5763 2372 5802 suam
2384 5750 2690 5804 editionem
2703 5751 3006 5816 expressit.
3025 5749 3400 5814 Rufinusloca

1799 5824 1985 5876 Sacrae
1999 5821 2304 5886 Scriptura:
2321 5835 2396 5874 ex
2413 5821 2584 5874 LXX.
2599 5825 2982 5889 Interpretum
2997 5822 3265 5887 editione,
3280 5829 3398 5871 tunc

1798 5896 2049 5948 omnium
2067 5894 2338 5950 manibus
2363 5894 2514 5958 trita,
2537 5906 2657 5950 non
2693 5907 2765 5950 ex
2803 5895 3042 5961 vulgata
3065 5891 3396 5959 Hieronymi
