3894 6400
39 347 170 404 193
1346 351 1521 402 VITA
1551 340 1786 422 LIBrlI.
1825 338 1978 404 CAP.
2013 353 2158 404 VIII.
3295 355 3398 422 19;,

43 467 115 544 et
164 461 451 544 genique
496 465 651 516 torno
702 464 876 520 etiam
921 467 1014 519 III.
1040 463 1260 517 ultimae
1298 464 1697 530 Lugdunensis
1721 470 1776 544 Α
1800 467 1966 544 nium
1983 465 2390 544 quadratur-am
2416 467 2607 521 circuli
2627 469 3062 537 demonstravit,
3091 481 3232 529 teste
3253 479 3400 530 Sim-

46 537 240 610 A-ﬁP-
281 533 438 610 167:7.
552 601 568 610 ,
652 602 666 610 ,
814 604 853 610 __
930 608 935 610 Α
1045 603 1097 610 Α,
1332 606 1345 610 _
1406 607 1413 610 _
1683 533 1776 610 δ’
1799 538 1965 602 plicio
1999 539 2069 589 ad
2107 533 3399 610 PraedicamentaAristoteiispug.94.edmonis

122 609 236 656 IV.
281 606 514 684 Galeus.
537 601 608 654 de
651 602 775 684 hoc
803 603 1214 684 A:ysl0,._Si.z:lo,
1259 606 1370 684 vel“
1397 607 1572 684 Sexto,
1599 609 1691 684 aut

1799 601 2011 684 Graecae
2053 611 2397 684 Hasileensis
2413 613 2549 662 anni
2581 613 2736 667 1551.
2759 601 3099 678 ἱη-[ὺῖίοῖᾼί
3115 601 3317 684 al'um,
3344 626 3400 672 et

51 679 405 751 Sextiottot
427 674 580 751 enim
625 675 812 725 modis
837 675 1199 751 inscribitur)»
1215 677 1435 729 erudite
1470 679 1699 751 disserit
1799 681 2206 745 philpSOphum
2221 685 2474 745 quidem,
2504 674 3148 751 subHadrianOAugusto
3175 674 3401 740 ﬂoruisse

49 753 112 797 iu
132 748 569 825 pi-eefationead
592 755 869 825 opuscula
886 746 1300 825 Intytliologica:
1324 751 1405 825 sed
1426 761 1553 825 cum
1573 749 1697 825 aliis
1800 753 2256 815 traditGeorgius
2290 754 2587 816 Syncellus
2623 769 2747 819 pag.
2784 758 2905 810 349.
2934 746 3144 825 Ali-uin,
3169 763 3400 813 Chaero—

51 818 456 892 homonymis
471 817 628 892 illum
648 818 894 892 conﬂare
910 817 1153 892 videtur.
1173 818 1264 869 vel
1279 821 1480 892 8211mm
1495 820 1565 869 ab
1581 822 1697 867 aliis
1796 836 2034 874 nensem
2065 824 2356 888 nimirum,
2402 817 2993 892 Plutarc'liifncpotem
3031 835 3098 882 Μ.
3133 817 3399 885 Aurelius

57 905 194 942 non
215 892 371 942 bene
387 888 936 967 distinguereqham
966 889 1060 967 hic
1074 892 1286 967 noster,
1304 893 1368 940 ut
1403 890 1695 967 literarum
1797 897 2101 967 Augustus
2129 895 2420 946 audivisse
2448 911 2506 946 se
2523 898 2602 948 ait
2629 899 2721 948 lib.
2749 901 2788 950 I.
2806 888 2884 950 'de
2909 903 3084 954 rebus
3111 905 3230 954 suis
3258 905 3308 967 ξ.
3345 905 3396 958 9.

57 964 234 1015 fama
279 963 400 1027 jam
442 965 634 1022 notus,
659 972 693 1010 a
737 961 1005 1010 Cicerone
1048 959 1268 1011 laudari
1290 973 1408 1011 non
1431 962 1613 1024 potuit
1638 963 1696 1012 in
1798 967 1878 1016 De
1903 980 1968 1017 eo
1998 966 2126 1016 vide
2153 967 2431 1017 Thomam
2449 969 2791 1020 Gatakerum
2809 972 2868 1022 in
2890 975 3058 1024 notis.
3077 959 3400 1026 Scmtusvcer-

56 1035 172 1086 lib-
195 1036 268 1084 11-
290 1035 362 1084 de
389 1030 1229 1108 F_i!lib951Q_u§¥I_1_IﬁltlS_cbIU_Siu
1251 1031 1528 1108 Chronico
1543 1045 1696 1108 anno
1799 1042 1870 1098 te,
1898 1038 1987 1089 vel
2008 1038 2331 1096 Sc.rlitts,ab
2369 1042 2597 1090 Annato
2625 1044 2914 1105 tantopere
2939 1046 3396 1108 commendatus,

59 1106 395 1182 dumtaitat
410 1101 723 1182 Abrahami
741 1101 897 1182 2016.
917 1101 1251 1182 glynipiade
1301 1103 1696 1182 ill4._lloruisse
1796 1113 1884 1160 est
1906 1115 2102 1161 noster
2124 1110 2332 1173 simus,
2363 1110 2451 1162 vel
2485 1111 2681 1174 Xystus
2709 1101 3085 1179 philosophus
3113 1101 3398 1182 pythago;

63 1178 265 1229 tradit
296 1176 386 1227 his
425 1174 636 1226 verbis.
665 1175 862 1238 Xystus
905 1174 1306 1237 Pythagoricus
1342 1175 1698 1240 philosophus

64 1248 423 1311 agnoscitur,
450 1248 575 1296 sive
603 1243 782 1292 clarus
808 1244 1042 1293 babetur.
1071 1247 1159 1296 Sic
1186 1246 1478 1309 prostatin
1507 1248 1698 1298 editio-

62 1321 255 1371 nibus
271 1316 598 1378 Mombritii,
620 1315 895 1378 Sichardi,
927 1317 1181 1379 Pontaci,
1199 1321 1256 1367 et
1269 1317 1534 1380 Scaligeri
1553 1334 1563 1368 :
1581 1324 1697 1370 est-

64 1403 190 1455 que
209 1391 443 1454 phrasis
457 1389 786 1450 Hieronymi
801 1387 1142 1450 interpretis.
1161 1388 1526 1448 Olympiadeijl
1545 1391 1582 1437 A
1597 1404 1696 1437 na-

63 1477 235 1510 m-eon
255 1460 485 1524 Lgricus
508 1463 665 1522 poeta
695 1459 1024 1520 agnoscit-ur.
1047 1458 1270 1521 Olymp.
1289 1458 1373 1512 76.
1408 1459 1696 1522 Aeschylus

65 1533 314 1597 scriptor
330 1530 725 1594 tragtcdiarum
739 1529 1066 1592 agnoscitur.
1083 1529 1307 1593 Olymp.
1325 1529 1410 1582 74.
1428 1531 1696 1593 Diagoras

68 1604 419 1667 agnoscitur.
434 1601 768 1665 Olympiade
783 1600 865 1653 77.
885 1600 1180 1649 Herodotus
1198 1602 1555 1649 historiarum
1572 1604 1697 1650 scri-

67 1684 202 1742 ptor
214 1675 550 1739 agnoscitur.
566 1675 762 1734 Olymp.
779 1677 856 1724 80.
871 1673 1038 1721 Esras
1052 1673 1308 1722 Sacerdos
1322 1673 1470 1737 apud
1482 1674 1697 1723 Ebrceos

73 1751 93 1797 i
101 1748 193 1796 nsi
195 1762 271 1811 gn
282 1747 325 1794 is
338 1744 669 1809 agnoscitur.
701 1743 924 1808 Olymp.
937 1747 1018 1806 81,
1035 1745 1317 1792 A-ristarch
1328 1761 1385 1792 us
1397 1746 1602 1808 tragwd
1610 1746 1690 1793 io-

71 1820 332 1883 graphus
350 1817 678 1881 agnoscitur.
698 1820 933 1864 Sexcenta
951 1818 1240 1875 hujusmodi
1258 1820 1485 1878 eiiemplo
1501 1820 1684 1877 passim

73 1889 450 1942 oll‘endiinus.
490 1886 579 1938 Ad
613 1887 739 1938 hanc
783 1887 952 1938 nobis
994 1886 1378 1950 adstipulatur
1404 1889 1688 1939 Maiianus

72 1964 312 2024 Scottis,
329 1959 482 2024 apud
503 1971 678 2024 quem
693 1959 749 2008 in
771 1958 1044 2009 Chronico
1062 1963 1230 2010 aetate
1255 1960 1342 2008 γι.
1365 1972 1485 2023 cap.
1510 1961 1682 2009 XXII.

74 2045 237 2084 anno
263 2031 515 2094 Augusti
560 2030 645 2084 4‘2.
683 2029 888 2080 Christi
912 2029 963 2082 '2.
999 2030 1124 2080 hanc
1161 2029 1444 2093 legimus:
1473 2032 1686 2079 Sactius

77 2103 486 2167 Pythagoricus
507 2102 861 2165 phitosophus
885 2101 1099 2151 cla-ruit.
1120 2102 1352 2151 Frustra.
1377 2116 1507 2165 cigo
1523 2102 1688 2150 Νίσο-

78 2177 206 2224 laus
230 2174 400 2223 Faber
419 2174 482 2223 in
505 2175 658 2224 notis
682 2173 754 2222 ad
789 2174 1021 2222 Seneca-3
1048 2172 1438 2235 praefationem
1466 2174 1593 2223 libri
1618 2175 1684 2222 ll.

79 2243 895 2306 Controversiarum,-nascitur
907 2256 1006 2306 pro
1020 2259 1085 2306 ag
1096 2245 1332 2292 noscitur
1344 2246 1402 2294 in
1415 2244 1690 2295 Chronico

79 2321 120 2368 Ε
133 2317 323 2370 usebii
339 2315 649 2380 legendum
671 2316 936 2375 allirmat,
959 2321 1022 2365 ut
1037 2317 1309 2365 nimirum
1327 2316 1397 2366 dc
1416 2319 1546 2376 lilio,
1574 2329 1689 2366 non

78 2391 153 2440 de
172 2394 336 2452 patre
379 2387 657 2438 Eusebius
685 2386 841 2449 loqui
881 2386 1247 2449 intelligatur.
1282 2392 1487 2437 Annus
1504 2387 1613 2440 ille.
1633 2390 1691 2437 in

82 2462 371 2511 Chronico
411 2471 739 2522 expressus,
769 2458 876 2508 luit
923 2459 988 2508 V.
1015 2460 1072 2508 C.
1100 2456 1220 2510 75:5.
1267 2459 1514 2521 Augusti
1544 2459 1610 2511 43
1635 2465 1692 2509 et

83 2535 275 2597 primo
313 2530 522 2581 Christi
548 2529 791 2592 Domini,
832 2529 1153 2580 secundum
1174 2531 1504 2592 Eusebium,
1523 2534 1690 2593 cujus

83 2604 328 2668 epocha,
342 2607 405 2652 ut
414 2602 548 2652 alibi
562 2601 700 2662 dixi,
715 2601 1125 2664 Dionysianam
1141 2602 1350 2652 bienno
1363 2606 1687 2652 antevertit.

83 2676 340 2727 Eusebio
371 2675 662 2725 inhaerens
688 2677 902 2724 Auctor
937 2673 1008 2724 de
1046 2673 1189 2722 Vitis
1220 2674 1690 2736 philosophorum

84 2761 211 2812 cap.
239 2748 355 2797 CX.
381 2746 610 2809 Xyst-u-m
635 2745 827 2808 tradit,
867 2744 1190 2809 temporibus
1217 2747 1496 2793 Octaviani
1521 2746 1689 2808 Impe-

85 2819 291 2867 ratoris
323 2817 616 2868 claruisse.
649 2820 724 2867 At
775 2819 966 2868 Cicero
1013 2821 1069 2866 C.
1118 2816 1283 2866 Vibio
1335 2819 1521 2867 Pansa
1543 2822 1598 2868 et
1621 2821 1687 2868 A.

87 2891 273 2940 Hirtio
296 2891 453 2939 Coss.
501 2889 839 2939 interfectus
878 2893 967 2939 est
993 2900 1145 2938 anno
1178 2889 1236 2938 V.
1265 2891 1321 2948 C,
1350 2888 1469 2941 711.
1496 2891 1692 2953 Clym-

84 2962 258 3027 piade
285 2960 719 3024 184.annosquc
736 2960 821 3013 43.
848 2962 1187 3024 priusquam
1213 2963 1419 3010 Sextus
1450 2976 1691 3024 agnosce-

89 3039 258 3097 retur,
307 3038 365 3084 et
413 3031 621 3084 clarere
652 3032 935 3096 cmpissei.
983 3033 1250 3083 hicolaus
1289 3036 1459 3083 Faber
1481 3046 1541 3083 in
1563 3035 1688 3085 loco

87 3118 265 3170 supra
288 3104 537 3155 indicato
559 3104 712 3154 hunc
736 3103 1063 3167 Serturn,de
1088 3116 1202 3167 quo
1226 3105 1502 3156 Eusebius
1517 3106 1693 3168 loqui-

86 3185 203 3242 tur,
229 3176 414 3227 ﬁlium
427 3175 562 3226 facit
576 3176 811 3226 alterius
824 3178 1000 3238 Sexti,
1022 3188 1056 3226 a
1067 3177 1280 3226 Seneca
1291 3188 1444 3240 saepe
1457 3176 1690 3247 laudati,

85 3257 144 3304 et
169 3251 495 3314 praesertim
536 3250 698 3312 epist.
727 3249 968 3298 XCVIII.
1005 3251 1163 3298 hisce
1191 3251 1415 3300 Verbis:
1451 3251 1691 3302 [tonores

86 3322 286 3387 repulit
306 3325 463 3384 pater
494 3320 728 3383 Sextius,
751 3321 847 3384 qui
875 3325 1057 3380 natus,
1091 3327 1149 3368 ut
1178 3320 1580 3384 Rempublicam
1604 3325 1695 3373 de-

84 3395 220 3442 beret
265 3406 548 3456 capessere,
575 3391 746 3439 latum
784 3391 1014 3451 cla-vum,
1046 3391 1168 3440 divo
1202 3391 1350 3439 Julio
1375 3392 1554 3453 dante,
1580 3411 1692 3444 non

85 3466 299 3529 recepit.
316 3463 550 3514 liberius
562 3475 766 3526 nempe
779 3463 1157 3526 philosophiae
1175 3468 1527 3516 vacaturus.J
1539 3469 1692 3518 ullus

297 3536 622 3587 confoditur
642 3549 794 3587 anno
819 3535 905 3588 44.
931 3542 1064 3586 ante
1109 3548 1285 3587 teram
1309 3538 1693 3591 Christianam

89 3612 151 3661 ν.
181 3612 242 3660 C.
276 3607 403 3661 710.
422 3609 566 3672 Ergo
579 3608 793 3657 Sentius
809 3614 968 3672 pater
979 3610 1049 3658 ad
1065 3607 1207 3658 illud
1225 3613 1449 3672 tempus
1467 3614 1695 3662 Senato-

81 3684 227 3732 rium
248 3679 593 3742 dignitatem
620 3686 860 3742 respuit:
899 3679 993 3729 cui
1022 3679 1141 3730 XX.
1160 3691 1445 3730 annorum
1463 3687 1693 3734 aetatem

81 3753 342 3819 praeﬂuit
365 3752 600 3802 Carolus
618 3752 883 3815 Sigonius
906 3751 1001 3802 lib.
1037 3753 1100 3802 II.
1129 3766 1248 3815 cap.
1283 3753 1324 3802 Ι.
1351 3752 1422 3803 de
1445 3754 1693 3818 Antiquo

73 3839 208 3890 Jure
233 3823 454 3875 civium
479 3825 887 3874 Romanorum.
915 3833 1099 3883 quare
1124 3823 1266 3873 nihil
1281 3824 1532 3887 impedit,
1553 3838 1695 3889 quo-

82 3899 283 3949 minus
303 3898 497 3944 Sextus
508 3899 665 3958 pater
680 3895 927 3957 isl'uerit,
956 3896 1054 3958 qui
1069 3897 1221 3959 apud
1234 3897 1546 3947 Eusebium
1563 3903 1697 3962 post

81 3981 272 4021 annos
298 3967 384 4021 40.
408 3967 797 4031 Pythagoricae
837 3967 1215 4031 philos0phiae
1238 3967 1418 4030 gloria
1449 3969 1694 4034 insignis

84 4044 281 4094 tloruit
295 4041 405 4091 sub
427 4045 708 4103 Augusm.
729 4040 812 4090 Illi
827 4040 934 4090 has
957 4040 1154 4090 laudes
1179 4041 1358 4102 aptari
1384 4041 1581 4092 statim
1615 4043 1696 4093 vi-

84 4115 373 4166 debimus.
403 4117 617 4164 Seneca
637 4113 804 4175 epist.
825 4113 1358 4175 LXlV.gnomicum
1370 4113 1509 4163 illud
1523 4127 1696 4166 suum

85 4186 316 4239 dicendi
331 4197 518 4250 genus
538 4197 610 4236 ex
626 4191 822 4236 nostro
850 4197 911 4236 se
936 4186 1170 4235 hausise
1197 4185 1450 4248 ingenue
1468 4187 1694 4238 fatetur.

89 4263 201 4311 Nec
247 4258 323 4309 de
377 4260 488 4308 hoc
527 4258 752 4308 dubitat
792 4257 1043 4320 Scaliger
1095 4269 1254 4307 num.
1305 4257 1461 4310 2917.
1512 4260 1698 4310 Verba

86 4333 346 4393 Senecae,
384 4329 519 4382 licet
563 4329 840 4394 pluscula,
890 4335 1174 4379 adducere
1216 4341 1335 4379 non
1377 4332 1693 4392 gravabor:

86 4406 270 4453 Lectus
294 4408 367 4450 est
403 4401 532 4450 liber
561 4407 617 4460 ρ.
647 4401 819 4450 Scel-ii
847 4403 1080 4461 PATRIS,
1109 4401 1316 4462 magni,
1356 4403 1542 4465 siquid
1560 4405 1698 4452 mihi

85 4475 280 4537 credis,
305 4473 430 4534 viri,
471 4480 536 4526 et.
578 4474 693 4536 licet
731 4478 915 4536 negent
947 4473 1128 4522 Stoici.
1164 4477 1442 4530 Quantum
1486 4476 1546 4522 in
1588 4476 1695 4538 illo,

89 4549 180 4598 Dii
206 4547 354 4610 boni,
381 4546 609 4609 vigoris!
634 4551 914 4603 Quantum
938 4545 1117 4594 animi
1140 4544 1278 4593 ltloc
1306 4561 1414 4594 non
1441 4547 1499 4595 in
1517 4549 1697 4595 omni-

89 4622 184 4668 bus
211 4619 551 4682 philosophis
578 4618 829 4668 invenies.
870 4617 1228 4675 Quorundam
1251 4619 1452 4681 scripta
1485 4619 1695 4668 clarum

89 4691 286 4741 habent
318 4697 532 4739 tantum
558 4705 768 4740 nomen.
809 4690 990 4739 Cetera
1013 4691 1318 4753 acsanguia
1340 4697 1482 4739 sunt.
1519 4694 1695 4741 Susti-

91 4769 269 4825 tuunt,
304 4763 606 4827 disputant,
636 4763 980 4821 cavillantur,
1029 4777 1138 4809 non.
1179 4763 1689 4825 [acia-ntanimum,

89 4839 226 4901 quia
248 4851 357 4883 non
381 4835 806 4893 habeatfuuum
840 4835 1024 4898 legeris
1041 4834 1304 4900 Sentium,
1337 4837 1474 4884 dices
1490 4852 1507 4896 ;
1541 4838 1688 4888 vivit.

85 4912 239 4972 viget,
267 4906 398 4956 liber
419 4913 508 4968 est,
532 4923 704 4972 supra
721 4908 998 4956 hominem
1029 4911 1118 4966 est,
1138 4907 1362 4955 dimittit
1380 4909 1691 4972 meplenum

90 4980 324 5045 ingentis
382 4979 614 5042 ﬁducita.
669 4980 817 5029 Nam
863 4980 959 5028 hoc
1018 4979 1232 5028 Suet-ius
1279 4980 1621 5044 habet,quod
1645 4985 1691 5029 et

87 5053 247 5100 beate
278 5050 370 5099 tibi
411 5052 532 5099 vita:
555 5052 783 5100 ostendet
805 5049 1258 5113 magnitudinem,
1286 5057 1330 5098 et
1367 5052 1690 5116 desperatio-

87 5138 213 5172 nem
250 5122 364 5187 ejus
388 5138 500 5171 non
529 5123 706 5185 faciet.
753 5124 857 5174 Ubi
883 5130 1097 5174 Seneca
1120 5124 1292 5185 patris
1316 5126 1692 5188 appellatione

87 5195 338 5246 Sextium
363 5195 689 5260 distinguit,
715 5210 788 5248 ne
811 5197 1058 5246 Sextium
1073 5199 1253 5262 ﬁlium
1275 5197 1460 5248 eidem
1484 5196 1690 5247 admis-

88 5273 232 5330 ceat,
253 5268 454 5332 quidni
480 5275 772 5332 utrunque
799 5281 904 5320 suo
923 5281 1049 5321 aevo
1073 5276 1270 5322 nor-ere
1287 5270 1646 5320 demonstrat
1668 5274 1693 5320 τ

89 5343 325 5392 Librum
362 5347 516 5392 certe
555 5343 726 5390 Sectii
761 5354 935 5404 quem
958 5341 1189 5406 legerat,
1236 5357 1456 5401 novum,
1489 5347 1548 5393 et
1575 5355 1693 5392 non

87 5417 230 5465 adeo
246 5419 514 5476 veterem,
533 5413 634 5465 sed
667 5419 805 5466 tunc
821 5427 1022 5465 recens
1039 5416 1257 5466 editam
1281 5414 1460 5465 fuisse
1481 5416 1687 5466 innuit.

89 5488 312 5537 Rursus
332 5487 498 5550 epist.
526 5486 668 5536 LIX.
697 5487 944 5536 Sentium
966 5501 1072 5536 ecce
1109 5503 1278 5552 quum
1305 5488 1542 5536 nni-.cime
1559 5487 1688 5551 lego,

91 5561 268 5607 cirum
294 5575 472 5607 acrem
500 5560 689 5608 Graecis
717 5559 898 5619 verbis,
917 5559 1178 5608 Romanis
1194 5559 1432 5607 moribus
1443 5560 1689 5624 philoso-

87 5634 364 5692 phantem.
399 5633 538 5683 Haec
562 5635 631 5682 de
656 5633 836 5680 Sextio
867 5633 1248 5697 Philosophus
1275 5632 1684 5683 Cordubensis:

92 5704 186 5766 qui
199 5705 422 5756 consuli
435 5707 606 5756 etiam
619 5703 1028 5768 potestinlibro
1041 5706 1188 5758 Il.de
1199 5707 1288 5756 Ira
1301 5705 1689 5769 Cap.XXXVl.

92 5781 145 5826 et
166 5777 260 5827 lib.
308 5778 404 5828 Ill.
435 5790 556 5841 cap.
588 5777 820 5827 XXXV.
859 5776 957 5827 ubi
987 5790 1062 5828 ex
1099 5781 1300 5829 eodem
1336 5781 1519 5826 Sarno
1561 5790 1692 5842 pro-

95 5847 197 5900 l'ci‘t
226 5848 373 5901 hanc
417 5862 700 5915 gnoinen:
757 5849 1044 5915 Speculum
1079 5850 1233 5900 iratis
1257 5850 1473 5915 profuit
1496 5850 1689 5915 adspe—

95 5922 247 5978 xisse.
276 5924 440 5978 Anne
469 5923 664 5978 Sextus
692 5926 885 5978 noster
909 5922 1186 5979 dicendus
1217 5923 1314 5990 qui
1335 5924 1555 5989 primus
1571 5934 1691 5978 0111-

1719 1851 1769 1924 B

1715 3276 1764 3350 C

1797 1183 1968 1243 ricus,
1983 1182 2149 1242 cujus
2173 1181 2325 1245 apud
2351 1183 2679 1233 universam
2693 1185 3088 1247 antiquitatem
3109 1181 3398 1240 celeberri-

1796 1265 1922 1303 mas
1955 1253 2271 1303 sententias
2289 1252 2520 1315 Ruﬁnus
2535 1253 2810 1305 latinitate
2827 1258 3076 1310 donavit.
3099 1263 3250 1306 Homo
3262 1263 3393 1308 enim

1797 1326 2092 1375 Romanus
2119 1327 2312 1374 Graece
2339 1324 2656 1387 scripserat,
2697 1328 2985 1389 quomodo
3009 1336 3064 1380 et
3092 1330 3232 1380 alios
3253 1331 3398 1382 bene

1797 1400 2009 1447 multos
2057 1395 2354 1458 scripsisse
2399 1396 2701 1447 adnotavit
2736 1399 2915 1456 Scipio
2950 1402 3399 1451 Cartcromachus

1799 1466 2232 1519 Pistoriensisin
2245 1466 2501 1516 oratione
2526 1467 2596 1517 do
2623 1468 2888 1519 laudibus
2913 1471 3205 1523 literarum
3237 1476 3396 1524 Gree-

1797 1552 2014 1596 carum,
2033 1550 2185 1601 saepe
2202 1538 2371 1600 edita,
2404 1543 2460 1588 et
2478 1539 2796 1601 praesertim
2813 1543 2877 1592 Α.
2897 1543 2962 1590 D.
2987 1541 3141 1595 1517.
3162 1545 3395 1596 Basileaa

1798 1611 1948 1672 apud
1968 1612 2130 1660 Joan.
2159 1608 2502 1658 Frobenium
2527 1608 2586 1658 in
2609 1609 2663 1661 4"
2695 1610 2963 1660 Romanis
2985 1617 3181 1663 autem
3207 1615 3393 1677 philo-

1799 1683 1958 1742 soplii
1969 1695 1995 1731 s
2009 1685 2314 1742 utrumque
2333 1679 2776 1743 Sactumpatrem
2787 1682 3029 1744 (it/ilium
3054 1685 3396 1737 adnumerat

1791 1751 2139 1802 Claudianus
2159 1753 2470 1801 Mamertus
2489 1752 2545 1800 in
2567 1752 2660 1800 lib.
2679 1753 2747 1801 Il.
2772 1752 2842 1802 de
2871 1760 3025 1803 statu
3042 1756 3252 1807 animae
3271 1769 3390 1820 cap.

1797 1823 1939 1874 VIII.
1960 1825 2017 1873 Ν.
2041 1836 2134 1872 mo
2165 1835 2295 1873 vero
2323 1827 2457 1872 ante
2474 1823 2709 1872 Galeum
2722 1824 3148 1877 observaverat.
3166 1835 3395 1881 Senecae

1797 1896 2097 1958 proverbia
2120 1907 2192 1944 ex
2217 1893 2325 1944 hoc
2345 1894 2501 1942 Sexto
2527 1907 2814 1958 manasse,
2835 1896 3210 1961 vividumque
3233 1900 3395 1951 illum

1793 1967 2075 2028 spiritum,
2099 1978 2213 2028 quo
2242 1965 2479 2015 Latinus
2492 1966 2871 2029 philosophus
2891 1970 3162 2020 moralem
3186 1973 3334 2022 docti
3348 1973 3395 2022 i-

1789 2050 1920 2088 nam
1948 2042 2334 2101 percurrit,ex
2359 2039 2555 2088 Graeco
2579 2039 2722 2089 libro
2748 2041 2895 2087 Sctcti
2920 2043 3111 2092 deriva
3139 2055 3256 2093 uin.
3284 2046 3396 2095 Ita-

1791 2122 1902 2172 que
1929 2111 2173 2159 Rutinus
2200 2122 2315 2158 non
2338 2109 2547 2170 injuria
2565 2121 2626 2159 se
2643 2112 2914 2160 Romanis
2930 2114 3166 2163 auribus
3191 2118 3396 2177 gratill‘

1791 2184 2053 2230 caturum
2093 2180 2330 2243 putavit,
2357 2192 2404 2228 SI
2427 2183 2689 2230 Graecum
2714 2181 3134 2244 GnomolOgum
3163 2186 3274 2235 illis
3298 2186 3394 2236 ad-

1791 2253 2198 2302 commodaret.
2217 2252 2322 2300 Par
2333 2251 2484 2300 enim
2496 2257 2585 2301 est
2601 2252 2846 2315 credere,
2861 2257 2918 2303 et
2929 2260 3101 2316 probe
3116 2260 3392 2320 cognitum,

1791 2324 1991 2385 quanti
2015 2324 2317 2372 haberetur
2333 2334 2451 2371 non
2476 2322 2662 2372 solum
2678 2335 2712 2372 a
2737 2328 2966 2384 Seneca,
2992 2325 3229 2389 aliisque
3263 2341 3393 2391 pro-

1792 2395 1937 2443 fanis
1980 2393 2370 2456 scriptoribus,
2417 2393 2516 2442 sed
2547 2398 2721 2444 etiam
2745 2407 2778 2444 a
2801 2395 3152 2461 Christianis,
3177 2402 3390 2450 Graecis

1790 2468 2112 2528 presortim,
2137 2466 2208 2514 ab
2225 2477 2408 2526 eoque
2433 2478 2493 2514 in
2522 2465 2737 2527 primis,
2766 2470 2936 2527 cuius
2959 2470 3168 2532 soiipta
3192 2471 3390 2533 Ita/lno

1791 2539 1898 2600 ipsi
1927 2538 1987 2586 in
2021 2535 2235 2586 deliciis
2258 2541 2440 2586 erant.
2463 2540 2751 2599 Urigiiiem
2772 2551 2806 2588 a
2822 2543 3109 2602 meinnui,
3127 2557 3271 2590 nemo
3291 2559 3391 2592 non

1793 2607 1965 2658 videt.
1987 2608 2246 2670 Origines
2263 2608 2418 2657 hunc
2444 2611 2694 2658 eundem
2711 2618 2977 2661 nostrum
2995 2613 3218 2661 Sea-lum
3243 2614 3394 2666 Gno-

1790 2680 2085 2742 mologum
2103 2680 2372 2729 laudavit.
2393 2682 2496 2729 Est
2525 2684 2684 2730 locus
2707 2681 2953 2745 insignis
2975 2684 3069 2734 lib.
3104 2687 3242 2736 Vlll.
3267 2699 3394 2738 con-

1792 2755 1878 2800 tra
1899 2751 2126 2800 Celsum
2144 2763 2270 2813 pag.
2297 2748 2418 2803 397.
2449 2751 2715 2801 editionis
2732 2756 3212 2817 Cantabrigiensis
3237 2759 3386 2809 Guil-

1791 2822 2368 2885 lelmiS‘pencerlchc
2391 2823 2633 2870 alienum
2651 2825 2747 2871 hoc
2769 2826 2878 2873 loco
2901 2826 3066 2887 fuerit
3093 2830 3394 2879 meminisse

1787 2893 2033 2957 pulchra:
2079 2894 2368 2952 sententiis,
2405 2909 2526 2957 qua:
2551 2895 2700 2957 apud
2723 2900 2947 2945 Sextum
2971 2898 3181 2960 legitur,
3207 2902 3393 2950 multis

1793 2966 2235 3014 Christianorum
2295 2965 2568 3016 celebrata.
2634 2970 2922 3019 Senteatia
2957 2971 3082 3020 huic
3129 2978 3214 3022 est
3246 2972 3394 3024 inter

1791 3036 2041 3086 Sixtinas
2065 3042 2169 3086 101.
2187 3037 2321 3084 Esus
2342 3038 2439 3083 ani
2447 3043 2717 3085 malorum
2734 3044 2803 3086 est
2817 3041 3035 3103 quidem
3059 3043 3390 3106 iiidi/Ic-I'ens,

1792 3107 2052 3156 abstinere
2096 3113 2276 3156 tamen
2322 3114 2560 3170 praestat,
2610 3110 2920 3174 videturque
2963 3114 3140 3176 magis
3184 3117 3392 3164 rationi

1791 3185 2225 3229 consentaneum.
2283 3181 2438 3230 Idem
2483 3182 2743 3243 Origines
2798 3187 2949 3234 tumo
2975 3197 3077 3235 seu
3100 3187 3240 3236 libro
3267 3189 3387 3239 XV.

1791 3253 2339 3302 Commentariorum
2365 3254 2424 3301 in
2452 3254 2783 3303 Matthaeum
2810 3255 3000 3317 paullo
3012 3265 3144 3320 post
3165 3260 3393 3311 initium

1793 3323 2060 3373 editionis
2080 3324 2269 3373 Huetii
2305 3326 2497 3374 tom.l.
2534 3337 2662 3388 pag.
2677 3328 2796 3378 30's.
2823 3328 2978 3378 aliud
3004 3330 3151 3377 Serti
3174 3331 3393 3382 dictum

1792 3397 2007 3457 proteri.
2048 3408 2118 3445 ex
2164 3395 2296 3442 libro
2330 3398 2456 3458 ejus
2501 3399 2924 3460 SententiariMi,
2953 3413 3123 3463 quem
3157 3409 3213 3454 et
3244 3403 3395 3452 bona:

1794 3471 1950 3530 nota},
1970 3467 2334 3518 et'multorum
2349 3469 2603 3516 manibus
2617 3471 2712 3516 teri
2735 3475 2992 3523 testatur.
3017 3474 3240 3524 Dictum
3258 3476 3395 3528 illud

1795 3540 2034 3600 subjicio
2051 3553 2063 3588 :
2079 3544 2360 3603 Quaecumq
2373 3557 2432 3588 ue
2445 3557 2575 3604 pars
2587 3544 2823 3604 corporis
2836 3545 2908 3591 ad
2923 3546 2974 3592 in
2985 3550 3397 3609 temperantiam

1797 3615 1840 3657 te
1862 3612 2194 3674 compulerit,
2239 3612 2442 3675 projice
2487 3613 2577 3661 abs
2613 3620 2697 3674 te;
2729 3617 2902 3663 satius
2935 3619 3081 3665 enim
3127 3625 3216 3678 est,
3243 3627 3400 3683 parte

1795 3683 2074 3746 mutilum,
2124 3689 2260 3731 caste
2311 3686 2497 3744 vivere,
2543 3701 2712 3748 quam
2747 3703 2811 3735 ea
2842 3690 3148 3751 praeditum,
3173 3693 3395 3754 pcrdite.

1794 3755 1940 3804 Huic
1970 3755 2138 3805 aliam
2169 3769 2238 3806 ex
2277 3757 2479 3807 eodem
2504 3760 2648 3808 Sixti
2675 3759 2816 3810 libro
2836 3767 3179 3814 sententiam
3205 3770 3402 3816 statim

1794 3831 2071 3877 adnectit:
2100 3829 2354 3900 Homines
2375 3830 2592 3892 quidem
2605 3831 2677 3878 ad
2690 3833 2944 3879 tuendam
2958 3835 3152 3897 reliqui
3164 3838 3402 3900 corporis

1794 3900 2082 3948 sanitatem
2106 3899 2347 3946 membra
2368 3916 2471 3948 sua
2496 3903 2786 3950 scindentis
2811 3905 2988 3952 videas
3012 3911 3056 3952 et
3077 3907 3397 3969 abjicicntes.

1794 3971 1864 4018 At
1894 3977 2098 4034 quanto
2115 3971 2300 4018 melius
2314 3971 2386 4019 ad
2397 3976 2822 4022 conservandam
2833 3979 3132 4024 castitatem
3148 3985 3171 4026 ξι
3192 3982 3400 4040 Utraque

1794 4047 1983 4106 paullo
2009 4045 2173 4093 aliter
2200 4054 2363 4094 versa
2397 4045 2588 4095 adhuc
2622 4052 2882 4109 superest
2899 4048 2961 4098 in
2997 4050 3185 4112 [tu/ini
3211 4053 3398 4102 Anulo

1796 4127 1951 4165 num.
1983 4115 2066 4168 10.
2100 4113 2220 4168 291.
2254 4115 2363 4166 Sed
2397 4117 2778 4169 Adamantius
2801 4125 3065 4172 neuti-am
3101 4123 3397 4186 adprobat,

1796 4191 1996 4250 utpote
2012 4200 2047 4237 ει
2064 4197 2214 4237 recto
2234 4189 2461 4239 Sancta:
2479 4189 2786 4253 Scriptura)
2803 4205 2983 4244 sensu
2999 4194 3068 4244 de
3085 4195 3398 4258 Eunucuis,

1796 4261 1966 4323 longe
1983 4262 2309 4311 abeuntem.
2347 4263 2432 4311 Ita
2449 4263 2600 4311 enim
2631 4264 2970 4329 subiungit:
3010 4267 3181 4314 Atriis
3210 4270 3400 4331 (Sexto

1798 4335 1854 4381 et
1873 4333 2108 4394 Philoni)
2135 4348 2423 4380 sacrarum
2449 4333 2751 4398 lite-rarum,
2784 4339 2928 4386 circa
2952 4339 3047 4386 illa
3059 4346 3396 4402 sententiam,

1798 4404 2024 4451 minimc
2047 4406 2377 4468 adscquulis,
2401 4406 2528 4468 ﬁdes
2556 4407 2804 4456 habenda
2841 4425 2948 4456 non
2972 4418 3060 4460 cst.
3080 4417 3246 4460 Anne
3263 4424 3396 4474 ergo

1799 4476 2059 4539 Origines
2087 4479 2310 4525 Sac-tum
2343 4489 2443 4539 pro
2483 4479 2817 4539 Christiano,
2845 4484 2936 4531 vel
2966 4486 3169 4532 saltem
3190 4484 3396 4534 Juuaeo

1796 4549 2031 4611 accepit,
2051 4549 2235 4610 qualis
2268 4550 2453 4598 fuerat
2469 4550 2627 4598 Philo
2641 4555 2665 4599 τ
2684 4555 2754 4600 At
2769 4551 3037 4602 Judaeum
3055 4564 3187 4615 quis
3205 4559 3399 4606 credat

1798 4621 2118 4670 Gentilibus
2149 4625 2205 4670 et
2247 4620 2582 4670 Christianis
2624 4625 3022 4676 tantummodo
3067 4631 3318 4677 notum?
3343 4630 3398 4679 Si

1797 4692 2181 4741 Christianum
2199 4691 2457 4752 lacimus,
2479 4697 2544 4743 ut
2568 4693 2660 4744 alii
2681 4700 2853 4746 etiam
2871 4700 3142 4759 fecerunt,
3163 4700 3321 4750 illum
3339 4701 3399 4752 in

1794 4763 1956 4827 gravi
1994 4769 2050 4813 et
2065 4770 2324 4814 extrema
2341 4771 2654 4829 senccmtc,
2674 4774 2810 4830 puta
2827 4773 2936 4820 sub
2953 4774 3206 4834 Claudio,
3224 4776 3399 4836 Apos-

1795 4836 2039 4886 tolorum
2066 4836 2214 4886 Petri
2238 4841 2295 4886 et
2320 4837 2498 4887 Paulli
2527 4851 2698 4902 Opera
2733 4842 2806 4891 ad
2838 4844 3044 4893 Christi
3082 4845 3256 4894 tidem
3281 4851 3398 4895 tra-

1791 4905 2030 4980 ductum
2049 4907 2235 4958 dicere
2251 4914 2490 4972 oportet.
2504 4910 2736 4974 Ruﬁnus
2754 4916 2969 4965 nudum
2986 4915 3394 4980 Christianum,

1793 4977 1894 5028 sed
1923 4981 2256 5042 episcopum
2281 4981 2438 5031 urbis
2471 4983 2668 5034 Romae
2691 4987 2762 5034 ab
2799 4986 3090 5048 aliquibus
3116 4977 3396 5038 creditum

1792 5049 1945 5110 dicit,
1994 5055 2052 5101 et
2082 5051 2205 5114 ipse
2228 5056 2595 5115 Augustinus
2639 5055 2929 5108 interdum
2953 5059 3208 5110 credidit.
3234 5063 3302 5110 A.
3339 5062 3394 5111 S.

1794 5123 2044 5172 Maximo
2089 5123 2146 5173 in
2171 5127 2403 5174 schohis
2427 5129 2498 5175 ad
2525 5129 2866 5190 Dionysium
2895 5137 3029 5181 tom.
3057 5133 3123 5180 II.
3148 5133 3394 5194 ()perum

1792 5207 1912 5257 cap.
1960 5195 2024 5245 V.
2050 5207 2174 5258 pag.
2359 5197 2756 5247 Ecclesiasticus
2789 5202 3146 5266 philosophus
3171 5204 3395 5266 dicitur,

1793 5267 1894 5316 ubi
1917 5266 2065 5317 hanc
2107 5280 2231 5330 eJus
2257 5269 2600 5321 sententiam
2629 5279 2839 5334 promit
2864 5287 2878 5336 ;
2903 5276 3087 5337 .tVCquc
3111 5274 3394 5339 divinitas,

1795 5354 1961 5402 neque
2013 5344 2316 5402 ingenitum
2362 5356 2531 5403 neque
2575 5347 2879 5405 paternitas
2914 5346 3275 5393 substantiam
3299 5348 3396 5396 Dei

1791 5411 2121 5474 signiﬁcant.
2157 5413 2406 5462 Thomas
2431 5415 2730 5465 Reinesius
2754 5418 2813 5466 in
2835 5426 2996 5480 epist.
3026 5420 3136 5467 XC.
3163 5423 3234 5468 ad
3253 5421 3399 5472 Dau-

1793 5494 1972 5533 miuin
1984 5497 2108 5547 pag.
2129 5483 2250 5536 22.).
2270 5485 2556 5536 nonnulas
2576 5488 2719 5538 Sixti
2737 5490 3058 5539 Sententias
3074 5492 3396 5544 ltutmianan

1795 5557 2072 5607 versionis
2112 5561 2462 5616 emaculans,
2489 5571 2561 5608 ex
2605 5561 2968 5623 Pythagorico
3017 5564 3395 5615 Christianum

1790 5630 1937 5679 facit.
1965 5629 2177 5680 Eodem
2204 5635 2426 5693 spectat
2459 5643 2543 5682 Vir
2580 5634 2777 5682 Clarus
2796 5635 3032 5685 Michael
3051 5637 3394 5699 Lequicnius

1790 5702 2013 5752 aulicus
2025 5708 2237 5763 noster,
2258 5705 2532 5753 Christian
2546 5721 2655 5767 um,
2672 5707 3173 5771 sedphilosophum
3188 5719 3320 5758 ratus
3339 5717 3390 5760 iii

1790 5779 1942 5826 notis
1964 5777 2036 5827 ad
2072 5781 2343 5828 Sanctum
2384 5779 2472 5829 Jo.
2512 5781 2951 5844 Uamascenum,
2999 5783 3098 5846 qui
3123 5796 3258 5835 euin
3282 5787 3392 5836 sub

1793 5848 2024 5900 nomine
2042 5850 2186 5898 Sixti
2208 5851 2439 5899 ttonumi
2455 5851 2652 5902 laudat
2667 5854 2727 5902 in
2744 5854 2922 5904 Sacris
2935 5856 3223 5907 l’arallclis
3239 5862 3390 5909 tonio

1790 5921 1857 5973 ll.
1877 5921 2128 5989 Operam
2143 5934 2271 5990 pag.
2299 5922 2420 5983 302.
2463 5925 2746 5980 sententia
2781 5939 2851 5981 ex
2874 5940 2940 5983 eo
2973 5931 3226 5997 recitata,
3254 5941 3388 5998 quae
