3894 6400
521 382 621 440 195

1791 370 2035 422 RUFINI
2090 367 2529 419 PRESBYTERI

3730 356 3831 410 190

515 481 721 535 iisdem
764 478 956 531 verbis
980 476 1285 529 adducitur
1306 485 1338 523 a
1354 473 1561 522 Sancto
1584 470 1837 543 Maximo
1861 466 2107 543 10111011.
2130 469 2192 543 Α
2214 466 2491 543 Romanus
2502 463 2719 543 passim
2735 461 3026 543 audiebat,
3040 460 3334 542 quomodo
3345 456 3831 543 etiathlemens,

781 528 1046 601 editionis
1071 544 1390 598 Combetlsii
1418 554 1681 617 sermone
1841 528 2106 617 pag,67AO.

515 611 685 687 neque
701 637 804 671 voac
827 619 977 684 apud
1002 619 1181 681 pisces,
1208 630 1376 679 neque
1413 614 1581 662 virtus
1611 612 1761 676 apud
1802 611 2112 673 insipientes

516 682 804 759 querenda
828 682 914 741 est.
944 692 1081 751 Quae
1098 686 1404 750 Lequienio
1428 686 1754 759 suaserunt,
1795 688 1866 759 ut‘
1884 682 2111 759 Sixtum

520 751 893 816 Christianum
919 759 1190 813 crederet,
1215 762 1328 808 tres
1349 762 1486 808 sunt
1512 754 1807 806 sententiae
1837 751 1959 806 225.
1988 751 2108 805 383-

518 836 639 892 399.
663 846 902 897 quarum
928 832 1109 896 prima
1154 829 1341 880 innuit
1368 829 1749 891 baptismum.

581 906 631 960 1.
666 905 894 955 Fidelem
945 910 989 951 te
1021 916 1121 951 esse
1160 901 1448 966 professus,
1482 898 1744 964 spondisti
1774 897 1977 962 pariter
2000 909 2109 943 non

514 991 728 1043 peccare
750 976 875 1024 Deo.

576 1047 609 1101 2
642 1048 773 1097 Sine
793 1048 899 1097 Deo
924 1050 1050 1095 sunt
1075 1044 1155 1108 hi,
1184 1058 1284 1109 pro
1306 1042 1499 1107 quibus
1533 1040 1758 1093 Verbum
1802 1038 1898 1089 Dei
1941 1036 2112 1086 male-

518 1121 646 1171 dicit
654 1136 738 1170 ur.

580 1189 631 1245 3.
668 1192 827 1241 Pasce
849 1188 1100 1238 animam
1140 1186 1292 1236 verbo
1336 1186 1450 1241 Dei,
1490 1189 1535 1233 et
1570 1198 1761 1248 corpus
1784 1180 2112 1246 simplicibus

518 1261 666 1314 cibis.

583 1332 742 1385 Alias
766 1345 838 1383 ex
877 1332 1083 1383 Sancto
1110 1331 1198 1381 J0.
1226 1330 1578 1379 Damasceno
1602 1326 1707 1377 hoc
1724 1325 1846 1377 loco
1867 1324 2115 1389 profera-

518 1417 667 1457 mus.
702 1405 846 1455 Sunt
864 1414 996 1454 vero
1015 1406 1150 1452 tom.
1169 1403 1238 1452 II.
1265 1414 1393 1464 pag.
1413 1398 1535 1453 411.
1564 1398 1684 1452 420.
1714 1398 1832 1451 641).
1865 1396 1985 1450 656.

446 1512 457 1525 .
551 1476 578 1531 1
590 1514 601 1526 ,
613 1476 832 1525 Peccata
844 1474 1135 1522 mulierum
1148 1472 1423 1536 imperitia
1436 1472 1622 1536 viroru
1632 1486 1675 1516 m
1694 1474 1877 1518 contra
1886 1469 1917 1516 h
1928 1484 1998 1516 un
2008 1473 2112 1516 tur.

548 1540 599 1593 2.
639 1539 730 1588 Vir
758 1539 973 1599 sapiens
995 1541 1040 1584 et
1065 1534 1243 1584 tacens
1282 1536 1511 1584 honorat
1547 1534 1736 1595 Deum,
1781 1547 1904 1581 cum
1935 1535 2120 1580 noscat

520 1625 631 1675 qua
656 1610 716 1657 de
740 1624 929 1657 caussa
962 1612 1144 1657 taceat.

551 1680 603 1736 3.
638 1680 863 1730 Victima
894 1680 997 1728 Deo
1022 1683 1090 1725 est
1119 1677 1258 1726 bona
1295 1676 1558 1727 voluntas.

551 1751 603 1806 4.
629 1751 771 1801 Fieri
807 1766 919 1799 non
962 1753 1142 1813 potest,
1182 1754 1239 1797 ut
1278 1748 1398 1811 quis
1422 1746 1715 1795 secundum
1742 1746 1911 1794 Deum
1941 1743 2116 1803 vivat,

522 1822 635 1871 nisi
654 1822 982 1885 sapienterct
1005 1820 1144 1883 juste
1168 1824 1356 1868 cuncta
1396 1819 1590 1880 fecerit.
1628 1818 1730 1867 llis
1776 1822 1833 1867 et
1869 1815 2115 1876 reliquas

522 1894 1056 1954 adnectamusqua’:
1069 1890 1219 1953 apud
1238 1891 1825 1939 Snuctumtlaximum
1841 1888 2118 1937 exhiben-

524 1965 688 2018 turin
706 1963 1076 2014 Sermonibus
1102 1975 1201 2025 per
1234 1968 1515 2024 excerpta,
1534 1961 1618 2011 uti
1654 1965 1820 2010 vocat
1836 1958 2117 2008 (iambell-

524 2037 667 2099 sius,
701 2039 839 2087 tom.
890 2036 957 2085 ll.
992 2034 1241 2097 Operum
1273 2046 1399 2097 pag.
1444 2031 1564 2086 530.
1592 2031 1711 2084 564.
1746 2030 1867 2084 628.
1904 2028 2024 2083 631.
2061 2033 2119 2080 01.

587 2178 636 2232 1.
667 2176 747 2226 Ne
770 2177 1009 2224 amicum
1035 2173 1129 2222 tibi
1151 2172 1469 2221 adhibueris
1492 2174 1581 2221 cui
1598 2173 1786 2222 omnia
1801 2188 1909 2219 non
1930 2170 2115 2220 credis.

584 2247 634 2302 2.
663 2247 770 2306 Qui
792 2246 1032 2294 amicum
1063 2244 1368 2308 cavillatur,
1415 2244 1570 2293 nulla
1616 2245 1814 2308 dignus
1852 2244 1920 2292 sit
1961 2241 2121 2290 laude

519 2318 598 2369 vel
615 2318 661 2368 si
685 2332 811 2365 vera
835 2316 1057 2367 dixerit.

581 2388 634 2443 3.
671 2386 1127 2448 Necessariorum,
1167 2385 1299 2433 dum
1324 2385 1434 2433 vita
1457 2388 1912 2449 superstitcssunt,
1927 2397 2119 2432 curam

517 2460 683 2525 agilo.
705 2460 871 2508 Morte
893 2462 1072 2506 autem
1096 2454 1323 2518 sublata,
1339 2470 1526 2503 eorum
1544 2458 1709 2505 humo
1730 2452 2119 2503 commisecnda

519 2532 806 2593 cadavera,
831 2529 974 2592 quod
996 2532 1040 2576 ct
1066 2528 1163 2575 hoc
1186 2530 1344 2590 pium
1371 2528 1438 2575 sit
1474 2543 1537 2575 ac
1552 2528 1797 2591 justum;
1827 2542 1940 2574 non
1972 2526 2120 2573 enim

522 2617 640 2651 una
682 2615 805 2650 cum
844 2613 1061 2663 corpore
1105 2597 1357 2660 sepelitur
1399 2598 1641 2649 animus.
1688 2599 1913 2648 Frustra
1951 2597 2121 2661 igitur

522 2672 731 2722 nimius
755 2670 841 2719 ille
862 2670 1123 2733 funerum
1148 2668 1297 2716 labor
1318 2668 1627 2732 suscipitur.

588 2743 640 2798 4.
674 2743 882 2792 Malam
898 2740 1179 2789 mulierem
1202 2738 1441 2801 sigillum
1469 2740 1623 2791 decet.

585 2812 635 2868 5.
673 2814 954 2876 Duosunt,
978 2826 1095 2875 quae
1121 2811 1397 2859 hominem
1431 2816 1665 2873 movent,
1701 2814 1757 2859 ut
1800 2810 1905 2859 Deo
1930 2823 2120 2858 curam

526 2886 823 2951 impendat,
851 2883 1143 2948 impietatis
1150 2897 1326 2946 paena,
1343 2887 1387 2930 et
1400 2882 1474 2930 rel
1480 2883 1655 2944 igiosa:
1670 2883 1859 2931 mentis
1874 2882 2118 2945 praemia.

588 2959 672 3009 Sit
710 2957 838 3008 hazc
872 2961 1013 3007 scnte
1037 2955 1189 3005 dicta
1217 2966 1372 3004 nunc
1398 2954 1457 3004 in
1493 2955 1637 3005 Sixti
1662 2955 1851 3005 Anulo
1888 2953 2118 3013 desunt,

523 3028 664 3081 illud
687 3029 749 3079 in
773 3040 979 3079 caussa
1001 3031 1107 3085 est,
1135 3025 1287 3088 quod
1319 3024 1557 3076 adnotat
1600 3026 1839 3077 Vossius
1869 3028 2029 3089 pater
2062 3023 2121 3074 in

524 3101 776 3154 Historia
796 3098 1100 3163 Pelagiana
1122 3097 1267 3149 lib.1.
1288 3098 1679 3160 cap.XXXVI.
1708 3097 1991 3147 Sententiae
2012 3096 2122 3144 ista:

521 3188 635 3223 non
659 3178 771 3221 tam
792 3186 939 3233 eopse
962 3170 1164 3219 modoa
1187 3170 1237 3218 X
1238 3174 1350 3233 ysto
1362 3169 1684 3233 philosopho
1695 3169 1916 3231 scriptas,
1952 3182 2121 3231 quam

2152 1842 2202 1915 B

2212 538 2488 587 Romanus
2510 536 2718 585 dictus.
2734 536 2914 584 Immo
2934 531 3489 595 Lequienius,quum
3511 530 3831 579 Damasce-

2212 622 2323 659 nus
2338 608 2455 657 Sict
2467 624 2494 653 u
2506 623 2551 653 ιη
2571 606 3045 667 laudans,Roman
3056 619 3147 651 um
3161 602 3388 659 dixerit,
3404 601 3541 651 hinc
3554 612 3833 663 apparere

2212 681 2305 731 ait.
2355 680 2497 729 Sixti
2544 678 2867 728 Sententias
2910 689 2944 726 a
2984 676 3200 726 Graecis
3242 674 3487 733 habitas,
3546 677 3831 734 tanquam

2213 751 2355 801 Sixti
2367 754 2563 801 essent
2578 749 2811 798 Romani
2832 747 3138 797 Pontiﬁcis.
3161 748 3355 797 Caesar
3371 745 3665 795 Baronius
3679 746 3746 793 Α.
3764 744 3829 792 D.

2212 821 2333 876 142.
2361 823 2408 885 §.
2444 822 2520 874 Ill.
2546 834 2656 870 non
2676 825 2956 871 constare.
2983 819 3383 880 ait,priorisne,
3402 816 3480 865 vel
3509 815 3831 880 posteFior-is

2214 894 2274 943 Si
2288 896 2377 952 rti,
2397 894 2579 941 itidem
2600 894 2868 954 martyris,
2884 892 3102 939 nomine
3120 891 3277 938 illum
3291 889 3580 951 (Rutlnus)
3599 888 3831 936 ediderit

2213 966 2429 1015 librum.
2460 964 2728 1015 Neutrius
2755 962 2987 1025 quidem
3023 966 3191 1013 certe.
3234 964 3361 1025 Ipse
3396 960 3555 1011 enim
3606 958 3831 1007 Sixtum

2216 1035 2630 1097 tantummodo,
2648 1047 2760 1083 non
2785 1033 3124 1095 Ponti/irem,
3150 1045 3269 1082 non
3306 1037 3615 1094 martyrem
3656 1028 3825 1079 dixit.

2213 1108 2437 1159 Abaliis
2464 1106 2789 1169 Episcopum
2806 1104 2915 1153 dici
2934 1104 3257 1153 atllrmavit.
3281 1103 3404 1152 Non
3430 1106 3521 1153 est
3549 1113 3831 1163 ergo,cur

2214 1178 2462 1243 plerique
2476 1190 2677 1227 omnes
2692 1176 3032 1227 recentiores
3046 1176 3601 1237 postllteronymum
3615 1186 3831 1219 summa

2214 1249 2429 1300 fraudis
2453 1248 2721 1311 Rufinum
2738 1251 3002 1308 arguunt,
3025 1246 3254 1309 perinde
3272 1257 3337 1295 ac
3360 1246 3627 1294 Romano
3646 1244 3833 1294 Ponti-

2214 1322 2306 1372 ﬂci
2329 1322 2386 1372 et
2407 1320 2644 1383 martyri
2660 1320 2867 1369 librum
2889 1318 3133 1368 hominis
3150 1316 3372 1367 Ethnici
3390 1315 3825 1379 supposuissd.

2217 1393 2600 1455 Hieronymus
2626 1396 2764 1441 tunc
2788 1391 3015 1449 librum,
3044 1394 3319 1451 tanquam
3354 1388 3497 1438 Sixti
3537 1385 3830 1450 pontiﬁcis

2216 1477 2315 1517 uer
2338 1477 2402 1514 os
2442 1462 2647 1524 Pelagii
2690 1466 2746 1511 et
2781 1465 3129 1511 sectatorum
3168 1458 3407 1510 volitare
3448 1458 3723 1517 audiens,
3774 1457 3829 1507 in

2217 1535 2412 1599 Rufini
2435 1546 2635 1584 manus
2660 1532 2969 1583 excanduit
2994 1532 3170 1593 Epist.
3189 1528 3828 1591 XI.III.adCtesiphon-

2219 1598 2351 1664 lem,
2371 1606 2533 1668 quasi
2549 1618 2680 1655 vere
2700 1605 2839 1655 Sixti
2860 1604 3144 1667 pontiﬁcis
3160 1615 3372 1652 nomen
3386 1601 3729 1661 RufinusAn
3740 1598 3829 1649 ulo

2217 1678 2359 1729 Sixti
2402 1676 2759 1741 Pythagorici
2797 1674 3217 1738 suspendisset.
3246 1675 3388 1723 Puto
3415 1672 3829 1722 tamenHiero—

2215 1763 2455 1813 nymum
2482 1750 2537 1799 in
2556 1749 2781 1799 Oriente
2807 1760 2876 1796 ex
2898 1750 3080 1796 relatu
3103 1745 3365 1807 aliorum,
3382 1744 3550 1805 uttlt,
3575 1756 3685 1794 nec
3704 1745 3827 1793 viso

2221 1822 2363 1872 Sixti
2389 1821 2547 1879 libro,
2574 1823 2639 1870 ut
2658 1819 2907 1880 l’rologo,
2926 1817 3247 1880 loquutum.
3276 1814 3619 1879 Hieronymi
3633 1816 3828 1866 verbis

2219 1905 2519 1945 censuram
2543 1903 2828 1954 exponam
2855 1890 3041 1937 :lllam
3063 1895 3241 1936 autem
3260 1887 3632 1949 temeritatem,
3662 1888 3829 1935 immo

2218 1966 2498 2014 insaniam
2526 1964 2657 2026 ejus,
2699 1962 2820 2025 quis
2849 1962 3015 2023 digno
3039 1962 3198 2024 possit
3236 1960 3538 2022 explanare
3560 1973 3827 2019 sermone,

2220 2036 2568 2101 quodlibrum
2593 2035 2734 2082 Sicuti
2759 2033 3104 2096 Pythagorei,
3127 2032 3365 2079 hominis
3385 2030 3587 2093 absque
3613 2030 3826 2079 Christo

2218 2113 2377 2170 atque
2411 2105 2629 2161 ethnici,
2668 2105 2955 2151 immutata
2991 2104 3229 2161 nomine,
3266 2102 3411 2151 Sinti
3460 2103 3748 2165 martyris,
3783 2108 3826 2149 et

2217 2180 2473 2227 Romanae
2511 2176 2749 2224 Ecclesiae
2781 2176 3031 2238 Episcopi
3054 2174 3404 2238 praenotavit:
3434 2173 3497 2220 in
3533 2187 3648 2236 quo
3663 2173 3827 2235 juxta

2219 2251 2415 2312 dogma
2433 2250 2941 2311 Pythagoricorum,
2968 2247 3064 2309 qui
3091 2247 3361 2293 hominem
3380 2250 3679 2307 exaequant
3704 2244 3824 2303 Deo,

2217 2328 2259 2370 et
2288 2322 2347 2369 de
2371 2321 2483 2382 ejus
2508 2319 2694 2367 dicunt
2728 2334 2830 2366 esse
2870 2316 3370 2373 substantia,multa
3406 2316 3468 2364 de
3494 2315 3824 2379 perfectione

2218 2394 2494 2450 dicuntur,
2536 2396 2592 2438 ut
2639 2390 2733 2453 qui
2766 2388 3013 2436 volumen
3060 2387 3378 2450 Philosophi
3415 2387 3688 2447 nesciunt,
3733 2387 3828 2435 sub

2218 2465 2479 2527 martyris
2494 2461 2916 2521 nomine,bibant
2931 2461 2991 2508 de
3003 2460 3162 2507 calice
3174 2459 3478 2521 Babylonis.
3498 2459 3750 2521 Denique
3766 2460 3825 2507 in

2217 2540 2334 2600 ipso
2360 2536 2630 2584 volumine
2656 2534 2805 2580 nulla
2826 2533 3246 2596 Prophetarum,
3272 2530 3426 2579 nulla
3457 2531 3827 2580 Patrias-cha-

2217 2604 3072 2668 rum,nullaAposlolorummulla
3090 2603 3292 2652 Christi
3303 2602 3371 2665 fit
3382 2602 3829 2666 mentio,utEpis-

2217 2694 2410 2743 copam
2451 2683 2496 2726 et
2533 2683 2830 2740 martyrem
2874 2676 2990 2723 sine
3020 2675 3221 2724 Christi
3254 2674 3357 2737 fide
3385 2673 3553 2736 fuisse
3610 2680 3828 2722 conten-

2217 2752 2309 2799 dat
2334 2766 2349 2798 :
2375 2749 2517 2798 unde
2540 2756 2583 2796 et
2610 2764 2695 2796 vos
2716 2747 3038 2809 (Pelagiani)
3056 2746 3299 2809 plurima
3323 2750 3510 2793 contra
3525 2745 3826 2793 Ecclesium

2218 2820 2495 2885 usurpatis
2508 2819 2992 2868 testimonialdem
3008 2818 3093 2868 vir
3106 2820 3339 2867 sanctus
3352 2816 3501 2867 circa
3514 2816 3697 2867 tinem
3716 2819 3827 2865 libri

2220 2889 3013 2951 1.contraJoviui:inum,Si.cti
3045 2889 3260 2939 dictum
3278 2888 3369 2938 his
3398 2887 3595 2939 verbis
3628 2887 3828 2938 lauda-

2218 2968 2407 3016 verat:
2436 2969 2481 3011 et
2511 2963 2708 3025 Xystus
2730 2963 2786 3009 in
2809 2961 3110 3019 sententiis;
3142 2959 3353 3008 adulter
3388 2964 3482 3019 est,
3526 2958 3739 3022 inquit,
3774 2960 3828 3006 in

2217 3050 2379 3085 suam
2414 3049 2643 3083 teporem
2667 3038 2883 3081 amator
2901 3032 3197 3081 ardentior.
3234 3030 3632 3082 Stridonensis
3664 3030 3829 3081 Pater

2219 3106 2448 3171 scripsit
2486 3105 2596 3156 hoc
2642 3117 2787 3168 opus
2838 3108 3151 3166 antequam
3180 3103 3241 3154 in
3268 3106 3522 3166 apertam
3562 3101 3829 3153 simulta-

2222 3183 2336 3230 tem
2381 3190 2514 3229 cum
2554 3178 2751 3238 Ruﬁno
2788 3180 3201 3240 prorumperet,
3245 3172 3491 3225 necdum
3524 3173 3712 3225 Sexto
3750 3172 3829 3225 la-

522 3220 723 3295 aut.
748 3257 815 3292 ea:
834 3220 990 3305 Xysti
1007 3255 1161 3304 opere
1192 3220 1486 3304 εςέεοιοξμιω.
1527 3220 2119 3310 δίιωιθοιάωιίεέᾳμω

2221 3251 2336 3301 line
2369 3262 2553 3300 verso.
2608 3220 2965 3310 Q'uare‘usus
3015 3220 3121 3298 fuit
3170 3220 3363 3298 dodice
3416 3246 3641 3297 Grmco.
3692 3244 3828 3296 Edi-

523 3313 864 3377 Demopbili,
896 3312 1343 3373 Democratis,et
1372 3311 1631 3375 Secundi,
1658 3314 1917 3362 veterum
1934 3309 2119 3373 philo-

525 3386 856 3449 ecphorum,
910 3382 1213 3434 sententiis
1270 3384 1585 3434 moralibus
1619 3383 1974 3444 inseruntur,
2023 3394 2123 3445 per

522 3458 727 3508 Lucam
743 3455 1074 3505 Ilulstenium
1103 3457 1301 3506 Romae
1319 3454 1571 3519 vulgatis
1591 3454 1744 3518 apud
1763 3453 2120 3504 Mascardum

524 3532 592 3581 A.
622 3529 687 3580 D.
727 3526 884 3581 1638.
916 3528 978 3578 in
1011 3525 1092 3579 12.
1127 3539 1256 3590 pag.
1282 3525 1398 3579 116.
1430 3531 1593 3578 notat
1618 3528 1704 3578 vir
1720 3526 1943 3584 doctus,
1974 3529 2119 3576 Sen-

524 3599 765 3653 tentiam
795 3600 837 3649 1.
864 3609 992 3663 pag.
1012 3596 1097 3650 33.
1113 3610 1241 3648 esse
1266 3597 1566 3659 Sixtinam,
1602 3609 1777 3660 quam
1809 3597 2047 3658 Rufinus
2061 3596 2120 3646 in

524 3670 670 3723 duas
695 3670 937 3721 secuerit
952 3680 1112 3719 num.
1132 3667 1218 3721 79.
1244 3668 1331 3723 80.
1352 3668 1488 3719 AliiB
1505 3668 1899 3719 immiscentur
1922 3670 2123 3719 Demo-

522 3741 727 3809 phileis
744 3754 869 3805 pag.
892 3739 987 3795 117
996 3778 1009 3791 .
1027 3739 1101 3791 ad
1118 3742 1356 3792 Sextum
1374 3740 1707 3803 referendae,
1723 3752 1867 3804 quas
1882 3740 2123 3802 Rufinus

521 3814 889 3877 interpolavit
911 3824 1152 3863 numero
1168 3811 1290 3865 401.
1309 3811 1431 3866 402.
1460 3813 1756 3864 Hactenus
1780 3811 1851 3863 de
1868 3811 2123 3874 antiquis

522 3890 583 3938 et
609 3884 822 3937 Graecis
860 3883 1091 3947 quidem
1118 3884 1519 3949 Scriptoribus,
1554 3884 1654 3949 qui
1678 3883 1841 3947 Slxti,
1880 3885 2124 3948 ejusque

526 3957 938 4010 sententiarum
950 3955 1355 4008 meminerunt.

584 4031 654 4083 V.
678 4032 819 4090 Qua)
841 4030 1072 4092 Ruﬁnus
1107 4028 1170 4079 in
1212 4029 1459 4093 prologo
1505 4028 1604 4092 ait,
1634 4040 1696 4080 se
1732 4028 1921 4079 Anulo
1969 4025 2125 4079 Sexti

521 4100 815 4153 addidisse
846 4100 1084 4164 religiosi
1124 4101 1368 4164 parentis
1401 4100 1475 4149 ad
1501 4101 1711 4165 filium,
1736 4112 1804 4151 ea
1823 4099 2031 4150 Galeus
2053 4111 2127 4150 ex

524 4172 888 4225 Clementinis
900 4172 1406 4235 Recognitionibus
1419 4179 1637 4234 sumpta,
1652 4172 1827 4223 immo
1846 4171 2124 4234 restituta,

527 4244 851 4303 arbitratur,
866 4256 1049 4306 quum
1061 4244 1322 4294 Clemens
1339 4243 1429 4294 ille
1441 4244 1908 4308 vulgatus,Galco
1916 4244 1935 4306 j
1945 4244 2125 4301 udice,

527 4316 630 4369 vix
658 4314 1039 4379 quicquamin
1055 4314 1197 4365 libro
1221 4316 1263 4365 Ι.
1289 4316 1768 4379 Hecognitionum
1784 4314 2127 4367 etHomilias

523 4388 752 4445 habeat,
778 4385 933 4451 quod
950 4399 1022 4439 ex
1044 4386 1155 4438 hoc
1183 4386 1339 4438 Sexti
1360 4387 1550 4438 libello
1566 4400 1681 4438 non
1701 4389 2028 4452 sumpserit.
2042 4386 2129 4439 Ad

524 4459 658 4513 haec
676 4460 902 4521 Galeus,
924 4458 1092 4522 quasi
1116 4470 1317 4522 parum
1334 4458 1598 4523 dixisset,
1610 4463 1668 4510 et
1684 4459 1826 4511 illud
1841 4460 2133 4525 adjungit,

524 4532 787 4594 Ruﬁnum
819 4531 929 4583 hoc
950 4530 1197 4595 pandere
1218 4530 1494 4594 noluisse,
1519 4543 1593 4582 ne
1614 4531 1779 4595 Xyle
1807 4546 1905 4581 suo
1921 4532 2133 4596 aliquid

528 4601 804 4652 detrahere
824 4602 1180 4665 auctoritatis,
1207 4607 1305 4651 aut
1320 4602 1457 4665 forte
1474 4602 1681 4651 minori
1700 4604 1757 4651 in
1773 4604 1945 4668 pretio
1965 4608 2128 4653 essent

524 4673 745 4738 pulchri
773 4672 855 4722 illi
880 4673 1003 4721 libri
1030 4674 1389 4735 Clementis,si
1402 4674 1621 4738 quando
1657 4675 1873 4725 Sextius
1894 4676 2125 4726 detracta

527 4760 758 4809 persona
784 4758 960 4808 purus
994 4748 1119 4808 ptus
1152 4745 1238 4795 ille
1272 4746 1753 4809 deprehenderetur
1796 4748 2130 4812 Pythagori-

531 4830 640 4866 cus.
671 4815 759 4866 Sic
773 4813 888 4866 ille.
904 4816 1033 4865 Mox
1046 4814 1190 4866 libro
1208 4817 1378 4867 etiam
1395 4818 1663 4880 Pastoris,
1681 4831 1855 4882 quem
1880 4820 2130 4871 Pseudo-

531 4886 841 4939 Clementis
880 4886 1042 4939 facile
1064 4886 1264 4951 credit,
1287 4887 1471 4940 multa
1507 4901 1580 4940 ex
1610 4889 1720 4941 hac
1746 4890 1903 4940 Sexto
1940 4893 2131 4943 aﬂlcta

530 4960 850 5013 arbitratur.
879 4960 988 5011 Sed
1017 4959 1239 5022 Galeus,
1274 4960 1424 5014 ultra
1446 4976 1621 5027 quam
1646 4963 1855 5028 decuit,
1872 4966 2124 5017 criticcm

532 5046 698 5085 suam
722 5033 1001 5097 provexit,
1020 5031 1178 5084 nulla
1190 5033 1428 5099 ratione,
1444 5036 1602 5088 nullo
1619 5048 1855 5100 prorsus
1873 5038 2126 5090 testimo-

529 5105 625 5159 nio
647 5105 885 5170 prolato,
911 5118 1025 5168 quo
1047 5105 1226 5156 nosin
1245 5119 1411 5158 suam
1436 5109 1777 5160 sententiam
1794 5111 2122 5161 attraheret.

533 5180 716 5239 Quare
731 5178 937 5229 Joanni
958 5176 1186 5229 Alberto
1204 5179 1456 5231 Fabricio
1481 5180 1721 5232 libenter
1745 5181 1974 5244 accedo,
1995 5182 2125 5245 jure

531 5255 589 5302 et
609 5251 813 5301 merito
857 5249 1141 5300 dubitanti
1185 5250 1244 5300 in
1273 5252 1620 5304 Bibliotheca
1646 5256 1842 5304 Graeca
1866 5258 2021 5305 tomo
2056 5255 2123 5305 V.

532 5335 656 5386 cap.
680 5324 720 5373 Ι.
740 5334 866 5386 pag.
896 5320 945 5374 7.
983 5334 1056 5373 an
1083 5322 1250 5373 multi
1272 5325 1575 5375 adsensuri
1592 5325 1709 5375 sint
1733 5325 1920 5376 Galco.
1938 5326 2127 5375 Nemi-

532 5408 665 5448 nem
689 5394 921 5459 quidem
947 5408 1019 5445 ex
1047 5395 1281 5446 eruditis
1308 5401 1444 5460 puto
1460 5398 1867 5448 adsensurum.
1896 5398 2128 5459 Singula

532 5469 686 5519 enim
705 5467 1061 5532 argumentis
1083 5467 1409 5519 fortioribus
1423 5469 1700 5533 indigent.
1720 5470 1878 5529 Quod
1902 5470 2126 5521 Sixtum

532 5540 778 5604 respicit,
813 5541 1054 5603 Rufinus
1070 5552 1175 5591 nec
1201 5541 1539 5605 Pontificem,
1553 5554 1660 5592 nec
1672 5542 1964 5604 Martyrem
1978 5543 2126 5606 fecit,

536 5613 635 5662 sed
661 5624 695 5662 a
718 5612 1064 5675 quibusdam
1106 5612 1295 5676 putari
1337 5613 1518 5664 dixit:
1546 5613 1783 5675 Sixtum,
1823 5613 2027 5677 inquit,
2066 5615 2126 5663 in

537 5682 772 5734 latinum
795 5684 945 5748 verti,
964 5700 1121 5748 quem
1139 5685 1359 5734 Sixtum
1374 5686 1679 5749 epiSCOpum
1702 5700 1803 5734 esse
1825 5697 2124 5750 TRADUNT,

536 5755 633 5819 qui
648 5754 799 5819 apud
809 5770 896 5805 vos
919 5756 982 5806 in
1004 5756 1134 5805 urbe
1151 5757 1399 5808 Romana
1413 5757 1603 5807 Siactus
1626 5759 1867 5805 vocatur!
1897 5758 2128 5823 episcopi

535 5836 581 5883 et
608 5828 871 5894 martyris
904 5828 1080 5893 gloria
1112 5829 1410 5879 decoratur.
1436 5831 1605 5882 Error
1629 5828 1892 5893 proclivis
1914 5828 2037 5891 fuit,
2063 5831 2129 5882 ut

538 5905 734 5960 Sixtus
778 5904 1059 5956 Romanus
1106 5902 1379 5966 episcopi“
1432 5902 1774 5968 crederetur,
1806 5901 1905 5969 qui
1933 5901 2128 5957 Sixtus

2221 3322 2293 3372 tio
2326 3321 2480 3372 enim
2525 3320 2712 3382 Ruﬁni
2762 3332 2920 3370 num.
2965 3316 3088 3372 222.
3131 3317 3478 3369 sententiam
3521 3316 3831 3381 paululum

2219 3393 2381 3446 aliter
2420 3392 2643 3443 reddit:
2674 3391 2899 3441 Adulter
2944 3396 3014 3439 est
3052 3390 3111 3438 in
3163 3404 3325 3438 suam
3369 3403 3595 3438 uxorem
3649 3390 3832 3437 omnis

2217 3464 2527 3527 impudicus
2581 3469 2796 3511 amator
2843 3462 3139 3512 ardentior.
3178 3461 3340 3512 Hanc
3384 3459 3652 3511 eamdem
3698 3472 3832 3512 sen-

2218 3537 2456 3589 tentiam
2514 3534 2896 3598 Hieronymus
2960 3534 3165 3585 iterum
3213 3532 3500 3595 recitavit,
3559 3531 3830 3595 Ruﬁnum

2217 3606 2394 3669 (haud
2440 3610 2633 3657 tamen
2668 3617 2945 3669 expresse
2978 3605 3357 3666 nominatum)
3391 3603 3597 3655 acerbe
3648 3603 3832 3667 sugil-

2218 3678 2346 3730 lans
2397 3676 2493 3728 lib.
2544 3679 2636 3729 VI.
2683 3676 2743 3727 in
2788 3676 3142 3727 Ezechielem
3172 3688 3293 3739 cap.
3336 3674 3423 3736 18,
3464 3673 3716 3739 pulchre,
3752 3674 3832 3725 in-

2220 3750 2363 3813 quit,
2386 3749 2445 3797 in
2470 3748 2624 3813 Xysti
2649 3748 3003 3811 Pythagorici
3033 3745 3359 3796 sententiolis
3372 3746 3590 3806 dicitur,
3617 3746 3833 3795 adulter

2221 3827 2294 3870 est
2339 3822 2532 3869 uxoris
2574 3821 2811 3883 propriae
2852 3826 3069 3868 amator
3097 3819 3414 3868 ardentior:
3439 3832 3598 3882 quem
3625 3817 3829 3867 librum

2222 3892 2448 3958 quidam
2461 3892 2521 3940 in
2534 3891 2763 3941 latinam
2775 3891 3026 3955 linguam
3040 3890 3661 3954 transferens,martyris
3675 3890 3831 3955 Xyin

2222 3966 2442 4015 nomine
2466 3964 2629 4013 voluit
2646 3964 2937 4024 illustrare,
2964 3979 3073 4012 non
3104 3964 3466 4022 considerans,
3493 3962 3555 4010 in
3592 3967 3704 4011 toto
3740 3978 3831 4011 vo-

2222 4037 2446 4097 lumine,
2473 4036 2619 4100 quod
2645 4035 2707 4084 in
2734 4046 2889 4087 DUAS
2919 4046 3145 4087 PARTES
3167 4035 3379 4098 frustra
3398 4033 3599 4093 divisit,
3624 4034 3830 4084 Christi

2222 4122 2420 4158 nomen
2443 4113 2489 4155 et
2512 4106 2889 4171 Apostolorum
2910 4108 3162 4156 omnium
3183 4106 3407 4155 reticeri.
3429 4107 3535 4156 Nec
3560 4106 3773 4154 mirum
3786 4106 3830 4154 si

2224 4179 2472 4245 gentilem
2492 4178 2880 4242 philosOphum
2904 4179 2963 4227 in
2994 4185 3309 4242 martyrem,
3328 4182 3373 4226 et
3397 4178 3660 4227 Romana:
3684 4176 3831 4226 urbis

2224 4252 2556 4314 Episcopum
2582 4250 2935 4309 transtulerit,
2960 4265 3131 4314 quum
3167 4248 3384 4297 Eusebii
3409 4263 3622 4312 quoque
3661 4249 3833 4299 Caesa-

2226 4322 2420 4371 riensis
2428 4322 2673 4386 primum
2682 4336 2784 4385 pro
2799 4320 3023 4384 Origene
3036 4320 3251 4380 librum,
3268 4319 3553 4384 Pamphili
3564 4320 3832 4383 martyris

2227 4392 2479 4443 vocabulo
2502 4397 2868 4453 commutaret,
2888 4397 2946 4441 ut
2972 4391 3191 4455 facilius
3221 4390 3318 4439 tali
3349 4390 3633 4439 laudatore
3672 4389 3831 4440 libros

2230 4465 2578 4528 impiissimos
2606 4464 2937 4513 Periarchon
2962 4462 3225 4512 Romanis
3247 4461 3554 4511 conciliaret
3578 4463 3830 4512 auribus.

2233 4535 2683 4599 Longiusculum
2697 4535 3033 4583 testimonium
3051 4532 3256 4597 protuli
3271 4545 3341 4583 ne
3354 4533 3496 4583 meis
3520 4533 3719 4585 verbis
3731 4533 3832 4584 viri

2234 4607 2469 4658 maximi
2510 4620 2716 4658 sensus
2747 4606 2895 4657 male
2929 4605 3343 4657 contraherem.
3371 4604 3583 4656 Eadem
3627 4617 3832 4656 caussa

2230 4680 2439 4731 iterum
2464 4678 2614 4742 facit,
2630 4683 2778 4730 utex
2794 4678 2842 4742 ej
2853 4691 2919 4728 us
2936 4677 3107 4728 etiam
3125 4678 3541 4728 Commentario
3554 4676 3617 4727 in
3632 4677 3829 4728 Hiere-

2231 4752 2403 4803 miam
2445 4751 2541 4802 lib.
2582 4751 2675 4802 IV.
2704 4762 2825 4813 cap.
2868 4750 3045 4800 XXII.
3075 4747 3183 4800 alia
3222 4750 3391 4799 verba
3439 4748 3831 4811 superioribus

2230 4825 2615 4875 consentanea
2649 4820 3007 4872 describam:
3035 4819 3356 4869 Miserabilis
3390 4820 3683 4869 Grunnius
3701 4821 3833 4881 (Ru-

2228 4896 2402 4958 tinus)
2439 4894 2534 4959 qui
2578 4893 2653 4943 ad
2694 4892 3113 4943 calumniandos
3136 4896 3344 4941 sanctos
3369 4891 3511 4941 viros
3532 4893 3754 4956 aperuit
3777 4906 3829 4941 os

2227 4981 2408 5027 suum,
2451 4966 2805 5029 linguamque
2846 4980 3006 5013 suam
3048 4964 3226 5013 docuit
3265 4963 3633 5025 mendacium,
3682 4964 3831 5027 Xyin

2224 5038 2596 5103 Pythagorici,
2626 5037 2843 5088 homnis
2868 5035 3225 5101 gentilissimi,
3253 5051 3429 5085 unum
3443 5035 3643 5085 librum
3674 5036 3833 5085 inter-

2220 5118 2463 5174 pretatus
2508 5116 2577 5159 est
2620 5110 2681 5159 in
2728 5110 2983 5169 latinum,
3018 5109 3306 5171 divisi/que
3342 5124 3461 5157 eum
3492 5109 3547 5155 in
3574 5119 3702 5161 DUO
3728 5119 3833 5159 V0-

2225 5196 2474 5244 LUMINA,
2501 5188 2546 5231 et
2568 5182 2665 5230 sub
2711 5197 2923 5230 nomme
2958 5182 3132 5230 sancti
3169 5180 3431 5244 martyris
3475 5180 3647 5242 Xysti,
3680 5180 3827 5228 urbis

2222 5257 2400 5306 Romae
2453 5254 2724 5318 Episcopi,
2789 5268 2955 5301 ausus
3001 5258 3070 5301 cst
3113 5253 3261 5301 edere
3288 5268 3303 5300 :
3335 5252 3397 5300 in
3441 5250 3639 5314 quibus
3678 5252 3829 5299 nulla

2227 5328 2617 5387 Christi,nulla
2644 5326 2883 5390 Spiritus
2909 5325 3112 5386 Sancti,
3142 5325 3297 5373 nulla
3326 5324 3421 5373 Dei
3442 5323 3648 5383 Patris,
3676 5325 3829 5372 nulla

2222 5401 2621 5451 Patriarcharu
2630 5398 3045 5461 m,Prophetaru
3055 5412 3105 5444 m
3116 5395 3539 5460 etApostolorum
3552 5396 3621 5459 fit
3634 5398 3829 5444 mentio

2224 5474 2291 5522 Et
2318 5473 2461 5521 hunc
2490 5472 2688 5521 librum
2720 5470 2875 5519 solita
2912 5474 3200 5517 temeritate
3236 5473 3281 5517 et
3314 5468 3559 5526 insania,
3585 5467 3829 5517 Anulum

2225 5543 2692 5606 nominavit:qui
2749 5557 2845 5606 per
2908 5540 3107 5589 multas
3171 5540 3483 5605 provincias
3523 5538 3739 5603 legitur,
3791 5543 3830 5589 et

2226 5616 2468 5664 maxime
2489 5613 2556 5663 ab
2582 5614 2685 5674 his,
2703 5613 2799 5677 qui
2820 5608 3077 5674 ἇπαΟειαν,
3112 5618 3156 5661 et
3194 5612 3607 5676 impeccantiam
3632 5612 3829 5677 pradi-

2225 5692 2364 5738 cant.
2384 5686 2654 5745 Quomodo
2667 5686 2838 5749 igitur
2848 5686 3043 5735 Domin
3055 5699 3115 5733 us
3125 5684 3444 5734 Jeehoniam
3461 5684 3640 5732 instar
3660 5682 3829 5733 Anuli

2227 5759 2289 5808 de
2311 5773 2485 5807 manu
2496 5772 2596 5806 sua
2619 5762 2667 5807 et
2691 5758 2856 5822 digito
2878 5772 2929 5806 se
2951 5757 3319 5821 projecturum
3335 5756 3730 5815 comminatur,
3756 5756 3826 5803 ita

2227 5829 2465 5880 lectorem
2486 5828 2707 5890 obsecro,
2735 5834 2795 5879 ut
2812 5829 3091 5893 nefarium
3104 5828 3303 5879 librum
3312 5828 3552 5892 abjiciat,
3567 5825 3823 5892 legatque,

2223 5902 2270 5955 si
2294 5901 2536 5966 voluerit,
2552 5906 2611 5953 ut
2642 5907 2845 5954 caeteros
2873 5899 3050 5965 libros,
3086 5916 3201 5953 non
3217 5904 3276 5952 ut
3291 5899 3540 5953 volumen
3562 5898 3823 5953 Ecclesia-
