3894 6434
118 380 240 438 197

1392 383 1587 436 VITA.
1622 385 1758 440 LIB.
1791 384 1860 437 II.
1897 385 2046 437 CAP.
2083 385 2227 436 VIII.

3342 391 3445 449 198

114 482 358 534 stic-um.
385 481 748 560 Bostremum
777 481 1454 560 hoc_Hi_eronymusjure_
1469 482 1740 560 postulat,
1772 487 1829 560 Α
1851 481 1974 560 ficis
2011 485 2070 560 et
2104 483 2374 560 martyris
2419 485 2652 560 nomine
2678 498 2714 560 a
2737 487 2960 552 Pelagio
2989 499 3092 554 pro
3111 500 3218 540 sua
3234 489 3444 543 hmresi

111 565 333 618 neque
347 552 516 606 aliter
529 553 846 618 postulavit.
867 555 1418 618 Rufinusinterpres.
1439 553 1624 604 Mirari
1636 553 1746 606 hoc
1772 552 1829 560 "
1848 554 2176 620 adductam,
2203 557 2582 622 Augustinus,
2608 561 2674 610 ut
2693 552 3136 612 haeresiarcham
3165 561 3309 612 tanti
3341 575 3447 614 no-

113 622 258 678 loco
286 624 464 690 subit,
491 625 808 678 Gerardum
824 628 912 680 Jo.
933 625 1382 690 Vossium,alias
1405 622 1748 676 diffusselec-

115 696 320 749 tionis
331 697 1002 762 hominem,subactoque
1015 697 1232 762 judicio
1244 695 1568 760 praeditum,
1581 694 1748 759 quiin

119 767 286 820 libro
314 768 384 818 de
421 768 895 833 Philosophorum
933 769 1106 822 sectis
1148 778 1268 832 cap.
1309 767 1400 818 VI.
1426 767 1450 830 ἓ
1472 766 1556 820 43.
1584 771 1744 833 post-

120 851 322 904 quam
351 839 683 892 tradidisset
703 841 843 892 Sixti
863 839 1229 893 Enchiridion
1249 837 1604 902 aliquoticsin
1623 839 1748 888 Ger-

122 912 334 961 mania
349 911 568 963 editum
581 927 700 962 cum
716 915 1035 977 praefatione
1044 912 1160 974 Ruf
1160 911 1238 960 ini
1255 911 1327 959 ad
1337 911 1744 974 Apronianum,

121 983 267 1036 haec
285 983 534 1035 subinde
553 985 731 1035 verba
753 985 821 1035 de
858 987 979 1049 ipso
1019 985 1326 1048 interprete
1365 982 1607 1036 scribere
1641 995 1744 1046 po-

121 1055 317 1108 tuerit
338 1067 352 1106 :
380 1055 438 1104 in
461 1069 576 1119 qua
601 1053 974 1120 (praefatione)
991 1055 1117 1104 dicit
1143 1055 1368 1104 Sextum
1385 1053 1530 1102 hunc
1544 1053 1747 1118 Pytha-

119 1127 716 1192 goreumeundemesse
743 1132 904 1191 atque
926 1128 995 1176 sit
1019 1126 1208 1177 Sixtus
1231 1127 1338 1175 sive
1363 1126 1563 1189 Xystus
1584 1126 1744 1190 Papa

118 1203 171 1249 et
197 1204 441 1263 martyr.
469 1199 770 1262 Nusquam
791 1199 902 1250 hoc
933 1198 1080 1250 dixit
1101 1199 1352 1262 Ruﬁnus,
1386 1197 1487 1260 qui
1523 1197 1596 1248 ab
1615 1195 1742 1249 aliis

121 1270 419 1322 traditum
441 1269 597 1323 dicit.
611 1269 718 1322 Sed
741 1273 880 1335 prtej
889 1270 1076 1322 udicia
1097 1269 1278 1322 menti
1296 1269 1478 1320 infixa
1489 1268 1542 1320 id
1559 1281 1744 1334 saepe-

122 1353 381 1394 numero
425 1345 627 1407 agunt,
664 1343 728 1394 ut
747 1355 840 1394 res
862 1342 1038 1408 ipsas,
1064 1341 1198 1394 licet
1220 1341 1572 1406 perspicuas,
1603 1353 1742 1393 nos-

123 1415 358 1476 trisque
373 1413 554 1466 oculis
565 1413 694 1477 subj
703 1417 858 1466 ectas
871 1415 1104 1479 propius
1113 1413 1308 1466 videre
1315 1413 1736 1477 prohibeamur.

133 1485 364 1535 Vossius
385 1485 460 1537 ad
500 1484 747 1537 eundem
778 1485 1078 1550 scopulum
1111 1485 1332 1550 pridem
1349 1485 1660 1536 offenderat
1680 1485 1740 1538 in

124 1559 394 1610 Historia
405 1555 712 1622 Pelagiana
723 1557 819 1609 lib.
845 1558 881 1610 l.
915 1571 1038 1622 cap.
1063 1558 1272 1608 XXXI.
1298 1557 1589 1621 Rufinum,
1607 1568 1742 1609 nar-

122 1641 290 1694 rans,
322 1629 474 1694 Xyin
491 1629 847 1694 Pythagorici
863 1630 1184 1694 Philosophi
1209 1629 1619 1679 commentarios
1634 1644 1668 1678 a
1687 1643 1740 1678 se

127 1715 315 1752 versos
329 1700 428 1750 sub
449 1701 502 1750 Χ
501 1701 606 1765 ysli
630 1702 893 1766 martyris
909 1703 1129 1752 nomine
1147 1701 1387 1751 edidisse.
1412 1701 1560 1752 Hinc
1577 1701 1740 1754 facile

127 1772 413 1838 fuit,alios
431 1785 666 1838 quoque
687 1773 1052 1826 doctissimos
1069 1773 1224 1826 viros
1235 1775 1458 1822 eamdem
1469 1773 1738 1824 incudem

125 1847 278 1898 tund
285 1858 400 1910 ere,
413 1844 699 1894 Norisium
713 1845 774 1896 in
787 1846 1034 1898 Historia
1048 1845 1455 1909 Pelagianalil).
1469 1846 1511 1896 Ι.
1526 1857 1648 1909 cap.
1665 1846 1733 1896 Il.

128 1917 466 1968 Brunonem
503 1916 777 1980 Neusser,
817 1917 940 1968 sive
977 1918 1338 1968 Honoratum
1377 1916 1646 1980 Fabrum,
1674 1917 1738 1968 in

127 1987 454 2040 Prodromo
479 1987 840 2052 velitaripag.
871 1986 1078 2042 80.col.
1098 1986 1149 2042 ‘2.
1181 1991 1455 2037 Aubertum
1479 1987 1735 2040 Miraeum

125 2061 190 2112 in
203 2059 371 2112 notis
394 2060 468 2110 ad
492 2059 872 2124 Gennadium,
887 2065 953 2113 ut
976 2061 1267 2113 minorum
1291 2062 1550 2125 gentium
1571 2062 1745 2127 scrip~

129 2135 293 2184 tores
317 2131 598 2184 omittam.

201 2205 298 2255 VI.
331 2205 519 2255 Locus
541 2203 894 2269 Hieronymi,
920 2204 1180 2269 proxime
1210 2204 1520 2270 adductus,
1545 2208 1743 2259 contra

131 2275 372 2340 librum,
399 2279 684 2340 quatenus
735 2289 946 2328 temere
988 2279 1228 2342 martyri
1271 2277 1644 2342 adscriptum,
1681 2279 1744 2330 in

132 2360 352 2400 caussa
369 2359 499 2400 esse
531 2346 734 2412 potuit,
761 2361 864 2400 cur
879 2348 1142 2400 Gelasius
1163 2349 1493 2414 pontifexin
1504 2349 1741 2402 concilio

130 2422 400 2471 Romano
412 2421 777 2484 septuaginta
793 2420 1204 2484 Episcoporum
1225 2421 1472 2472 eundem
1485 2423 1743 2486 rejecerit

130 2493 286 2544 inter
300 2492 683 2556 apocryphos,
705 2492 950 2555 publicai
965 2493 1240 2543 nimirum
1266 2497 1324 2544 et
1346 2493 1742 2546 canonicaeau-

133 2563 422 2616 ctoritatis
458 2568 743 2627 expertes.
775 2564 920 2614 Nam
950 2563 1010 2614 in
1033 2564 1264 2624 Decreto,
1290 2565 1441 2628 quod
1466 2577 1574 2615 nos
1588 2567 1740 2629 jam-

132 2635 362 2687 dudum
379 2635 604 2688 Gelasio
615 2637 993 2700 asseruimus,
1016 2635 1098 2686 sic
1115 2634 1348 2700 legitur:
1363 2635 1520 2685 Liber
1529 2652 1742 2701 prover-

133 2706 352 2756 biorum
369 2707 436 2756 ab
469 2707 728 2757 haereticis
759 2708 1111 2772 conscriptus,
1136 2717 1182 2757 et
1211 2718 1426 2760 SANCTI
1455 2709 1609 2773 Xysli
1638 2724 1738 2758 no-

130 2780 284 2829 mine
305 2779 684 2844 praesignatus,
727 2781 1096 2844 apocryphus.
1139 2781 1328 2832 Verba
1363 2782 1507 2832 haec:
1552 2781 1736 2831 Sancti

134 2852 294 2916 Xysti
321 2853 545 2902 nomine
561 2856 920 2916 praesignatus
941 2852 1198 2903 notanda
1213 2857 1368 2904 sunt.
1388 2853 1534 2904 Nam
1551 2851 1738 2903 Sancti

135 2936 474 2989 praenomen
495 2936 532 2975 a
552 2924 816 2988 librariis;
846 2924 938 2978 vel
962 2924 1216 2976 fortasse
1235 2926 1310 2976 ab
1333 2925 1618 2976 haereticis
1649 2927 1740 2978 est

134 2998 544 3060 incrustatum,
596 3009 713 3048 non
741 3007 882 3048 sane
913 3008 949 3048 a
972 2996 1199 3061 Rufino.
1231 2997 1293 3048 Id
1313 3009 1406 3048 res
1428 2998 1654 3062 clamat,
1681 3001 1740 3050 et

133 3068 380 3132 Rufinus
390 3069 670 3133 agnoscit.
697 3068 930 3121 Vossius
951 3069 1014 3120 in
1029 3069 1283 3122 Historia
1297 3069 1616 3135 Pelagiana,
1628 3070 1740 3121 mi-

133 3153 268 3193 rum
302 3141 479 3193 videri
499 3141 599 3205 ait,
645 3139 806 3204 quod
837 3141 1102 3193 Gelasius
1125 3156 1239 3191 non
1261 3157 1297 3190 a
1319 3141 1622 3206 gent-ilibus,
1647 3143 1740 3193 sed

133 3214 204 3263 ab
234 3213 496 3262 haereticis
521 3213 752 3276 scriptas
787 3213 931 3262 dicat
970 3213 1142 3277 Xysti
1179 3213 1513 3267 sententias.
1559 3215 1622 3266 Id
1661 3215 1740 3267 ait

133 3284 398 3351 pontifex
421 3285 574 3349 quod
598 3285 1084 3350 Pelagianafactio
1104 3287 1258 3352 Xysti
1283 3286 1462 3350 hujus
1500 3285 1742 3340 auctori-

136 3363 257 3410 tate
299 3358 648 3422 abuteretur,
685 3357 855 3422 quasi
884 3358 1140 3422 Episcopi
1159 3363 1216 3411 et
1236 3360 1519 3425 martyris.
1571 3361 1740 3412 Forte

134 3429 315 3482 etiam
338 3429 497 3494 quod
509 3429 742 3494 Xystum
753 3431 1176 3495 interpolasset.
1195 3433 1324 3483 Non
1345 3435 1500 3484 certe
1519 3440 1741 3498 propter

133 3501 412 3564 Rufinum
422 3502 778 3568 interpretem,
791 3507 860 3556 ut
869 3503 1198 3568 suspicatur
1207 3505 1738 3557 Vossius.Gelasius

137 3577 299 3626 enim
312 3574 377 3626 in
394 3574 504 3626 hoc
525 3575 653 3639 ipso
679 3576 913 3628 Decreto
933 3575 1207 3638 Rufinum
1225 3575 1536 3629 honoriﬁce
1554 3579 1740 3630 nomi-

132 3650 259 3710 nat,
275 3649 336 3698 et
354 3647 696 3699 Nazianzeni
714 3647 1010 3714 opuscula,
1021 3648 1226 3701 eodem
1239 3648 1569 3714 interprete,
1581 3649 1739 3700 libris

135 3718 482 3783 recipiendis
492 3719 850 3773 adnumerat.
875 3721 982 3772 His
1005 3726 1062 3773 et
1083 3720 1223 3772 illud
1243 3721 1654 3787 adde,Caleurn
1667 3735 1741 3774 ex

137 3792 282 3844 Mss.
297 3791 593 3844 codicibus
603 3792 882 3858 olfecisse,
895 3793 1033 3843 duas
1050 3793 1264 3844 Siactini
1281 3793 1453 3844 Anuli
1463 3795 1737 3857 editiones,

136 3865 292 3917 inter
312 3876 376 3918 se
400 3864 680 3928 diversas,
697 3867 1016 3930 antiquitus
1038 3867 1236 3919 factas.
1262 3867 1514 3931 Utraque
1536 3866 1610 3920 ad
1633 3869 1739 3918 Itu-

135 3937 328 4002 finum
356 3938 643 4004 pertinere
665 3950 782 3991 non
805 3940 1010 4004 potuit.
1035 3939 1182 4002 Quid
1204 3951 1340 4004 ergo
1377 3943 1553 4002 vetat,
1567 3941 1738 3993 alter-

140 4015 334 4062 utram
347 4012 422 4062 ab
448 4011 706 4061 haereticis
745 4024 945 4064 cusam
967 4013 1248 4078 arbitrari,
1276 4023 1451 4077 quam
1479 4011 1742 4065 Gelasius

138 4087 344 4136 notare
389 4083 668 4138 voluerit?
723 4085 1002 4138 Baronius
1031 4088 1101 4139 A.
1143 4088 1204 4138 D.
1251 4083 1368 4140 liiO.
1403 4085 1547 4150 ἔδει.
1573 4086 1741 4138 Gela-

140 4155 323 4208 sianm
335 4168 439 4208 cen
446 4167 599 4208 suras
611 4160 776 4222 putat
790 4160 1146 4212 occasionem
1160 4158 1386 4211 dedisse
1396 4157 1522 4210 loca
1537 4159 1742 4211 biblica

140 4228 219 4282 ab
241 4227 447 4292 Rufino
469 4230 531 4282 in
547 4229 690 4281 Sixti
709 4230 923 4282 librum
951 4231 1193 4284 intrusa.
1231 4231 1340 4284 Sed
1358 4231 1743 4298 Hieronymus

140 4314 264 4354 non
273 4301 352 4354 illi
381 4302 491 4354 hoc
515 4302 737 4354 facinus
760 4305 1052 4369 exprobat.
1082 4307 1197 4358 Nec
1221 4317 1361 4357 sane
1381 4305 1674 4372 tacuisset,
1695 4309 1742 4360 si

139 4373 384 4450 Rufinus
409 4376 584 4450 verbo
617 4376 719 4450 Dei
762 4381 973 4444 scripto
1001 4380 1433 4448 Philosophum,
1472 4386 1743 4450 gentilem

143 4447 448 4512 creditum,
461 4447 883 4515 interpolasset.
898 4453 1156 4518 Rufinus,
1171 4459 1256 4508 uti
1270 4447 1522 4510 vidimus
1533 4472 1605 4511 ex
1621 4461 1744 4512 Hie-

143 4532 409 4594 ronymo,
430 4523 880 4588 Gnomologicon
895 4525 1030 4578 illud
1051 4527 1194 4580 Sixti
1210 4528 1271 4580 in
1295 4529 1430 4578 duas
1441 4536 1620 4594 partes
1635 4530 1744 4583 dis-

144 4592 488 4646 criminavit.
513 4594 778 4668 Eundem
801 4598 1061 4652 ordinem
1073 4601 1328 4654 servavit
1352 4592 1756 4668 Champerius,‘

144 4670 482 4740 nontamen
521 4667 856 4732 Rhenanus,
889 4672 1157 4737 Bigneus,
1183 4673 1414 4739 Galeus,
1438 4667 1740 4740 ceterique.

147 4737 256 4815 Sed
275 4751 531 4815 gnomon
555 4741 945 4796 recitemusex
962 4745 1208 4798 editione
1223 4737 1743 4811 Cham'perii,quam
1759 4740 1818 4815 D

145 4813 279 4866 licet
301 4811 564 4877 Pelagius
585 4816 640 4865 et
654 4815 1016 4879 Augustinus
1033 4817 1312 4870 Sixtinam
1329 4821 1664 4884 agnoscant,
1685 4820 1746 4872 in

147 4884 382 4949 reliquis
393 4889 588 4938 tamen
603 4885 951 4947 editionibus
967 4892 1258 4943 universis
1274 4889 1489 4943 frustra
1499 4892 1739 4954 quaeris:

146 4956 461 5008 Libertatem
485 4956 702 5008 arbitrii
737 4959 826 5010 sui
866 4962 1112 5027 permisit
1146 4962 1460 5014 hominibus
1502 4964 1664 5025 Deus,
1688 4967 1748 5014 ut

147 5045 300 5096 pure,
325 5035 370 5081 et
391 5029 508 5081 sine
553 5035 760 5094 peccato
798 5033 1042 5096 viventes,
1069 5035 1177 5086 Deo
1198 5035 1397 5086 similes
1437 5035 1600 5098 fiant.
1627 5037 1749 5087 Hoc

147 5102 375 5165 evincit,
393 5101 700 5156 editionem
725 5105 1047 5171 Champerii
1065 5106 1140 5158 ad
1160 5107 1334 5160 fidem
1349 5106 1560 5158 codicis
1580 5107 1750 5172 longe

148 5175 410 5228 omnium
459 5175 849 5240 antiquissimi
887 5181 944 5230 et
988 5179 1361 5232 sincerissimi
1393 5192 1746 5244 expressam.

150 5250 341 5310 Quum
366 5246 627 5313 Pelagius
653 5249 1459 5315 hunclocum,duosquealios
1473 5255 1750 5315 tanquam

149 5320 320 5384 Xysti
368 5319 626 5370 Romanae
663 5321 906 5372 Ecclesiae
932 5323 1188 5389 Episwpi
1207 5331 1253 5373 et
1277 5325 1540 5386 martyris
1563 5336 1664 5388 pro
1689 5334 1752 5376 se

151 5394 462 5456 recitasset,
479 5407 580 5446 eos
593 5396 956 5459 Augustinus
981 5399 1130 5449 bona
1152 5397 1264 5448 fide
1291 5403 1454 5449 ratus
1475 5395 1748 5461 auctoris,

152 5479 284 5520 vere
308 5467 527 5518 Summi
553 5467 856 5531 pontificis,
876 5473 933 5522 et
956 5483 1088 5522 vere
1111 5472 1399 5534 martyris,
1425 5469 1485 5519 in
1510 5481 1751 5520 sensum

153 5537 494 5594 catholicum
511 5539 761 5593 emollire
779 5547 1017 5594 conatus
1028 5545 1116 5594 est
1130 5556 1252 5606 cap.
1266 5542 1464 5593 LXIV.
1477 5541 1510 5606 ἕ
1525 5541 1612 5595 77.
1624 5539 1752 5592 libri

153 5612 222 5665 de
241 5613 460 5663 Natura
479 5617 523 5660 et
549 5612 740 5662 Gratia
777 5619 980 5667 contra
999 5615 1321 5680 Pelagium:
1344 5613 1476 5673 Quis
1498 5614 1642 5674 item,
1664 5613 1753 5665 in-

153 5685 286 5750 quit.
333 5685 683 5737 Christianus
705 5687 941 5751 ignorat,
969 5689 1114 5753 quod
1136 5687 1502 5738 beatissimum
1525 5687 1752 5751 Xystum

155 5757 404 5809 Romanae
443 5757 684 5808 Ecclesiae
728 5758 1074 5824 Episcopum,
1099 5766 1149 5810 et
1180 5759 1406 5810 Domini
1451 5765 1753 5822 martyrem

155 5835 528 5882 commemorat
543 5829 980 5898 (Pelagius)quia
994 5832 1286 5883 libertatem
1303 5831 1522 5882 arbitrii
1535 5831 1622 5880 sui
1630 5844 1755 5895 per-

155 5905 293 5955 misit
316 5901 799 5966 hominibusDeus,
825 5911 886 5954 ut
909 5920 1045 5970 pure
1068 5909 1114 5955 et
1136 5905 1252 5955 sine
1270 5908 1480 5970 peccato
1507 5903 1750 5963 viventes,

159 5977 344 6032 similes
363 5976 514 6040 fiant
537 5973 644 6028 Deo
658 5977 686 6028 τ
707 5975 874 6032 Hanc
897 5977 1242 6034 sententiam
1253 5975 1364 6031 sub
1377 5973 1548 6040 Xysti
1563 5970 1755 6038 ponti-

1753 1871 1808 1947 B

1846 625 2020 677 minis
2035 627 2372 679 auctoritate
2387 635 2723 693 exarmaret,
2744 633 3234 696 subsequentibus
3251 633 3445 686 verbis

1847 697 2182 750 catholicam
2203 698 2438 752 reddere
2459 705 2719 754 conatur:
2747 701 2850 752 Sed
2859 703 2934 752 ad
2947 703 3128 768 ipsum
3145 703 3441 756 arbitrium

1842 770 2068 834 pertinet
2093 775 2364 819 vocantem
2407 771 2601 820 audire
2615 777 2663 822 et
2677 773 2901 834 credere,
2919 779 2964 822 et
2987 773 3054 823 ab
3073 789 3150 836 eo,
3191 775 3252 824 in
3285 789 3444 840 quem

1845 841 2026 903 credit,
2044 856 2157 890 non
2165 841 2424 905 peccandi
2434 843 2774 908 adjutorium
2790 845 3082 910 postulare.
3097 847 3247 897 Nam
3259 848 3445 913 utique

1845 925 2016 977 quum
2055 913 2180 962 dicit
2207 926 2219 962 :
2242 913 2453 963 Similes
2491 915 2638 977 fiant
2677 916 2801 978 Deo,
2826 930 2921 980 per
2941 917 3222 968 caritatem
3237 919 3333 968 Dei
3350 919 3444 984 fu-

1846 985 1959 1033 turi
1981 988 2106 1033 sunt
2133 984 2333 1034 similes
2362 986 2468 1034 Deo
2489 1001 2505 1035 :
2530 1001 2646 1050 quae
2671 987 2873 1052 diffusa
2896 993 2968 1038 est
2991 989 3049 1038 in
3067 989 3320 1039 cordibus
3341 1005 3442 1040 no-

1843 1056 1968 1104 stris
1992 1069 2103 1104 non
2129 1061 2340 1104 natura
2354 1056 2713 1121 possibilitate,
2739 1073 2830 1108 nec
2851 1058 3012 1110 (ibe-ro
3034 1059 3280 1126 arbitrio,
3297 1061 3443 1126 quod

1843 1127 1990 1176 estin
2021 1125 2194 1190 nobis,
2216 1128 2304 1177 sed
2323 1143 2418 1193 per
2441 1128 2710 1194 Spiritum
2729 1131 3008 1197 Sanctum,
3041 1132 3136 1196 qui
3167 1125 3326 1183 datus
3367 1139 3440 1184 est

1841 1197 2012 1249 nobis.
2038 1199 2172 1250 Mox
2191 1198 2336 1251 duas
2378 1200 2519 1252 alias
2551 1200 2695 1252 Sixti
2741 1202 3054 1254 sententias
3077 1205 3440 1268 Augustinus

1841 1269 2053 1336 promit
2080 1283 2154 1323 ex
2176 1272 2302 1336 ejus
2347 1273 2526 1322 Anulo
2561 1285 2724 1325 num.
2759 1273 2844 1328 40.
2894 1271 2978 1328 53.
3019 1274 3089 1323 Et
3124 1275 3268 1338 quod
3309 1275 3440 1326 dicit

1841 1341 1982 1391 idem
1999 1347 2214 1406 martyr
2240 1341 2523 1407 :tcmplum
2541 1350 2790 1394 sanctum
2811 1347 2882 1392 est
2900 1345 3006 1394 Deo
3029 1358 3180 1394 mens
3198 1360 3364 1410 pura,
3393 1352 3440 1396 et

1839 1414 2010 1462 altare
2025 1411 2292 1478 optimum
2311 1419 2382 1463 est
2397 1414 2446 1463 ei
2469 1428 2562 1464 cor
2583 1415 2857 1466 mundum
2886 1419 2933 1465 et
2950 1415 3066 1466 sine
3079 1421 3306 1480 peccato;
3319 1417 3442 1482 quis

1839 1485 2002 1534 nescit
2025 1485 2098 1534 ad
2121 1485 2276 1534 istam
2311 1485 2696 1550 perfectionem
2728 1487 3138 1552 perducendum
3163 1502 3256 1538 cor
3275 1503 3444 1539 mun-

1840 1557 1990 1619 dum,
2021 1557 2156 1606 dum
2180 1557 2409 1607 interior
2425 1557 2585 1608 homo
2603 1563 2893 1608 renovatur
2903 1558 2967 1608 de
2977 1559 3062 1608 die
3077 1559 3308 1624 indiem,
3325 1575 3440 1611 non

1841 1633 2018 1678 tamen
2041 1629 2156 1678 sine
2175 1628 2356 1694 gratia
2380 1629 2476 1678 Dei
2500 1645 2599 1694 per
2627 1630 2809 1680 Jesum
2843 1629 3117 1681 Christum
3137 1631 3439 1682 Dominum

1839 1707 2084 1750 nostrum
2101 1701 2125 1750 .9
2139 1699 2274 1750 Item
2307 1701 2452 1764 quod
2471 1705 2552 1751 ait
2573 1701 2684 1766 ipse
2704 1715 2717 1753 :
2742 1701 2827 1750 vir
2848 1707 3022 1751 castus
3037 1707 3083 1750 et
3095 1702 3212 1752 sine
3227 1709 3437 1768 peccato
3537 1747 3545 1756 .

1833 1777 2137 1838 potestatem
2169 1772 2367 1838 accepit
2394 1787 2431 1820 a
2473 1773 2580 1823 Deo
2619 1787 2725 1822 esse
2771 1773 2944 1823 Filius
2985 1773 3103 1837 Dei,
3149 1789 3216 1823 ne
3267 1789 3438 1838 quum

1837 1844 2062 1908 quisque
2087 1843 2263 1908 factus
2283 1844 2451 1907 fuerit
2475 1843 2552 1892 ita
2589 1849 2783 1906 castus,
2820 1850 2868 1894 ct
2899 1845 3016 1894 sine
3037 1850 3247 1909 peccato
3271 1847 3439 1910 (quod

1834 1915 1926 1964 ubi
1949 1915 2232 1979 etquando
2267 1917 2328 1964 in
2351 1929 2408 1964 eo
2444 1915 2753 1980 perficitur,
2787 1915 3059 1966 nonnulla
3094 1919 3314 1980 quaestio
3346 1923 3438 1983 est,

1835 1989 1976 2038 inter
1991 2003 2122 2052 quos
2139 1994 2188 2036 ta
2200 2002 2316 2037 men
2343 1993 2562 2050 constat,
2591 1989 2720 2052 fieri
2746 2003 2914 2054 posse,
2947 1994 2990 2038 et
3010 1989 3126 2038 sine
3147 1990 3440 2042 mediatore

1843 2061 1998 2112 Dciet
2013 2061 2304 2110 hominum
2342 2061 2559 2110 homine
2579 2061 2790 2112 Christo
2821 2061 2949 2110 Jesu
2969 2061 3096 2125 fieri
3133 2077 3246 2112 non
3271 2065 3438 2128 posse)

1843 2138 2042 2197 tamen,
2069 2140 2124 2181 ut
2142 2133 2600 2197 dicerccoeperam,
2618 2133 3438 2197 pt'udcnteerstusadmonuit,

1841 2220 1909 2255 ne
1939 2220 2111 2270 quum
2145 2203 2310 2268 fuerit
2343 2205 2570 2270 quisque
2615 2205 2738 2254 talis
2771 2206 2946 2269 factus
2977 2210 3023 2254 et
3062 2221 3160 2270 per
3184 2207 3283 2256 hoc
3303 2213 3442 2256 recte

1841 2278 1982 2327 inter
1997 2276 2146 2341 filios
2160 2277 2258 2327 Dei
2281 2277 2585 2342 deputatus,
2625 2282 2842 2341 putetur
2865 2277 3041 2342 ipsius
3073 2276 3240 2340 fuisse
3269 2283 3440 2344 potes-

1842 2351 1986 2414 tatis,
2005 2365 2172 2414 qu-am
2193 2365 2289 2415 per
2301 2350 2540 2414 gratiam
2558 2351 2755 2414 accepit
2776 2365 2812 2399 a
2844 2349 2952 2400 Deo
2967 2364 3137 2414 quum
3171 2365 3292 2400 eam
3323 2366 3438 2402 non

1841 2421 2050 2472 haberet
2078 2421 2140 2470 in
2177 2428 2382 2471 natura
2407 2422 2532 2486 jam
2556 2421 2744 2471 vitiata
2784 2427 2945 2486 atque
2984 2421 3278 2486 depravata
3299 2422 3437 2474 sicut

1839 2495 1900 2542 in
1916 2493 2209 2557 Evangelia
2221 2493 2431 2556 legitur.
2445 2493 2740 2544 Hactenus
2751 2494 3136 2556 Augustinus,
3149 2493 3296 2546 Sixti
3309 2506 3437 2548 sen-

1841 2565 2068 2630 tentias,
2087 2578 2232 2628 quas
2253 2565 2539 2629 pontiﬁcis
2564 2569 2620 2615 et
2635 2571 2903 2629 martyris
2922 2563 3240 2616 crediderat
3260 2566 3438 2620 lenire

1841 2637 2216 2688 studens.Sed
2226 2637 2492 2700 postmod
2501 2649 2597 2686 um
2609 2637 2834 2688 illarum
2846 2637 3078 2688 auctore
3089 2635 3308 2689 delecto
3318 2651 3440 2691 non

1840 2709 2072 2773 quidem
2087 2711 2542 2760 Christianorum
2549 2709 2810 2773 pontifice
2823 2721 2932 2760 nec
2952 2715 3210 2774 martyre,
3248 2723 3310 2762 se
3337 2710 3440 2763 de-

1840 2786 2071 2846 ceptum
2093 2794 2194 2846 pro
2219 2781 2468 2833 candore
2495 2793 2602 2833 suo
2626 2781 2815 2832 fassus
2839 2785 2928 2832 est
2947 2781 3010 2830 in
3031 2779 3176 2832 libro
3219 2782 3288 2833 II.
3325 2784 3439 2836 Re-

1835 2853 2240 2906 tractationum
2259 2865 2380 2917 cap.
2406 2853 2575 2904 XLII.
2611 2854 2766 2918 quod
2790 2852 3088 2916 egregium
3109 2851 3356 2920 facinus,
3381 2859 3439 2908 et

1836 2925 2072 2989 ingenui
2121 2925 2356 2989 pudoris
2391 2924 2626 2990 plenum
2674 2923 2872 2976 laudat
2904 2924 3159 2976 Ecclesia
3196 2925 3436 2990 Lugdu-

1835 2997 2036 3050 nensis
2058 2996 2120 3048 in
2135 2997 2278 3048 libro
2294 2998 2356 3046 de
2396 2998 2581 3045 Tribus
2609 2997 2842 3060 epistolis
2883 2997 3020 3048 tom.
3067 2997 3136 3046 II.
3183 2997 3440 3050 Auctarii

1836 3069 2204 3120 Bibliothecae
2221 3071 2454 3120 Patrum
2476 3081 2603 3132 pag.
2620 3066 2778 3122 1194.
2796 3067 3113 3130 Augustini
3133 3069 3308 3121 verba
3321 3068 3437 3122 huc

1836 3139 2110 3193 auferam.
2146 3141 2212 3189 In
2256 3139 2390 3189 libro
2415 3140 2478 3188 de
2499 3140 2718 3189 Natura
2755 3142 2801 3187 et
2843 3138 3035 3187 Gratia
3057 3142 3246 3188 contra
3282 3140 3440 3190 Pela-

1837 3213 1992 3277 gium
2033 3209 2188 3260 verba
2233 3211 2500 3276 quadam,
2536 3225 2673 3276 qua,
2697 3209 2838 3260 velut
2861 3210 3016 3275 Xysti
3041 3209 3280 3260 Romani
3305 3211 3440 3276 Epi-

1769 3252 1981 3350 cgcopi
2001 3288 2048 3334 et
2073 3252 2354 3349 martyris,
2389 3252 2874 3348 Petitgjius’posuit,
2914 3252 3000 3331 ita
3040 3281 3276 3347 defendi,
3317 3252 3442 3333 ttin-

1838 3373 2008 3424 quam
2043 3369 2234 3408 revera
2279 3355 2515 3420 ejusdem
2558 3355 2715 3419 Xysti
2757 3359 2940 3406 essent.
2981 3354 3084 3404 Sed
3116 3361 3301 3418 postea
3343 3354 3442 3420 legi

1838 3430 1993 3495 Xysti
2003 3427 2324 3492 Philosophi
2334 3441 2437 3478 esse
2447 3441 2559 3478 non
2572 3426 2734 3492 Xysti
2751 3425 3076 3478 Christiani.
3093 3427 3217 3478 Non
3237 3428 3440 3490 quaeri,

1838 3501 2202 3567 Augustinus
2216 3499 2344 3564 quis
2360 3501 2534 3553 fuerit
2550 3500 2749 3564 Xystus
2763 3499 2858 3550 ille
2872 3497 3272 3564 philosophus.
3302 3500 3444 3552 Tan-

1841 3579 1968 3629 tum
1991 3587 2093 3626 nec
2107 3573 2453 3638 Episcopum,
2477 3585 2584 3624 nec
2606 3577 2900 3636 martyrem
2945 3571 3124 3622 fuisse
3157 3571 3256 3622 ait.
3296 3573 3442 3626 Puto

1839 3647 2250 3712 Augustinum,
2264 3645 2512 3711 perlecto
2527 3647 2652 3711 ipso
2667 3643 2837 3709 Xysti
2850 3643 3014 3709 libro,
3027 3648 3086 3696 et
3099 3643 3297 3709 Rufini
3309 3656 3444 3709 pro-

1839 3720 1991 3786 logo,
2018 3719 2218 3772 fucum
2239 3719 2312 3771 ab
2336 3717 2722 3771 haeresiarcha
2743 3714 2853 3768 sibi
2876 3715 3091 3768 factum
3113 3716 3440 3782 agnovisse.

1841 3795 2020 3860 Certe,
2051 3797 2118 3844 ut
2159 3792 2355 3844 statim
2398 3795 2754 3856 agnosceret,
2780 3805 2898 3841 una
2918 3789 3131 3856 prologi
3163 3789 3443 3855 inspectio

1842 3865 2094 3917 sutilcere
2116 3867 2360 3928 poterat,
2386 3863 2675 3927 quomodo
2687 3863 2914 3915 suffecit
2931 3861 3248 3926 Gennadio,
3265 3861 3367 3926 qui
3381 3861 3444 3914 in

1841 3935 2184 3991 veneranda:
2195 3935 2556 3999 antiquitatis
2573 3933 2765 3987 codice
2775 3934 3043 3986 Vaticano
3055 3933 3443 3985 Alexandrino

1840 4023 2002 4064 num.
2029 4006 2080 4064 8.
2116 4011 2248 4074 post
2269 4005 2602 4067 Hieronva
2637 4007 2972 4071 Catalogum
3004 4016 3126 4070 cap.
3171 4003 3323 4057 CLII.
3348 4004 3444 4058 vel

1842 4082 2018 4134 XVII.
2054 4078 2469 4144 latinasRufini
2493 4077 2788 4130 versiones
2807 4087 3170 4139 enumerans,
3183 4076 3283 4140 ait,
3307 4086 3443 4128 eum

1842 4153 1996 4219 Xysli
2015 4151 2253 4202 Romani
2275 4149 2562 4200 sententias
2596 4149 2934 4202 exhibuisse
2962 4165 2974 4198 :
3000 4147 3102 4200 ubi
3141 4158 3261 4200 non
3303 4158 3444 4219 sane

1843 4217 2100 4278 Romanae
2115 4223 2264 4274 urbis
2283 4225 2606 4289 episcopum,
2633 4237 2727 4272 nec
2745 4227 3044 4288 martyrem
3059 4219 3214 4272 dicit.
3241 4223 3303 4272 In
3312 4217 3443 4273 vul-

1843 4299 1994 4366 gatis
2031 4297 2302 4349 Gcnnadii
2341 4296 2690 4349 editionibus
2731 4295 3165 4366 omittiturivox
3187 4291 3444 4366 Romani,

1845 4365 2018 4436 quam
2043 4376 2237 4424 tamen
2258 4369 2509 4434 Xystum
2533 4368 2795 4432 laudans,
2813 4365 3064 4420 adstruit
3079 4367 3330 4417 Sanctus
3351 4365 3442 4436 Jo.

1843 4435 2254 4497 Damascenus.
2269 4441 2575 4504 Honorius,
2593 4440 2735 4493 alias
2752 4439 2829 4491 ild
2837 4451 2902 4490 us
2934 4438 3036 4488 Gen
3047 4437 3206 4486 nadii
3217 4435 3446 4499 excrip-

1843 4521 1948 4578 tor,
1976 4517 2038 4568 in
2069 4529 2128 4567 re
2155 4519 2352 4566 nostra
2379 4525 2512 4565 cum
2535 4513 2736 4564 eodem
2759 4509 3062 4573 consentit,
3089 4519 3444 4572 quamquam

1841 4601 1964 4641 non
2006 4589 2260 4648 Romani,
2297 4585 2400 4638 sed
2440 4583 2765 4648 Philosophi
2803 4594 3017 4634 nomen
3039 4583 3284 4646 usurpat
3317 4591 3442 4646 cap.

1844 4663 2021 4714 XVII.
2045 4659 2146 4711 ubi
2167 4658 2440 4722 Rufinum
2451 4655 2691 4710 vertisse
2713 4654 2794 4708 ait
2813 4653 2972 4720 Xysti
2986 4652 3302 4718 philosophi
3323 4667 3447 4704 sen-

1849 4734 2056 4784 tentias.
2075 4733 2153 4784 De
2173 4742 2276 4782 suo
2301 4729 2462 4782 addit
2491 4743 2504 4780 :
2529 4727 2732 4780 Contra
2753 4727 3188 4788 mathematicos;
3216 4729 3448 4779 senten-

1849 4806 1958 4858 tias
1990 4804 2143 4856 enim
2166 4808 2356 4853 contra
2379 4801 2784 4852 mathematicos
2817 4799 3193 4855 Gennadiusa
3211 4797 3447 4852 Sixtinis

1847 4877 2126 4940 distinxit,
2142 4880 2202 4929 et
2219 4874 2505 4941 Pamphili
2519 4886 2649 4928 esse
2673 4873 2836 4926 dixit.
2864 4875 2946 4926 De
2968 4870 3312 4926 hisinferius
3329 4869 3450 4926 dis-

1849 4961 2126 5003 seremus.
2153 4949 2262 5001 Sed
2278 4949 2421 5002 miro
2448 4948 2651 5000 mirius
2675 4952 2783 5012 est,
2811 4949 2943 5012 post
2963 4957 3196 4999 omnem
3241 4942 3450 4996 erroris

1845 5021 2135 5085 nebulam,
2165 5020 2237 5074 de
2263 5022 2446 5086 Xysto
2468 5019 2827 5086 philosopho,
2856 5030 2970 5070 non
3000 5016 3284 5082 pontifice,
3317 5027 3450 5068 sene

1849 5095 2161 5148 ten'tiarum
2186 5096 2420 5146 auctore
2435 5093 2795 5157 dissipatam,
2809 5089 3001 5143 adhuc
3023 5091 3330 5154 repertum,
3347 5087 3448 5151 qui

1848 5169 2100 5234 Xystum
2115 5179 2186 5218 ex
2202 5165 2563 5230 philosopho,
2578 5165 2952 5229 Pythagorico
2968 5161 3294 5228 pontiﬁcem
3309 5158 3452 5234 face-

1848 5231 1952 5295 ret.
1984 5243 2038 5292 Is
2061 5242 2150 5292 est
2172 5240 2388 5290 Auctor
2424 5237 2596 5290 libelli
2619 5237 2692 5289 de
2720 5236 3026 5288 duodecim
3069 5231 3450 5296 Scriptoribus

1850 5311 2283 5373 Ecclesiasticis,
2329 5309 2548 5362 Isidoro
2585 5313 2643 5360 et
2665 5307 2952 5360 Ildefonso
2995 5306 3310 5369 subjectus,
3353 5302 3453 5366 qui

1851 5399 1971 5450 cap.
2004 5387 2047 5449 Ι,
2080 5385 2209 5436 hinc
2252 5383 2454 5435 litteris
2488 5380 2854 5444 consignavit
2877 5394 2890 5431 :
2915 5380 3114 5443 Xystus
3155 5375 3449 5450 Episcopus

1850 5446 2106 5510 Ito—n‘tante
2130 5455 2279 5506 urbis
2315 5461 2362 5505 et
2391 5460 2624 5519 martyr,
2653 5452 2948 5517 composuit
2970 5450 3044 5499 ad
3077 5449 3257 5498 instar
3291 5446 3450 5497 Salo-

1853 5533 2030 5582 monis
2071 5529 2269 5580 librum
2292 5525 2709 5577 Proverbior'um
2747 5530 2859 5573 tam
2882 5523 3024 5571 brevi
3046 5519 3279 5584 eloquio,
3306 5524 3364 5570 ut
3387 5535 3449 5571 in

1851 5604 2083 5668 singulis
2115 5599 2388 5652 versiculis
2417 5597 2645 5662 singulae
2664 5597 2998 5660 explicentur
3029 5592 3335 5668 sententiae}
3361 5593 3449 5668 cui

1853 5664 2070 5744 quidem
2095 5672 2348 5740 opusculo
2386 5671 2617 5722 haeretici
2641 5669 2885 5744 quaedam
2927 5670 3115 5744 contra
3139 5664 3452 5744 ecclesiasti:

1853 5737 1972 5802 cam
1994 5737 2154 5814 fidem
2170 5749 2532 5806 inseruerunt,
2557 5759 2662 5809 quo
2689 5741 2908 5806 facilius
2927 5737 3024 5789 sub
3059 5738 3281 5788 nomine
3312 5737 3453 5814 tanti

1853 5810 2116 5888 martyris
2131 5831 2504 5888 perversorum
2525 5816 2841 5882 dogmatum
2861 5813 3195 5888 reciperetur
3208 5810 3450 5888 assertio.

1854 5896 1959 5948 Sed
1980 5884 2083 5956 liis,
2101 5884 2197 5960 qui
2219 5891 2545 5944 catholicum
2575 5904 2628 5940 se
2659 5904 2762 5939 esse
2784 5887 3052 5950 meminit,
3075 5884 3454 5960 probando‘le-

1854 5973 1962 6034 gat,
1989 5972 2034 6019 et
2071 5957 2134 6019 ea
2164 5981 2280 6031 quae
2311 5964 2527 6018 veritati
2557 5961 2836 6018 contraria
2869 5965 3014 6025 sunt,
3050 5975 3163 6012 non
3205 5957 3450 6023 recipiat.
