3894 6434
49 411 150 465 ’201

1323 411 1500 462 VITA
1535 413 1664 463 LIB.
1703 415 1767 464 ΙΙ.
1806 414 1956 463 CAP.
1994 413 2090 464 IX.

3257 416 3360 470 “202

49 520 397 600 ignorantia,
415 533 588 582 quum.
614 519 686 567 ad
702 519 1185 600 consummationis
1208 518 1418 600 culmen
1444 520 1660 570 adscen-
1687 529 1748 600 Α
1769 523 2004 586 carptim
2040 522 2299 574 delibavi.
2337 524 2535 577 Cetera
2569 526 2972 578 Tillemontius
2997 527 3192 578 fusiori
3222 527 3363 578 cala-

53 593 257 653 dcri-nt,
287 606 436 655 posse
473 605 705 654 peccaro.
750 593 812 640 In
847 590 1080 654 prologo
1123 589 1247 640 libri
1272 593 1366 640 IV'.
1392 593 1448 642 in
1479 592 1664 644 Hiere-

53 664 236 713 miam
263 664 463 712 contra
487 663 760 712 Rulinum
787 661 1186 723 etEvagrium,
1212 662 1380 722 quasi
1405 662 1666 725 Origcnis

49 732 728 797 asseclas,ejusdemque
753 744 1015 783 errorum
1039 733 1354 796 armigeros
1376 736 1668 789 indignatur

50 806 145 855 bis
178 805 397 855 verbis:
430 804 877 866 Commentarios,
899 803 1105 866 inquit,
1137 804 1193 849 in
1216 804 1545 851 Hieremiam
1572 820 1668 866 μιν

52 876 347 924 intervalla-
384 875 673 937 dictabam,
707 880 788 936 ut,
815 875 960 938 quod
998 876 1173 922 deerat
1213 876 1343 934 ocio,
1381 881 1666 937 superesset

56 947 344 996 industriae
366 962 537 1011 quam
581 946 758 994 subita
785 947 994 994 Ita’rcsis
1017 947 1340 1009 I’ythagm'aa
1363 951 1407 994 ct
1431 947 1667 993 Zenonis

54 1017 298 1074 ἀπαθείας
329 1025 372 1066 et
399 1015 788 1084 ἆναμαρτησίας,
825 1018 882 1065 id
905 1023 974 1065 est
1006 1016 1456 1079 irnpassibilitalis
1486 1023 1531 1065 et
1560 1019 1667 1065 im-

51 1091 366 1154 }‘recmntiw,
393 1105 511 1153 qua:
534 1090 664 1138 olim
682 1090 743 1137 in
763 1088 1004 1151 Origene,
1040 1094 1083 1135 ct
1109 1089 1316 1136 (ludum
1343 1089 1398 1135 in
1427 1089 1667 1151 discipu-

53 1164 120 1210 lis
147 1163 265 1226 ejus
287 1165 435 1210 (ἰηιτί
447 1162 538 1210 nio
575 1161 829 1224 (Ruﬁno),
849 1161 1085 1222 Evagrio
1110 1166 1154 1208 ct
1181 1161 1478 1209 Jo-v-iniano
1494 1161 1666 1223 jugu—

56 1235 172 1282 lata
223 1240 334 1292 est;
363 1238 409 1281 et
433 1247 547 1280 non
591 1233 766 1280 solum
793 1235 852 1279 in
880 1231 1169 1291 Occidente,
1211 1231 1300 1279 sed
1325 1232 1385 1279 in
1434 1232 1666 1280 Orientis

52 1304 309 1368 partibus
329 1303 561 1353 sibilare.
595 1302 773 1354 Multa
798 1303 1028 1366 scripsit
1054 1303 1354 1366 Evagrius,
1381 1315 1510 1365 qum
1533 1307 1668 1366 post

53 1376 425 1427 Gennadium
456 1388 576 1438 cap.
601 1377 694 1425 XI.
721 1380 1098 1426 recensentur
1127 1375 1198 1425 ab
1221 1376 1474 1425 Antonio
1494 1376 1666 1437 Pagio

54 1453 123 1498 Α.
162 1450 228 1498 D.
269 1446 390 1500 388.
409 1448 458 1509 §.
488 1447 598 1499 ib’a
624 1447 898 1505 Casimiro
924 1445 1150 1497 Oudino
1174 1446 1234 1496 in
1260 1447 1666 1510 Supplemento

59 1517 508 1569 Bellarminiano
533 1530 660 1581 pag.
681 1517 766 1578 47,
792 1523 964 1580 atque
992 1518 1163 1568 etiam
1185 1530 1219 1567 a
1242 1519 1667 1570 LndovicoDu—

54 1592 194 1655 pino
220 1589 388 1640 initio
416 1591 656 1641 tomilII.
684 1589 1066 1640 Bibliothecee.
1096 1591 1330 1639 Librum
1352 1597 1510 1636 lainen
1534 1590 1666 1638 Sen-

52 1662 380 1723 tentiaram,
403 1673 577 1723 quem
600 1662 845 1712 Ruﬁnus
861 1673 934 1711 ex
956 1662 1154 1712 Graaco
1187 1662 1244 1711 in
1268 1661 1534 1711 Latinum
1549 1673 1667 1710 ser-

51 1745 296 1786 monem
322 1732 638 1796 transtulit,
657 1745 859 1782 omnes
872 1732 1066 1795 jejune
1082 1734 1394 1795 attingunt,
1410 1734 1501 1783 vel
1515 1734 1667 1779 ferme

49 1807 339 1856 intactum
355 1808 799 1868 praetereuntme
823 1808 1064 1867 excepto
1088 1805 1290 1863 quidem
1318 1803 1665 1862 ’littcmonlio,

49 1878 156 1939 qui
181 1889 276 1928 res
298 1877 527 1938 Evagrii
542 1876 682 1926 alias
708 1876 935 1939 copiose
961 1877 1324 1938 persequitur
1337 1876 1393 1924 in
1422 1880 1574 1925 tomo

48 1950 618 1999 Commentariorum
640 1947 708 1997 de
734 1949 983 1997 Historia
1015 1947 1430 1998 Ecclesiastica.
1450 1949 1534 1996 Ex
1548 1950 1661 1994 Pal-

50 2020 210 2069 ludio
238 2021 299 2070 in
324 2020 576 2069 Historia
613 2018 890 2068 Lausiaca
917 2031 1038 2081 cap.
1068 2019 1372 2068 LXXXVI.
1397 2017 1666 2078 Euagrius

51 2091 166 2141 fuit
178 2105 371 2152 genere
395 2091 507 2138 Pon
519 2090 651 2137 ticus
662 2089 890 2137 civitatis
902 2090 1115 2137 lbrroru
1126 2104 1195 2152 m,
1217 2087 1308 2139 vel
1323 2088 1665 2147 Hiberorum,

49 2177 125 2212 ex
164 2161 440 2212 Paradiso
471 2161 787 2211 l-leraclidis
819 2173 941 2224 cap.
961 2162 1137 2212 XXV.
1164 2164 1221 2212 et
1245 2173 1317 2210 ex
1353 2161 1666 2210 Sozomeno

52 2237 151 2285 tib.
181 2236 278 2283 v1.
308 2245 429 2296 cap.
468 2234 650 2282 ΧΧΧ.
689 2231 842 2280 Ibo-ra
871 2237 1059 2283 tamen
1084 2233 1217 2292 (non
1233 2231 1396 2294 lbera)
1426 2232 1564 2281 urbs
1594 2232 1666 2281 ad

52 2306 529 2369 Helenopontum
545 2307 602 2354 in
615 2304 750 2354 Asia
768 2305 993 2367 minori,
1019 2306 1666 2354 memoraturJustiniano

54 2381 113 2427 in
136 2379 181 2427 N
191 2375 384 2427 ovella
396 2377 653 2425 XXVIII.
669 2387 841 2438 quam
856 2377 1056 2426 urbem
1071 2376 1376 2437 Gregorius
1390 2377 1424 2422 Ν
1434 2388 1664 2433 yssenus,

55 2449 298 2511 Evagrii
315 2448 557 2508 amicus,
579 2452 712 2496 tom.
730 2449 794 2495 II.
825 2448 1074 2508 Operam
1092 2446 1354 2497 editionis
1369 2447 1667 2493 I’arisicnsis

49 2520 272 2583 Aigidii
305 2518 518 2569 Morelli
537 2519 672 2569 anni
699 2518 854 2571 1038.
874 2531 1001 2581 pag.
1043 2517 1160 2570 11⁸2.
1199 2518 1466 2569 Oratione
1489 2517 1558 2567 de
1583 2519 1663 2564 XI.

52 2591 432 2654 Martyribus,
458 2589 608 2640 locat
631 2602 804 2652 prope
824 2591 1151 2640 cmnobium
1169 2592 1509 2639 Sanctorum
1526 2590 1667 2636 Basi-

47 2663 108 2713 lii
136 2667 199 2713 et
223 2661 518 2723 Macrinaa,
547 2662 716 2723 unde,
745 2666 809 2710 ut
840 2663 939 2722 ait,
979 2677 1084 2708 non
1114 2661 1300 2723 procul
1325 2660 1460 2708 abest
1490 2674 1668 2722 parua

46 2737 268 2797 civitas,
296 2747 463 2797 quam
487 2732 700 2781 lberam
715 2739 901 2780 vocant
920 2733 1387 2796 Ejus1£1Jiscopus
1422 2732 1666 2778 Uranius

49 2805 642 2867 subscripsitActioni
661 2806 752 2853 VI.
779 2805 1009 2854 Concilii
1036 2803 1517 2854 Chalcedonensis
1532 2805 1664 2861 apud

48 2879 359 2928 Labbeum
372 2881 510 2926 tom.
530 2877 622 2925 IV.
644 2889 770 2939 pag.
789 2874 908 2927 589.
925 2877 1116 2925 Codex
1133 2875 1531 2938 l’alladiiapud
1549 2878 1667 2921 Itos-

47 2950 335 3012 \veydum
367 2947 427 2996 in
450 2948 700 2997 Historia
732 2949 1022 2997 eremitica
1051 2960 1179 3009 pag.
1206 2946 1326 2998 789.
1356 2959 1514 2996 num.
1543 2945 1662 2997 134.

44 3022 231 3071 habet
263 3019 463 3084 Ὶῧὸρων
496 3018 775 3066 Mororum
817 3031 918 3082 pro
966 3021 1159 3083 ἰὅέρων
1187 3018 1482 3066 lber-orum.
1518 3019 1664 3080 Ergo

44 3094 301 3144 minime
327 3090 726 3152 dubitandum,
747 3103 888 3152 quin
900 3091 1053 3152 apud
1070 3091 1506 3152 Hieronymum,
1534 3101 1665 3139 cum

43 3163 402 3226 Rosweydo,
433 3166 490 3213 et
513 3162 1012 3213 HenricoValesio
1028 3162 1085 3212 in
1109 3162 1262 3212 notis
1299 3161 1371 3211 ad
1397 3162 1664 3211 Sozome—

44 3235 572 3299 num,legidebeat
599 3233 818 3297 lboritu,
846 3233 937 3286 vel
965 3234 1110 3284 forte
1127 3233 1391 3295 llyborila
1423 3245 1521 3295 pro
1545 3233 1662 3295 ΗΠ..

41 3311 351 3373 μονιμονὶια.
379 3305 658 3357 Violenta)
675 3307 828 3357 enim
850 3308 908 3356 et
932 3305 1354 3368 quodammodo
1385 3307 1662 3367 aenigma-

45 3383 178 3432 ticae
203 3378 561 3430 'I‘illemontii
585 3383 641 3428 et
664 3376 923 3428 Cotelerii
939 3377 1347 3439 explicationes
1365 3377 1656 3428 videntur:

41 3453 225 3504 modo
264 3450 363 3500 ille
398 3448 816 3512 Hyperboritam
852 3450 1292 3511 exaggeratione
1317 3449 1565 3511 quadam
1590 3449 1662 3499 ab

42 3527 415 3586 Hieronymo
441 3521 611 3572 scribi
641 3521 900 3585 potuisse
924 3521 1174 3583 conjicit,
1200 3520 1661 3584 preptereaquod

41 3600 282 3657 Pontus,
313 3594 493 3657 patria
511 3593 758 3657 Evagrii,
785 3597 939 3644 esset
957 3593 1219 3655 borealis,
1245 3599 1444 3643 contra
1467 3605 1532 3642 ac
1557 3594 1662 3643 Pa-

39 3669 313 3729 lwstina,
337 3666 434 3716 ubi
457 3665 844 3728 Hieronymus
867 3666 993 3716 haec
1019 3667 1278 3715 scribens
1304 3666 1658 3726 morabatur;

39 3740 382 3793 cotelerius
434 3750 568 3789 vero
621 3739 682 3788 in
709 3737 1098 3789 Monumentis
1137 3737 1408 3788 Ecclesrae
1445 3741 1661 3787 Grwa

40 3822 183 3866 toni.
203 3813 309 3862 III.
330 3821 460 3873 pag.
485 3808 607 3862 543.
632 3809 1092 3873 Ηυρενιὶὸονίίαγη,
1121 3810 1209 3860 vel
1227 3808 1661 3873 Hypcribcritam

39 3886 338 3949 scripturn
359 3883 432 3932 ab
449 3883 796 3945 Ilieronymo
815 3883 1160 3945 suspicatur,
1178 3886 1411 3931 nomine
1429 3881 1487 3930 in
1506 3886 1662 3928 malc-

36 3961 276 4009 dictum
306 3958 588 4014 contorto,
607 3954 770 4017 quasi
799 3966 972 4017 supra
997 3953 1234 4016 lbcv‘itas,
1268 3957 1532 4014 populares
1546 3968 1662 4000 suos

36 4032 261 4088 lberita,
294 4031 474 4088 atque
517 4026 722 4074 lberitis
769 4030 965 4089 pejor;
1010 4026 1164 4089 quod
1196 4028 1468 4075 ninnrum
1500 4024 1659 4085 Iberi,

38 4106 80 4153 si
92 4117 165 4153 ve
185 4100 408 4161 Hiberi,
426 4104 747 4162 ceteraeque
769 4100 1017 4151 Ponticae
1030 4106 1234 4162 gentes
1247 4098 1393 4148 male
1409 4099 1662 4160 audirent,

40 4183 192 4227 teste
217 4185 349 4238 pra:
380 4171 506 4221 aliis
531 4171 803 4235 Septimio
828 4173 936 4222 sub
961 4173 1124 4222 initio
1142 4171 1414 4222 librorum
1442 4171 1502 4220 in
1527 4173 1664 4220 Mar-

35 4251 294 4299 cionem.
320 4244 477 4294 Idem
499 4244 585 4294 vir
604 4245 828 4306 doctus,
857 4245 1196 4295 Cotelerium
1218 4244 1364 4303 dico,
1393 4256 1520 4307 pag.
1537 4243 1659 4294 977.

38 4338 97 4371 se
124 4320 374 4370 codices
426 4319 561 4366 Mss.
599 4316 724 4365 bene
753 4317 948 4365 multos
982 4317 1196 4368 vidisse
1234 4317 1332 4377 ait,
1368 4317 1426 4366 in
1452 4316 1662 4378 quibus

37 4396 258 4457 legitur
291 4390 540 4441 lliborita
566 4395 622 4440 et
656 4389 895 4439 Hiberita
919 4408 927 4439 :
949 4391 1211 4453 Ilyborita
1237 4392 1427 4451 etiam,
1454 4405 1526 4441 ex
1551 4403 1664 4453 quo

39 4471 270 4516 factum
299 4463 680 4526 llyperlmrita.
708 4464 812 4514 Sed
848 4476 978 4514 vero
993 4464 1235 4513 similius
1267 4465 1552 4524 existimo,
1578 4463 1665 4512 vi-

37 4552 166 4589 rum
191 4541 481 4588 Sanctum
497 4535 740 4598 procula
762 4540 1097 4596 scornmate,
1117 4548 1288 4586 unam
1314 4537 1541 4598 Evagrii
1567 4549 1664 4598 pa-

38 4613 217 4659 triam
246 4607 559 4668 designare
586 4606 856 4670 voluisse,
875 4613 939 4658 ut
961 4608 1122 4658 illum
1138 4609 1212 4658 ab
1235 4607 1359 4658 aliis
1387 4610 1656 4671 Evagriis,

37 4691 179 4732 tunc
209 4679 561 4740 notissimis,
587 4679 1022 4742 discriminaret,
1041 4685 1178 4743 puta
1195 4682 1265 4730 ab
1291 4680 1527 4742 Evagrio
1546 4684 1657 4730 An-

39 4754 327 4804 tiocheno
354 4751 649 4814 Episcopo,
671 4751 907 4814 Evagrio
934 4753 986 4802 S.
1005 4752 1286 4802 Johannis
1313 4754 1652 4812 Clirysoslomi

33 4823 405 4884 necessario,
451 4825 506 4872 et
546 4823 784 4885 Evagrio
831 4825 1183 4887 presbytero,
1222 4824 1318 4886 qui
1345 4829 1408 4874 Α.
1439 4826 1501 4874 Ι).
1536 4827 1658 4879 381.

33 4897 217 4948 conci
229 4896 308 4945 lio
329 4894 551 4957 Aquile
562 4907 684 4944 ensr
702 4895 1054 4946 interfuerat.
1072 4897 1178 4946 Hic
1190 4904 1354 4943 noster
1368 4897 1480 4944 Eva
1487 4900 1573 4959 gri
1583 4914 1661 4961 us,

35 4968 416 5032 professione
434 4966 771 5029 monachus,
785 4969 952 5031 cujus
966 4969 1243 5031 opuscula
1256 4968 1422 5028 lia/in
1433 4985 1491 5017 us
1511 4972 1660 5018 laline

32 5042 241 5102 vertit,
265 5040 412 5089 viris
435 5039 741 5090 sanctitate
757 5042 813 5090 et
830 5042 1088 5090 doctrina
1105 5040 1355 5090 maxime
1376 5043 1662 5090 illustribus

32 5124 289 5178 operam
304 5110 486 5173 dedit,
503 5111 770 5175 Gregorio
785 5113 1144 5164 Nazianzeno
1159 5116 1502 5175 praeceptore
1517 5130 1660 5177 usus,

32 5201 66 5235 ιλ
83 5196 314 5247 magno
335 5183 544 5233 Basilio
569 5185 782 5245 Lector,
809 5198 844 5235 δ.
875 5185 1141 5246 Gregorio
1183 5186 1443 5248 Nysseno
1470 5186 1662 5237 Diaco-

35 5272 150 5306 nus
187 5255 524 5317 ordinatus,
550 5255 609 5304 in
633 5256 889 5306 Ecclesia
924 5256 1551 5319 Constantinopolitana
1570 5261 1661 5305 sub

36 5335 74 5378 .\
87 5327 342 5389 cetario,
369 5326 772 5378 Archidiaconi
794 5341 1031 5378 munere
1048 5327 1301 5391 functus,
1318 5329 1467 5378 unde
1486 5331 1661 5378 lliero-

35 5401 342 5464 .eolymam
369 5399 687 5462 digressus,
712 5413 748 5451 ὃ.
782 5400 1022 5450 Melania
1048 5405 1326 5463 exceptus
1357 5405 1462 5459 est,
1496 5403 1662 5464 cujus

36 5487 233 5523 suasu
252 5471 613 5521 monachum
627 5472 830 5524 induit.
849 5473 1103 5523 Tandem
1123 5476 1231 5522 sub
1249 5477 1490 5534 utroque
1508 5478 1664 5520 Maca-

36 5547 140 5603 rio.
164 5545 427 5606 aliisque
443 5543 825 5595 sanctissimis
850 5545 1002 5603 viris,
1023 5546 1140 5595 Deo
1167 5552 1486 5605 vacaturus,
1505 5546 1559 5595 iu
1577 5549 1664 5593 Ni-

39 5619 165 5667 triae
185 5622 253 5668 et
279 5615 630 5665 Cellularum
656 5616 884 5666 deserta
907 5618 1162 5678 secessit,
1202 5618 1300 5666 ubi
1337 5630 1407 5668 ex
1421 5617 1529 5667 hac
1546 5619 1665 5668 vita

38 5689 351 5752 migravit.
381 5691 444 5737 A.
464 5689 529 5737 D.
557 5687 678 5740 399.
705 5689 854 5739 circa
873 5689 1085 5739 festum
1104 5689 1457 5752 Epiphania),
1477 5691 1664 5740 rotatis

38 5773 162 5812 suae
192 5760 289 5812 54.
307 5764 619 5823 postquam
633 5761 945 5824 'l‘heOplnlo
963 5761 1371 5822 Alexandrino,
1389 5775 1534 5812 onus
1549 5766 1661 5823 Epi-

38 5838 333 5896 scopatus
362 5832 470 5881 sibi
506 5833 795 5895 imponere
831 5834 1130 5897 satagenti,
1169 5847 1230 5884 se
1265 5833 1660 5885 subduxisset.

41 5909 117 5956 De
149 5906 410 5968 Evagrio
435 5905 634 5953 lborila
656 5919 728 5957 ex
753 5907 948 5968 Ponto,
978 5907 1146 5970 cujus
1182 5906 1390 5969 scripta
1414 5908 1662 5967 Ruﬁnus,

39 5979 163 6042 ejus
188 5977 590 6042 necessarius,
622 5990 754 6029 cum
788 5979 1006 6031 Latinis
1048 5979 1512 6043 communicavit,
1538 5978 1664 6033 haec

353 6069 643 6125 PATROL.
683 6068 851 6126 XXI.

1693 1898 1747 1970 B

1683 4709 1738 4780 D

1768 608 1861 645 m0
1887 595 2208 656 exequitur.

1828 667 1893 714 Il.
1923 666 2146 725 Quanto
2180 663 2308 714 odio
2331 665 2678 727 Theophilus
2709 669 3004 731 zEgyptios
3031 669 3364 732 monachos,

1764 735 2196 797 in.(,)rigenis1ni
2244 738 2630 798 suspicionem
2669 746 2922 799 vocatos,
2967 740 3366 802 insectaretur,

1766 807 1898 856 (.llllJI
1923 807 2157 856 dictum.
2189 807 2569 869 Hieronymus
2596 810 2889 872 Theophili
2918 812 3246 874 opinionem
3270 826 3369 875 ge-

1765 878 2010 928 neratim
2041 883 2344 938 sequutus.
2370 879 2689 941 [frug/rium,
2707 882 2870 942 quasi
2893 884 3367 932 Adamantiiorro-

1767 951 1924 999 ribus
1949 948 2205 1012 plenum,
2232 950 2450 1012 primus
2464 951 2720 1001 omnium
2748 952 2954 1014 Pelagii
2971 957 3368 1012 praecursoribus

1765 1021 2186 1072 adnumeravit.
2215 1022 2436 1070 Etenim
2463 1022 2603 1071 satis
2629 1027 2747 1073 erat
2763 1024 3020 1086 ()rigenis
3039 1026 3366 1076 studiosum

1768 1091 1963 1153 videri,
1999 1096 2062 1140 ut
2085 1091 2214 1153 quis
2237 1092 2293 1140 in
2312 1092 2705 1154 I’clagiunismi
2725 1095 3367 1157 suspicionemincurre-

1764 1167 1867 1213 ret.
1897 1163 2012 1212 Viri
2037 1162 2244 1212 summi
2269 1163 2470 1213 Petrus
2491 1164 2688 1214 Daniel
2711 1167 2954 1215 Iluetius
2978 1166 3036 1216 in
3049 1170 3364 1225 Origcuianis

1765 1233 1861 1284 lib.
1886 1236 1951 1283 ΙΙ.
1981 1247 2102 1296 cap.
2131 1236 2225 1283 IV".
2260 1236 2405 1284 Sect.
2435 1237 2526 1284 III.
2633 1235 2712 1288 ll’i.
2742 1241 2798 1287 et
2821 1237 3086 1284 Henricus
3115 1239 3279 1285 A’oris
3305 1239 3370 1287 in

1765 1305 2005 1354 Dissert.
2039 1304 2108 1354 de
2135 1303 2382 1354 Concilio
2410 1307 2475 1354 γ.
2504 1317 2627 1368 cap.
2661 1308 2776 1355 V'II.
2805 1307 3108 1369 Evagrium
3133 1308 3364 1370 perinde

1765 1389 1830 1426 ac
1855 1377 2152 1438 Urigcncm
2181 1375 2613 1438 Didymumque
2637 1377 2694 1427 in
2715 1379 2916 1429 eodem
2943 1379 3207 1441 Concilio,
3226 1383 3364 1429 etex

1765 1448 1861 1498 illo
1883 1448 1942 1498 in
1969 1450 2058 1498 V’I.
2087 1453 2144 1497 ct
2169 1449 2286 1497 V'II.
2306 1447 2565 1498 damnari
2591 1450 2819 1511 quidem
2848 1451 3243 1502 ostenderunt.
3272 1454 3363 1499 Sed

1767 1520 2097 1569 Honoratus
2143 1519 2326 1568 Faber
2369 1519 2426 1568 in
2457 1520 2766 1571 Prodromo
2795 1521 3018 1571 velitari
3063 1525 3222 1584 parte
3263 1524 3356 1572 III.

1767 1603 1888 1654 cap.
1917 1593 1980 1639 II.
2074 1589 2123 1641 9.
2152 1602 2279 1652 pag.
2316 1589 2400 1642 77.
2442 1596 2642 1641 contra
2667 1592 2976 1654 Norisiurn,
3000 1593 3099 1655 qui
3137 1595 3365 1644 Petrum

1765 1661 2135 1723 Ilalloixium,
2153 1665 2213 1711 ut
2231 1666 2533 1723 patronum
2548 1663 2827 1725 Origenis,
2847 1666 3053 1713 acriter
3068 1666 3365 1726 impugna-

1768 1738 1947 1794 verat,
1980 1745 2094 1783 non
2137 1733 2409 1782 diilitetur
2436 1733 2688 1796 quidem,
2717 1735 3012 1796 Synodum
3033 1736 3099 1784 ν.
3128 1735 3368 1784 damna-

1768 1806 1922 1858 visse
1946 1816 2164 1855 errores
2182 1804 2429 1866 Urigeni,
2449 1803 2690 1866 aliisque
2706 1810 2874 1855 antea
2891 1806 3196 1868 defunctis,
3213 1809 3364 1852 nimi-

1769 1890 1896 1928 rum
1921 1877 2156 1938 Evag-rio
2183 1879 2238 1925 et
2273 1877 2513 1937 Dinymo
2537 1877 2818 1940 impactos
2846 1890 2999 1938 ;non
3026 1881 3217 1928 tamen
3240 1877 3367 1928 ideo

1771 1951 1906 1998 tunc
1931 1949 2232 2009 Origenem
2249 1948 2321 1996 ab
2346 1947 2592 1999 Ecclesia
2610 1950 2949 1999 damnatum
2973 1948 3243 2011 admittit,
3262 1961 3369 1998 nec

1766 2019 2068 2082 Evagrium
2102 2021 2203 2068 aut
2224 2018 2524 2080 Didymum
2569 2025 2737 2070 certe.
2773 2022 3009 2070 Constat
3032 2020 3180 2070 enim
3217 2020 3366 2083 apud

1767 2089 2112 2151 tiatholicos,
2138 2089 2434 2150 Synodum
2463 2092 2526 2140 ν.
2555 2097 2871 2154 antequam
2893 2093 3369 2142 aSummol’onti-

1768 2163 1873 2212 tice
1905 2164 2354 2222 conﬁrmaretur,
2398 2173 2517 2210 non
2563 2162 2741 2212 fuisse
2786 2164 3185 2221 ωειιυιεηέυαηι,
3223 2165 3370 2212 teste

1768 2234 1938 2283 etiam
1971 2232 2211 2282 Baronio
2235 2235 2299 2281 Α.
2338 2234 2402 2282 1).
2430 2230 2550 2284 534.
2659 2233 2776 2285 124.
2805 2239 3004 2295 utpote
3025 2233 3364 2283 celebratam

1767 2307 1882 2353 sine
1907 2304 2139 2352 Ecclesia
2188 2304 2528 2365 Uccidcntati,
2568 2309 2616 2353 ct
2661 2306 2775 2352 sine
2812 2305 3018 2365 Legatis
3059 2305 3370 2367 ripas-(otiae

1768 2376 1918 2424 Sedis
1931 2391 1946 2431 ;
1963 2376 2136 2423 immo
2149 2387 2263 2424 non
2285 2373 2469 2424 solum
2487 2387 2603 2424 non
2623 2376 2989 2438 approbante,
3013 2375 3112 2424 sed
3138 2391 3370 2434 expresse

1767 2447 2090 2508 refragante
2127 2446 2326 2507 Vigilio
2357 2446 2641 2508 pontiﬁce.
2681 2445 2923 2508 Vigilius
2953 2446 3106 2495 illam
3133 2446 3367 2508 quidem

1768 2516 2136 2582 postmoduiin
2155 2517 2493 2578 adprobavit
2516 2517 2758 2579 epistola
2775 2517 3060 2578 decretali,
3078 2530 3248 2579 quam
3265 2532 3369 2580 pu-

1767 2591 1896 2640 blici
1918 2590 2064 2651 juris
2099 2589 2231 2638 fecit
2269 2590 2467 2638 Petrus
2495 2589 2564 2638 de
2591 2591 2795 2650 Marca,
2818 2589 2951 2638 licet
2975 2591 3284 2639 Uarncrius
3310 2593 3368 2638 in

1766 2665 1920 2712 notis
1937 2663 2006 2710 ad
2028 2661 2353 2710 Liberatum
2369 2661 2686 2711 Drac’onum
2704 2659 2773 2710 de
2787 2673 2852 2710 ea
2877 2661 3118 2710 dubitet.
3139 2662 3369 2724 Verum,

1768 2739 2061 2794 utcunque
2089 2734 2179 2789 sit,
2206 2732 2317 2782 hac
2359 2737 2582 2782 tantum
2605 2736 2763 2795 parte
2789 2733 3146 2794 adprobavit,
3175 2732 3233 2780 in
3259 2746 3372 2794 qua

1773 2807 1897 2854 Tria
1924 2804 2162 2867 capitula
2193 2805 2682 2853 condemnaverat
2708 2823 2718 2851 :
2746 2804 2816 2853 (le
2849 2817 2960 2865 quo
2985 2804 3231 2853 dubitari
3255 2816 3368 2853 non

1767 2880 1974 2941 potest,
2008 2875 2078 2926 de
2103 2888 2170 2925 eo
2200 2875 2352 2926 enim
2376 2879 2568 2926 exstat
2585 2875 2776 2936 V‘igilii
2800 2875 3194 2925 Constitutum
3217 2874 3371 2937 apud

1766 2948 2065 2999 Baluzium
2092 2947 2152 2996 in
2177 2946 2440 2996 Conciliis
2461 2959 2587 3009 pag.
2625 2945 2783 2999 1552.
2809 2947 2891 2996 De
2916 2946 3153 3007 Evagrio
3170 2949 3373 2992 celeris-

1768 3033 1878 3084 que
1903 3019 2159 3069 altumin
2183 3030 2248 3068 eo
2274 3018 2580 3068 silentium.
2610 3018 2916 3067 Subsecuti
2938 3017 3253 3080 pontifices,
3282 3019 3372 3063 Pe-

1766 3092 1950 3156 lagius
1978 3095 2235 3152 uterque,
2256 3094 2312 3139 et
2336 3090 2636 3151 Gregorius
2655 3091 2968 3150 Magnusin
2998 3086 3183 3150 \v’igilii
3201 3088 3370 3136 vesti-

1763 3165 1858 3227 gia
1881 3175 2078 3226 presse
2101 3162 2479 3220 incurrentes,
2501 3159 2642 3209 nihil
2669 3172 2740 3210 ex
2765 3158 2992 3221 Synodo
3020 3160 3089 3206 ν.
3120 3159 3368 3217 adproba-

1764 3238 1971 3287 verunt
1993 3239 2204 3297 praeter
2229 3244 2406 3282 unam
2438 3233 2621 3280 Trium
2651 3232 3038 3294 Capitulm‘um
3063 3233 3369 3276 condemna-

1691 3320 1739 3395 ρ
1762 3310 1995 3395 tionem.
2035 3310 2217 3395 Qualia?
2245 3305 2486 3395 ﬁv’igilius
2511 3308 2567 3395 et
2592 3316 2975 3395 successores
2999 3302 3368 3395 Synodumri:

1763 3385 2046 3444 quantum
2070 3379 2140 3428 ad
2166 3377 2360 3427 Trium
2394 3376 2784 3440 Capitulorum
2821 3388 2930 3425 con
2946 3373 3372 3425 dominationem

1760 3455 2063 3503 dumtaxat
2087 3450 2567 3514 adprobaverunt,
2604 3461 2720 3498 non
2746 3452 3034 3510 quantum
3063 3445 3132 3496 ad
3169 3444 3280 3495 alia
3313 3447 3372 3494 in

1762 3525 1964 3576 eadem
1990 3526 2386 3586 Synodoacta:
2415 3521 2858 3583 quorummulta
2886 3530 3185 3581 nunquam
3198 3520 3373 3577 adpro-

1762 3599 1897 3648 bare
1923 3598 2256 3661 potuerunt,
2310 3597 2375 3643 ut
2399 3594 2580 3644 Faber
2636 3592 2910 3643 ostendit.
2957 3593 3044 3641 Ex
3068 3590 3159 3640 his
3190 3601 3372 3639 unum

1762 3670 1872 3720 fuit
1914 3667 2141 3731 Evagrii
2173 3666 2487 3726 damnatio,
2534 3666 2701 3727 cujus
2738 3675 2952 3714 errores
2980 3661 3109 3713 Scdi
3135 3663 3374 3724 Aposto-

1761 3741 1888 3793 licze
1910 3753 2028 3791 non
2051 3740 2436 3790 innotuerant.
2463 3737 2621 3788 Alios
2646 3740 2862 3799 autern,
2890 3747 3039 3798 quos
3065 3738 3131 3784 ut
3153 3733 3370 3783 haereti-

1763 3826 1860 3863 cos
1887 3813 2086 3863 eadem
2103 3811 2369 3874 Synodus
2394 3810 2462 3860 ν.
2489 3808 2806 3870 damnavit,
2842 3805 3172 3869 Apostolica
3197 3804 3370 3855 Sedes

1763 3886 1820 3935 in
1861 3885 1987 3934 aliis
2019 3883 2283 3933 Conciliis
2334 3887 2464 3932 ante
2519 3882 2915 3940 damnaverat,
2942 3881 2999 3928 et
3042 3889 3194 3926 nova
3233 3881 3370 3926 tunc

1764 3956 2076 4008 eorundem
2099 3953 2532 4016 adprobatione,
2550 3955 2831 4013 quantum
2850 3954 2919 3999 ad
2937 3949 3082 4007 hsce,
3108 3959 3251 4009 Opus
3270 3961 3367 3993 non

1764 4029 1889 4079 fuit.
1917 4025 2148 4089 Optavit
2173 4023 2420 4086 quidem,
2448 4024 2625 4072 immo
2643 4027 2699 4071 et
2718 4018 3366 4082 flagitavitTheophilus

1765 4112 2012 4162 cumque
2038 4109 2104 4148 eo
2135 4097 2543 4156 Hieronymus,
2578 4098 2642 4144 ut
2668 4091 2994 4154 Apostolica
3023 4089 3369 4162 Sedcs'l‘heu-

1763 4174 1900 4236 phili
1926 4161 2357 4221 damnationem
2405 4167 2666 4229 Origenis
2707 4164 3096 4223 conﬁrmaret;
3139 4161 3240 4210 sed
3270 4162 3367 4209 mi-

1763 4246 1916 4296 nime
1931 4243 2195 4295 obtinuit.
2222 4242 2605 4302 llieronyinus
2631 4238 2794 4301 epist.
2817 4237 3117 4286 LXXVIII.
3135 4236 3365 4283 adl'mn-

1765 4317 2054 4367 machium
2082 4311 2602 4372 etMarcellam,ait,
2626 4310 3060 4374 prmdicalioncm
3091 4305 3364 4355 Cttl/tt‘dl‘w

1764 4389 1938 4438 Marci
1983 4386 2351 4448 Evangelistze,
2382 4383 2651 4433 Cat/tcdm
2676 4382 2819 4431 Pet-ri
2853 4378 3088 4442 Aluos-toti
3113 4393 3214 4423 sua
3237 4391 3364 4438 p-rzeo

1765 4463 2031 4509 (ἰίοίιιιοηο
2044 4460 2352 4520 Confirmet;
2373 4458 2468 4506 sed
2486 4460 2680 4504 tamen
2694 4467 2806 4503 non
2821 4451 3154 4501 conﬁrmavi
3166 4453 3363 4508 t,quan-

1765 4545 1940 4596 quam
1958 4532 2342 4592 Hieronymus
2365 4527 2576 4577 ibidem
2591 4527 2713 4587 subj
2726 4525 2904 4585 ungit,
2923 4520 3109 4596 crtcbri
3122 4533 3363 4566 sci-nume

1763 4593 2058 4666 viduatum,
2109 4602 2318 4648 beatum
2363 4613 2571 4662 quoque
2610 4599 2816 4659 Papam
2853 4593 3226 4650 Anastasium,
3255 4595 3361 4640 etc.

1766 4663 1966 4727 Ituran.
2002 4688 2129 4739 pag.
2164 4673 2248 4725 99.
2272 4677 2404 4722 tom.
2425 4673 2490 4720 Υ.
2510 4672 2704 4720 Cetera
2732 4669 2886 4732 apud
2911 4667 3160 4716 Fabrum
3190 4663 3367 4714 videri

1769 4753 2028 4812 possunt.
2045 4751 2165 4796 .\on
2182 4743 2520 4806 mequidem
2551 4742 2714 4805 fugit,
2741 4745 2870 4804 post
2892 4740 3306 4812 llicrtmymuin
3329 4749 3362 4786 a

1765 4811 2028 4872 dolianne
2063 4818 2308 4867 Climaco
2352 4816 2654 4878 Evagrium
2699 4817 2927 4877 propter
2956 4811 3241 4874 aput/tiam
3277 4822 3364 4859 rc-

1766 4893 2110 4956 prehcnsum
2127 4890 2184 4940 in
2208 4890 2398 4941 Gradu
2421 4889 2568 4937 XIV.
2595 4888 2770 4937 Scala)
2794 4883 3042 4934 l’aradisi
3080 4894 3206 4956 pag.
3235 4881 3360 4956 203.

1765 4955 2012 5027 Operum
2040 4963 2308 5013 editionis
2336 4961 2673 5011 I’arisiensis
2721 4956 2974 5007 Mattliwi
3006 4955 3361 5027 liaderiﬁed

1764 5025 2075 5097 Dionysius
2101 5033 2516 5085 (larthusianus
2540 5032 2691 5081 dicto
2706 5027 2959 5087 Climaci,
2980 5037 3216 5097 sensum
3228 5025 3362 5071 Eva-

1764 5109 1870 5171 grii
1908 5095 2173 5170 praeferre
2196 5119 2310 5156 non
2333 5105 2556 5154 dubitat
2579 5103 2636 5152 in
2661 5099 3130 5171 Enarrationibus
3149 5095 3219 5171 ad
3234 5097 3364 5171 Sca-

1766 5168 1878 5230 larn
1905 5168 2152 5239 Climaci,
2180 5177 2369 5228 Gradu
2391 5177 2594 5225 XXIX.
2625 5174 2717 5223 fol.
2747 5171 2868 5225 1'27.
2903 5169 3168 5220 editionis
3199 5168 3361 5239 Colo-

1765 5252 1981 5304 niensis
2027 5237 2176 5314 apud
2214 5248 2572 5298 Melchiorem
2602 5245 2981 5295 Novesianum
3007 5245 3073 5290 Λ.
3103 5242 3171 5314 1).
3204 5237 3359 5314 1340.

1765 5326 1825 5376 in
1845 5324 1996 5375 folio.
2024 5309 2256 5384 Aliquot
2289 5323 2418 5382 post
2466 5319 2766 5380 Evagrium
2794 5315 3022 5365 sazculis
3044 5309 3362 5384 Antiochus

1767 5399 1981 5456 Abbas,
2017 5383 2257 5444 Ilcruclii
2295 5393 2538 5452 Augusti
2581 5388 2840 5450 aequalis,
2868 5385 3112 5434 llornilia
3136 5383 3360 5431 CXXX.

1767 5483 1896 5533 pag.
1936 5468 2056 5520 234.
2088 5470 2222 5517 tom.
2267 5465 2387 5512 XII.
2429 5461 2794 5533 llibliotliecte
2841 5459 3070 5533 Patrum
3095 5455 3363 5533 editionis

1771 5525 2115 5594 tlorelliana:
2153 5541 2214 5588 (Δ.
2252 5538 2312 5586 L.
2349 5534 2484 5584 anni
2524 5533 2680 5586 1931.
2728 5529 2982 5589 Ιέυιιθνίυ,
3031 5525 3279 5587 ()rigeni,
3305 5531 3363 5575 et

1769 5614 2015 5676 Didyme
2041 5621 2256 5661 errores
2300 5606 2574 5658 adscribit
2596 5604 2665 5654 de
2704 5598 3128 5676 przeexistentia
3150 5601 3364 5648 intima-

1768 5672 1896 5739 runt
1920 5691 2054 5736 ante
2075 5682 2275 5734 mundi
2309 5681 2621 5740 conditum,
2649 5677 2834 5739 deque
2873 5672 3127 5725 omnium
3154 5685 3364 5732 rerum,

1769 5772 1900 5823 qua:
1919 5758 2167 5814 fuerunt,
2185 5752 2566 5805 renovatione.
2589 5752 2798 5802 Eadem
2832 5745 3194 5823 illitribuunt
3210 5748 3366 5823 Cyril—

1768 5820 1864 5883 lus
1912 5828 2412 5894 Scythopolitanus
2456 5825 2514 5875 in
2565 5826 2693 5873 Vita
2737 5820 2927 5873 Sancti
2963 5820 3146 5879 Saba),
3187 5824 3243 5868 et
3276 5820 3363 5868 Jo.

1771 5906 2017 5956 Zonaras
2029 5914 2245 5953 canone
2269 5901 2325 5949 in
2353 5899 2671 5961 Dciparam,
2687 5901 2926 5956 uterque
2949 5894 3007 5942 in
3037 5894 3366 5942 Monumen-

1770 5978 1843 6028 tis
1865 5974 2123 6027 Gotelerii
2147 5978 2281 6026 tom.
2311 5974 2401 6023 Ill.
2449 5983 2558 6036 pag
2594 5968 2714 6026 394.
2739 5967 2859 6022 463.
2888 5965 2976 6018 Ad
3010 5978 3076 6018 ea
3101 5968 3362 6026 tempora

2977 6059 3006 6114 Ἰ
