3894 6446
528 377 636 434 203

1815 381 1910 432 RU
1919 383 1980 430 Fl
1990 383 2057 431 NI
2104 381 2535 434 PRESBYTERI

3727 376 3817 433 τὶθό

523 492 1114 576 θωδωέοεὲἓὲθδυδν
1133 493 1258 576 δίνὲ
1271 493 2115 576 5.9911399”?Piitclspimuafl‘
2139 502 2195 573 Α
2225 499 2406 576 φΡίὲθ
2430 506 2464 546 ³
2487 493 2700 576 Graii?
2721 491 3185 576 .Pairibiii’EEIR’
3208 490 3816 576 “93199395399”

523 577 645 630 cap.
694 565 1002 616 CLXXVII.
1049 575 1175 628 pag.
1227 562 1348 618 916.
1400 563 1662 616 editionis
1698 565 1764 616 Il.
1789 565 2112 629 Rosweydi,

520 635 907 687 narrationem
929 635 1154 696 attexit,
1183 633 1412 698 Evagrii
1441 633 1610 687 famai
1633 647 1834 699 parum
1860 648 2116 700 aequam:

521 719 696 771 quem
723 708 914 758 tamen
937 705 1252 756 Sanctitatis
1278 705 1447 758 titulo
1473 707 1662 758 ornari
1684 706 1743 757 in
1766 708 1961 760 codice
1984 709 2120 758 Bar-

519 778 719 830 berino
743 782 988 830 testatur
1019 777 1308 828 Suaresius
1330 777 1406 829 ad
1433 777 1624 829 Nilum
1649 791 1778 842 pag.
1803 779 1924 833 610.
1956 779 2117 840 Quod

519 849 655 902 alibi
677 850 848 902 etiam
871 850 1087 902 factum
1106 849 1450 902 videbimus.
1466 849 1784 914 Dejustitia
1797 855 2118 902 totaccusa-

519 922 760 986 tionum,
778 933 909 987 qum
931 921 994 973 in
1016 921 1319 986 Evagrium
1334 921 1719 983 cumulantur,
1738 923 1893 974 Deus
1927 923 2117 975 Judex

518 997 626 1046 est.
650 995 758 1046 Pro
805 1006 874 1046 eo
896 992 1126 1045 interim
1163 997 1298 1056 stat,
1331 993 1483 1058 quod
1519 993 1737 1044 crimen
1773 993 2117 1057 Origenismi

515 1065 653 1118 viris
681 1065 856 1118 etiam
879 1065 1186 1116 sanctitate
1208 1064 1552 1116 venerandis
1577 1063 1748 1116 fuerit
1772 1065 2112 1130 impactum:

516 1148 666 1200 quos
686 1135 838 1188 inter
860 1135 1274 1201 Chrysostomo
1289 1136 1502 1200 primas
1513 1136 1723 1197 deberi,
1737 1149 1772 1188 a
1787 1137 1944 1188 nullo
1955 1139 2120 1202 igno-

514 1213 693 1261 ratur.
717 1209 944 1272 Scripta
965 1207 1216 1272 Evagrii,
1241 1219 1375 1270 qum
1399 1211 1728 1270 supersunt,
1755 1210 1969 1272 passim
1992 1210 2118 1262 lau-

515 1279 640 1332 dari
662 1279 1053 1331 certissimum
1080 1281 1185 1344 est,
1217 1278 1389 1331 etiam
1413 1291 1546 1342 qum
1563 1280 1822 1340 Ruﬁnum
1843 1281 2117 1346 interpre-

521 1357 638 1404 tem
653 1351 998 1404 habuerunt.
1017 1351 1156 1404 Haec
1173 1351 1326 1402 enim
1349 1364 1382 1404 a
1405 1352 1613 1404 Sancto
1625 1351 1933 1404 Benedicto
1950 1355 2118 1407 Ania-

518 1423 686 1476 nensi
714 1422 913 1489 magni
957 1423 1101 1476 facta
1123 1422 1496 1488 postmodum
1521 1424 1918 1476 ostendemus.
1954 1427 2116 1488 Quod

517 1495 752 1560 respicit
772 1495 1010 1560 apathiae
1032 1506 1252 1558 vocem,
1277 1505 1448 1547 nemo
1471 1495 1731 1558 prudens
1745 1508 1948 1549 omnes
1964 1499 2115 1549 Scri-

517 1570 708 1631 ptores
737 1579 804 1620 ea
826 1579 966 1620 usos
989 1565 1153 1618 facile
1174 1570 1394 1630 arguet.
1409 1566 1733 1628 Sicquidem
1756 1571 1957 1620 auctor
1969 1570 2116 1622 Vitae

518 1639 713 1690 Sancti
736 1637 1047 1702 Pachomii,
1071 1649 1326 1689 errorum
1347 1637 1627 1702 Origenis,
1645 1651 1792 1702 quos
1803 1645 2117 1705 aversatur,

517 1709 750 1774 penitus
775 1722 1000 1772 expers,
1026 1708 1228 1762 eadem
1248 1721 1408 1772 voce,
1428 1711 1602 1773 juxta
1623 1711 1988 1776 acEvagrius,
2005 1713 2119 1765 uti-

517 1785 613 1832 tur
633 1781 789 1846 apud
816 1781 1193 1833 Laurentium
1216 1780 1447 1833 Surium
1469 1781 1561 1834 die
1584 1780 1668 1835 14.
1695 1783 1843 1834 Maii.
1869 1785 2115 1845 Marcus.

515 1852 617 1915 qui
641 1853 836 1904 Vitam
859 1854 1051 1904 Sancti
1067 1851 1364 1917 Porphyrii
1377 1853 1650 1905 Gazensis
1665 1853 2114 1918 descripsitapud

515 1923 857 1976 Bollandum
877 1923 1064 1980 die‘26.
1081 1924 1401 1977 Ferbruarii
1411 1937 1538 1989 pag.
1553 1925 1674 1979 660.
1688 1926 1730 1987 ἕ.
1743 1925 1862 1980 101.
1877 1928 2118 1993 αῙαιΙιίε

515 2007 717 2048 vocem
739 1996 950 2060 pariter
964 1995 1286 2060 usurpavit.
1302 1997 1428 2047 Huc
1453 1997 1624 2048 etiam
1636 1997 1707 2048 ad
1723 2003 1912 2062 partes
1931 2002 2119 2048 advoco

513 2066 694 2118 Ellam
718 2069 1048 2120 Cretensem
1071 2067 1499 2132 metropolitam
1527 2069 1588 2119 in
1615 2068 1857 2120 Scholiis
1885 2071 1959 2122 ad
1983 2072 2123 2123 Gra-

512 2137 654 2189 dum
684 2137 866 2190 XXX.
893 2138 1074 2191 Scala
1087 2139 1318 2192 Climaci
1331 2151 1458 2203 pag.
1479 2137 1601 2192 445.
1617 2140 1715 2190 ubi
1735 2140 1818 2192 sic
1834 2141 2119 2206 loquitur:

510 2209 624 2274 Ego
648 2211 795 2260 enim
819 2211 1126 2276 apathiam,
1151 2212 1259 2261 sive
1283 2211 1737 2276 tranquillitatem
1768 2215 1950 2263 animi
1973 2215 2122 2266 nihil

509 2281 668 2330 aliud
707 2297 811 2332 esse
853 2283 1124 2334 existimo.
1172 2297 1341 2346 quam
1377 2283 1572 2332 mentis
1610 2283 1671 2332 in
1707 2285 1862 2334 corde
1891 2286 2116 2349 Caalum,

513 2352 659 2417 quod
680 2367 863 2403 omnes
885 2352 1160 2418 improbas
1175 2354 1483 2403 daemonum
1500 2359 1639 2404 artes
1662 2355 1906 2422 deinceps
1921 2373 2020 2421 pro
2033 2359 2119 2408 lu-

513 2423 580 2474 do
607 2423 900 2475 etludibrio
923 2425 1077 2475 habet
1097 2431 1143 2475 et
1163 2427 1471 2477 contemnit.
1493 2426 1697 2479 Confer
1709 2429 1910 2478 Raderi
1922 2432 2114 2480 doctam

513 2497 980 2549 observationem
995 2496 1068 2548 ad
1093 2501 1268 2562 caput
1279 2498 1371 2549 IV.
1390 2510 1517 2562 pag.
1537 2497 1662 2551 471.
1681 2501 1894 2552 bonum
1905 2517 1956 2550 so
1968 2517 2116 2552 nsum

514 2567 750 2632 apathiae
771 2569 1098 2630 tribuentis,
1123 2573 1179 2620 et
1202 2569 1530 2620 Bernardini
1564 2571 1875 2635 Rosignolii
1913 2575 2118 2626 suffra-

513 2637 674 2702 gium
700 2638 1078 2692 adsciscentis
1097 2653 1170 2692 ex
1196 2639 1294 2691 lib.
1323 2642 1392 2691 Il‘.
1415 2640 1487 2691 de
1503 2640 1806 2705 disciplina
1821 2646 2118 2696 Christianae

518 2709 880 2781 perfectionis
905 2723 1026 2776 cap.
1051 2711 1282 2763 XXVII.
1307 2724 1434 2776 pag.
1451 2710 1574 2765 341.
1591 2714 1716 2764 Huc
1727 2715 2116 2781 facitMagnus

521 2780 760 2833 Basilius
783 2782 840 2833 in
866 2781 1100 2846 Regulae
1124 2782 1360 2834 fusioris
1384 2784 1738 2850 prwlatione,
1765 2780 1986 2852 aliique
1997 2802 2118 2843 non

521 2853 703 2917 pauci,
732 2853 831 2918 qui
853 2855 928 2906 ab
952 2855 1187 2919 apathiae
1211 2855 1494 2908 vocabulo
1517 2869 1884 2922 nequaquam
1909 2861 2116 2915 abhor-

519 2930 774 2990 ruerunt,
799 2938 976 2990 quum
1014 2927 1191 2990 probe
1219 2932 1481 2991 nossent,
1508 2935 1720 2982 rectam
1745 2932 2115 2995 significatio-

519 3008 650 3048 nem
673 2996 973 3050 commode
996 2997 1315 3055 admittere,
1338 3000 1604 3064 quamvis
1630 3002 1826 3054 stricte
1849 3006 2114 3060 conside-

523 3071 658 3128 rata,
677 3067 889 3120 malam
911 3069 1184 3122 involvat.
1199 3070 1345 3122 Hinc
1369 3072 1673 3136 Pelagiana
1686 3073 1892 3126 haeresi
1905 3090 1977 3129 ex
1991 3081 2113 3130 Orco

520 3149 895 3212 egressa,vox
907 3141 1144 3206 apathiae
1154 3143 1372 3206 passim
1386 3147 1938 3212 suspecta.Suspecti
1949 3167 2122 3212 quam-

523 3211 774 3262 maxime
787 3212 1174 3286 quivocemin
1199 3214 1426 3278 scriptis
1451 3217 1575 3267 suis
1599 3211 2120 3286 quomOdocunque

2145 1881 2199 1957 B

2223 566 2312 618 Ad
2357 567 2484 617 haec
2516 565 2577 615 in
2612 563 2862 615 Historia
2894 561 3185 614 eremitica
3218 560 3346 625 ejus
3369 561 3694 613 auctoritas
3717 575 3818 614 non

2223 637 2400 689 semel
2422 637 2727 689 adducitur
2746 635 2840 685 lib.
2867 633 2904 686 l.
2929 647 3057 698 pag.
3071 631 3192 686 568.
3220 634 3264 694 Ξ.
3289 632 3374 687 14.
3391 637 3450 684 et
3473 635 3695 698 pagina
3709 633 3818 687 582.

2219 711 2260 770 ἓ.
2287 707 2338 762 5.
2364 709 2547 759 Etiam
2570 708 2629 758 in
2653 707 2879 758 Catenis
2898 707 3143 766 ,Patrum
3160 705 3493 756 Graecorum
3520 719 3534 756 :
3561 705 3820 756 eandem-

2221 793 2332 844 que
2357 781 2600 831 Sanctus
2618 779 2940 830 Dorotheus
2953 775 3273 828 monachus
3285 775 3485 827 laudat
3498 775 3598 826 lib.
3619 777 3744 828 XII.
3761 777 3818 828 de

2221 851 2523 903 Doctrinis.
2558 853 2634 902 At
2665 850 2818 901 enim
2841 863 2913 901 ex
2938 849 3028 900 his
3067 847 3214 899 male
3238 847 3398 898 audit
3413 861 3575 900 unus
3599 849 3818 912 etalter,

2224 925 2433 987 quippe
2445 922 2673 986 Origcni
2689 921 2975 973 addictus.
2999 919 3255 984 Plerique
3276 931 3468 970 tamen
3483 932 3585 971 sus
3592 921 3819 984 picioni—

2221 996 2332 1046 bus
2356 1000 2560 1046 vacant
2585 1011 2595 1042 :
2625 1007 2730 1045 nec
2745 993 3195 1044 Novatianismo.
3210 990 3308 1055 qui
3321 991 3540 1042 Socrati
3556 991 3820 1058 impingi-

2217 1067 2330 1128 tur,
2348 1069 2658 1130 quicquam
2675 1078 2808 1116 cum
2819 1065 3063 1127 Origene
3079 1067 3134 1116 et
3148 1061 3373 1128 Pelagio
3386 1075 3705 1115 commune
3721 1068 3820 1116 fuit.

2215 1137 2326 1190 Adi
2351 1143 2640 1203 postremo
2667 1136 2792 1189 loco
2816 1135 3095 1200 Regulam
3111 1135 3302 1186 Sancti
3326 1135 3566 1186 Antonii
3583 1136 3820 1188 Abbatis

2217 1210 2432 1262 editam
2474 1209 2549 1261 ad
2595 1208 2922 1260 Abrahamo
2953 1205 3301 1258 Ecchellensi
3345 1218 3474 1271 pag.
3509 1205 3603 1261 75.
3631 1207 3696 1259 in
3722 1222 3823 1272 qua

2217 1282 2369 1331 Beati
2396 1281 2621 1344 Evagrii
2651 1279 2779 1330 laus
2803 1284 2908 1330 est.
2929 1277 3074 1340 Quid
3082 1279 3201 1341 jam
3215 1277 3286 1328 de
3301 1278 3697 1329 sanctissimis
3716 1281 3824 1330 viris

2216 1353 2419 1411 dicam,
2434 1351 2646 1416 quibus
2664 1351 2861 1402 stricto
2874 1348 3318 1401 necessitudinis
3334 1349 3565 1401 vinculo
3580 1353 3822 1399 adhaesit?

2220 1424 2367 1486 Quid
2399 1424 2470 1476 de
2497 1429 2736 1486 utroque
2766 1421 3009 1473 Macario
3027 1426 3050 1472 Ρ
3095 1419 3242 1482 Quid
3267 1419 3338 1471 de
3361 1421 3614 1471 Arsenio
3636 1423 3665 1472 ?
3691 1424 3820 1484 Quid

2220 1495 2454 1546 demum
2501 1494 2572 1545 de
2606 1493 2824 1545 Isidoro
2855 1491 3160 1552 Pelusiota,
3185 1492 3352 1555 cujus
3375 1491 3629 1555 epistola
3659 1495 3820 1546 CCLI.

2219 1565 2345 1618 libri
2369 1569 2408 1617 Ι.
2440 1567 2652 1630 scripta
2675 1570 2764 1617 est
2787 1563 2860 1615 ad
2876 1563 3176 1628 Evagrium
3189 1563 3509 1614 Diaconum
3522 1567 3548 1614 Ρ
3563 1565 3734 1626 Quod
3745 1582 3822 1626 pro

2223 1650 2289 1689 eo
2307 1637 2428 1689 dixi
2452 1637 2522 1688 de
2545 1637 2794 1688 Concilio
2822 1649 2876 1686 v.
2899 1635 2972 1686 ab
2997 1632 3324 1698 Apostolica
3347 1633 3510 1695 Sede,
3546 1642 3821 1698 quantum

2222 1709 2296 1760 ad
2327 1721 2504 1761 unam
2519 1709 2713 1760 Trium
2737 1706 3147 1772 Capitulorum,
3161 1718 3278 1756 non
3290 1707 3331 1756 E
3342 1706 3540 1769 vagrii,
3558 1709 3822 1761 condem-

2219 1780 2534 1844 nationem,
2577 1779 2910 1844 adprobato,
2955 1777 3065 1830 hoc
3103 1776 3255 1829 idem
3279 1777 3605 1830 auctoritas
3642 1781 3821 1833 Sancti

2221 1851 2513 1904 Benedicti
2536 1851 2889 1902 Anianensis
2913 1848 3233 1910 conﬁrmat,
3259 1860 3432 1911 quem
3455 1851 3708 1914 apathiae
3727 1866 3822 1905 no-

2223 1936 2376 1980 men.
2402 1921 2626 1986 Evagrii
2645 1923 2871 1986 scriptis
2885 1921 3184 1980 insertum,
3199 1932 3572 1984 nequaquam
3590 1925 3823 1974 deterruit

2223 1994 2534 2058 quominus
2579 1994 2687 2046 tria
2719 1995 2845 2057 ejus
2870 1991 3167 2057 opuscula,
3193 1995 3257 2042 ut
3280 1996 3410 2055 pote
3429 1993 3504 2042 ab
3535 1997 3821 2048 erroribus

2221 2079 2421 2127 vacua,
2448 2071 2506 2118 et
2529 2065 2813 2130 religiosae
2827 2066 2966 2118 vitae
2979 2062 3263 2129 perutilia,
3287 2063 3345 2114 in
3371 2077 3550 2115 suum
3571 2067 3822 2121 codicem

2221 2137 2552 2201 regularum
2566 2137 2988 2188 transcriberet.
3009 2137 3188 2186 Immo
3205 2135 3246 2184 E
3257 2134 3432 2198 vagrii
3446 2137 3822 2189 lucubrationes

2219 2209 2371 2274 apud
2395 2208 2800 2261 Occidentales
2827 2208 2972 2260 tanti
2994 2207 3243 2268 fuerunt,
3270 2210 3337 2257 ut
3359 2205 3684 2271 aliquando
3707 2213 3824 2276 ejus

2216 2279 2360 2332 liber
2383 2280 2453 2331 de
2481 2281 2743 2344 Con/lictu
2766 2281 3032 2329 virtutum
3053 2284 3098 2328 et
3119 2278 3396 2344 vitiorum,
3423 2279 3721 2342 primariis
3740 2287 3824 2335 Ec-

2218 2353 2410 2404 clesiae
2445 2351 2664 2405 Latium
2698 2352 3048 2408 doctoribus,
3077 2350 3402 2414 Augustino
3425 2353 3481 2403 et
3517 2353 3824 2410 Ambrosio

2218 2425 2502 2476 tributum
2525 2424 2694 2476 fuerit
2717 2438 2730 2487 ;
2757 2423 2935 2475 Leoni
2971 2423 3142 2475 etiam
3176 2422 3453 2480 Pontifici.
3490 2425 3742 2488 Isidoro,
3775 2435 3824 2480 et

2217 2497 2514 2560 Autperto.
2543 2495 2654 2547 Adi
2677 2495 3068 2560 Appendicem
3093 2494 3336 2548 tomiVI.
3359 2497 3614 2559 Operum
3637 2499 3823 2552 Sancti

2217 2568 2528 2632 Augustini
2553 2567 2823 2620 editionis
2854 2579 3017 2619 novae
3042 2579 3170 2632 pag.
3195 2566 3317 2621 219.
3341 2566 3440 2617 ubi
3463 2567 3536 2620 de
3561 2570 3823 2634 Cnﬂﬂit‘lu

2214 2639 2472 2690 vilior-um
2488 2645 2535 2688 et
2563 2641 2824 2689 virtutum
2849 2639 3196 2690 inscribitur.
3213 2640 3353 2689 Esse
3377 2641 3574 2691 autem
3599 2642 3825 2708 Evagrii

2215 2711 2662 2772 Antirrheticum,
2687 2711 2760 2762 ab
2784 2709 3079 2762 Gennadio
3110 2722 3476 2770 conversum,
3498 2722 3685 2764 nemo
3707 2715 3826 2766 ani-

2214 2783 2524 2836 madvertit
2537 2786 2746 2847 printer
2760 2793 2962 2841 unum,
2978 2781 3182 2833 talium
3195 2779 3706 2850 callentissimum,
3725 2788 3822 2838 Lu-

2213 2867 2339 2906 cam
2356 2855 2726 2906 Holstenium
2748 2854 2809 2904 in
2832 2852 2987 2905 notis
3004 2854 3140 2903 Mss.
3165 2852 3239 2904 ad
3254 2853 3826 2909 RobertiBellarmini

2215 2925 2570 2991 Catalogum;
2596 2926 2748 2977 unde
2771 2925 3142 2990 perspicuum
3160 2923 3241 2984 Iit,
3266 2920 3488 2988 Evagrii
3523 2927 3826 2982 Antirrhe-

2214 2997 2437 3048 ticuma
2460 2996 2599 3050 viris
2611 2996 2795 3048 doctis
2813 2997 3022 3047 frustra
3047 2994 3246 3059 quaari.
3272 2994 3613 3048 Holstenius
3641 3009 3825 3057 monet.

2211 3080 2345 3132 qua)
2368 3070 2427 3120 in
2449 3072 2608 3120 extre
2617 3081 2706 3120 mo
2721 3069 2864 3120 libro
2879 3067 3151 3132 leguntur
3165 3067 3235 3120 de
3252 3067 3438 3131 regula
3449 3069 3652 3122 Sancti
3663 3073 3830 3126 Bene.

2221 3139 2376 3204 dicti,
2391 3153 2521 3193 esse
2539 3139 3130 3202 assumentum,quod
3144 3140 3279 3190 Mss.
3301 3143 3531 3191 vetusta
3543 3154 3672 3194 non
3683 3160 3828 3207 agno-

2223 3217 2410 3264 scunt.
2429 3212 2613 3264 Etiam
2630 3215 2895 3263 auctores
2907 3224 3090 3270 novat.
3109 3223 3282 3274 quam
3295 3211 3431 3275 dixi,
3449 3213 3733 3267 editionis
3750 3227 3830 3268 tes-

518 3287 943 3380 usurpassegt,’
951 3287 1015 3335 ut
1037 3285 1233 3380 Xystus
1258 3285 1530 3350 Euagrius
1547 3289 1822 3380 ιίοηιὶσιιε,
1841 3297 1898 3343 et
1919 3281 2116 3347 eorum
2145 3302 2194 3380 ρ
2221 3285 2416 3380 tantur
2435 3283 2492 3334 in
2510 3285 2648 3334 MSS-
2663 3283 3028 3380 quihl‘lsdart‘n,
3043 3283 3174 3380 etin
3189 3281 3436 3380 editione
3767 3290 3829 3341 li-

540 3357 796 3380 ninmnna
872 3369 904 3380 η
949 3369 1053 3380 ...ιιι
1098 3357 1169 3380 ΠΛ
1195 3355 1357 3380 ,ιιι-ἕηκ
1385 3359 1535 3380 ’.κε-..ι
1615 3373 1676 3380 Α-
1705 3361 1867 3380 -.ἐρημ
1907 3364 1962 3380 .1-
1989 3379 1999 3380 κ
2054 3367 2086 3380 ο.
2260 3368 2386 3380 ...ια-γι
2415 3367 2604 3380 Αῆ“Λ“Λ
2644 3367 2761 3380 ηηηι
2797 3369 2807 3380 ι
2835 3368 2922 3380 ηερ
2987 3367 3059 3380 ..Α
3081 3368 3170 3380 ςιισ
3199 3367 3298 3380 nan
3335 3368 3500 3380 nun-run
3709 3363 3756 3380 II
3786 3367 3827 3380 ,ι

540 3357 800 3431 nterpres
820 3355 1070 3431 Rufinus.
1097 3355 1360 3431 Pelagius
1383 3359 1540 3409 enim
1568 3359 1678 3411 hoc
1701 3361 1875 3413 etiam
1899 3364 2112 3431 docuit,

527 3436 692 3488 posse
715 3424 1012 3476 hominem
1033 3426 1092 3478 in
1115 3426 1223 3478 hac
1249 3427 1366 3480 vita
1389 3441 1456 3481 eo
1484 3431 1849 3494 perfectionis
1872 3424 2117 3490 adscen;

523 3494 676 3569 dere,
689 3499 756 3548 ut
769 3497 842 3569 ab
857 3497 1158 3569 affectibus
1175 3511 1413 3562 vacuus,
1429 3500 1575 3552 ultra
1591 3515 1707 3554 non
1723 3511 1936 3569 peccet,
1955 3523 2012 3556 ex
2027 3512 2117 3558 Hi-

526 3566 718 3618 storia
780 3566 1099 3632 Pelagianis
1163 3569 1574 3636 Scriptoribus,
1632 3566 1837 3628 Vossio
1881 3566 2024 3631 libro
2073 3583 2114 3632 Ι.

526 3647 646 3710 cap.
674 3639 766 3710 Ill.
805 3642 864 3692 et
894 3640 1117 3693 Norisio
1141 3639 1238 3693 lib.
1269 3643 1307 3694 Ι.
1335 3655 1455 3707 cap.
1481 3645 1522 3694 Ι.
1548 3646 1788 3710 Egregia
1813 3653 2006 3702 tamen
2031 3657 2121 3704 est

523 3709 951 3764 animadversio
975 3712 1084 3764 viri
1105 3713 1166 3765 in
1187 3718 1451 3766 veterum
1465 3715 1696 3768 Patrum
1708 3709 1950 3774 lectione
1966 3736 2120 3776 exer-

523 3780 844 3853 citatissimi
868 3783 1144 3849 Cotelerii,
1166 3785 1226 3836 in
1254 3786 1410 3838 notis
1435 3785 1506 3838 ad
1531 3789 1966 3853 Recognitiones
1991 3795 2118 3846 Cle-

527 3853 734 3904 mentis
763 3852 907 3906 libro
931 3857 971 3906 I.
1004 3869 1126 3920 cap.
1153 3858 1220 3908 II.
1253 3859 1294 3919 ἕ.
1325 3852 1722 3924 13.apathiam,
1749 3863 1945 3916 stricte
1960 3879 2116 3918 sum-

523 3927 814 4004 tam,_esse
837 3927 1448 4004 imperturbabilitatem,
1475 3935 1649 4004 atque
1675 3932 2117 4004 impeccantiam;

523 3994 623 4048 sed
658 3994 850 4049 laxius
873 3997 1163 4073 interdum
1193 4000 1266 4052 ab
1291 4001 1546 4065 antiquis
1572 3994 1833 4057 Patribus
1856 3994 2120 4073 usurpari

522 4079 621 4178 Bro
644 4073 901 4140 eostatu,
924 4070 985 4122 in
1009 4083 1124 4144 quo
1147 4073 1370 4145 positus
1385 4073 1470 4146 vir
1486 4076 1730 4126 Sanctus
1754 4089 1856 4149 per
1877 4070 2119 4151 gratiam

571 4141 621 4178 e1
665 4143 859 4178 minus
895 4134 1123 4178 crebris.
1169 4138 1227 4178 et
1251 4137 1569 4178 mmnmhng
1609 4143 2024 4178 ίρηηιίληηιιπηρ
2057 4143 2115 4178 m

571 4134 621 4180 ei
665 4134 859 4184 minus
891 4134 1123 4194 Crebris,
1147 4134 1227 4186 ‘et
1251 4136 1569 4188 minoribus
1609 4134 2025 4194 tentationibus
2056 4143 2122 4194 ﬁt

523 4199 826 4278 obnoxius,
848 4215 962 4278 nec
977 4205 1336 4278 gravioribus
1359 4208 1608 4270 peccatis
1621 4213 2010 4264 succumbit.A
2016 4230 2120 4278 pa—

524 4271 698 4320 thiam
723 4271 804 4322 sic
815 4273 1165 4337 explicatam
1179 4275 1430 4328 admittit
1445 4280 1690 4332 Sanctus
1700 4271 2121 4342 Maximusfcui

521 4346 662 4394 tom.
709 4345 752 4394 Ι.
797 4344 1049 4408 Operum
1093 4359 1222 4411 pag.
1258 4347 1380 4402 399.
1412 4350 1678 4403 Centuria
1705 4354 1747 4404 Ι.
1779 4353 1850 4406 de
1875 4356 2121 4409 Caritate

520 4425 644 4493 cap.
657 4415 912 4493 XXXVI.
931 4429 1000 4469 ea
1027 4422 1351 4493 estpacatus
1371 4422 1552 4493 animi
1574 4429 1742 4473 status
1755 4441 1888 4489 quos
1904 4427 1964 4476 in
1980 4444 2120 4493 aegro

519 4485 592 4534 ad
613 4486 808 4537 vitium
831 4495 1086 4542 movetur.
1111 4492 1325 4543 Iterum
1351 4492 1587 4546 consule
1597 4485 1847 4548 eundem
1865 4485 2119 4552 Sanctis-

521 4556 2002 4629 simum,doctrinaquetheologicainstructissimum
2017 4573 2114 4623 Pa.

523 4631 663 4680 trem
693 4641 820 4695 pag.
847 4631 968 4686 441.
993 4633 1114 4688 451.
1142 4633 1263 4690 521.
1291 4634 1411 4692 570.
1439 4636 1559 4692 571.
1587 4644 1646 4692 et
1677 4639 1799 4695 654.
1819 4643 1920 4694 liis
1933 4644 2105 4696 enim.

517 4703 620 4779 aut
641 4681 798 4779 nullo
819 4703 1167 4779 explicatum
1190 4681 1506 4772 iverisquaa
1529 4681 2108 4779 apud‘a‘litospios‘scri-
2139 4681 2194 4755 D

516 4773 706 4852 ptores
745 4772 892 4852 bene
923 4776 1174 4852 .multos,
1196 4778 1414 4830 nedum
1437 4772 1760 4850 Evagrium,
1785 4772 2112 4852 de-apathia

514 4841 731 4905 passim
757 4844 1118 4899 offendimus.

574 4915 668 4963 III.
686 4915 988 4979 Evagrium
1001 4917 1062 4970 in
1086 4917 1237 4972 vivis
1249 4926 1514 4985 agentem
1537 4935 1572 4975 a
1587 4925 1746 4978 nullo
1767 4935 2108 4983 accusatum

512 4985 748 5048 reperio.
795 4987 1100 5060 Morinum,
1136 5003 1307 5044 nemo
1351 5005 1610 5058 unquam
1654 5004 1864 5060 praeter
1909 5003 2110 5054 Hiero-

513 5067 773 5131 nymum,
800 5056 1023 5123 integro
1047 5066 1279 5114 centum
1305 5067 1360 5115 et
1381 5056 1801 5131 quinquaginta
1817 5082 2108 5124 annorum

515 5127 727 5207 spacio,
752 5133 1080 5207 accusavit;
1126 5147 1199 5186 ne
1233 5127 1474 5199 ipsemet
1495 5127 1728 5202 quidem
1755 5143 2110 5207 Theophilus

517 5199 956 5281 Alexandrinus,
987 5205 1128 5281 alias
1159 5207 1220 5258 in
1255 5210 1470 5260 multos
1502 5199 1729 5275 Egypti
1771 5199 2105 5281 monachos,

511 5277 782 5348 tanquam
804 5275 1176 5340 Origenistas,
1197 5292 1336 5331 mox
1353 5282 1425 5332 ab
1441 5282 1664 5346 Evagrii
1683 5284 1862 5348 obitu,
1876 5275 2104 5339 szeviensl

509 5345 616 5421 Sed
648 5346 1016 5421 Hieronymo,
1061 5364 1135 5402 ne
1171 5351 1474 5415 Evagriu-m
1508 5345 1790 5420 probaret,
1817 5345 1958 5408 satis
1979 5358 2106 5421 fuit,

505 5414 665 5494 illum
687 5419 929 5494 Melania
942 5422 1256 5488 Ruﬁnoque,
1273 5414 1315 5472 Α
1329 5414 1568 5473 mmonio
1579 5425 1737 5490 item,
1757 5414 2105 5494 reliquisque

507 5487 790 5561 solitariis,
836 5506 938 5558 per
981 5487 1363 5560 Theophilum
1407 5495 1557 5548 male
1593 5487 1825 5561 habitis,
1853 5487 2106 5557 amici-tia

503 5560 841 5636 adhaesisse.
877 5568 1140 5619 Ceterum
1153 5579 1327 5619 nemo
1351 5580 1424 5618 ex
1445 5567 1698 5631 antiquis
1723 5560 2105 5636 Scriptoribus

504 5631 806 5708 Evam-ium
843 5638 969 5691 sine
1003 5639 1190 5691 laudis
1218 5639 1554 5703 praefatione
1586 5631 1950 5708 memoravit;
1985 5660 2105 5700 non

501 5703 802 5772 Palladius,
886 5723 1003 5762 non
1064 5711 1314 5774 Ruﬁnus,
1375 5723 1492 5762 non
1550 5711 1791 5764 Socrates
1845 5703 1946 5769 lib;
2008 5720 2096 5772 1v.

500 5787 622 5850 cap.
653 5778 856 5832 XVIII.
880 5792 998 5832 non
1022 5780 1342 5832 Sozomcnus
1369 5779 1464 5833 lib.
1494 5784 1586 5834 VI.
1624 5797 1745 5850 cap.
1773 5787 1952 5839 XXX.
1974 5791 2102 5844 Non

495 5847 739 5925 Sanctus
764 5850 1072 5925 Ιζνοερωίξη
1095 5851 1374 5925 Chronico
1385 5854 1652 5907 editionis
1670 5847 1961 5925 Scaligeri,
1979 5875 2100 5916 non

429 5951 436 5956 -
500 5916 748 5985 denique
771 5921 1124 5976 Gennadius.
1153 5923 1376 5988 Evagrii
1399 5928 1702 5984 sententiae
1729 5916 1982 5996 passeim
2005 5947 2098 5988 re-

2220 3356 2391 3407 brum
2413 3367 2605 3408 carere
2643 3355 2926 3419 capitibus
2945 3354 3175 3406 duobus
3196 3355 3504 3418 postremis
3531 3357 3830 3414 XXVII—et

2214 3429 2470 3479 XXVIII.
2494 3439 2609 3478 eun
2629 3427 2870 3490 demque
2892 3426 2984 3478 his
2997 3426 3184 3479 verbis
3201 3425 3411 3478 claudi:
3441 3425 3516 3476 Tu
3532 3435 3726 3480 autem
3745 3435 3830 3482 ho-

2215 3513 2304 3548 mo
2326 3499 2424 3548 Dei
2446 3499 2697 3562 vigilanti
2713 3498 2890 3548 studio
2910 3498 3122 3548 attende
3139 3513 3256 3562 quae
3272 3498 3408 3560 dico,
3430 3498 3548 3563 ipso
3565 3501 3837 3565 adjuvan-

2218 3577 2279 3631 te,
2305 3572 2402 3635 qui
2419 3571 2546 3620 vivit
2563 3577 2607 3620 et
2631 3576 2819 3633 regnat
2843 3571 2906 3620 in
2927 3570 3117 3620 swcula
3127 3569 3664 3635 sweulorum,amen.
3679 3576 3832 3628 Ilaec»

2216 3644 2286 3695 de
2321 3643 2540 3707 Evagrii
2573 3643 2857 3694 doctrina.
2904 3643 2994 3695 Ad
3030 3654 3223 3694 mores
3254 3643 3409 3707 quod
3430 3644 3666 3712 attinet,
3693 3649 3831 3700 nihil

2214 3716 2465 3781 profecto
2493 3715 2812 3780 simplicius
2835 3719 2893 3768 et
2917 3716 3173 3767 sanctius
3185 3715 3376 3768 animo
3399 3715 3594 3782 efﬁngi
3613 3725 3828 3782 potest.

2215 3800 2388 3851 quam
2425 3788 2554 3850 ejus
2589 3787 2726 3840 vitae
2769 3787 3024 3849 historia,
3049 3788 3136 3839 uti
3156 3799 3286 3840 eam
3307 3787 3478 3840 refert
3511 3789 3830 3855 Palladius,

2214 3859 2311 3922 qui
2345 3861 2464 3910 toto
2489 3859 2782 3910 novennio
2815 3872 2953 3910 eum
2982 3859 3170 3912 novit.

2279 3931 2371 3981 ιν·
2398 3930 2501 3980 His
2518 3931 2836 3994 praemissis
2851 3943 2948 3995 pro
2961 3930 3392 3994 Evagrio,cujus
3404 3943 3613 3985 caussa
3626 3935 3828 3999 Rufino

2215 4003 2540 4054 communis
2559 4008 2666 4066 est,
2679 4004 2842 4066 janm
2855 4003 2927 4054 ad
2945 4004 3170 4068 Evagrii
3194 4004 3380 4068 Opera
3395 4005 3593 4058 Graece
3617 4013 3828 4071 scripta,

2215 4078 2272 4126 et
2295 4087 2393 4138 per
2430 4077 2696 4126 nostrum
2725 4088 3026 4133 conversa.
3060 4076 3424 4128 accedamus.
3450 4079 3532 4130 Ea
3553 4089 3827 4132 recenset

2218 4145 2572 4218 Gemiadius,
2597 4147 2771 4210 inque
2793 4147 2940 4200 duas
2962 4147 3179 4200 classes
3202 4149 3446 4213 partitur
3467 4149 3529 4201 in
3553 4151 3827 4218 Catalago

2215 4228 2336 4280 cap.
2386 4217 2479 4268 XI.
2519 4218 2796 4279 Quaedam
2831 4219 2987 4272 enim
3009 4221 3089 4272 ait
3110 4221 3182 4271 ab
3212 4233 3291 4284 se,
3316 4221 3589 4285 quaedam
3611 4225 3692 4276 ab
3717 4217 3826 4278 alio

2217 4287 2510 4362 (Rufinum
2545 4289 2814 4362 intellige)
2857 4291 3032 4343 latine
3061 4291 3354 4344 translata.
3373 4295 3515 4355 Qum
3536 4294 3600 4347 in
3624 4302 3828 4362 poste-

2217 4359 2424 4412 riorem
2444 4360 2594 4413 hanc
2623 4361 2869 4414 classem
2893 4364 3095 4428 rejicit,
3124 4363 3251 4417 haec
3281 4369 3438 4416 sunt.

2281 4431 2330 4485 1.
2357 4432 2524 4485 Liber
2554 4439 2786 4487 centum
2805 4435 3230 4488 Sententiarum
3249 4435 3322 4488 ad
3341 4437 3688 4502 monachos,
3703 4442 3828 4495 sive

2217 4504 2610 4558 anachoretas.
3201 4567 3207 4572 ,

2276 4573 2326 4629 2.
2352 4576 2520 4651 Liber
2547 4576 2618 4630 de
2646 4577 2762 4630 vita
2784 4579 3074 4632 communi
3096 4580 3514 4636 cmnobitarum
3529 4584 3608 4638 ad
3632 4586 3829 4651 Syno-

2217 4647 2386 4711 ditas,
2409 4648 2552 4700 alias
2579 4651 2890 4704 Sententia;
2909 4651 2980 4704 de
3003 4652 3254 4717 apathia.

2279 4718 2328 4774 3.
2360 4720 2528 4772 Liber
2549 4720 2622 4772 ad
2647 4722 2910 4786 Virgines
2931 4724 3046 4776 Deo
3071 4726 3341 4778 sacratas.

2273 4793 2355 4843 De
2386 4791 2569 4867 primo
2582 4804 2751 4858 opere
2769 4795 2980 4867 scribit
2995 4797 3328 4848 Gennadius
3350 4797 3556 4851 eodem
3583 4804 3818 4867 cap.XI.

2214 4862 2523 4926 Composuit
2545 4869 2593 4912 et
2615 4866 2954 4916 anachoretis
2970 4867 3166 4917 librum
3186 4879 3430 4922 CENTuM
3447 4862 3827 4926 SENTElv'na-

2210 4941 2358 4994 RUM,‘
2374 4950 2472 4999 per
2488 4936 2727 5000 capitula
2749 4937 3169 5002 digestum.Mox
3182 4940 3360 4993 alium
3383 4940 3603 4996 librum
3619 4958 3826 4998 recen-

2211 5011 2299 5058 set
2335 5023 2345 5055 :
2383 5011 2428 5056 et
2451 5007 3678 5080 eruditisacstudiosis(librum)quinquaginta
3695 5018 3830 5068 Sen.

2207 5082 2518 5142 (entiarum,
2565 5098 2721 5146 quem
2757 5099 2848 5148 ego
2887 5085 3121 5136 latinum
3162 5087 3281 5151 feci.
3305 5089 3455 5140 Num
3477 5095 3822 5154 superiorem

2211 5151 2437 5214 (librum
2471 5159 2702 5206 centum
2733 5158 3175 5223 Sententiariun)
3212 5171 3357 5212 OLIM
3389 5151 3822 5222 Tam—surum.

2207 5223 2340 5286 quia
2377 5225 2627 5274 vitiatum
2677 5232 2721 5276 et
2759 5243 2856 5291 per
2884 5233 3090 5293 tempus
3120 5231 3406 5294 confusum
3448 5234 3582 5294 vidi,
3609 5238 3824 5300 partim

2206 5295 2684 5360 reinlerpretando,
2707 5300 2914 5362 partim
2937 5302 3290 5364 emendando,
3330 5306 3568 5354 auctoris
3603 5295 3824 5358 veritati

2206 5368 2435 5420 restitui.
2473 5370 2537 5419 In
2571 5371 2852 5423 Gennadii
2881 5375 3278 5428 vetustissimo
3301 5375 3496 5428 codice
3535 5378 3821 5432 Vaticano

2207 5438 2300 5510 ob,
2329 5439 2635 5503 antiquarii
2669 5443 3104 5508 incogitantiam
3138 5448 3230 5498 hic
3251 5448 3442 5510 aliqua
3463 5449 3702 5502 desunt.
3734 5455 3820 5504 Ex

2205 5508 2458 5575 vulgatis
2481 5511 2678 5577 liquet,
2710 5514 2916 5568 librum
2940 5524 3151 5568 centum
3178 5508 3582 5570 Sententiarum
3607 5525 3681 5574 ab
3705 5524 3822 5575 alio

2204 5580 2510 5646 interprete
2533 5584 2668 5636 olim
2693 5599 3058 5648 conversum,
3075 5591 3176 5642 sed
3191 5591 3422 5655 ignavia
3445 5591 3819 5647 librariorum

2205 5659 2539 5718 corruptum
2561 5672 2570 5704 :
2588 5668 2760 5719 quem
2779 5661 3109 5712 Gennadius
3130 5662 3202 5714 ad
3213 5667 3436 5715 veteres
3454 5664 3689 5718 codices
3704 5684 3820 5716 exe-

2202 5725 2287 5787 git
2309 5729 2366 5776 et
2408 5727 2756 5782 emendavit.
2792 5731 3018 5784 Primus
3042 5732 3134 5784 ille
3159 5739 3370 5784 centum
3395 5735 3817 5788 Sententiarum

2203 5795 2485 5869 interpres
2495 5810 2614 5850 non
2623 5799 2770 5852 alius
2782 5802 2906 5867 fuit,
2919 5816 3093 5868 quam
3115 5805 3364 5869 Ruﬁnus,
3379 5805 3427 5857 si
3439 5807 3817 5862 Gennadium

2201 5866 2428 5932 quidem
2461 5869 2755 5926 Gennadio
2805 5866 3207 5940 explicamus.'
3233 5877 3564 5931 Gennadius
3611 5885 3820 5934 autem

2199 5951 2322 6004 cap.
2337 5940 2509 5996 XVII.
2527 5942 2598 5998 de
2612 5943 2802 6009 Ruﬁni
2817 5946 3149 6004 Grmcorum
3159 5961 3397 6016 operum
3412 5949 3822 6007 translationi-
