3894 6402
34 357 157 411 209

31 473 235 523 XLII.
297 485 425 535 pag.
482 472 604 525 977.
657 470 923 522 editionis
968 472 1033 520 II.
1075 471 1401 535 Rosweydi.
1437 476 1686 535 Uterque

32 557 222 606 vero,
289 543 580 594 Palladius
616 549 670 595 et
692 543 1040 604 Heraclides,
1070 543 1230 594 initio
1257 545 1458 608 capitis
1487 547 1687 596 subse—

35 631 72 678 (ι
85 617 329 677 uentis,
349 620 558 667 auctor
581 623 684 674 est,
705 619 969 666 Sanctam
992 615 1406 679 Olympiadem,
1425 618 1694 670 Ecclesia:

37 691 216 738 (3011s
243 687 748 751 tantinopolitaliae
776 687 1194 742 Diaconissam.
1223 689 1398 736 Silvia‘
1434 691 1692 751 egregias

35 760 323 809 virtutes
351 760 457 810 sibi
477 760 784 809 ilnitandas
811 760 1196 822 proposuisse.
1224 762 1402 810 Tanta
1419 763 1691 813 nimirum

40 832 248 879 ,ςίιυίεε
303 831 410 881 fuit
433 831 711 880 claritudo
735 835 788 880 et
819 832 970 879 fama
996 832 1338 890 sanctitatis,
1383 836 1442 882 ut
1481 834 1606 882 aliis
1635 835 1691 883 in

40 918 72 952 e
87 916 240 953 xem
250 903 418 966 plum
445 902 699 953 daretur!
721 902 1068 953 Vocabulum
1091 905 1406 966 t’.l‘]‘n":t’/i't'/i,
1431 908 1594 952 (ἧι-ινιτ
1613 913 1691 955 τοῦ

50 972 165 1024 ἕιπὶι
226 970 490 1040 ἐπάρχων,
529 988 646 1024 non
695 979 782 1024 est
826 987 926 1024 cur
971 974 1372 1025 Tillcmontius
1415 981 1564 1026 tomo
1595 980 1688 1028 XI.

45 1060 195 1109 pag.
255 1046 384 1098 639.
424 1046 496 1095 ad
532 1051 756 1110 tempus
782 1046 998 1096 itineris
1027 1045 1257 1095 Palladii
1286 1061 1416 1097 cum
1438 1049 1606 1096 Silvia.
1633 1050 1691 1100 in

49 1121 416 1180 _-E§__r.vptum,
466 1117 587 1169 sive
627 1118 698 1168 ad
736 1120 800 1168 Α.
844 1121 909 1167 D.
959 1117 1078 1170 383.
1130 1118 1493 1169 referendum
1519 1121 1688 1183 dicat,

49 1201 258 1251 quum
314 1202 451 1239 vere
503 1189 572 1239 ad
613 1193 676 1239 A.
706 1191 769 1238 D.
801 1188 920 1241 .4220.
947 1201 1058 1251 quo
1081 1191 1365 1240 scribebat
1391 1191 1687 1252 Palladius,

49 1261 271 1311 referri
314 1260 538 1311 debeat.
579 1262 806 1323 Ruﬁnus
843 1261 994 1310 enim
1039 1261 1216 1308 Silvia:
1243 1262 1428 1321 frater,
1455 1269 1514 1313 et
1541 1267 1688 1316 Prm—

52 1334 260 1383 ‘l‘ectus
290 1332 563 1384 Praetorio
587 1332 646 1382 in
669 1331 895 1383 Oriente
922 1331 1030 1381 sub
1056 1335 1099 1381 Α
1111 1333 1298 1383 readio
1317 1336 1690 1395 Augusto,af«

51 1409 140 1453 fec
153 1409 301 1455 tatze
332 1404 654 1467 tyrannidis
678 1403 995 1466 poenasluit
1012 1405 1513 1468 ConstantinOpoli
1581 1411 1686 1457 Kal.

57 1477 431 1526 Decembres
466 1478 532 1526 A.
570 1478 636 1526 D.
665 1475 784 1527 395.
831 1475 1090 1538 adeoque
1119 1481 1247 1538 post
1280 1480 1344 1526 Α.
1372 1482 1437 1529 I).
1467 1478 1588 1530 388.
1617 1494 1688 1530 ex

54 1547 465 1611 I—‘hilostorgio
507 1547 838 1598 (tothofredi
876 1546 968 1596 lib.
1000 1549 1093 1596 XI.
1122 1560 1246 1610 cap,
1280 1550 1372 1598 III.
1402 1553 1459 1598 et
1484 1562 1551 1599 ex
1589 1553 1691 1602 So-

53 1624 228 1671 crate
276 1620 375 1670 lib.
425 1620 522 1669 VI.
578 1632 697 1682 cap.
739 1618 786 1670 τι.
816 1619 1020 1680 Rufino
1045 1618 1215 1667 fratre
1244 1620 1485 1669 sublato.
1517 1623 1688 1670 Silvia

57 1704 239 1742 μοι-ΟΡ
284 1692 346 1741 in
398 1691 616 1741 Italiam
663 1691 905 1751 trajecit,
953 1691 1030 1739 ub
1057 1691 1254 1740 aderat
1279 1692 1342 1740 Α.
1371 1693 1436 1742 D.
1465 1694 1587 1746 398.
1615 1707 1686 1745 ex

61 1763 304 1814 Paulini
329 1763 498 1826 epist.
530 1764 735 1813 XXXI.
764 1763 906 1813 alias
1055 1762 1173 1812 I-Ioc
1199 1763 1353 1813 enim
1379 1777 1534 1815 anno
1561 1773 1688 1830 post

59 1836 297 1887 festum
346 1837 686 1885 Sanctorum
731 1834 1138 1898 Apostolorum
1167 1835 1315 1886 Petri
1341 1841 1397 1887 et
1423 1839 1599 1904 Pauli,
1629 1848 1692 1894 ut

61 1909 300 1958 dictum
336 1912 424 1958 est
447 1907 543 1957 lib.
583 1908 671 1956 IV.
715 1919 835 1969 cap.
863 1907 930 1957 V.
1016 1906 1064 1959 3.
1099 1906 1376 1958 Paulinus
1411 1910 1695 1966 Victorem

61 1982 125 2031 in
152 1979 541 2043 Aquitaniam
569 1978 641 2028 ad
666 1980 940 2028 Severum
962 1978 1322 2029 dimisitcum
1341 1981 1538 2032 eadem
1560 1987 1700 2048 epis-

73 2053 219 2110 tola,
271 2050 373 2114 qui
420 2063 522 2114 pro
551 2050 982 2100 consecratione
999 2062 1182 2101 novae
1207 2051 1457 2104 basilicae
1481 2054 1700 2108 addidit

67 2121 430 2187 particulam
459 2121 844 2172 sanctissimae
861 2121 1076 2182 Crucis,
1093 2134 1164 2173 ex
1184 2122 1425 2174 Melania
1439 2125 1699 2190 impetra-

64 2201 211 2245 tam.
266 2194 381 2244 Sed
436 2207 555 2244 non
579 2193 658 2243 ita
681 2193 903 2242 addidit
931 2206 1127 2244 sacros
1155 2195 1392 2256 cineres,
1419 2209 1452 2248 a
1487 2200 1694 2252 Severo

67 2267 391 2331 ezx'petitos,
411 2266 623 2328 quibus
636 2278 826 2315 carere
846 2277 906 2315 se
926 2265 1086 2315 dixit.
1102 2266 1388 2317 Victorem
1405 2271 1691 2324 tamennil.

60 2355 219 2403 spem.
234 2339 481 2401 ejusdem
504 2339 692 2401 gratiae
709 2338 977 2401 copiosam
1000 2337 1233 2386 habcrea-
1253 2340 1322 2387 Sa
1335 2346 1455 2389 nota.
1471 2344 1692 2406 SILVIA,

61 2427 189 2474 quae
219 2411 303 2459 illi
342 2411 402 2458 de
426 2409 724 2458 multorum
763 2424 828 2458 ea:
852 2410 1060 2458 Oriente
1097 2417 1407 2472 martyrum
1449 2415 1694 2478 reliquiis

63 2482 472 2546 spopondisset.
521 2483 669 2545 Ergo
704 2481 875 2531 Silvia
928 2494 1001 2530 ex
1053 2482 1262 2530 Oriente
1296 2483 1351 2533 in
1379 2484 1596 2535 Italiam
1619 2487 1689 2537 ad

66 2555 213 2604 illud
245 2559 482 2616 tempus
499 2557 832 2604 reverterat.
859 2553 979 2603 I-Iac
1001 2566 1139 2604 vero
1159 2553 1308 2603 circa
1326 2555 1496 2605 finem
1517 2561 1689 2606 εωριιιί

75 2628 176 2676 IV.
231 2625 441 2677 Brixia),
476 2625 794 2687 demortua,
822 2625 1179 2675 Gaudentius
1202 2627 1360 2676 urbis
1385 2627 1688 2692 episcopus

62 2702 196 2757 jure
227 2699 559 2747 hereditario
578 2698 964 2749 Clementinas
988 2697 1429 2760 Recognitiones
1445 2704 1686 2759 peposcit,

70 2784 226 2834 quas
250 2770 496 2820 Rutinus
519 2774 718 2820 noster
746 2769 926 2817 Silviae
947 2769 1168 2820 viventi
1195 2770 1411 2832 pridem
1440 2783 1687 2834 spopon-

75 2844 260 2893 derat.
315 2842 471 2892 Idem
515 2841 758 2891 Rufinus
785 2842 891 2890 sub
924 2841 1095 2890 iinem
1120 2842 1491 2903 perorationis
1517 2845 1684 2894 Com-

79 2914 498 2965 mentariorum
517 2913 851 2974 Origenisin
880 2912 1054 2962 I’aulii
1082 2913 1376 2975 epistolam
1393 2914 1466 2964 ad
1479 2917 1685 2966 Itoma-

78 3000 188 3038 nos
219 2987 315 3037 his
347 2986 534 3037 verbis
561 2985 732 3035 iidem
762 2997 927 3036 suam
962 2984 1282 3034 Gaudentio
1308 2985 1678 3048 obligaverat:

79 3061 202 3108 Post
252 3059 349 3106 hoc
390 3073 520 3106 sane
554 3063 696 3104 vocat
722 3072 818 3105 nos
843 3072 994 3120 opus,
1023 3057 1327 3120 qttOdOLIM
1354 3058 1570 3120 quidem.
1599 3060 1680 3105 in-

69 3133 332 3190 junetum
371 3134 440 3177 est
483 3130 530 3192 (3.
572 3129 781 3189 Silvia).
831 3129 931 3177 Sed
969 3145 1118 3176 nunc
1143 3129 1294 3190 (post
1317 3129 1503 3181 Silviae
1530 3143 1684 3181 mor-

78 3203 220 3262 tem)
267 3218 302 3249 α
344 3201 486 3249 beato
523 3201 820 3250 Gaudentio
846 3201 1084 3264 episcopo
1112 3201 1469 3248 vehementius
1488 3218 1683 3266 perur-

1363 357 1537 406 VITA
1575 356 1706 405 LIB.

1744 355 1810 405 II.
1849 353 2000 404 CAP.
2037 355 2107 405 X.
3301 373 3410 428 (210

1715 474 1770 546 Α
1792 469 2084 546 collectos.
2139 470 2261 546 I_Ioe
2321 469 2474 520 idem
2507 469 2692 535 inquit
2716 475 2960 529 Rufinus
2982 478 3074 531 his
3108 484 3299 536 verbis
3326 505 3336 536 :
3365 489 3411 538 si

1793 542 1930 622 quid
1952 556 1986 620 ςι
2011 541 2262 622 dictioni
2291 554 2648 606 QUOTINIANI
2677 558 2924 622 ELoQUII
2949 562 3108 605 more
3126 555 3343 622 dicitur,
3358 561 3404 609 si

1798 613 1930 694 quid
1956 611 2011 659 in
2046 612 2276 662 Ecclesia
2302 611 2866 679 DECI.AMA'I‘UR,iI.lin
2889 635 3080 676 LIBRIS
3101 611 3343 694 IIABEBI,
3361 637 3405 680 et

1796 688 1870 733 ad
1894 698 2389 740 INS'rRUt'J'I‘IONEM
2425 700 2604 739 TRADI
2630 692 2884 753 υἰιίιίηιιε,
2928 696 2999 744 ab
3033 698 3104 747 iis
3129 688 3398 754 nimirum

1796 762 1892 820 qui
1947 759 2229 814 notarios,
2279 771 2344 833 ea
2391 760 2584 833 omnia
2635 760 2781 812 clam
2828 773 3204 833 excepturos,
3267 777 3405 825 sub-

1796 833 2121 883 mittebant.
2165 830 2518 892 Gaudentius,
2563 836 2709 883 teste
2737 836 2960 896 ltuiino,
2991 830 3218 891 (irin—cas
3247 844 3401 897 litte-

1795 917 1886 953 ras
1924 904 2137 954 callnit.
2167 903 2370 963 Quidni
2396 917 2549 962 vero,
2569 905 2666 966 qui
2695 918 2885 957 sacras
2911 913 3403 974 peregrinationes

1793 989 1892 1052 per
1939 977 2240 1052 orientem
2270 987 2330 1023 se
2364 976 2686 1052 suscepisse
2727 981 2990 1044 testatur,
3017 985 3114 1034 ubi
3143 998 3399 1052 eousque

1795 1048 1941 1097 fama
1977 1049 2106 1111 ejus
2144 1047 2420 1096 virtutum
2447 1049 2726 1108 pervenit,
2759 1053 2824 1101 ut
2846 1054 3226 1109 Orientalium
3255 1047 3403 1113 Prie-

1795 1120 1988 1170 sulum
2035 1133 2218 1171 suasu
2256 1119 2563 1181 episcopali
2602 1121 2777 1184 oneri,
2818 1130 2944 1185 post
2971 1127 3255 1181 Philastrii
3281 1135 3404 1184 obi-

1797 1198 1936 1252 tum,
1970 1205 2003 1243 a
2050 1192 2173 1242 suis
2219 1203 2318 1253 per
2363 1191 2736 1253 Legationem
2773 1207 2838 1243 eo
2884 1197 3121 1250 missam
3162 1203 3268 1253 sibi
3303 1206 3401 1257 de-

1793 1263 2082 1341 nunciato,
2102 1263 2374 1341 humeros
2401 1265 2800 1341 supposuerit‘?
2815 1267 3028 1319 Ibidem
3047 1273 3208 1324 Joha.
3228 1276 3402 1341 Chry-

1793 1338 2047 1386 sostomo
2067 1334 2220 1385 nond
2231 1347 2326 1385 um
2346 1335 2633 1398 episcopo,
2655 1338 2849 1388 stricta
2866 1345 3296 1398 necessitudine
3321 1334 3404 1398 tid-

1792 1406 1980 1484 hzesit,
2030 1419 2380 1484 proqueeo,
2403 1408 2774 1484 postmodum
2799 1412 3134 1476 episcopatu
3161 1417 3422 1484 dejecto,-

1791 1481 2044 1540 Legatus
2062 1478 2332 1528 Ecclesia}
2346 1479 2619 1529 Romante
2637 1482 3190 1549 Constantinopolim
3210 1478 3403 1540 missus

1791 1549 2038 1625 esundi
2053 1549 2319 1625 usdem
2345 1550 2670 1625 gaudent-ii
2696 1565 3022 1606 sermonem
3051 1560 3196 1610 XVI.
3224 1563 3392 1625 epist.

1793 1622 2144 1696 cnxxigv.
2175 1621 2743 1696 PalladiiHDialogum
2771 1638 2891 1688 cap.
2923 1629 3090 1680 IV.et
3118 1621 3402 1696 Nicepho—

1791 1705 1918 1742 rum
1943 1691 2237 1743 Callistum
2262 1693 2358 1742 lib.
2390 1694 2534 1743 XIII.
2551 1707 2672 1757 cap.
2691 1697 2948 1748 XXXIII.
2969 1701 3166 1763 Itaque
3197 1691 3398 1755 nullum

1790 1763 2358 1837 superestdubium,
2416 1764 2556 1826 quin
2600 1767 2934 1816 Gaudentius
2987 1773 3278 1837 cpiscopus,
3312 1777 3400 1826 cui

1794 1835 2006 1885 Ruflnu
2016 1848 2038 1884 s
2057 1835 2372 1884 Clementem
2394 1848 2568 1886 suum
2581 1850 2777 1888 nuncu
2787 1840 2957 1904 pavit,
2972 1841 3145 1896 fuerit
3158 1835 3404 1898 “Brixia-

1799 1921 1921 1968 nus,
1949 1920 2066 1957 non
2089 1907 2255 1957 alius.

1860 1980 1955 2029 III.
1986 1981 2123 2030 IIzec
2147 1979 2332 2029 fusius
2348 1984 2738 2042 prosequutus
2767 1994 2897 2033 sum
2916 1991 3143 2050 propter
3171 1992 3401 2040 doctissi-

1798 2062 1924 2100 mos
1950 2051 2123 2112 viros,
2164 2051 2388 2101 Sixtum
2423 2053 2756 2116 Senensem,
2786 2056 2843 2104 et
2858 2057 3170 2110 Robertum
3198 2062 3406 2114 Bellar-

1797 2122 2423 2210 Ininumlvenerabile‘m
2438 2123 2814 2203 C-ardinalem,
2831 2139 3074 2210 quorum
3090 2130 3181 2182 ille
3198 2132 3255 2182 in
3275 2136 3404 2183 libro

1794 2195 1863 2243 II.
1916 2193 2303 2255 Bibliothecae,
2349 2194 2440 2244 hic
2470 2195 2529 2245 in
2564 2197 2837 2258 Catatago
2855 2193 2928 2247 Ἄ.
2955 2201 3020 2250 D.
3051 2200 3173 2255 390.
3203 2205 3402 2264 Rufini

1794 2265 2189 2328 praefationem
2217 2266 2287 2315 ad
2304 2266 2670 2314 Gaudentium
2696 2281 2796 2330 pro
2814 2273 3216 2324 commenticia
3227 2276 3400 2328 nimis

1794 2349 2031 2399 propere
2079 2337 2427 2387 habuerunt.
2469 2335 2794 2388 Bellarmini
2821 2341 3104 2402 proferam
3127 2346 3304 2396 verba
3327 2349 3400 2398 ob

1793 2407 2065 2470 glossam,
2094 2420 2266 2470 quam
2296 2409 2559 2458 Labbeus
2579 2414 2731 2459 tomo
2757 2412 2824 2460 II.
2851 2423 2977 2474 pag.
3009 2412 3128 2467 309.
3157 2415 3269 2467 illis
3294 2419 3396 2468 ad-

1793 2479 1998 2530 nectit:
2030 2480 2178 2529 .Sicut
2200 2481 2311 2543 ipse
2327 2481 2878 2544 Recognitionesfalso
2902 2484 3127 2545 fortasse
3153 2488 3402 2537 tribuun-

1791 2556 1880 2597 tur
1907 2551 2180 2612 Clementi,
2203 2552 2276 2598 ita
2303 2552 2468 2599 etiam
2491 2568 2603 2599 non
2630 2558 2700 2600 est.
2724 2553 3034 2604 incredibile
3046 2557 3184 2619 falso
3202 2561 3282 2608 illi
3300 2562 3395 2609 ad—

1781 2621 2028 2685 junctum
2042 2623 2206 2684 fuisse
2219 2623 2592 2687 praefationem
2609 2625 2797 2687 Ruﬁni
2812 2630 2969 2688 quasi
2989 2631 3307 2693 interpretis.
3325 2637 3396 2683 Ad

1789 2693 1917 2768 haec
1935 2695 2016 2744 sic
2043 2696 2241 2746 scribit
2265 2696 2532 2746 Labbeus
2553 2711 2564 2745 :
2592 2696 2789 2745 Verum
2805 2699 3167 2762 imposturam
3187 2719 3291 2752 non
3312 2721 3402 2768 ag-

1788 2767 1935 2815 novit
1963 2768 2296 2828 Gennadius,
2325 2783 2416 2815 nec
2440 2768 2553 2831 ejus
2572 2776 2892 2831 sequaceset
2915 2772 3254 2825 Trithemius.
3290 2767 3401 2825 Post

1785 2838 2109 2888 Johannem
2122 2838 2820 2900 Rainoldum,nostrorum
2835 2843 3119 2905 perﬁdum
3133 2849 3402 2906 exscripto-

1786 2922 1925 2971 rem,
1959 2909 2018 2958 in
2043 2913 2294 2960 Censura
2318 2911 2781 2972 apocriphorum,
2808 2913 3012 2964 eodem
3037 2927 3105 2964 ac
3131 2917 3328 2968 Sixtus
3343 2924 3400 2969 et

1785 2980 2187 3042 Bellarminus,
2216 2981 2495 3043 spectavit
2519 2982 2806 3033 Gerardus
2821 2984 2949 3035 Joh.
2967 2987 3212 3038 Vossius
3231 2989 3393 3040 inlib.

1785 3054 1849 3100 II.
1881 3051 1949 3102 de
1975 3052 2283 3103 Historicis
2323 3053 2540 3103 Graecis
2575 3065 2697 3117 cap.
2727 3056 2820 3104 IX.
2849 3056 3047 3118 Rufini
3077 3059 3152 3106 vel
3177 3060 3397 3109 alterius

1783 3121 1877 3169 sub
1893 3122 2005 3185 ejus
2029 3125 2249 3171 nomine
2270 3124 2663 3186 praefationem
2688 3125 3007 3188 appellans.
3035 3131 3218 3181 luimo
3245 3131 3393 3182 infra

1783 3193 1998 3244 nedum
2023 3195 2415 3257 praefationem
2432 3210 2655 3258 prorsus
2677 3197 2961 3258 ficticiam,
3004 3200 3104 3250 sed
3133 3206 3190 3251 et
3211 3201 3387 3254 libros

75 3279 250 3337 gctur,
272 3273 552 3322 Clementis
577 3272 766 3320 scilicet
790 3272 1024 3319 Romani
1048 3272 1278 3335 episcopi
1303 3273 1678 3336 Apostolorum
1707 3269 1755 3346 ρ
1782 3267 1938 3330 ipsos
1955 3266 2517 3346 Recognitionumah
2535 3267 2664 3346 alio“,
2690 3280 2864 3329 quam
2881 3270 3130 3322 aRufino
3149 3273 3387 3321 transla-

75 3346 290 3393 conzitis
317 3361 327 3394 :
362 3359 596 3408 quorum
625 3349 678 3392 ut
697 3344 1078 3392 successoribus
1109 3345 1295 3391 darem
1321 3346 1679 3407 cognitionem

76 3419 203 3465 libri
229 3433 262 3465 (ι
283 3416 435 3465 nobis
454 3417 508 3464 in
525 3416 759 3464 latinum
785 3420 1079 3465 vertuntur.
1102 3416 1461 3478 Rosweydus
1481 3421 1531 3465 in
1552 3421 1681 3466 notis

81 3490 154 3538 ad
189 3488 413 3538 Paulini
438 3487 738 3551 epistolam
768 3489 992 3538 XLVII.
1025 3498 1156 3549 qua:
1182 3486 1240 3536 in
1264 3499 1409 3537 nova
1432 3487 1680 3540 editione

77 3566 169 3611 est
188 3562 385 3610 XLVI.
412 3565 657 3622 postque
673 3571 805 3610 eum
825 3557 1135 3608 (liotelerius
1153 3557 1222 3607 ad
1242 3559 1678 3621 Recognitiones

76 3646 244 3694 atque
267 3631 542 3693 ancipites
563 3636 715 3693 sunt,
745 3630 1044 3679 Gaudentio
1071 3630 1360 3690 Br-imiano,
1385 3646 1455 3677 an
1497 3632 1678 3680 Nova-

78 3704 248 3753 ricnsi
271 3702 512 3753 Ruﬁnus
537 3702 673 3752 illud
708 3715 854 3765 opus
881 3701 1254 3763 inscripserit.
1274 3701 1397 3751 Alio
1415 3703 1552 3752 abiit
1570 3704 1679 3764 pri-

79 3791 212 3828 mus
239 3775 361 3825 libri
389 3774 652 3837 vulgator
673 3774 926 3823 Jacobus
953 3774 1121 3822 Faber
1139 3774 1511 3836 Stapulensis,
1533 3776 1680 3822 (ἴαυ-

79 3848 322 3897 rlrntium
347 3847 645 3909 gloriosum
674 3846 872 3895 Christi
889 3845 1399 3907 martyrempariter
1414 3850 1457 3892 et
1477 3846 1679 3893 Arimi-

85 3921 330 3968 nensium
346 3919 650 3981 episcopum
671 3929 784 3980 pra)
798 3915 982 3966 oculis
997 3915 1218 3966 habens
1235 3931 1246 3965 :
1266 3917 1363 3978 qui
1380 3921 1571 3967 tamen
1586 3921 1680 3965 sub

84 3991 415 4041 Constantio
435 3993 719 4050 Augusto,
737 3990 893 4037 tanto
905 3991 1057 4049 ante,
1083 4000 1183 4050 pro
1210 3987 1434 4037 Christo
1447 3989 1681 4051 sangui-

87 4077 215 4114 nem
241 4061 475 4114 fuderat.
511 4061 676 4112 Varie
705 4061 882 4110 variis
908 4061 1014 4110 hoc
1039 4064 1202 4121 pacto
1228 4073 1445 4110 serram
1475 4060 1682 4111 ducen-

91 4137 259 4195 tibus,
291 4139 504 4197 quanto
528 4133 751 4184 'melius
781 4133 959 4183 David
991 4131 1316 4183 Blondcllus
1340 4133 1400 4182 in
1430 4133 1682 4183 Pseudo-

91 4207 300 4256 Isidoro
329 4219 456 4270 pag.
486 4204 570 4258 ‘28.
601 4205 670 4254 de
695 4203 1537 4254 Brit-imsiomninointellexit!
1566 4205 1681 4254 Ru-

90 4282 266 4328 finum
311 4278 368 4328 in
420 4278 756 4340 praefatione
795 4276 866 4326 ad
915 4276 1299 4337 Gaudentium,
1326 4275 1434 4326 hoc
1473 4277 1685 4328 diserte

89 4351 554 4413 cornprobal'ltem
589 4349 931 4399 audiamus:
980 4346 1091 4396 Tibi
1144 4347 1358 4409 quidem
1398 4348 1684 4410 Gaudenti,

92 4433 449 4473 Nt‘)S'1‘lt0RL'.\I
474 4422 629 4469 decus
658 4421 865 4481 insigne
903 4429 1253 4480 DOCTORUM,
1279 4424 1460 4467 tantus
1481 4421 1687 4482 ingenii

93 4497 257 4554 vigor,
297 4495 460 4540 immo
494 4497 648 4540 tanta.
686 4492 914 4555 spiritus
947 4491 1128 4553 gratia
1162 4496 1249 4549 est,
1288 4497 1345 4539 ut
1368 4491 1545 4554 siqvid
1571 4508 1603 4540 α
1641 4498 1684 4540 te

92 4570 247 4614 etiam
261 4577 614 4627 QUOTIDIANI
634 4575 874 4626 ELOQUII
893 4577 1039 4611 more
1059 4563 1285 4623 dicitur;
1304 4563 1487 4625 siquid
1503 4564 1558 4611 in
1575 4565 1683 4614 EC-

93 4650 292 4689 cmasm
322 4648 736 4696 DECLARA’I‘UR,
769 4636 823 4682 id
850 4636 903 4682 in
936 4647 1126 4685 Limus
1153 4647 1229 4684 HA
1243 4647 1395 4696 BERI,
1415 4641 1458 4682 et
1477 4636 1683 4684 atlINS-

94 4721 466 4760 ’rItIICTIONEM
496 4721 672 4758 'I‘RADI
691 4708 910 4771 posteris
928 4706 1121 4756 debeat.
1142 4709 1274 4752 Infra
1292 4722 1426 4765 vero;
1439 4743 1454 4754 ι
1467 4707 1539 4769 Ia'q
1554 4723 1620 4752 un
1633 4722 1681 4754 ni

94 4789 158 4830 est
182 4797 306 4828 sane
324 4779 436 4842 tibi,
453 4781 548 4843 qui
565 4781 670 4828 huic
685 4779 1074 4830 ctimntl‘rRxECE
1100 4789 1353 4828 LEGERIS
1371 4780 1456 4840 (ne
1470 4779 1605 4841 forte
1624 4780 1682 4826 in

94 4855 196 4916 ntiq
209 4852 401 4900 uibusa.
418 4852 565 4900 nobis
578 4857 846 4900 servatum
861 4850 1235 4898 translationis
1253 4850 1499 4897 ordinem
1512 4851 1681 4912 putes)

100 4925 546 4989 inIerpretationis
577 4929 765 4972 nostrae
789 4923 1034 4970 indicare
1046 4921 1352 4970 consilium.
1374 4925 1484 4968 limi-
1501 4925 1681 4982 elogia,

98 4999 148 5047 in
195 4997 558 5045 Gaudentium
609 4997 941 5060 episcopum
972 5006 1006 5045 a
1040 4994 1247 5056 Iiufino
1273 4997 1566 5057 congesta,
1586 4993 1683 5042 uni

98 5070 358 5118 liririano
389 5069 570 5132 aptari
598 5071 869 5130 possunt;
898 5070 1174 5129 praeterea
1200 5066 1432 5116 nemini.
1463 5067 1515 5114 Is
1533 5064 1683 5115 enim

103 5142 195 5190 iuit.-
239 5141 447 5200 Doctor,
501 5144 586 5190 vet
642 5141 918 5187 'l‘ractalor
963 5137 1228 5199 insignis.
1281 5140 1366 5186 Ita
1400 5135 1550 5186 enim
1589 5135 1686 5199 qui

107 5213 345 5261 Verbum
374 5211 473 5262 Dei
501 5224 807 5274 sacrasque
832 5210 1050 5261 litteras
1076 5209 1166 5260 vel
1196 5221 1331 5259 voce
1362 5208 1449 5258 vel
1476 5207 1685 5270 scripto

100 5289 442 5348 enumerent
467 5297 532 5332 ac
558 5284 844 5345 docerent,
882 5282 952 5331 ab
975 5280 1375 5330 ecclesiasticis
1395 5279 1690 5342 Scriptori-

106 5358 202 5405 illis
230 5358 442 5418 passim
473 5353 914 5416 diei,adnotavit
941 5353 1279 5404 Franciscus
1306 5351 1690 5403 Bernardinus

105 5431 256 5478 t'erra
268 5428 381 5476 rius
399 5427 542 5477 lib.I.
562 5428 630 5476 de
656 5428 786 5477 ltitu
806 5438 1096 5475 sacrarum
1120 5424 1459 5474 concionum
1479 5435 1596 5486 cap.
1621 5424 1687 5472 II.

104 5515 165 5549 ex
196 5499 491 5546 (tendentia
513 5500 783 5546 Ih'iminno
799 5497 1126 5560 exemplum
1145 5496 1315 5546 etiam
1333 5495 1690 5556 adducens,a

108 5587 206 5632 quo
233 5577 512 5619 Sermones
549 5571 636 5621 sui
678 5571 729 5617 in
762 5569 991 5618 Ecclesia
1027 5569 1308 5616 (lt’CltlIltttll
1345 5569 1423 5628 (ut
1449 5567 1691 5617 Itulinus

109 5643 248 5706 loqui
271 5646 443 5703 alliat.)
474 5643 747 5689 'l'rurtntus
772 5640 1040 5690 dicuntur
1064 5641 1118 5688 in
1147 5639 1478 5702 praefatione
1493 5639 1561 5687 ad
1590 5639 1693 5687 Be-

111 5715 362 5764 nivoluln.
382 5718 598 5764 Iterum
619 5713 902 5772 egregiam
921 5711 1229 5760 editionem
1249 5712 1690 5774 Iltlllel‘tutt'ttl‘a\'il

117 5789 169 5834 Υ.
193 5787 244 5835 C.
274 5787 504 5836 Paullus
534 5785 835 5834 Hal-cardus
859 5783 1515 5833 t’lanonicnsBrixiallus.
1539 5782 1692 5831 Idem

114 5858 334 5908 eximius
383 5860 629 5907 antistes
674 5871 734 5906 se
785 5857 1130 5919 comperisse
1162 5855 1259 5916 ait,
1281 5871 1313 5902 It
1340 5854 1586 5912 notariis,
1615 5853 1695 5901 la-

122 5937 264 5977 tenter
296 5930 574 5993 adpositis,
615 5930 912 5978 Tractatus
962 5941 1114 5984 suos,
1163 5940 1233 5977 ex
1281 5941 1374 5977 ore.
1409 5925 1693 5988 loquentis

1782 3343 1878 3401 tos,
1922 3350 1983 3388 se
2015 3339 2242 3389 credere
2280 3339 2448 3389 malle
2475 3339 2773 3403 significat.
2804 3341 3009 3391 Vossio
3041 3343 3112 3392 ad
3139 3356 3387 3396 errorem

1782 3411 2088 3474 przeiverat
2113 3412 2324 3474 Caspar
2348 3411 2633 3461 Barthius.
2657 3413 2841 3461 Verba
2859 3412 3043 3476 ipsius
3063 3415 3316 3467 adferam
3329 3432 3386 3465 ex

1783 3483 2138 3533 Adversariis
2155 3483 2250 3532 lib.
2270 3484 2438 3533 XLV.
2460 3495 2580 3546 cap.
2598 3485 2663 3533 V.
2687 3484 3030 3546 Recognition
3041 3501 3132 3533 um
3160 3488 3392 3537 Clemen-

1784 3555 1849 3603 tis
1876 3554 2026 3602 titulo
2052 3555 2300 3618 inscripti
2327 3554 2469 3615 libri,
2499 3554 2814 3603 Clementem.
2835 3561 3110 3606 auctorem
3135 3574 3199 3606 ne
3223 3564 3267 3606 et
3291 3561 3393 3607 Ru-

1779 3627 1958 3688 ﬁnum
1982 3626 2320 3689 interpretem
2348 3625 2595 3687 habeant,
2616 3640 2726 3674 non
2749 3631 2817 3672 est
2841 3627 2999 3689 facile
3023 3629 3274 3680 decidere.
3304 3631 3394 3680 Vi—

1783 3698 1861 3747 ris
1878 3697 2200 3749 litteratura
2212 3697 2627 3748 excultissimis
2645 3697 2858 3749 nollem
2875 3699 3002 3750 htec
3016 3701 3386 3753 excidissent.

1785 3769 2056 3832 Nunquid
2083 3769 2312 3821 difficile
2332 3774 2420 3820 est
2438 3769 2672 3817 decidere
2687 3770 2840 3831 quod
2855 3770 3048 3834 spissa
3064 3777 3121 3823 et
3133 3773 3388 3836 locuples

1782 3845 2042 3891 veterum
2060 3846 2566 3892 monumentorum
2581 3840 2895 3891 auctoritas
2912 3847 3238 3902 comprobat?
3253 3847 3385 3893 Nihil

1780 3924 1915 3974 ergo
1941 3916 2030 3962 est
2052 3911 2296 3962 Rufinus
2321 3912 2441 3974 ipse
2471 3911 2530 3960 in
2559 3912 2919 3962 Peroratione
2946 3913 3389 3966 Commentario-

1779 3996 1907 4034 rum
1932 3983 2196 4045 Origenis
2223 3983 2281 4032 in
2308 3981 2486 4033 Paulli
2510 3982 2814 4045 epistolam
2836 3983 2908 4033 ad
2936 3985 3244 4045 Romanos,
3268 3986 3385 4048 ubi,

1783 4055 2084 4103 Gaudentio
2131 4055 2372 4117 episcopo
2415 4059 2753 4117 perurgente,
2782 4066 2843 4105 se
2875 4066 3106 4118 operam
3131 4055 3265 4107 dare
3289 4057 3386 4118 ait,

1783 4131 1847 4176 ut
1867 4125 2180 4175 ϐιευυτηιργη
2203 4127 2467 4176 Latinum
2485 4125 2658 4176 faciat
2673 4128 2698 4174 ‘?
2715 4125 2866 4176 Nihil
2883 4126 3215 4178 Gennadius
3229 4132 3334 4188 capi
3347 4137 3388 4174 te

1786 4200 1958 4250 XVII.
1982 4198 2260 4247 Clementis
2287 4197 2522 4246 Romani
2541 4198 2987 4258 Recognitionum
3011 4198 3191 4250 libros
3215 4213 3248 4250 a
3273 4201 3391 4250 Ru-

1784 4272 1900 4322 iino
1923 4270 2099 4321 latine
2125 4268 2376 4320 redditos
2402 4272 2686 4321 narrans?
2713 4272 2974 4331 Longum
3003 4271 3077 4321 sit
3099 4271 3204 4322 iter
3225 4271 3392 4323 conii-

1786 4342 2080 4404 ciendum,
2097 4342 2143 4392 si
2169 4341 2308 4392 alios
2331 4341 2536 4393 deinde
2561 4353 2680 4393 rem
2707 4342 2948 4392 eandem
2966 4346 3245 4393 testantes
3276 4355 3392 4405 per—

1785 4427 2009 4464 currere
2035 4413 2226 4465 velim.
2264 4416 2339 4464 At
2369 4413 2651 4464 indictum
2677 4413 2832 4463 abire
2859 4426 2976 4463 non
2999 4413 3182 4476 patiar
3207 4426 3389 4464 unum

1786 4490 1844 4536 et
1866 4486 2128 4536 alterum.
2155 4485 2496 4535 Anastasius
2509 4485 2982 4534 Bibliothecarius
2995 4484 3052 4534 in
3066 4483 3302 4547 epistola
3315 4485 3389 4536 ad

1780 4557 2101 4607 Johannem
2120 4557 2436 4606 Diaconum
2455 4556 2701 4618 Operum
2713 4555 2905 4604 Jacobi
2921 4557 3169 4603 Sirmendi
3183 4560 3387 4608 tom.III.

1788 4641 1913 4691 pag.
1946 4626 2066 4679 47:2.
2101 4629 2440 4687 Clementem,
2471 4627 2566 4684 ait,
2593 4640 2750 4689 quem
2779 4626 3035 4688 Rufinus,
3064 4632 3258 4677 nostrae
3282 4628 3391 4677 lin—

1787 4716 1899 4764 gua?
1924 4700 2210 4760 redditum,
2249 4700 2569 4760 restitutum,
2613 4705 2657 4746 et
2692 4699 3016 4762 redeuntem,
3044 4699 3117 4748 ad
3142 4701 3388 4750 Gauden-

1785 4775 1920 4820 tium
1937 4772 2187 4835 scribens,
2208 4773 2412 4823 innuit.
2435 4774 2677 4823 Sanctus
2696 4770 3033 4824 Aldhelmus
3049 4773 3170 4825 sive
3183 4772 3394 4824 Althel-

1785 4857 1916 4894 mus
1935 4844 2312 4896 Scireburnen
2322 4845 2400 4895 sis
2419 4846 2610 4909 episco
2617 4858 2723 4908 pus
2741 4845 3049 4908 cap.XXV.
3064 4848 3125 4894 de
3139 4848 3390 4894 Laudibus

1785 4911 2129 4979 virginitatis
2144 4917 2336 4980 pagﬁl
2350 4917 2398 4968 ti.
2415 4918 2680 4968 editionis
2701 4917 3101 4978 Londinensis,
3117 4919 3391 4966 emendatus

1785 4989 1856 5039 ab
1879 4989 2125 5039 IIenrico
2145 4990 2481 5053 Whartono,
2502 4989 2698 5040 laudat
2716 4989 3070 5037 Iunci-arium
3093 4989 3238 5038 Petri
3253 4989 3392 5052 (sunt

1786 5061 2094 5112 Clementis
2121 5063 2574 5125 Recognitiones)
2595 5062 2879 5124 Ru/inO'in
2896 5061 3156 5110 Latinum
3169 5076 3235 5110 ea:
3261 5061 3397 5110 Grae-

1787 5147 1969 5182 corum
1999 5131 2317 5181 bibliothecis
2333 5139 2572 5184 vertente.
2588 5135 2729 5184 Tam
2747 5133 2977 5183 disertis
3005 5133 3248 5183 testibus
3265 5144 3395 5183 con-

1789 5209 1994 5255 sonant
2019 5204 2490 5266 Recognitionum
2509 5205 2733 5255 codices
2747 5205 2884 5254 Mss.
2901 5204 3066 5267 plane
3080 5217 3270 5264 omnes,
3288 5203 3393 5250 Ru-

1786 5275 1896 5338 fini
1923 5275 2250 5336 interpretis
2275 5289 2487 5326 nomen
2510 5276 2896 5339 prmferentes.
2926 5273 3390 5336 Quominusergo

1788 5349 1957 5409 viros,
1984 5347 2286 5409 insigniter
2303 5347 2521 5407 doctos,
2543 5347 2613 5396 ad
2639 5347 2746 5396 alia
2775 5349 3143 5410 properantes
3157 5344 3281 5394 haec
3303 5344 3390 5394 fu-

1791 5420 2113 5484 gerintmon
2131 5423 2219 5468 est
2233 5418 2658 5479 ambigendum;
2675 5417 2814 5467 alias
2835 5429 2952 5467 rem
2966 5420 3146 5463 certam
3163 5430 3250 5474 pro
3262 5429 3391 5462 com-

1791 5496 1986 5541 mento
2001 5504 2116 5540 non
2130 5490 2198 5539 ha
2211 5490 2484 5540 buissent.
2507 5488 2879 5552 Ejunioribus
2896 5485 3365 5545 t‘otelcriusinjmli

1792 5564 1878 5614 cio
1902 5563 1971 5612 de
1999 5562 2154 5611 libris
2173 5562 2646 5623 Itecognitionum
2665 5573 2789 5623 pag.
2812 5559 2929 5611 484.
2953 5557 3310 5608 cdilionisncv

1797 5635 1982 5685 Itulini
1999 5647 2125 5684 esse.
2144 5635 2537 5698 praifationem
2551 5633 2620 5682 ad
2639 5631 3022 5682 Gaudentium
3037 5629 3204 5691 juxta
3217 5645 3238 5674 δ’

1795 5708 2016 5757 sionem
2046 5707 2217 5755 totius
2245 5707 2463 5769 ()peris,
2492 5718 2562 5755 ex
2593 5704 2721 5753 stilo
2747 5703 2916 5753 etiam
2947 5701 3167 5766 probari

1796 5777 2062 5828 codicum
2077 5780 2454 5828 vetustiorum
2469 5775 2732 5840 pra‘sidio
2748 5779 3053 5836 utramque
3069 5776 3106 5813 Ρ

1799 5851 1966 5900 [Πολι.
2001 5851 2161 5900 Unus
2199 5850 2370 5912 enim,
2401 5862 2571 5913 quem
2599 5847 2812 5908 laudat,
2841 5846 3044 5896 sicinr'

1798 5921 2090 5986 presbyteri
2115 5922 2359 5986 pra’fatio
2390 5922 2462 5970 ad
2497 5920 2861 5970 Gaudentium
2885 5933 2951 5984 po

1712 4653 1768 4724 D
