3894 6400
486 384 586 441 illi

1775 379 2021 429 RUFINI
2056 376 2497 429 PRESBYTERI

3697 357 3805 414 212

486 499 777 550 nerarium
796 495 1093 558 Clementis,
1124 493 1190 543 ab
1210 508 1266 543 eo
1291 508 1356 542 ex
1388 492 1564 565 Graeco
1586 492 1647 540 in
1671 492 1931 565 Latinum
1962 504 2091 539 con-
2117 492 2172 565 Α
2196 487 2320 539 cod.
2352 488 2540 565 CXIII.
2569 484 2835 549 quamvis
2856 493 3058 565 omnes
3080 477 3558 565 Recognitionum
3582 473 3805 565 antiqui

485 584 717 621 versum.
738 571 808 620 Et
831 572 961 632 post
981 565 1389 631 praefationem.
1423 562 1848 624 Clementisque
1873 562 1945 613 ad
1961 566 2095 609 Jaco-

487 643 628 692 bum
659 640 976 704 epistolam,
1005 638 1083 687 ita
1107 637 1280 686 habet
1304 651 1315 685 :
1338 634 1616 684 Itinerarii
1644 633 1940 691 Clementis,
1956 632 2099 681 Petri

488 714 606 775 A-po
616 712 735 761 stoli
756 710 1083 768 successoris,
1111 708 1243 755 liber
1256 706 1471 770 primus
1493 705 1705 767 incipit,
1725 720 1758 753 a
1776 706 1970 765 Ruﬁno
1988 709 2098 751 tra-

488 785 698 846 ductus,
727 784 990 832 Ceterum
1021 777 1409 829 Bellarminus
1439 777 1689 841 agnovit,
1715 775 2100 827 Clementinas

488 853 929 917 Recognitiones
959 863 994 902 a
1036 850 1248 901 Rullno
1272 849 1449 899 latine
1472 859 1797 903 conversas.
1823 846 2101 917 nequede

489 926 596 977 hoc
621 915 907 975 dubitavit
932 938 944 973 :
972 934 1109 972 nam
1135 920 1379 972 Baronio
1396 919 1589 983 judice
1615 921 1679 969 A.
1705 920 1770 969 D.
1801 916 1920 971 10‘2.
1943 920 1984 978 ἓ.
2010 915 2095 969 ‘22.

488 1010 644 1045 nemo
660 1001 731 1044 est
756 996 853 1059 qui
878 994 1129 1043 dubitare
1153 991 1353 1051 debeat,
1380 1005 1549 1053 quum
1570 989 1885 1039 Gennadius
1914 989 2009 1036 hoc
2025 989 2101 1050 ip-

487 1067 684 1117 sumde
699 1066 898 1128 Ruﬁno
912 1066 1213 1113 testetur.Et
1224 1061 1733 1125 tamanupinium
1748 1060 1945 1111 audire
1957 1062 2102 1107 nobis

490 1138 849 1202 contingitin
872 1142 1027 1189 tomo
1041 1137 1132 1186 III.
1147 1134 1535 1196 Bibliothecae,
1556 1133 1789 1183 omnino
1802 1131 2046 1194 aliam,se
2056 1145 2103 1177 n-

490 1210 740 1262 tentiam
765 1207 1106 1260 Bellarmino
1131 1205 1501 1264 tribuentem,
1528 1216 1654 1255 eam
1684 1203 1904 1253 scilicet
1927 1213 2102 1265 quam

492 1280 891 1334 refutavimus.
913 1280 1031 1330 Nec
1042 1278 1235 1328 minus
1249 1277 1436 1340 spisso
1449 1287 1665 1327 errorre
1680 1279 1839 1325 tanto
1855 1281 1966 1321 ante
1980 1278 2100 1319 irro-

494 1354 667 1405 tilum
692 1350 1178 1415 deprehendimus
1204 1350 1562 1398 Anastasium
1586 1348 2023 1395 Bililiolhecarium
2048 1347 2102 1391 in

493 1422 738 1487 epistola
764 1422 986 1487 pridem
1007 1420 1278 1481 adducta,
1305 1432 1554 1482 cumque
1598 1418 1697 1468 illo
1716 1430 1746 1467 e
1778 1416 2106 1479 junioribus

495 1497 724 1546 Petrum
749 1492 1044 1545 Danielem
1067 1491 1344 1544 Huetium
1378 1491 1437 1542 in
1461 1490 1605 1541 libro
1630 1489 1700 1541 de
1727 1487 1904 1539 Claris
1928 1487 2105 1536 inter-

498 1565 761 1630 pretibus
784 1576 914 1629 pag.
940 1563 1037 1618 151
1052 1562 1301 1626 .quando
1312 1562 1442 1614 haec
1455 1563 1648 1622 verba,
1667 1560 1878 1623 quibus
1895 1560 2103 1630 Ruﬁnus

492 1627 891 1701 prmfationem
908 1647 1074 1687 suam
1084 1634 1156 1685 ad
1168 1632 1985 1696 Gaudentium,auspicatur,ut
2001 1627 2104 1678 Cle-

496 1713 729 1758 mentem
765 1711 959 1756 nostrae
1002 1706 1201 1769 linguae
1235 1705 1593 1768 redderemus,
1646 1704 1727 1754 ita
1758 1703 2104 1764 acceperunt

501 1778 671 1842 quasi
695 1777 1101 1841 Recognitiones
1123 1776 1266 1841 ipsa:
1290 1775 1455 1825 latine
1476 1776 1681 1840 scriptae
1694 1774 1939 1838 primum
1955 1771 2096 1822 fuis-

498 1851 630 1933 sent
654 1866 667 1930 ε
695 1848 1068 1933 postmodum
1087 1847 1419 1933 deperdita.
1445 1852 1501 1898 et
1523 1847 1754 1933 demum
1779 1857 1816 1933 a
1835 1843 2040 1933 Rufino
2061 1854 2092 1893 e
2117 1859 2171 1933 B

499 1920 703 1970 Graecia
726 1919 787 1970 in
810 1919 1040 1972 Latium
1062 1919 1365 1975 restitutae,
1394 1930 1510 1970 non
1535 1932 1566 1969 e
1601 1918 1775 1967 Graeco
1799 1914 2093 1967 translatae

496 1994 575 2045 At
596 1991 767 2055 plane
791 1989 966 2054 aliud,
982 2002 1099 2042 non
1124 1990 1233 2041 hoc
1245 1989 1745 2052 scripsitRutlnus,
1761 1986 1913 2050 apud
1927 1996 2100 2048 quem

496 2062 599 2115 viri
622 2061 776 2114 docti
799 2060 998 2125 primis
1024 2065 1250 2112 tantum
1279 2060 1523 2117 voculis,
1547 2059 1729 2120 utiﬁt,
1754 2056 1959 2121 raptim
1975 2068 2098 2119 per-

494 2132 677 2194 lectis,
704 2132 764 2183 in
788 2143 1040 2183 errorem
1062 2131 1296 2182 adducti
1322 2135 1475 2182 sunt.

558 2204 653 2255 IV.
679 2204 796 2255 Nec
820 2202 1052 2267 penitus
1075 2202 1244 2253 nobis
1263 2200 1701 2266 praetereundus
1725 2204 1815 2252 est
1831 2198 1970 2249 alter
1986 2197 2102 2248 Bel-

495 2273 725 2327 larmini
760 2273 944 2326 locus.
980 2275 1047 2324 In
1072 2272 1341 2336 Catalogo
1364 2272 1540 2324 enim.
1575 2274 1643 2323 A.
1678 2273 1746 2322 D.
1772 2269 1858 2324 9‘2.
1888 2272 2007 2320 hanc
2030 2268 2100 2319 de

496 2345 869 2398 Clementinis
885 2345 1398 2409 Recognitionibus
1410 2344 1634 2395 scribit:
1652 2346 1768 2391 teste
1780 2339 2099 2405 Epiphanio

498 2418 683 2467 haeresi
717 2420 796 2469 30.
839 2416 1074 2467 Clemens
1098 2416 1209 2480 ipse
1234 2422 1472 2479 testatur,
1496 2416 1765 2465 Circuitus
1792 2413 1956 2472 Petri,
1983 2428 2017 2461 a
2049 2426 2101 2460 se

496 2489 840 2552 conscriptos,
858 2486 925 2536 ab
951 2488 1207 2537 haereticis
1230 2488 1547 2551 depravatos
1569 2487 1750 2549 fuisse.
1771 2485 1869 2535 Vir
1892 2496 2102 2547 purpu-

496 2563 662 2611 ratus
684 2558 811 2609 hzec
837 2556 1031 2608 hausit
1054 2570 1128 2609 ex
1184 2558 1415 2621 magnis
1439 2556 1758 2608 Annalibus
1784 2556 1922 2606 A.D.
1943 2553 2029 2607 41.
2055 2554 2094 2613 3,.

499 2628 657 2683 10.et
681 2630 818 2679 A.D.
842 2627 962 2681 109.
989 2628 1040 2691 ἓ.
1063 2626 1150 2681 21.
1174 2629 1390 2679 Verum
1426 2632 1609 2679 Lucas
1638 2627 1976 2678 Holstenius
1999 2640 2098 2673 non

498 2698 610 2752 hoc
636 2699 827 2751 dicere
852 2699 1203 2762 Epiphanius
1227 2699 1465 2760 detexit,
1509 2699 1609 2750 sed
1626 2714 1692 2747 ea:
1708 2696 2101 2760 encycliisepis-

500 2770 620 2821 talis
646 2771 796 2820 Beati
823 2770 1124 2832 Clementis,
1147 2785 1263 2834 qua:
1285 2772 1347 2819 in
1381 2770 1627 2820 Ecclesiis
1639 2769 1712 2832 leg
1723 2774 1905 2827 untur,
1919 2768 2101 2816 Perio-

501 2843 596 2892 dos
620 2843 748 2892 istas
767 2841 1023 2904 falsitatis
1038 2843 1304 2892 convinci.
1320 2843 1503 2907 Neque
1513 2844 1658 2891 enim
1674 2854 1964 2904 congruere
1979 2853 2101 2887 eum

499 2913 620 2963 stilo
643 2913 819 2963 sancti
851 2913 1148 2979 Clementis,
1184 2930 1353 2978 neque
1385 2929 1509 2963 cum
1541 2914 1654 2977 ejus
1678 2911 1900 2961 docendi
1924 2911 2095 2959 modo.

502 2986 692 3038 Verba
711 2990 848 3038 sunt
862 2985 1194 3037 Holsteniiin
1210 2986 1363 3038 notis
1383 2987 1518 3050 Mss,
1540 2986 1612 3037 ad
1629 2983 1956 3036 Bellarmini
1969 2985 2102 3031 Cata-

500 3056 719 3121 logum,
734 3057 805 3109 “in
817 3057 1013 3108 Museo
1028 3061 1225 3109 nostro
1243 3062 1552 3110 servatum.
1570 3058 1818 3121 Lapsum
1838 3054 1982 3106 tanti
2002 3054 2101 3101 viri

506 3128 775 3189 iudicavi,
795 3141 869 3179 ne
886 3128 989 3179 ulli
999 3128 1248 3193 amplius
1271 3130 1344 3182 ob
1361 3129 1605 3181 dicentis
1622 3128 2020 3179 auctoritatem
2038 3127 2103 3173 sit

503 3210 714 3249 caussa
751 3198 1105 3261 offensionis,
1148 3204 1214 3251 ut
1242 3212 1428 3264 nuper
1451 3200 1558 3251 fuit
1582 3200 1741 3250 alteri
1766 3199 1889 3249 viro
1912 3197 2099 3253 docto,

503 3282 677 3332 quem
697 3268 1006 3357 corrigens,
1033 3270 1329 3357 nominare
1340 3284 1455 3357 non
1470 3271 1669 3357 debeo,
1688 3283 1760 3350 ne
1770 3269 2100 3357 amicitiam,
2129 3280 2178 3357 ρ

502 3352 635 3402 qua)
670 3339 815 3390 mihi
853 3352 987 3390 cum
1024 3352 1090 3391 eo
1126 3340 1443 3401 intercedit,
1470 3341 1678 3394 laedere
1712 3340 1917 3392 videar.
1945 3340 2101 3391 Idem

506 3409 859 3474 Epiphanius
902 3411 1123 3462 Haaresi
1148 3413 1326 3463 XXX.
1352 3414 1402 3477 §.
1442 3411 1526 3466 15.
1556 3412 1909 3462 Clementinos
1928 3411 2103 3462 libros

505 3481 685 3532 fuisse
708 3482 781 3531 ab
796 3481 1073 3534 Editionis
1098 3488 1397 3548 corruptos
1416 3482 1918 3535 testatunPhotius
1935 3484 2106 3534 etiam

505 3551 630 3604 cod.
654 3552 846 3603 CXIII.
870 3556 1302 3617 vocatrefertum
1318 3570 1452 3620 opus
1467 3554 1734 3617 absurdis,
1746 3568 1857 3603 non
1869 3555 1983 3602 sine
1988 3554 2109 3616 ptu-

500 3622 737 3672 rimisea:
754 3623 882 3672 Arii
910 3625 1171 3688 opinione
1212 3628 1271 3674 in
1293 3628 1495 3676 Filium
1507 3626 1873 3691 blasphemiis.
1892 3629 2003 3673 Hier
2016 3641 2108 3673 sua

508 3695 915 3775 seruntmagni
931 3697 1478 3775 nominisTheologo
1492 3698 1764 3775 Diony_sio
1773 3698 2002 3775 l’etavio
2018 3700 2103 3775 lib.

506 3768 551 3818 Ι.
582 3765 654 3817 de
679 3765 955 3847 Trinitate
980 3779 1100 3847 cap.
1129 3768 1228 3820 lll.
1250 3769 1311 3847 ξ.-
1328 3775 1605 3831 extremo,
1623 3769 1930 3847 Photianos
1955 3768 2110 3847 codi-

507 3849 604 3888 ces
627 3838 819 3902 magis
843 3838 1025 3891 fuisse
1045 3839 1596 3905 depravatos,quam
1621 3842 1696 3893 sit
1717 3842 2107 3906 interpretatio

506 3909 713 3971 Ruﬁni,
743 3909 843 3973 qui
866 3921 933 3962 ea
959 3911 1422 3976 sustulerit.quae
1445 3913 1516 3963 ab
1538 3912 1843 3974 haereticis,
1870 3926 2110 3977 praeser-

509 3981 611 4032 tim
635 3982 1028 4047 Eunomianis,
1051 3983 1277 4046 ingesta
1298 3983 1450 4037 idem
1466 3986 1698 4048 Ruﬁnus
1721 3990 2025 4036 monuerat
2050 3986 2108 4036 in

508 4052 786 4116 opusculo
809 4054 880 4106 de
909 4055 1318 4105 Adulterrttione
1342 4057 1605 4107 librorum
1636 4057 1879 4121 Origenis
1900 4058 2109 4121 quippe

508 4135 641 4187 quin
684 4124 887 4204 eodem
918 4127 1119 4204 no
1144 4132 1291 4204 teste
1314 4130 1659 4179 ecclesiastica
1683 4129 1867 4191 regula
1883 4130 2109 4178 omnino

511 4208 623 4274 "07}
640 4196 883 4273 Τεθίρίαι-
916 4197 1025 4274 Sed
1050 4200 1325 4274 memoria
1342 4200 1732 4274 repetendum,
1755 4200 1909 4248 binas
1934 4201 2110 4251 Reco-

509 4267 836 4327 gnitionum
881 4271 1103 4319 veteres
1141 4267 1374 4318 editione
1413 4283 1448 4321 θ.
1482 4270 1687 4320 Ruﬁno
1705 4270 1942 4321 indicari
1967 4282 2111 4333 prae-

510 4335 721 4388 fatione
733 4336 805 4388 ad
828 4337 1214 4402 Gaudentium,
1235 4340 1508 4392 nimirum
1526 4341 1814 4404 quomodo
1828 4341 1976 4392 Xisti
1991 4346 2112 4390 Sen-

510 4407 987 4490 tentiarum_binas
999 4411 1208 4474 pariter
1217 4412 1474 4490 editiones
1486 4414 1645 4477 antiq
1654 4414 1703 4464 ui
1714 4418 1807 4464 tus
1822 4414 1908 4464 fac
1916 4418 2001 4464 tas
2015 4429 2114 4461 mo-

513 4481 765 4532 nuimus.
804 4481 1081 4533 Ruﬁnum
1125 4494 1192 4534 ea
1224 4483 1296 4535 de
1329 4496 1390 4536 re
1414 4484 1743 4547 loquentem
1767 4485 2070 4535 audiamus
2098 4500 2110 4535 :

516 4549 654 4629 Puto
678 4552 957 4629 quodnon
982 4559 1027 4603 te
1051 4555 1370 4629 (Gaudenti)
1433 4556 1608 4617 lateat,
1646 4556 1925 4607 Clementis
1953 4556 2116 4619 hujus

516 4620 577 4691 in
599 4620 771 4671 Graeco
798 4623 1027 4687 ejusdem
1047 4628 1238 4689 cpe-ris,
1266 4623 1614 4691 ἆναγνώσεων,
1642 4630 1737 4678 hoc
1762 4634 1832 4678 est
1854 4629 2115 4691 Rccogni-

516 4690 729 4740 tionum
739 4703 897 4747 DUAS
922 4707 1244 4750 BDITIONBS
1265 4690 1479 4761 haberi,
1500 4704 1557 4751 et
1568 4711 1688 4751 nuo
1701 4711 1975 4753 CORPORA
1988 4690 2119 4752 esse

514 4772 841 4843 LIBROItUIt,
866 4766 930 4813 in
944 4767 1253 4843 aliquantis
1269 4770 1487 4843 quidem
1509 4772 1717 4821 diversa
1734 4788 1752 4832 ;
1770 4773 1831 4821 in
1843 4772 2026 4821 multis
2042 4777 2114 4820 ta-

513 4846 663 4914 men,
679 4835 913 4915 ejusdem
937 4839 1296 4915 narrationis.
1323 4841 1564 4905 Denique
1584 4859 1713 4907 pars
1730 4845 1925 4893 ultima
1950 4843 2113 4906 hujus

512 4908 707 4969 operis,
734 4908 795 4955 in
825 4922 937 4971 qua
959 4908 1021 4958 de
1038 4911 1518 4972 transformatione
1535 4914 1774 4963 Simonis
1784 4916 2034 4978 refertur,
2051 4915 2114 4963 in

512 4987 633 5029 UNO
655 4986 934 5029 CORPORE
954 4980 1533 5033 habetur.Suntaute-m
1548 4991 1594 5034 et
1606 4987 1918 5049 quaedamin
1935 4998 2115 5040 UTRO—

513 5059 637 5130 QUI!
655 5051 1041 5130 CORPORB'de
1076 5052 1314 5116 ingenito
1341 5055 1466 5130 Deo,
1492 5058 1773 5130 genitoque
1796 5059 2039 5119 disserta,
2070 5063 2114 5107 et

512 5118 576 5168 de
610 5119 739 5169 aliis
749 5122 1053 5182 nonnullis,
1068 5130 1276 5187 quae,ut
1300 5127 1448 5176 nihil
1471 5118 1712 5192 amplius
1732 5130 1930 5190 dicam,
1951 5144 2115 5179 emces-

511 5197 698 5241 serunt
714 5192 1127 5259 intelligentiam
1152 5202 1412 5248 nostram.
1424 5201 1453 5249 J
1460 5211 1553 5249 am
1570 5199 1788 5263 dispice
1803 5214 1971 5263 quam
1980 5215 2111 5252 nam

515 5264 860 5319 Clementini
885 5266 1087 5333 Operis
1111 5267 1419 5320 editionem
1442 5272 1793 5335 Epiphanius
1816 5278 1871 5323 et
1886 5274 2114 5323 Photius

516 5349 765 5416 censura
779 5338 1245 5416 perstrinxerint,
1272 5341 1397 5416 Non
1422 5348 1573 5416 certe
1587 5357 1763 5406 quam
1786 5345 2021 5407 Ruﬁnus
2042 5345 2116 5396 la-

518 5410 956 5490 tineconvertit.
988 5412 1127 5490 Haec
1157 5411 1311 5463 enim
1334 5413 1833 5490 abhtereticorum
1849 5416 2115 5480 deprava-

517 5480 769 5534 tionihus
780 5485 962 5543 vacat,
979 5483 1337 5547 eandemque
1351 5484 1520 5537 etiam
1538 5487 1731 5538 Greece
1744 5488 2014 5551 scriptam
2030 5504 2116 5536 va-

519 5561 698 5622 casse,
744 5570 851 5609 nos
883 5558 1113 5611 credere
1143 5558 1352 5622 jubent
1378 5559 1482 5612 viri
1520 5560 1714 5611 Sancti
1761 5562 2032 5611 Paulinus
2061 5566 2118 5614 et

520 5620 870 5694 Gaudenti-us,
886 5631 985 5691 qui
1006 5642 1134 5681 eam
1146 5620 1259 5694 'per
1283 5630 1533 5682 amicum
1548 5633 1707 5683 Latio
1719 5635 2003 5682 domandam
2018 5641 2118 5682 stu-

519 5690 1180 5769 duerungfabriciusixi
1204 5702 1552 5755 Bibliotheca
1564 5704 1761 5756 Graeca
1774 5710 1906 5755 tom.
1922 5718 1972 5755 v.
1992 5718 2115 5769 cap,

517 5766 560 5815 Ῑ-
586 5776 714 5841 Ρθες.
742 5765 827 5820 35.
851 5769 912 5819 in
934 5771 1120 5841 allatis
1144 5773 1333 5836 Ruﬁni
1360 5777 1547 5827 verbis
1573 5790 1673 5841 pro
1697 5773 2021 5841 ἀναγνώσεων
2048 5765 2119 5827 le-

519 5836 782 5913 gendum
797 5844 960 5913 putat
993 5838 1366 5913 ἅναγνωρισμοῦ
1402 5860 1475 5900 ex
1500 5836 1699 5913 Ruﬁno
1720 5836 1913 5913 ips'oin
1929 5848 2117 5901 libello

519 5906 593 5960 de
634 5909 1070 5965 Adulteratione
1103 5906 1380 5969 librorum
1420 5906 1698 5986 Origenis,
1740 5906 1895 5975 etex
1920 5921 2120 5977 Photio

2144 4657 2200 4731 D

2198 560 2421 611 codices
2458 546 3060 621 ἀναγῦώσειονρχὶιίιηηη
3079 567 3090 602 :
3106 549 3259 613 quod
3282 546 3518 611 perinde
3539 546 3807 596 est.Hinc

2199 632 2353 683 enim
2378 629 2532 693 operi
2558 619 2871 689 inscriptio,
2894 626 3025 687 quia
3048 622 3507 678 inillonarratur,
3527 619 3807 677 quOmodn.

2199 692 2481 758 Clemens,
2507 702 2789 761 parentes.
2808 702 2863 748 et
2884 696 3085 745 fratres
3112 708 3171 744 se
3188 696 3386 742 mutuo
3400 692 3806 761 recognoscant.

2263 776 2327 823 V.
2360 775 2437 823 Dc
2463 760 2635 823 variis
2674 767 3149 830 Recognitionum
3185 762 3684 814 Clementinarum
3718 760 3809 809 in-

2201 840 3103 907 scriptionilmspostCotelcrium
3120 850 3246 900 pag.
3268 834 3386 887 .484.
3403 837 3678 907 accurate
3691 832 3808 892 agit

2199 918 2282 967 Jo.
2304 905 2557 965 Erneslus
2582 914 2810 961 Gratius
2825 913 2877 961 in
2898 910 3194 974 Spicilegio
3212 910 3440 956 Patrum
3458 910 3601 954 tom.
3617 905 3656 953 Ι.
3681 918 3805 964 pug.

2200 987 2321 1042 275.
2348 988 2447 1038 ubi
2469 991 2526 1036 et
2550 986 2739 1049 plures
2766 984 3078 1035 earundem
3103 980 3360 1042 egregios
3406 976 3645 1026 codices
3671 978 3803 1025 Mss.

2200 1061 2259 1111 in
2285 1058 2631 1111 Bibliotheca
2655 1056 2967 1107 Oxoniensi
2996 1054 3332 1105 adservatos
3356 1053 3682 1100 enumerat.

2263 1133 2312 1186 1.
2349 1131 2787 1193 Rccognitiones

2262 1203 2312 1257 9.
2350 1202 2682 1263 Recognitio
2857 1204 2861 1261 Ἰ

2264 1273 2310 1328 3.
2350 1272 2658 1325 Clementis
2670 1271 2910 1323 Romani
2935 1269 3289 1322 Itinerarium
3314 1266 3383 1317 ad
3408 1264 3697 1317 Jacobum
3714 1263 3811 1311 fra-

2390 1351 2531 1395 trem
2563 1344 2805 1395 Domini.

2266 1418 2315 1471 4.
2351 1416 2715 1468 Itinerarium
2741 1415 2932 1465 Sancti
2957 1412 3267 1465 Clementis
3292 1410 3362 1461 de
3386 1409 3555 1461 factis
3568 1407 3809 1459 etdictis

2390 1490 2448 1539 B.
2476 1488 2621 1537 Petri
2651 1485 2921 1549 Apostoli.

2265 1559 2315 1613 ὃ.
2348 1561 2491 1610 Acta
2514 1558 2663 1608 Petri
2689 1557 2960 1622 Apostoli.

2264 1632 2316 1685 6.
2352 1630 2637 1711 Circuitus
2718 1633 2734 1759 Ξ
2805 1664 2950 1715 Pam.

2264 1702 2315 1755 7.
2351 1701 2620 1753 Pertodus

2851 1669 2968 1715 etri.

2946 1164 3242 1214 Clementis.

2264 1702 2315 1755 7.
2351 1701 2620 1753 Periodus

2258 1772 2307 1827 8.
2346 1772 2703 1824 Itinerarium

2263 1844 2315 1898 9.
2351 1843 2601 1895 Historia

2266 1916 2349 1971 10.
2387 1914 2661 1965 Chronica

2261 1987 2346 2041 11.
2382 1988 2555 2038 Gesta

2260 2058 2345 2113 1‘2.
2386 2059 2552 2109 Liber

2260 2128 2347 2183 13.
2387 2129 2539 2181 Libri

2262 2201 2346 2255 14.
2375 2204 2457 2253 De
2482 2212 2618 2253 vera
2640 2198 3026 2263 disputatione
3041 2195 3186 2247 Petri
3208 2192 3463 2259 Apostoli
3502 2197 3709 2243 contra
3721 2190 3811 2241 tal-

2390 2274 2620 2324 sitatem
2646 2270 2893 2323 Simonis
2917 2268 3089 2331 magi.

2261 2344 2346 2398 15.
2386 2347 2468 2396 De
2491 2343 2882 2407 disputatione
2908 2339 3056 2391 Petri
3087 2349 3225 2390 cum
3252 2337 3480 2389 Simone
3508 2347 3703 2398 mago.
3726 2334 3813 2383 Ti-

2199 2417 2386 2469 tulum
2434 2415 2830 2479 Disputationis
2863 2413 2955 2465 vel
3002 2411 3223 2473 Dialogi
3270 2409 3415 2461 Petri
3451 2423 3579 2457 cum
3601 2407 3816 2479 Apionis

2197 2502 2364 2549 quem
2391 2477 2678 2539 Henricus
2706 2486 2968 2537 Valesius
2986 2489 3042 2535 et
3064 2482 3379 2534 Cotelerius
3404 2480 3538 2531 huic
3563 2477 3724 2542 operi
3741 2477 3815 2527 in-

2198 2560 2488 2621 diderunt,
2516 2559 2747 2609 Grabius
2776 2557 3078 2621 expungit.
3121 2556 3343 2605 Nomen
3368 2550 3671 2609 ltinerarii,
3693 2562 3813 2601 seu,

2199 2632 2354 2694 quod
2367 2632 2519 2682 idem
2536 2635 2642 2691 est,
2664 2630 2951 2681 Circuitus.
2978 2633 3034 2679 et
3048 2626 3279 2677 Pcriodi.
3302 2621 3658 2684 frequentius
3675 2622 3811 2694 operi

2198 2691 2525 2755 adhtesitob
2538 2702 2835 2753 historiam
2848 2700 3084 2760 itineris,
3101 2698 3254 2762 quod
3270 2699 3469 2748 Petrus
3487 2691 3813 2754 Hierosoly-

2199 2775 2311 2825 mis
2331 2774 2695 2825 Antiochiam
2720 2773 3039 2837 suscepisse
3056 2771 3409 2830 credebatur,
3424 2772 3812 2828 praztergrcssus

2200 2848 2479 2906 Caesarea,
2516 2846 2681 2904 Dora,
2719 2843 3088 2895 Ptolomaide.
3125 2843 3290 2906 Tyro,
3317 2838 3541 2895 Sidone,
3581 2838 3810 2898 Beryto.

2201 2917 2431 2981 Tripoli,
2456 2916 2811 2968 Orthosiade.
2841 2914 3221 2972 Antarado,et
3237 2908 3810 2981 Laodiceaniolsteuio

2202 2977 2397 3041 tamen
2421 2988 2479 3038 in
2494 2988 2647 3038 notis
2662 2988 2798 3037 Mss.
2816 2986 2889 3038 ad
2916 2986 3249 3047 Cataloguin
3274 2977 3807 3033 Bellarminivisum

2201 3062 2308 3119 est,
2338 3059 2687 3108 Itinerarium
2705 3075 2739 3107 a
2762 3054 3808 3121 Recognitionibttsdill'et‘renequeesse

2201 3130 2514 3183 earundem
2532 3146 2643 3179 com
2652 3132 2912 3194 pendium
2930 3148 2942 3187 ς
2968 3130 3240 3181 volumen
3262 3124 3588 3187 intelligens
3601 3122 3811 3194 Parisiis

2202 3204 2426 3255 editum
2451 3216 2583 3254 cum
2607 3192 2784 3254 latina
2807 3202 3071 3253 versione
3099 3198 3379 3252 Joachimi
3405 3193 3668 3247 Perionii.
3698 3192 3809 3243 Sed

2210 3274 2449 3326 Vassius
2476 3274 2569 3325 lib.
2596 3276 2665 3324 II.
2690 3274 2760 3325 de
2784 3270 3307 3324 HistoricisGreecis
3320 3280 3442 3332 cap.
3474 3264 3811 3329 IX.penein

2864 1946 3159 1999 Clementis.

2208 3349 2338 3406 fine,
2372 3360 2505 3410 Opus
2527 3362 2637 3395 non
2656 3346 2949 3395 admodum
2968 3346 3257 3408 antiquum
3279 3344 3372 3391 hoc
3388 3354 3506 3397 esse,
3518 3342 3715 3410 praeter
3729 3334 3812 3410 i-

2206 3407 2451 3482 ctionem,
2490 3416 2674 3467 multis
2715 3418 3050 3479 argumentis
3082 3407 3340 3467 convinci
3380 3407 3812 3482 animadvertit:

2207 3476 2579 3541 Luculentius
2608 3489 2716 3539 hoc
2741 3476 2975 3553 patebit,
3010 3488 3058 3538 si
3082 3487 3347 3538 Barthius
3380 3482 3639 3540 adeatur,
3660 3476 3809 3553 illud

2206 3562 2544 3614 examinans
2570 3561 2630 3613 in
2655 3551 3013 3612 Adversariis
3038 3559 3133 3610 lib.
3162 3558 3394 3608 XXXII.
3421 3566 3543 3617 cap.
3571 3551 3726 3603 XIV.
3752 3553 3811 3597 et

2206 3632 2302 3685 lib.
2342 3634 2626 3683 XXXVII.
2653 3644 2774 3695 cap.
2810 3633 3010 3683 XXIII.
3035 3631 3187 3682 Libri
3212 3626 3507 3691 inscriptio
3526 3624 3610 3674 sic
3630 3622 3812 3695 loqui-

2209 3710 2330 3757 tur:
2354 3705 2631 3755 Clementis
2647 3692 2878 3753 Romani
2890 3703 3119 3767 episcopi
3135 3703 3199 3751 de
3221 3701 3371 3749 rebus
3386 3698 3557 3763 gestis,
3566 3692 3808 3767 peregri}

2209 3777 2536 3836 nationibus,
2553 3781 2712 3840 atque
2724 3765 3069 3825 concionibus
3082 3774 3265 3823 Sancti
3294 3771 3453 3829 Petri,
3473 3769 3723 3832 Epitome
3738 3765 3811 3812 ad

2207 3848 2466 3897 Jacobum
2490 3838 3044 3911 Hierosolymitanum
3064 3847 3389 3910 Episcopum
3404 3841 3638 3893 Parisiis
3661 3838 3811 3911 apud

2210 3920 2560 3969 Hadrianum
2590 3908 2912 3967 Turnebum.
2932 3908 3163 3971 1555.in
3191 3908 3613 3975 4°.Cotelerius,
3631 3908 3808 3974 quiad

2211 3997 2429 4056 septem
2444 3992 2580 4041 Mss.
2609 3991 2834 4042 codices
2851 3989 3206 4053 regiosistud
3229 4001 3375 4050 opus
3404 3983 3678 4037 collatum
3698 3980 3809 4056 vul-

2209 4053 2362 4126 gavit
2390 4076 2518 4126 pag.
2545 4062 2665 4116 749.
2696 4067 2824 4127 post
2848 4062 3249 4125 Recognitiones
3275 4064 3331 4110 et
3362 4055 3637 4107 Homilias
3672 4053 3808 4105 nihil

2209 4133 2362 4184 aliud
2387 4145 2517 4183 esse
2541 4132 2932 4196 deprehendit,
2950 4144 3120 4195 quam
3147 4142 3345 4195 puram
3369 4128 3805 4192 Epitomen,n0n

2214 4210 2404 4255 tamen
2422 4216 2494 4254 ex
2508 4203 2644 4254 solis
2662 4204 3128 4266 Recognitionihus
3148 4216 3181 4253 a
3203 4204 3398 4265 Ruﬁno
3419 4199 3611 4261 editis,
3625 4200 3804 4245 conlla-

2213 4281 2349 4338 tam,
2366 4275 2467 4325 sed
2480 4276 2652 4326 etiam
2665 4288 2737 4325 ex
2753 4275 3001 4324 Homiliis
3013 4279 3069 4325 et
3084 4274 3303 4339 epistola
3331 4271 3612 4323 Clementis
3626 4269 3701 4318 ad
3722 4268 3812 4316 Ja-

2211 4346 2566 4397 cobum.Item
2579 4360 2650 4397 ex
2663 4347 2925 4409 ejusdem
2937 4348 3205 4409 martyrio
3216 4350 3273 4397 et
3289 4343 3608 4393 narratione
3620 4341 3809 4404 Ephra'

2212 4422 2288 4468 mi
2311 4418 2539 4482 episcopi
2561 4419 2887 4481 Chersonesi,
2909 4430 3041 4480 quae
3056 4418 3266 4469 ibidem
3285 4416 3410 4479 subj
3420 4414 3627 4478 ungitu
3637 4426 3680 4463 ι’.
3697 4414 3811 4461 Hoc

2213 4489 2606 4553 ipsum,‘quod
2632 4503 2701 4539 ex
2723 4494 2883 4554 parte
2908 4490 3183 4541 Baronius
3206 4489 3421 4541 viderat
3437 4489 3503 4538 A.
3522 4489 3591 4537 D.
3620 4484 3747 4539 102.

2218 4560 2306 4614 “2‘2.
2326 4560 2638 4613 Cotelerius
2654 4561 2791 4612 locis
2807 4562 2879 4614 ad
2897 4574 3053 4612 oram
3073 4558 3564 4622 indicatis,sedulo
3580 4558 3811 4611 adstruit,

2217 4638 2379 4685 ratus
2411 4634 2482 4683 ab
2508 4633 2577 4683 iis
2599 4639 2936 4685 contextum
2949 4646 3111 4697 opus,
3130 4634 3227 4696 qui
3244 4632 3519 4683 doctrinm
3536 4643 3604 4680 ac
3616 4632 3812 4690 pietatis

2219 4718 2341 4756 suae
2363 4717 2492 4756 esse
2515 4704 2825 4768 duxerunt,
2854 4718 2938 4768 ea,
2954 4705 3155 4768 quaain
3171 4705 3329 4756 libris
3342 4705 3459 4767 jam
3476 4701 3651 4753 dictis
3673 4704 3809 4763 (alte-

2215 4778 2337 4827 rius
2367 4781 2559 4827 tamen
2592 4777 2873 4837 editionis,
2907 4790 2941 4828 a
2964 4777 3253 4828 veteribus
3278 4778 3632 4833 memoratae,
3662 4772 3811 4836 quod

2213 4850 2441 4899 censuit
2466 4848 2757 4910 Baronius)
2774 4861 3149 4913 supervacua,
3170 4848 3311 4899 falsa
3326 4844 3812 4910 etpericulosavi-

2214 4921 2515 4981 debantur,
2550 4919 2639 4971 vel
2678 4920 2884 4979 tollere,
2906 4920 2995 4971 vel
3019 4923 3240 4971 mutare
3259 4923 3359 4970 aut
3383 4918 3686 4982 corrigere.
3706 4920 3813 4968 Ita-

2213 5004 2324 5055 que
2340 4991 2540 5043 isliber
2554 5005 2671 5042 non
2685 4993 2854 5043 unius
2874 4992 3351 5055 Recognitionum
3367 4989 3677 5041 voluminis
3692 4990 3813 5052 Epi-

2214 5069 2385 5112 tamen
2406 5077 2467 5115 se
2492 5063 2677 5127 prodit
2703 5079 2714 5114 :
2740 5064 2894 5127 quod
2909 5066 3024 5115 Peri
3034 5064 3219 5125 onius,
3233 5068 3289 5114 et
3305 5062 3550 5115 Vossius
3564 5061 3639 5112 ad
3658 5064 3811 5109 solum

2212 5135 2401 5199 Ruﬁni
2417 5135 2739 5187 versionem
2755 5136 3143 5200 respicientes,
3157 5135 3584 5193 existimarunt;
3601 5136 3687 5181 sed
3703 5135 3815 5181 alia-
3848 5152 3851 5161 ι

2213 5219 2342 5258 rum
2356 5207 2529 5257 etiam
2544 5206 2911 5271 farraginum,
2926 5207 3188 5272 ejusdem
3206 5211 3397 5258 tamen
3417 5209 3811 5264 c0mmatls,jurt-

2213 5279 2611 5343 compaginem
2642 5279 2871 5335 dixeris,
2908 5280 3136 5343 qualem
3161 5278 3472 5330 Cotelerius
3498 5282 3581 5328 ter
3606 5276 3810 5327 factam

2214 5351 2410 5401 didicit
2425 5363 2497 5401 ex
2515 5350 2809 5402 codicibus
2824 5353 2963 5402 Mss.
2983 5351 3498 5408 bibliothecmRegis
3515 5351 3808 5397 Galliarum.

2278 5423 2369 5472 VI.
2412 5422 2674 5472 Ceterum
2713 5422 2842 5473 libri
2867 5424 3342 5487 Recognitionum
3371 5421 3548 5471 alium
3588 5419 3756 5483 plane
3782 5430 3811 5468 a

2216 5494 2268 5544 S.
2298 5492 2605 5555 Clemente,
2631 5499 2761 5557 post
2779 5496 3006 5546 Petrum
3031 5496 3181 5543 tertio
3210 5494 3300 5545 vel
3323 5498 3516 5555 quarto
3541 5493 3810 5542 Romanis

2215 5563 2486 5615 Ecclesiae
2507 5564 2792 5627 pontiﬁce,
2816 5568 3191 5617 architectum
3219 5566 3560 5616 habuerunt.
3576 5563 3667 5613 Ad
3690 5564 3809 5626 ejus

2216 5639 2447 5688 aetatem
2470 5634 2624 5696 quod
2647 5638 2867 5698 attinet,
2892 5652 3021 5689 eum
3047 5642 3179 5687 ante
3205 5636 3509 5699 Origcnem
3532 5635 3807 5685 floruisse.

2214 5708 2273 5758 in
2301 5709 2591 5769 comperto
2631 5712 2737 5758 est.
2766 5708 3041 5772 Origenes
3073 5708 3225 5759 enim
3250 5708 3347 5770 qui
3379 5708 3484 5757 sub
3510 5706 3807 5768 Elugzabalo

2218 5780 2414 5830 ﬂorere
2439 5779 2629 5842 GCBpit.
2648 5780 2865 5841 primus
2884 5782 3141 5832 omnium
3156 5780 3479 5830 testimonia
3492 5792 3566 5831 ex
3583 5778 3806 5837 illo,lan-

2217 5862 2388 5915 quam
2419 5850 2690 5913 scriptore
2698 5852 2818 5915 jam
2831 5859 2987 5915 noto,
3001 5856 3057 5904 et
3071 5852 3348 5902 Clementis
3357 5851 3590 5903 nomine
3606 5853 3801 5910 quidem

2218 5923 2507 5983 distincto,
2553 5924 2729 5975 semel
2759 5930 2929 5988 atque
2963 5926 3171 5976 iterum
3204 5924 3410 5988 promit
3443 5923 3503 5974 in
3536 5928 3694 5975 torno
3721 5922 3803 5972 III.
