3894 6400
17 341 139 396 213

1343 343 1533 394 VITA.
1573 343 1706 394 LIB.
1739 342 1806 394 II.
1847 342 2000 394 CAP.
2039 343 2106 394 X.

3277 347 3384 403 214

17 457 636 534 Commentariorum
661 459 734 534 ad
755 461 935 534 cap._I_.
961 457 1218 534 v_ers._14.
1238 459 1527 534 Geneseos
1545 473 1558 508 :
1576 455 1682 534 qui
1704 459 1758 534 Α
1783 457 2067 534 sperasse,
2095 469 2277 523 coque
2319 458 2854 534 ml_nus_Caracallm
2885 460 3366 534 Constitutionem

17 531 171 582 licet
201 529 404 582 ferme
417 531 1101 596 universiinterciderint,
1122 531 1282 584 locus
1300 531 1682 592 tamenOrigc-
1704 529 1758 534 ““
1783 530 1972 582 Verba
1994 531 2234 596 insuper
2276 531 2448 584 modo
2478 531 2730 584 adducta
2779 533 3168 586 Bardesanem
3190 536 3389 588 eadem

18 602 127 654 nis
145 614 238 654 ex
255 603 756 668 Recognitionum
775 604 918 656 libro
944 618 1001 655 Χ.
1035 617 1156 669 cap.
1183 617 1239 656 Χ.
1257 604 1576 656 etiamnum
1595 615 1685 654 su-

24 679 253 738 perest
268 675 333 726 in
355 676 799 741 Philocaliacap.
820 678 996 728 XXII.
1013 676 1172 728 Alius
1186 688 1416 740 quoque
1431 677 1682 736 legiturin

25 749 522 800 Commentariis
537 749 610 800 ad
644 750 1033 814 caputXXVI.
1049 761 1198 800 vers.
1218 747 1268 802 6.
1291 746 1568 810 Mattheei,
1594 759 1685 810 pe-

27 819 222 871 rinde
251 833 340 871 ex
372 821 852 885 Recognitionum
895 822 1040 873 libro
1073 822 1191 873 VII.
1219 833 1341 884 cap.
1367 821 1680 870 XXXVIII.

27 891 382 943 deductus.
398 895 780 954 Quamobrem
795 893 1132 946 Clementini
1149 892 1331 957 operis
1344 892 1685 955 artifex,0ri-

26 975 203 1026 gene-
227 965 443 1028 junior
467 965 582 1017 dici
598 979 713 1018 non
739 971 944 1030 potest,
971 968 1066 1017 sed
1093 963 1282 1028 paullo
1309 961 1685 1026 senior,quod

30 1036 355 1086 nimirum
377 1035 452 1087 ad
479 1041 705 1102 tempus
720 1038 1046 1102 scriptionis
1061 1035 1322 1102 pertinet.
1351 1037 1499 1087 Ante
1511 1035 1686 1094 Orige-

36 1119 218 1170 nem,
251 1120 366 1158 seu
386 1109 574 1161 mavis
602 1111 814 1159 tertium
842 1109 1045 1160 Christi
1062 1107 1286 1160 Domini
1299 1107 1568 1168 saeculum,
1592 1118 1686 1156 nc-

41 1193 150 1230 ino
171 1191 457 1244 unquam
487 1183 886 1246 Recognitioncs
908 1181 1183 1244 laudavit,
1207 1192 1378 1232 nemo
1390 1179 1688 1231 Clementi-

33 1264 280 1303 norum
315 1254 673 1306 mentionem
703 1254 852 1306 fecit.
893 1253 1046 1306 Libri
1092 1257 1382 1304 auctorem
1410 1251 1559 1300 tertio
1583 1251 1686 1302 de-

43 1336 230 1375 mum
247 1322 470 1376 Christi
482 1327 666 1376 sa’culo
683 1327 916 1385 vixisse,
933 1326 1049 1378 duo
1064 1324 1328 1390 produnt.
1343 1325 1532 1376 Unum
1550 1323 1685 1384 quod

37 1409 120 1446 ex
169 1395 530 1447 Bardesanis
555 1399 677 1463 Syri
707 1398 942 1464 Dialogo
973 1398 1044 1450 de
1070 1400 1198 1446 Fato
1223 1399 1420 1447 contra
1442 1395 1686 1446 Abidam

42 1466 474 1532 Astrologum,
487 1469 750 1522 laciniam
763 1471 908 1522 bene
919 1471 1083 1534 longa
1093 1482 1148 1520 1n
1163 1480 1230 1519 su
1239 1468 1500 1528 (Iuratus,
1519 1477 1686 1518 suam

47 1537 292 1600 fecerit,
323 1539 566 1592 fortasse
593 1541 744 1604 quod
767 1553 884 1593 non
912 1541 1070 1593 facile
1096 1539 1153 1590 id
1177 1537 1686 1602 agnitumiriputa-

43 1614 153 1672 ret,
188 1623 394 1674 quum
411 1612 716 1663 Bardesane
739 1627 855 1665 non
875 1614 1090 1676 Graece,
1106 1611 1206 1662 set
1235 1609 1523 1660 Chaldaice
1548 1608 1688 1659 scri-

43 1683 302 1746 psisset.
357 1683 619 1736 Alterum
661 1686 816 1750 quod
839 1685 1072 1738 civitate
1117 1685 1392 1745 Romana,
1417 1681 1685 1733 universo

42 1754 185 1805 orbi
201 1753 449 1816 donata,
463 1768 582 1808 non
595 1759 806 1807 obscure
820 1761 1070 1820 loquatur.
1085 1757 1232 1817 Atqui
1247 1755 1580 1804 Bardesancs
1590 1756 1683 1802 sub

1783 602 2202 654 Constitutione
2227 604 2612 666 antiquiorem
2637 605 2874 658 omnino
2901 607 3152 670 produnt
3177 621 3189 658 :
3216 613 3392 672 atque

1781 675 1890 727 hoc
1932 675 2128 739 ipsum
2170 675 2224 726 in
2281 689 2488 727 caussa
2519 676 2648 741 fuit,
2685 690 2788 728 cur
2825 679 3026 730 eadem
3061 679 3390 730 Bardesa-nis

1781 747 1953 798 verba
1975 759 2010 797 a
2030 747 2363 810 posterioris
2388 748 2580 804 aetatis
2603 748 2836 801 homine
2853 749 3077 802 Pseudo
3100 751 3390 805 Clemente

1784 819 2074 884 suppilata
2111 819 2610 884 interpolarentur.
2662 821 2769 873 Hic
2805 823 2960 874 enim
3003 825 3390 878 Antonianam

1783 891 2266 942 Constitutionem
2280 893 2438 944 omni
2461 895 2707 958 ambage
2725 895 2978 959 seposita
3001 897 3080 948 ita
3096 898 3168 948 ob
3192 898 3392 951 oculos

1784 963 2055 1035 ponit,ut
2076 976 2216 1014 suas
2232 963 2353 1028 ipse
2377 965 2820 1028 Reccgnitiones
2844 981 2960 1018 non
2979 971 3128 1033 ante,
3143 970 3242 1021 sed
3259 976 3392 1035 post

1785 1033 2269 1106 constitutionem
2307 1048 2340 1086 a
2395 1038 2682 1088 Caracalla
2725 1038 3039 1105 vulgatam,
3092 1033 3387 1106 procu‘sas,

1783 1105 1954 1171 plane
1987 1108 2151 1157 nobis
2177 1107 2462 1160 exhibeat.
2483 1111 2647 1160 Certa
2670 1110 2878 1174 quippe
2909 1117 3046 1164 sunt
3069 1105 3125 1164 et
3146 1114 3390 1168 manife-

1786 1183 1894 1250 sta,
1919 1191 2050 1242 qua:
2076 1179 2134 1229 in
2155 1180 2343 1230 verbis
2369 1181 2631 1244 proxime
2643 1181 2832 1232 allatis
2856 1184 3182 1236 testimonia
3198 1186 3394 1250 legun-

1787 1249 1896 1313 tur,
1921 1250 2106 1300 totum
2126 1250 2342 1303 scilicet
2366 1265 2476 1314 qua
2491 1252 2674 1315 patuit
2691 1253 2888 1305 orbem
2904 1256 3246 1320 Romanum,
3258 1249 3392 1318 ﬁgen-

1788 1323 1992 1384 tesque
2021 1323 2281 1374 Romano
2312 1325 2558 1388 Imperio
2583 1325 2896 1388 subiectas,
2927 1328 3096 1378 variis
3119 1333 3290 1380 antea
3315 1329 3396 1380 le-

1786 1392 1958 1457 gibus
1984 1405 2140 1456 usas,
2171 1394 2401 1446 tandem
2410 1396 2650 1460 jubente
2667 1397 2972 1464 Caracalla,
2990 1411 3190 1451 omnes
3205 1401 3264 1452 in
3280 1402 3392 1452 Ro-

1784 1476 2090 1516 manorum
2131 1466 2228 1531 jus
2275 1467 2588 1519 transiisse.
2638 1471 2824 1532 Quare
2867 1471 3390 1524 Pseudo-Clcmens

1784 1535 1932 1599 haec,
1959 1549 2090 1600 qua)
2111 1538 2589 1592 adeoluculenter
2613 1541 2857 1606 scripsit,
2883 1547 3018 1595 ante
3041 1544 3388 1596 Caracallam

1787 1607 2032 1660 scribere
2055 1621 2174 1661 non
2197 1613 2401 1674 potuit.
2427 1612 2635 1674 Hujus,
2654 1624 2826 1676 quam
2852 1613 2992 1676 dixi,
3017 1615 3388 1669 Constitutio-

1785 1691 1940 1741 nem,
1965 1679 2196 1731 duabus
2221 1683 2763 1747 Exercitationibus,
2795 1684 2945 1734 Orbis
2965 1686 3201 1735 Romani
3225 1685 3388 1740 titulo

1781 1749 1971 1813 editis,
1987 1753 2216 1816 egregie
2229 1753 2537 1806 illustravit
2553 1755 2810 1807 Ezechiel
2834 1755 3237 1822 Spanhemius,
3259 1763 3390 1811 teta-

43 1827 121 1877 M.
142 1827 188 1876 Α
205 1826 393 1877 uretio
422 1830 688 1893 Augusto
700 1829 1216 1914 floruhitcirea'AD.
1234 1825 1354 1910 171.
1382 1826 1475 1914 cui
1500 1825 1686 1914 yield:
1709 1835 1760 1914 ρ
1785 1825 1930 1914 ιθφῄ
1942 1823 2170 1914 fseudo
2211 1823 2518 1914 Clementis
2563 1827 2852 1914 expve‘rb‘i‘s
2883 1840 3054 1914 reme
3076 1829 3390 1912 depromtis

45 1912 200 1962 gum
229 1912 413 1952 suum
428 1902 804 1965 nuncupavit.
826 1901 1108 1953 Caracatta
1120 1912 1256 1953 vero
1269 1899 1415 1950 circa
1429 1903 1484 1949 Α.
1500 1902 1554 1948 D.
1577 1902 1683 1951 215.

48 1974 280 2036 gentes
299 1973 568 2024 Romano
583 1974 818 2038 imperio
843 1987 906 2026 su
916 1974 1154 2037 bjeetas,
1169 1971 1528 2036 propriisque
1541 1978 1689 2021 antea

49 2043 298 2107 legibus
315 2055 478 2108 usas,
497 2045 557 2096 in
577 2045 744 2098 Urbis
755 2058 946 2098 rerum
973 2044 1223 2098 dominae
1241 2046 1392 2108 jura,
1415 2043 1686 2094 constitu-

51 2114 220 2166 tione
244 2113 428 2179 edita,
446 2115 666 2180 primus
685 2117 943 2168 omnium
963 2115 1203 2168 transire
1224 2114 1422 2179 jussit.
1441 2115 1521 2165 Ne
1536 2115 1682 2163 resin

51 2185 323 2239 dubium
335 2188 536 2241 venire
548 2189 750 2253 possit.
758 2189 878 2254 jam
894 2202 993 2254 per
1008 2188 1239 2252 singula
1261 2187 1491 2238 ibimus.
1509 2187 1684 2237 Euse-

53 2257 197 2309 bius
211 2257 276 2310 in
293 2259 714 2325 Praeparatione
725 2260 1170 2326 Evangelicalib.
1185 2261 1278 2310 VI.
1293 2273 1403 2318 cap.
1422 2258 1564 2307 X.Ba
1574 2259 1684 2306 νάε-

52 2331 215 2377 sanis
231 2330 458 2396 Dialogi
472 2337 694 2397 partem
707 2334 898 2386 Greece
915 2332 1246 2384 translatam
1261 2329 1429 2381 nobis
1441 2331 1680 2392 servavit,

54 2414 196 2464 (tua;
211 2403 272 2453 in
286 2404 803 2470 Recognitionibus
816 2401 1422 2465 Clementinis,secund
1431 2413 1530 2452 um
1549 2403 1683 2450 Cole-

55 2473 187 2525 Ierii
208 2474 583 2540 divisionem,
599 2490 633 2530 a
648 2479 832 2542 capite
844 2479 997 2530 XIX.
1011 2476 1084 2528 ad
1098 2481 1270 2540 caput
1286 2474 1492 2526 XXIX.
1505 2473 1680 2526 latine

56 2549 282 2598 exstat.
298 2547 430 2599 Joh.
448 2551 732 2602 Ernestus
749 2549 990 2602 Grabius
1002 2549 1060 2601 in
1073 2546 1370 2612 Spicilegio
1385 2553 1500 2597 tom.
1520 2548 1674 2606 [ραις.

57 2615 187 2671 290.
211 2617 638 2673 Clementinam
655 2621 849 2674 Ruﬁni
862 2620 1184 2674 versionem
1199 2623 1255 2670 et
1269 2621 1492 2668 Graecum
1509 2619 1681 2666 Barde-

61 2689 227 2740 sanis
241 2695 597 2756 contextum,
611 2706 781 2758 quem
793 2707 912 2746 non
927 2691 1160 2746 aliunde
1173 2694 1430 2754 suutum,
1445 2687 1548 2740 sed
1565 2703 1678 2749 pro-

65 2761 190 2824 prio
207 2761 445 2828 ingenio
469 2765 542 2817 ab
565 2779 627 2818 se
647 2766 992 2830 confectum,
1017 2769 1217 2817 auctor
1239 2762 1570 2812 Bardesanes
1593 2759 1678 2811 af-

64 2833 279 2899 firmat,
308 2848 340 2887 e
362 2837 591 2900 regione
615 2838 978 2902 dispositum,
1007 2837 1085 2888 ita
1113 2835 1262 2888 inter
1284 2847 1346 2886 se
1381 2844 1678 2898 compara-

67 2905 172 2966 vit,
201 2911 271 2958 ut
293 2909 534 2972 quilibet
551 2911 744 2962 statim
759 2914 1056 2974 agnoscat,
1071 2911 1360 2972 quatenus
1372 2905 1678 2957 conveniat

66 2983 339 3042 uterque,
365 2981 455 3033 vel
470 2981 771 3046 discrepet.
795 2981 1140 3034 Variasitem
1153 2979 1382 3032 notulas
1409 2977 1674 3043 subjecit,

66 3051 286 3112 quibus
308 3053 681 3116 potissimum
704 3054 1152 3113 demonstratur,
1188 3051 1672 3104 Clementinorum

66 3122 352 3176 artiﬁcem
365 3125 1012 3186 nonnullaimmutasse,
1028 3124 1238 3178 alicubi
1254 3122 1671 3188 paraphrastcn

67 3195 282 3260 egisse,
318 3197 589 3262 quaedam
625 3199 823 3251 minus
855 3199 1004 3252 recte
1037 3197 1346 3262 accepisse,
1393 3195 1505 3247 alia
1526 3193 1672 3246 omi-

67 3267 236 3330 sisse,
263 3261 374 3321 alia
389 3269 640 3334 denique
654 3270 1116 3336 interpolasse,ut
1130 3279 1432 3320 numerum
1443 3279 1576 3332 qua:
1592 3279 1665 3318 ex
1689 3261 1745 3338 Β

68 3339 393 3394 Bardesane
406 3343 812 3407 suppilaverat,
822 3344 944 3408 ipse
956 3341 1380 3395 narrationibus
1395 3339 1517 3392 suis
1529 3352 1667 3391 con-

73 3415 355 3464 sentanea
377 3414 663 3468 redderet.
694 3415 856 3479 Quod
875 3427 1112 3480 prorsus
1137 3427 1259 3467 rem
1283 3412 1532 3476 coniicit,
1551 3411 1674 3464 Cle-

73 3485 399 3538 mentinum
415 3487 630 3540 scilicet
643 3489 935 3540 auctorem
952 3501 1025 3540 ex
1041 3487 1383 3546 Bardesane,
1397 3489 1674 3550 tanquam

74 3557 183 3609 hoc
200 3559 510 3625 juniorem,
545 3573 661 3613 non
699 3561 1082 3614 Bardesanem
1105 3573 1179 3612 ex
1225 3573 1291 3613 eo
1317 3572 1422 3614 sua
1440 3563 1674 3611 mutua-

76 3634 224 3695 tum,
249 3630 412 3683 Iocus
437 3632 633 3686 estlib.
661 3633 760 3687 IX.
779 3632 1259 3698 Recognitionum
1289 3645 1410 3698 cap.
1439 3632 1668 3684 XXVII.

75 3716 152 3754 ex
171 3715 288 3766 quo
310 3703 599 3756 evidenter
627 3703 925 3770 discimus,
949 3703 1060 3756 hoc
1082 3703 1235 3756 idem
1261 3716 1406 3770 Opus
1427 3707 1561 3754 ante
1573 3704 1673 3751 edi-

72 3776 190 3825 tam
231 3775 304 3826 ab
332 3776 474 3839 Imp.
513 3775 806 3828 Antonino
853 3775 1138 3828 Caracalla
1173 3775 1670 3838 Constitutionem,

74 3847 245 3908 cujus
261 3846 520 3898 meminit
539 3845 819 3911 Ulpianus
858 3847 918 3900 in
941 3845 1066 3912 lege
1087 3850 1232 3897 XVII.
1261 3850 1314 3898 D.
1329 3848 1389 3896 de
1407 3846 1562 3896 Statu
1580 3846 1672 3894 lm-

84 3918 315 3982 minum,
361 3919 693 3971 concinnari
733 3919 891 3972 nullo
934 3919 1108 3972 modo
1148 3919 1426 3984 potuisse.
1455 3919 1670 3968 Locum

80 3990 275 4054 ipsum
291 3991 558 4055 recitabo,
586 3991 676 4042 cui
693 3992 864 4044 etiam
881 3991 1210 4042 Bardesanis
1231 3992 1401 4042 verba
1425 4001 1456 4041 e
1469 3992 1673 4050 regione

81 4062 443 4126 conjungam,
462 4067 526 4114 ut
551 4062 912 4113 Bardesanem
935 4062 1357 4128 quodammodo
1382 4074 1515 4114 cum
1545 4062 1672 4126 ipso

83 4134 551 4199 Recognitionum
574 4139 805 4188 auctore
817 4136 1206 4200 committens,
1233 4135 1442 4188 clarius
1461 4133 1670 4198 patefa-

85 4207 247 4262 ciam.
272 4206 406 4270 quid
436 4207 530 4258 hic
565 4208 862 4274 posterior,
892 4210 1162 4273 tanquam
1189 4220 1224 4261 a
1253 4206 1538 4260 Clemente
1562 4207 1672 4258 Ro-

87 4290 253 4330 mano
292 4278 527 4344 dictum,
557 4281 882 4331 Bardesanis
911 4281 1100 4334 verbis
1135 4281 1206 4334 de
1241 4293 1346 4334 suo
1369 4279 1670 4340 addiderit,

89 4349 220 4414 quid
243 4349 640 4404 immutaverit.

444 4443 484 4492 Ι.
1245 4443 1314 4494 ΙΙ.

87 4530 338 4582 Clemens
360 4531 503 4584 libro
539 4534 636 4584 IX.
679 4535 859 4586 Reco-
885 4531 1240 4584 Bardesanes
1261 4531 1322 4584 in
1345 4531 1579 4598 Dialogo
1595 4531 1666 4585 de

146 4602 597 4670 gnitionumcap.
625 4605 856 4660 XXVII.
946 4605 1084 4656 Fato
1149 4605 1305 4670 apud
1351 4606 1665 4658 Eusebium

945 4676 1042 4728 lib.
1096 4665 1204 4730 VL-
1231 4676 1668 4744 Praeparationis
1687 4665 1748 4742 D

946 4749 1310 4813 Evangelicae
1329 4763 1450 4813 cap.
1484 4751 1552 4800 X.

95 4819 231 4871 Certe
261 4819 401 4882 quod
422 4821 482 4870 in
504 4829 760 4889 promptu
787 4829 858 4874 est
885 4821 1044 4874 Πόσοι
1110 4822 1321 4889 βασιλεῖς
1388 4819 1667 4888 κρατήσαν-

152 4907 346 4942 noscere
385 4895 581 4958 quanti
616 4888 858 4960 hnpera-
945 4911 1018 4960 τες
1109 4888 1293 4956 ἐθνῶν,
1382 4891 1667 4959 παρήγαγον

152 4970 292 5028 tores,
325 4966 590 5032 gentium,
622 4959 759 5032 quas
777 4969 858 5017 vi—
945 4959 1056 5022 τοὺς
1149 4968 1240 5032 πρδ
1341 4961 1500 5018 αὐτῶν
1585 4964 1671 5032 v_6-

152 5028 340 5102 cerunt,
375 5039 505 5101 teges
531 5028 586 5088 etv
611 5028 859 5091 instituta
948 5055 1096 5100 μους,
1167 5028 1255 5090 ita!
1327 5039 1490 5088 ἔθεντο
1555 5028 1670 5093 non:

156 5114 426 5158 mutarunt
448 5113 473 5162 .9
485 5111 638 5169 Quod
647 5111 858 5162 e-vidcn-
946 5105 1108 5166 ἱδιους.

159 5186 227 5229 ter
265 5196 297 5230 a
337 5182 601 5232 Romanis
653 5184 857 5246 factum

158 5253 369 5316 docetur,
399 5255 497 5319 qui
541 5259 722 5306 tamen
755 5267 862 5308 0M-

159 5338 272 5377 Nsu
300 5342 428 5391 pene
471 5339 695 5389 oneum,
745 5343 862 5378 om-

164 5413 334 5464 nesque
351 5398 598 5448 nationes
618 5400 862 5466 propriis
891 5394 1222 5460 Quicumque
1254 5395 1412 5460 Reges
1441 5400 1537 5446 aut
1564 5396 1674 5445 Im-

162 5471 361 5523 PRIMO
395 5474 440 5519 et
470 5471 640 5520 variis
663 5471 862 5536 legibus
948 5471 1234 5534 peratores,
1272 5468 1502 5518 subactis
1545 5483 1674 5533 gen-

163 5543 502 5607 institutisque
527 5543 770 5606 viventes,
800 5545 863 5592 in.
951 5540 1106 5605 tibus,
1145 5545 1434 5590 mutarunt
1473 5541 1676 5606 positas

165 5615 530 5667 ROMANORUM
544 5621 864 5668 JUSetCIVl—
951 5617 1079 5664 ante
1101 5627 1151 5663 se
1184 5613 1317 5677 teges
1340 5618 1385 5662 et
1421 5614 1675 5679 proprias

166 5698 247 5739 ΜΔ
261 5697 427 5740 SCITA
449 5691 735 5738 verterunt.
952 5687 1312 5736 induxerunt.

116 5780 221 5830 Iam
245 5792 311 5830 ex
334 5777 628 5830 collatione
661 5775 960 5840 utriusque
982 5775 1279 5842 Scriptoris
1314 5778 1675 5839 perspectum

121 5849 352 5916 redditur,
385 5848 772 5902 Bardesanem
803 5849 1119 5914 generatim
1150 5848 1427 5908 locutum,
1457 5846 1675 5899 nullam

124 5929 230 5975 ante
243 5935 297 5974 se
310 5922 489 5988 legem
507 5921 910 5987 particularem
943 5923 1014 5973 ab
1039 5920 1321 5985 Augustis
1347 5919 1559 5971 editam
1589 5933 1677 5970 re-

1788 1893 2176 1947 subodoratus
2213 1909 2340 1961 pag.
2379 1895 2502 1962 248,
2550 1901 2608 1949 et
2630 1897 2752 1953 579.
2788 1900 2872 1950 Ex
2895 1899 2987 1951 his
3011 1893 3390 1965 perspicimus

1785 1967 2133 2030 quantopere
2147 1966 2418 2020 fallantur
2433 1969 2534 2034 qui
2554 1969 2894 2022 Clementini
2916 1971 3218 2037 Scriptoris
3251 1977 3392 2026 teta-

1785 2039 1904 2088 tem
1939 2037 2124 2089 saeculo
2178 2041 2408 2092 secundo
2457 2042 2746 2107 praeﬁnire
2793 2042 3121 2097 voluerunt.
3171 2046 3388 2098 Horum

1781 2119 1995 2172 agmen
2024 2109 2185 2163 ducit
2206 2112 2538 2166 Blondellus
2562 2113 2620 2166 in
2645 2113 3068 2180 prolegomenis
3082 2115 3155 2168 ad
3173 2119 3390 2166 Pseudo-

1781 2181 2074 2254 Isidorum
2091 2198 2220 2251 pag.
2240 2185 2326 2241 59.
2342 2187 2518 2251 inque
2543 2201 2788 2241 censura
2805 2189 3066 2254 epistolae
3086 2191 3126 2241 Ι.
3156 2193 3384 2243 Clemen-

1782 2253 1857 2304 tis
1905 2267 2032 2319 pag.
2081 2254 2168 2310 28.
2196 2257 2470 2310 Blondelli
2506 2260 2824 2321 sententiae,
2844 2253 2917 2312 fut
2937 2259 3182 2324 videtur,
3201 2273 3388 2314 acces-

1783 2326 2185 2380 sitCotelerius
2209 2329 2267 2380 in
2293 2342 2398 2381 suo
2423 2329 2494 2382 de
2519 2331 2702 2384 Libris
2725 2331 3200 2396 Recognitionum
3223 2334 3388 2386 Judi-

1781 2397 1868 2470 cio
1897 2410 2026 2470 pag.
2055 2399 2178 2463 484,
2205 2405 2262 2452 et
2287 2401 2524 2453 demum
2554 2403 2724 2454 etiam
2749 2403 2994 2456 Grabius
3027 2408 3163 2456 tom.
3199 2405 3241 2456 Ι.
3268 2405 3387 2470 Spi-

1781 2467 1966 2534 cilegii
2014 2483 2139 2536 pag.
2200 2471 2322 2526 277.
2389 2471 2512 2528 279.
2571 2475 2807 2526 Cunctis
2869 2480 3062 2528 tamen
3119 2475 3193 2526 ad
3239 2467 3388 2528 hanc

1779 2540 2044 2594 eamdem
2077 2544 2427 2596 sententiam
2464 2546 2764 2610 prmiverat
2801 2547 3000 2600 Sixtus
3023 2547 3294 2600 Senensis
3329 2549 3389 2601 in

1777 2611 1922 2665 libro
1947 2615 1995 2665 II
2020 2615 2408 2670 Bibliothecae.

1840 2686 1960 2738 VII.
1987 2686 2098 2738 Sed
2122 2701 2257 2740 cum
2294 2689 2540 2742 Henrico
2573 2688 2872 2742 Dodwello
2903 2689 3074 2742 nobis
3099 2691 3272 2744 etiam
3296 2706 3388 2746 res

1777 2761 1887 2822 est,
1915 2758 2280 2809 Bardesanem
2309 2761 2598 2814 Caracalla
2627 2761 2917 2826 juniorem
2950 2761 3210 2816 faciente.
3237 2765 3390 2817 Dod-

1775 2829 1980 2901 tvellus
2022 2831 2177 2882 enim
2227 2832 2469 2884 Dissert.
2507 2834 2598 2885 IV.
2641 2832 2702 2884 in
2739 2835 3024 2886 Irenaeum
3050 2836 3092 2898 δ.
3143 2833 3230 2890 35.
3257 2849 3385 2901 pag.

1777 2899 1898 2956 360.
1925 2905 1981 2953 et
2009 2902 2250 2956 Dissert.
2280 2905 2371 2955 VI.
2400 2905 2448 2968 §.
2491 2904 2577 2959 11.
2613 2917 2746 2969 pag.
2780 2904 2902 2959 443.
2940 2910 3202 2959 veterum
3227 2899 3388 2960 testi-

1775 2973 2004 3044 moniis,
2025 2974 2124 3038 qui
2149 2975 2517 3025 Bardesanem
2543 2977 2652 3028 sub
2677 2977 2867 3028 Marco
2884 2977 3148 3030 ﬂoruisse
3166 2982 3386 3044 tradunt,

1773 3043 2011 3108 insuper
2031 3044 2263 3110 habitis,
2282 3046 2586 3110 Elagabalo
2608 3059 2804 3112 parem
2820 3045 2974 3113 facit,
3003 3049 3102 3112 qui
3117 3062 3187 3100 ex
3215 3055 3387 3112 gente

1771 3116 2198 3169 Antoninorum
2215 3121 2394 3181 ortus,
2409 3119 2577 3183 juxta
2590 3131 2658 3171 ac
2674 3118 2965 3177 Aurelius,
2984 3121 3159 3170 Marci
3175 3133 3375 3182 pramo—

1769 3198 1906 3238 men
1939 3186 2161 3240 habuit.
2199 3189 2441 3241 Grabius
2475 3194 2595 3242 tom
2625 3189 2673 3244 1.
2701 3189 2984 3255 Spicilegii
3008 3202 3136 3256 pag.
3164 3189 3288 3246 317.
3315 3204 3379 3246 se

1773 3256 1926 3310 hanc
1951 3260 2294 3313 sententiam
2311 3261 2716 3326 amplexurum
2738 3262 3020 3326 promisit,
3046 3267 3104 3314 et
3129 3263 3376 3328 priorem

1774 3330 2234 3384 emendaturum.
2263 3333 2371 3385 Sed
2405 3345 2540 3386 eum
2572 3333 2870 3397 promissis
2904 3333 3131 3386 stetisse
3155 3348 3273 3386 non
3295 3336 3380 3388 vi-

1773 3401 2058 3466 deo.Qua3
2072 3405 2144 3456 ab
2169 3404 2428 3469 antiquis
2461 3404 2532 3456 de
2551 3405 2862 3454 Bardesane
2883 3405 3094 3458 tradita
3119 3411 3273 3467 sunt,
3289 3419 3380 3459 ae-

1773 3479 1969 3528 curate
2013 3475 2260 3540 digessit
2305 3476 2588 3528 Baronius
2633 3479 2698 3528 A.
2738 3477 2804 3527 D.
2832 3475 2952 3531 175.
2978 3477 3027 3540 §.
3076 3476 3160 3532 16.
3207 3478 3380 3530 Marci

1771 3547 2046 3596 Antonini
2071 3549 2314 3601 senioris
2339 3548 2621 3613 aequalem
2645 3561 2850 3601 omnes
2871 3549 3038 3614 plane
3050 3553 3378 3616 constituunt,

1772 3617 1845 3670 de
1869 3619 1978 3671 hoc
2002 3624 2155 3672 certe
2174 3621 2247 3672 ab
2272 3621 2714 3686 antiquioribus,
2727 3625 2786 3672 et
2797 3621 3119 3686 praesertim
3142 3622 3216 3674 ab
3239 3623 3381 3687 ipsis

1771 3692 1900 3754 ejus
1916 3693 2501 3745 commentationibus
2515 3692 2722 3744 edocti.
2739 3693 2785 3744 Ii
2801 3697 2940 3745 sunt
2955 3693 3238 3745 Eusebius
3251 3697 3376 3746 Hist.

1772 3763 2104 3815 Ecclesiast.
2154 3763 2252 3815 lib.
2301 3765 2395 3816 IV.
2443 3777 2566 3828 cap.
2611 3765 2820 3816 XXIX.
2871 3766 2928 3816 et
2975 3765 3035 3817 in
3079 3765 3378 3830 Chronico,
3445 3797 3456 3810 κ

1772 3835 2110 3901 Olympiade
2135 3835 2260 3890 237.
2287 3848 2439 3888 anno
2463 3837 2671 3889 Christi
2699 3836 2930 3889 Domini
2966 3836 3088 3892 173.
3121 3838 3219 3901 qui
3244 3850 3378 3891 mres

1769 3907 1989 3971 vulgari
2001 3911 2066 3965 A,
2093 3906 2215 3961 171.
2241 3907 2552 3972 respondet
2579 3924 2591 3958 :
2625 3920 2739 3972 quo
2763 3907 2996 3972 quidem
3019 3919 3174 3960 anno
3197 3910 3375 3961 Euse-

1770 3978 1902 4030 bius
1926 3978 2215 4030 Valentini
2239 3978 2529 4038 haeresim,
2553 3991 2589 4030 a
2604 3979 2914 4029 Bardesane
2932 3977 3118 4041 palam
3134 3981 3374 4028 seminari

1771 4053 2018 4116 emptam
2033 4049 2225 4110 tradit,
2245 4062 2425 4114 quum
2453 4055 2646 4102 tamen
2670 4052 2870 4103 contra
2891 4049 3198 4101 Marcionis
3221 4061 3378 4104 erro-

1770 4135 1892 4174 rem
1914 4127 2048 4174 ante
2075 4122 2422 4187 scripsisset,
2457 4121 2611 4187 quod
2636 4126 2848 4188 praeter
2859 4121 3379 4187 EpiphaniumHaa-

1770 4195 1882 4248 resi
1907 4195 2048 4246 LVI.
2073 4199 2133 4246 et
2155 4193 2567 4246 Theodoritum
2589 4193 2690 4246 lib.
2707 4197 2748 4246 Ι.
2767 4193 3186 4266 Haereticarum
3210 4193 3378 4247 fabu-

1769 4267 1957 4319 larum
1973 4279 2095 4331 cap.
2111 4267 2292 4318 XXII.
2307 4267 2582 4319 docemur
2593 4267 2666 4320 ab
2683 4266 3011 4332 Augustino
3023 4279 3128 4331 cap
3142 4267 3374 4318 XXXV.

1773 4339 1844 4392 de
1869 4339 2224 4392 Haercsibus.
2251 4341 2478 4404 Annus,
2503 4351 2675 4404 quem
2705 4338 2846 4400 dixi,
2876 4337 3237 4391 Eusebianus
3253 4335 3374 4392 173.

1772 4411 1846 4463 Μ.
1883 4409 2099 4463 Aurelii
2132 4411 2446 4475 Augustini
2482 4421 2702 4464 annum
2733 4409 2822 4464 11.
2861 4409 3051 4462 refert.
3077 4407 3182 4461 His
3210 4408 3378 4472 plane

1771 4486 2056 4536 consonat
2079 4481 2484 4539 Theodorltus,
2507 4482 2608 4546 qui
2631 4485 2769 4532 tom.
2789 4481 2883 4531 IV.
2911 4480 3161 4545 Operum
3177 4479 3378 4532 editio-

1767 4554 1861 4606 nis
1885 4553 2170 4605 Sirmondi
2197 4566 2326 4617 pag.
2348 4551 2470 4608 208.
2489 4551 2857 4602 Bardesanem
2875 4551 2948 4602 M.
2975 4551 3109 4602 Veri
3134 4551 3378 4604 Cmsaris

1769 4625 2126 4691 temporibus
2160 4623 2425 4676 floruisse
2465 4624 2619 4675 dicit.
2665 4623 2788 4674 Hoc
2825 4621 3182 4688 Epiphanius
3205 4622 3378 4675 etiam

1770 4697 2109 4762 comprobat
2142 4695 2518 4748 HieresiLVI.
2548 4697 2588 4758 ἒ.
2611 4694 2659 4750 1.
2692 4698 2960 4760 testatus,
2991 4693 3378 4747 Bardesanem

1770 4773 1901 4836 post
1923 4779 2232 4820 excessum
2243 4767 2455 4832 Abgari
2473 4766 2708 4820 Edessa:
2725 4769 2952 4829 tlynastai
2964 4766 3235 4816 Antonini
3259 4767 3380 4818 Veri

1771 4853 1966 4895 aevum
1983 4839 2268 4905 attigisse.
2282 4839 2741 4904 Hieronymusin
2755 4837 3027 4904 Catalogo
3043 4841 3374 4901 eap.XXXIII.

1769 4913 1866 4976 ait,
1898 4924 2030 4964 eum
2069 4911 2354 4965 Valentini
2382 4911 2670 4973 haeresim,
2705 4923 2881 4975 quam
2905 4911 3092 4976 primo
3123 4913 3378 4963 sectatus

1769 4985 1974 5047 fuerat,
2007 4989 2208 5050 postea
2250 4983 2604 5048 confutasse,
2629 4995 2965 5046 novamque
2995 4983 3270 5035 statuisse
3289 4999 3300 5030 :
3319 4987 3378 5034 et

1768 5056 1984 5108 librum
2015 5056 2086 5108 de
2125 5057 2262 5108 Fato
2286 5056 2358 5106 M.
2389 5055 2671 5104 Antonino
2712 5054 3040 5108 tradidisse.
3067 5053 3378 5106 Tillemon-

1770 5129 1906 5192 tius,
1933 5127 2032 5191 qui
2064 5140 2154 5179 res
2201 5126 2532 5178 Bardesanis
2572 5126 2699 5179 fuse
2733 5126 3100 5192 persequitur
3142 5127 3277 5178 tom.
3306 5126 3372 5177 II.

1772 5213 1900 5265 pag.
1920 5198 2192 5264 454.,post
2215 5198 2527 5251 IIenricum
2545 5197 2843 5251 Valesium
2859 5199 2917 5250 in
2939 5197 3094 5250 notis
3105 5196 3179 5248 ad
3197 5198 3378 5248 Euse-

1771 5273 1954 5335 bium,
1967 5283 2032 5322 eo
2050 5269 2383 5335 propendet,
2402 5274 2468 5322 ut
2489 5269 2643 5322 hunc
2662 5270 3028 5333 Antoninum,
3046 5280 3162 5320 non
3185 5268 3228 5318 Α
3241 5281 3379 5330 ugu-

1773 5350 1934 5408 stum,
1987 5342 2090 5394 sed
2133 5355 2202 5394 ex
2229 5341 2561 5391 Bardesanis
2582 5341 2803 5404 amicis,
2846 5341 2906 5392 In
2932 5339 3172 5402 Dialogo
3205 5337 3379 5390 collo-

1774 5415 2104 5481 quentibus,
2131 5425 2314 5466 unum
2329 5412 2636 5465 existimet.
2652 5412 2828 5477 Atqui
2851 5413 3126 5476 Augustus
3147 5409 3379 5481 omnino

1775 5480 2074 5550 dicendus,
2100 5486 2199 5550 qui
2229 5485 2643 5549 Mesopotamia
2687 5489 2745 5537 et
2767 5486 2998 5547 Edessa,
3045 5480 3378 5532 Bardesanis

1774 5549 1976 5626 patria,
2003 5549 2223 5622 petitus
2249 5562 2355 5609 est.
2383 5558 2580 5620 Neque
2604 5555 2757 5608 enim
2790 5556 3059 5626 Syrorum
3079 5552 3186 5626 fuit
3209 5554 3380 5604 Anto-

1775 5625 1902 5683 nini
1922 5643 2156 5696 nomen,
2182 5642 2371 5694 neque
2385 5628 2658 5692 Dialogus
2680 5627 2779 5679 uni
2805 5639 2875 5678 ex
2890 5625 3092 5678 amicis
3107 5625 3166 5678 In
3199 5639 3266 5678 eo
3281 5629 3380 5676 col-

1774 5703 2144 5768 quuentibus
2169 5700 2489 5766 nuncupari
2531 5699 2748 5752 debuit.
2776 5701 2852 5752 At
2875 5711 3063 5764 neque
3086 5697 3147 5751 in
3169 5710 3344 5751 causs

1777 5775 2091 5840 quidquam
2119 5786 2250 5826 esse
2272 5773 2475 5836 potuit,
2503 5770 2816 5834 quominus
2846 5768 3055 5822 librum
3081 5770 3376 5836 Syriacum

1776 5847 2078 5910 Antonino,
2115 5848 2510 5908 Augustorum
2533 5842 2895 5905 doctissimo,
2918 5842 3274 5900 Inscrlberet.
3315 5847 3380 5893 ut

1777 5919 1990 5983 ingerit
2037 5916 2450 5968 Tillemontius.
2499 5914 2724 5968 Scilicet
2772 5915 2993 5966 Aurelio
3017 5914 3250 5968 deerant
3278 5913 3377 5977 qui
