  <div class='ocr_page' id='page_1' title='image "/cluster/home/n/w/nwhite01/storage/ocr_20150623/21/umn.319510024773153/111.png"; bbox 0 0 3894 6404; ppageno 0'>
   <div class='ocr_carea' id='block_1_1' title="bbox 495 318 601 373">
    <p class='ocr_par' dir='ltr' id='par_1_1' title="bbox 495 318 601 373">
     <span class='ocr_line' id='line_1_1' title="bbox 495 318 601 373; baseline 0 0"><span class='ocrx_word' id='word_1_1' title='bbox 495 318 601 373; x_wconf 68' lang='grc'><strong>⁸215</strong></span> 
     </span>
    </p>
   </div>
   <div class='ocr_carea' id='block_1_2' title="bbox 1786 308 2503 363">
    <p class='ocr_par' dir='ltr' id='par_1_2' title="bbox 1786 308 2503 363">
     <span class='ocr_line' id='line_1_2' title="bbox 1786 308 2503 363; baseline -0.004 -1"><span class='ocrx_word' id='word_1_2' title='bbox 1786 311 2029 363; x_wconf 78' lang='lat' dir='ltr'><strong>RUFINI</strong></span> <span class='ocrx_word' id='word_1_3' title='bbox 2065 308 2503 360; x_wconf 73' lang='lat' dir='ltr'><strong>PRESBYTER!</strong></span> 
     </span>
    </p>
   </div>
   <div class='ocr_carea' id='block_1_3' title="bbox 3693 305 3807 361">
    <p class='ocr_par' dir='ltr' id='par_1_3' title="bbox 3693 305 3807 361">
     <span class='ocr_line' id='line_1_3' title="bbox 3693 305 3807 361; baseline 0 0"><span class='ocrx_word' id='word_1_4' title='bbox 3693 305 3807 361; x_wconf 70' lang='grc'><strong>216</strong></span> 
     </span>
    </p>
   </div>
   <div class='ocr_carea' id='block_1_4' title="bbox 492 420 3809 498">
    <p class='ocr_par' dir='ltr' id='par_1_4' title="bbox 492 420 3809 498">
     <span class='ocr_line' id='line_1_4' title="bbox 492 420 3809 498; baseline -0.005 -12"><span class='ocrx_word' id='word_1_5' title='bbox 492 447 626 486; x_wconf 92' lang='lat' dir='ltr'><strong>cum</strong></span> <span class='ocrx_word' id='word_1_6' title='bbox 670 437 868 484; x_wconf 77' lang='lat' dir='ltr'><strong>Graece</strong></span> <span class='ocrx_word' id='word_1_7' title='bbox 906 434 1315 483; x_wconf 90' lang='lat' dir='ltr'><strong>converterent.</strong></span> <span class='ocrx_word' id='word_1_8' title='bbox 1348 430 1449 479; x_wconf 88' lang='lat' dir='ltr'><strong>IIis</strong></span> <span class='ocrx_word' id='word_1_9' title='bbox 1473 428 1617 477; x_wconf 85' lang='lat' dir='ltr'><strong>adde</strong></span> <span class='ocrx_word' id='word_1_10' title='bbox 1648 440 1721 478; x_wconf 90' lang='lat' dir='ltr'><strong>ex</strong></span> <span class='ocrx_word' id='word_1_11' title='bbox 1748 424 2079 488; x_wconf 86' lang='lat' dir='ltr'><strong>Epiphanio,</strong></span> <span class='ocrx_word' id='word_1_12' title='bbox 2106 426 2166 498; x_wconf 79' lang='grc' dir='ltr'><strong>Α</strong></span> <span class='ocrx_word' id='word_1_13' title='bbox 2194 425 2392 498; x_wconf 82' lang='lat' dir='ltr'><strong>tamen</strong></span> <span class='ocrx_word' id='word_1_14' title='bbox 2413 421 2535 476; x_wconf 73' lang='lat'><strong>200.</strong></span> <span class='ocrx_word' id='word_1_15' title='bbox 2565 434 2750 498; x_wconf 80' lang='lat' dir='ltr'><strong>annos</strong></span> <span class='ocrx_word' id='word_1_16' title='bbox 2774 422 2937 498; x_wconf 71' lang='lat' dir='ltr'><strong>vixit.</strong></span> <span class='ocrx_word' id='word_1_17' title='bbox 2971 422 3246 498; x_wconf 67' lang='lat' dir='ltr'><strong>Origenes</strong></span> <span class='ocrx_word' id='word_1_18' title='bbox 3271 420 3809 498; x_wconf 82' lang='lat' dir='ltr'><strong>primus_Recog_n_i-</strong></span> 
     </span>
    </p>
   </div>
   <div class='ocr_carea' id='block_1_5' title="bbox 492 497 2078 556">
    <p class='ocr_par' dir='ltr' id='par_1_5' title="bbox 492 497 2078 556">
     <span class='ocr_line' id='line_1_5' title="bbox 492 497 2078 556; baseline -0.009 0"><span class='ocrx_word' id='word_1_19' title='bbox 492 506 850 556; x_wconf 62' lang='lat' dir='ltr'><strong>Burdrsvmcm</strong></span> <span class='ocrx_word' id='word_1_20' title='bbox 877 506 948 553; x_wconf 82' lang='lat' dir='ltr'><strong>ab</strong></span> <span class='ocrx_word' id='word_1_21' title='bbox 964 503 1181 552; x_wconf 80' lang='lat' dir='ltr'><strong>Aurelio</strong></span> <span class='ocrx_word' id='word_1_22' title='bbox 1208 501 1346 551; x_wconf 83' lang='lat' dir='ltr'><strong>tanti</strong></span> <span class='ocrx_word' id='word_1_23' title='bbox 1367 500 1600 556; x_wconf 89' lang='lat' dir='ltr'><strong>factum,</strong></span> <span class='ocrx_word' id='word_1_24' title='bbox 1627 503 1837 548; x_wconf 85' lang='lat' dir='ltr'><strong>uteul‘n</strong></span> <span class='ocrx_word' id='word_1_25' title='bbox 1863 497 1921 546; x_wconf 88' lang='lat' dir='ltr'><strong>in</strong></span> <span class='ocrx_word' id='word_1_26' title='bbox 1938 511 2078 543; x_wconf 85' lang='lat' dir='ltr'><strong>suam</strong></span> 
     </span>
    </p>
   </div>
   <div class='ocr_carea' id='block_1_6' title="bbox 492 570 2089 641">
    <p class='ocr_par' dir='ltr' id='par_1_6' title="bbox 492 570 2089 641">
     <span class='ocr_line' id='line_1_6' title="bbox 492 570 2089 641; baseline -0.011 -13"><span class='ocrx_word' id='word_1_27' title='bbox 492 575 957 641; x_wconf 83' lang='lat' dir='ltr'><strong>superstitionem</strong></span> <span class='ocrx_word' id='word_1_28' title='bbox 981 587 1080 638; x_wconf 89' lang='lat' dir='ltr'><strong>per</strong></span> <span class='ocrx_word' id='word_1_29' title='bbox 1100 571 1459 636; x_wconf 83' lang='lat' dir='ltr'><strong>Apollonium</strong></span> <span class='ocrx_word' id='word_1_30' title='bbox 1480 570 1702 620; x_wconf 80' lang='lat' dir='ltr'><strong>trahere</strong></span> <span class='ocrx_word' id='word_1_31' title='bbox 1727 572 1968 619; x_wconf 85' lang='lat' dir='ltr'><strong>conatus</strong></span> <span class='ocrx_word' id='word_1_32' title='bbox 1989 570 2089 641; x_wconf 60' lang='grc' dir='ltr'><strong>ίίωΓ</strong></span> 
     </span>
    </p>
   </div>
   <div class='ocr_carea' id='block_1_7' title="bbox 493 637 2088 710">
    <p class='ocr_par' dir='ltr' id='par_1_7' title="bbox 493 637 2088 710">
     <span class='ocr_line' id='line_1_7' title="bbox 493 637 2088 710; baseline -0.009 -10"><span class='ocrx_word' id='word_1_33' title='bbox 493 637 584 701; x_wconf 52' lang='lat' dir='ltr'><strong>rit:</strong></span> <span class='ocrx_word' id='word_1_34' title='bbox 621 651 767 710; x_wconf 78' lang='lat' dir='ltr'><strong>Ergo</strong></span> <span class='ocrx_word' id='word_1_35' title='bbox 792 658 963 709; x_wconf 85' lang='lat' dir='ltr'><strong>quem</strong></span> <span class='ocrx_word' id='word_1_36' title='bbox 1007 644 1101 694; x_wconf 97' lang='lat' dir='ltr'>alii</span> <span class='ocrx_word' id='word_1_37' title='bbox 1146 643 1511 703; x_wconf 79' lang='lat' dir='ltr'><strong>Antoninmn,</strong></span> <span class='ocrx_word' id='word_1_38' title='bbox 1554 641 1961 702; x_wconf 78' lang='lat' dir='ltr'><strong>Hieronymus,</strong></span> <span class='ocrx_word' id='word_1_39' title='bbox 1988 637 2088 699; x_wconf 89' lang='lat' dir='ltr'><strong>qui</strong></span> 
     </span>
    </p>
   </div>
   <div class='ocr_carea' id='block_1_8' title="bbox 493 710 2087 773">
    <p class='ocr_par' dir='ltr' id='par_1_8' title="bbox 493 710 2087 773">
     <span class='ocr_line' id='line_1_8' title="bbox 493 710 2087 773; baseline -0.009 -3"><span class='ocrx_word' id='word_1_40' title='bbox 493 720 818 770; x_wconf 73' lang='lat' dir='ltr'><strong>Bardesanis</strong></span> <span class='ocrx_word' id='word_1_41' title='bbox 842 718 1065 773; x_wconf 87' lang='lat' dir='ltr'><strong>librum,</strong></span> <span class='ocrx_word' id='word_1_42' title='bbox 1099 717 1291 765; x_wconf 56' lang='lat' dir='ltr'><strong>Graece</strong></span> <span class='ocrx_word' id='word_1_43' title='bbox 1316 726 1682 770; x_wconf 86' lang='lat' dir='ltr'><strong>conversum,</strong></span> <span class='ocrx_word' id='word_1_44' title='bbox 1709 711 1861 773; x_wconf 75' lang='lat' dir='ltr'>legit,</span> <span class='ocrx_word' id='word_1_45' title='bbox 1883 711 1951 758; x_wconf 79' lang='grc' dir='ltr'>Μ.</span> <span class='ocrx_word' id='word_1_46' title='bbox 1980 710 2087 757; x_wconf 78' lang='lat' dir='ltr'><strong>An-</strong></span> 
     </span>
    </p>
   </div>
   <div class='ocr_carea' id='block_1_9' title="bbox 496 781 2085 849">
    <p class='ocr_par' dir='ltr' id='par_1_9' title="bbox 496 781 2085 849">
     <span class='ocr_line' id='line_1_9' title="bbox 496 781 2085 849; baseline -0.008 -10"><span class='ocrx_word' id='word_1_47' title='bbox 496 792 743 839; x_wconf 78' lang='lat' dir='ltr'><strong>toninum</strong></span> <span class='ocrx_word' id='word_1_48' title='bbox 777 794 927 839; x_wconf 78' lang='lat' dir='ltr'><strong>recte</strong></span> <span class='ocrx_word' id='word_1_49' title='bbox 974 786 1298 849; x_wconf 79' lang='lat' dir='ltr'><strong>appellavit,</strong></span> <span class='ocrx_word' id='word_1_50' title='bbox 1351 784 1445 834; x_wconf 90' lang='lat' dir='ltr'>cui</span> <span class='ocrx_word' id='word_1_51' title='bbox 1475 788 1877 845; x_wconf 89' lang='lat' dir='ltr'><strong>nuncupatum</strong></span> <span class='ocrx_word' id='word_1_52' title='bbox 1924 781 2085 829; x_wconf 86' lang='lat' dir='ltr'><strong>dixit.</strong></span> 
     </span>
    </p>
   </div>
   <div class='ocr_carea' id='block_1_10' title="bbox 493 852 2091 921">
    <p class='ocr_par' dir='ltr' id='par_1_10' title="bbox 493 852 2091 921">
     <span class='ocr_line' id='line_1_10' title="bbox 493 852 2091 921; baseline -0.008 -9"><span class='ocrx_word' id='word_1_53' title='bbox 493 863 666 912; x_wconf 77' lang='lat' dir='ltr'><strong>Marci</strong></span> <span class='ocrx_word' id='word_1_54' title='bbox 691 861 843 911; x_wconf 88' lang='lat' dir='ltr'><strong>enim</strong></span> <span class='ocrx_word' id='word_1_55' title='bbox 874 858 1225 921; x_wconf 50' lang='lat' dir='ltr'><strong>praenomine</strong></span> <span class='ocrx_word' id='word_1_56' title='bbox 1239 857 1410 907; x_wconf 79' lang='lat' dir='ltr'><strong>etiam</strong></span> <span class='ocrx_word' id='word_1_57' title='bbox 1438 856 1576 909; x_wconf 80' lang='lat' dir='ltr'><strong>solo,</strong></span> <span class='ocrx_word' id='word_1_58' title='bbox 1600 856 1881 902; x_wconf 74' lang='lat' dir='ltr'><strong>Aureliith</strong></span> <span class='ocrx_word' id='word_1_59' title='bbox 1902 852 2091 902; x_wconf 86' lang='lat' dir='ltr'>senio-</span> 
     </span>
    </p>
   </div>
   <div class='ocr_carea' id='block_1_11' title="bbox 494 922 2086 993">
    <p class='ocr_par' dir='ltr' id='par_1_11' title="bbox 494 922 2086 993">
     <span class='ocr_line' id='line_1_11' title="bbox 494 922 2086 993; baseline -0.009 -9"><span class='ocrx_word' id='word_1_60' title='bbox 494 945 612 984; x_wconf 90' lang='lat' dir='ltr'><strong>rem</strong></span> <span class='ocrx_word' id='word_1_61' title='bbox 668 931 821 993; x_wconf 89' lang='lat' dir='ltr'>apud</span> <span class='ocrx_word' id='word_1_62' title='bbox 854 933 1075 981; x_wconf 90' lang='lat' dir='ltr'><strong>veteres</strong></span> <span class='ocrx_word' id='word_1_63' title='bbox 1121 928 1433 991; x_wconf 76' lang='lat' dir='ltr'><strong>Scriptores</strong></span> <span class='ocrx_word' id='word_1_64' title='bbox 1482 926 1769 989; x_wconf 62' lang='lat' dir='ltr'><strong>praecipue</strong></span> <span class='ocrx_word' id='word_1_65' title='bbox 1813 922 2086 993; x_wconf 83' lang='lat' dir='ltr'><strong>deuotari,</strong></span> 
     </span>
    </p>
   </div>
   <div class='ocr_carea' id='block_1_12' title="bbox 494 992 2080 1064">
    <p class='ocr_par' dir='ltr' id='par_1_12' title="bbox 494 992 2080 1064">
     <span class='ocr_line' id='line_1_12' title="bbox 494 992 2080 1064; baseline -0.008 -10"><span class='ocrx_word' id='word_1_66' title='bbox 494 1003 745 1054; x_wconf 80' lang='lat' dir='ltr'><strong>ostendit</strong></span> <span class='ocrx_word' id='word_1_67' title='bbox 783 1000 1165 1064; x_wconf 82' lang='lat' dir='ltr'><strong>Spanhemius</strong></span> <span class='ocrx_word' id='word_1_68' title='bbox 1200 1005 1337 1050; x_wconf 89' lang='lat' dir='ltr'><strong>tom.</strong></span> <span class='ocrx_word' id='word_1_69' title='bbox 1366 1001 1429 1048; x_wconf 92' lang='lat' dir='ltr'><strong>II.</strong></span> <span class='ocrx_word' id='word_1_70' title='bbox 1467 999 1703 1047; x_wconf 82' lang='lat' dir='ltr'><strong>Dissert.</strong></span> <span class='ocrx_word' id='word_1_71' title='bbox 1742 997 1809 1045; x_wconf 84' lang='lat' dir='ltr'><strong>X.</strong></span> <span class='ocrx_word' id='word_1_72' title='bbox 1837 1009 1963 1059; x_wconf 76' lang='lat' dir='ltr'><strong>pag.</strong></span> <span class='ocrx_word' id='word_1_73' title='bbox 1993 992 2080 1045; x_wconf 71' lang='lat'><strong>3:2.</strong></span> 
     </span>
    </p>
   </div>
   <div class='ocr_carea' id='block_1_13' title="bbox 491 1065 2090 1137">
    <p class='ocr_par' dir='ltr' id='par_1_13' title="bbox 491 1065 2090 1137">
     <span class='ocr_line' id='line_1_13' title="bbox 491 1065 2090 1137; baseline -0.009 -11"><span class='ocrx_word' id='word_1_74' title='bbox 491 1075 847 1137; x_wconf 80' lang='lat' dir='ltr'><strong>Adjiciamus</strong></span> <span class='ocrx_word' id='word_1_75' title='bbox 872 1080 929 1123; x_wconf 91' lang='lat' dir='ltr'>et</span> <span class='ocrx_word' id='word_1_76' title='bbox 952 1071 1107 1122; x_wconf 87' lang='lat' dir='ltr'><strong>aliud</strong></span> <span class='ocrx_word' id='word_1_77' title='bbox 1147 1083 1245 1133; x_wconf 91' lang='lat' dir='ltr'><strong>pro</strong></span> <span class='ocrx_word' id='word_1_78' title='bbox 1279 1070 1609 1118; x_wconf 73' lang='lat' dir='ltr'><strong>Bardesanis</strong></span> <span class='ocrx_word' id='word_1_79' title='bbox 1647 1072 1835 1128; x_wconf 68' lang='lat' dir='ltr'><strong>aetate,</strong></span> <span class='ocrx_word' id='word_1_80' title='bbox 1862 1065 1949 1115; x_wconf 88' lang='lat' dir='ltr'><strong>cui</strong></span> <span class='ocrx_word' id='word_1_81' title='bbox 1975 1075 2090 1113; x_wconf 89' lang='lat' dir='ltr'><strong>non</strong></span> 
     </span>
    </p>
   </div>
   <div class='ocr_carea' id='block_1_14' title="bbox 494 1137 2091 1209">
    <p class='ocr_par' dir='ltr' id='par_1_14' title="bbox 494 1137 2091 1209">
     <span class='ocr_line' id='line_1_14' title="bbox 494 1137 2091 1209; baseline -0.008 -13"><span class='ocrx_word' id='word_1_82' title='bbox 494 1158 697 1209; x_wconf 85' lang='lat' dir='ltr'><strong>parum</strong></span> <span class='ocrx_word' id='word_1_83' title='bbox 723 1145 875 1195; x_wconf 90' lang='lat' dir='ltr'><strong>inest</strong></span> <span class='ocrx_word' id='word_1_84' title='bbox 897 1142 1171 1193; x_wconf 79' lang='lat' dir='ltr'><strong>momenti</strong></span> <span class='ocrx_word' id='word_1_85' title='bbox 1197 1146 1395 1193; x_wconf 89' lang='lat' dir='ltr'><strong>contra</strong></span> <span class='ocrx_word' id='word_1_86' title='bbox 1425 1138 1801 1191; x_wconf 84' lang='lat' dir='ltr'><strong>Dodwellum.</strong></span> <span class='ocrx_word' id='word_1_87' title='bbox 1824 1137 2091 1209; x_wconf 62' lang='lat' dir='ltr'><strong>Bardesa-</strong></span> 
     </span>
    </p>
   </div>
   <div class='ocr_carea' id='block_1_15' title="bbox 495 1206 2089 1279">
    <p class='ocr_par' dir='ltr' id='par_1_15' title="bbox 495 1206 2089 1279">
     <span class='ocr_line' id='line_1_15' title="bbox 495 1206 2089 1279; baseline -0.009 -11"><span class='ocrx_word' id='word_1_88' title='bbox 495 1206 598 1267; x_wconf 76' lang='lat' dir='ltr'><strong>nes</strong></span> <span class='ocrx_word' id='word_1_89' title='bbox 621 1216 774 1279; x_wconf 89' lang='lat' dir='ltr'>apud</span> <span class='ocrx_word' id='word_1_90' title='bbox 801 1215 1115 1266; x_wconf 82' lang='lat' dir='ltr'><strong>Eusebium</strong></span> <span class='ocrx_word' id='word_1_91' title='bbox 1138 1213 1207 1263; x_wconf 90' lang='lat' dir='ltr'><strong>de</strong></span> <span class='ocrx_word' id='word_1_92' title='bbox 1238 1215 1545 1274; x_wconf 60' lang='lat' dir='ltr'><strong>Praeparat.</strong></span> <span class='ocrx_word' id='word_1_93' title='bbox 1576 1209 1847 1272; x_wconf 66' lang='lat' dir='ltr'><strong>Iivangel.</strong></span> <span class='ocrx_word' id='word_1_94' title='bbox 1875 1208 1969 1258; x_wconf 90' lang='lat' dir='ltr'><strong>lib.</strong></span> <span class='ocrx_word' id='word_1_95' title='bbox 1998 1206 2089 1279; x_wconf 78' lang='lat' dir='ltr'><strong>IV.</strong></span> 
     </span>
    </p>
   </div>
   <div class='ocr_carea' id='block_1_16' title="bbox 490 1274 2092 1351">
    <p class='ocr_par' dir='ltr' id='par_1_16' title="bbox 490 1274 2092 1351">
     <span class='ocr_line' id='line_1_16' title="bbox 490 1274 2092 1351; baseline -0.007 -12"><span class='ocrx_word' id='word_1_96' title='bbox 490 1302 612 1351; x_wconf 89' lang='lat' dir='ltr'><strong>cap.</strong></span> <span class='ocrx_word' id='word_1_97' title='bbox 748 1287 875 1338; x_wconf 60' lang='lat' dir='ltr'><strong>haec</strong></span> <span class='ocrx_word' id='word_1_98' title='bbox 918 1287 1122 1336; x_wconf 86' lang='lat' dir='ltr'><strong>habet:</strong></span> <span class='ocrx_word' id='word_1_99' title='bbox 1158 1285 1275 1340; x_wconf 75' lang='grc' dir='ltr'>ΧΟὲς</span> <span class='ocrx_word' id='word_1_100' title='bbox 1306 1285 1348 1333; x_wconf 77' lang='grc' dir='ltr'><strong>οἱ</strong></span> <span class='ocrx_word' id='word_1_101' title='bbox 1382 1284 1615 1351; x_wconf 63' lang='grc' dir='ltr'><strong>Ῥωμαῖοι</strong></span> <span class='ocrx_word' id='word_1_102' title='bbox 1649 1282 1879 1347; x_wconf 67' lang='grc' dir='ltr'>Ἀραϐίας</span> <span class='ocrx_word' id='word_1_103' title='bbox 1909 1274 2092 1344; x_wconf 72' lang='grc' dir='ltr'><strong>κρατή-</strong></span> 
     </span>
    </p>
   </div>
   <div class='ocr_carea' id='block_1_17' title="bbox 495 1349 2091 1421">
    <p class='ocr_par' dir='ltr' id='par_1_17' title="bbox 495 1349 2091 1421">
     <span class='ocr_line' id='line_1_17' title="bbox 495 1349 2091 1421; baseline -0.007 -11"><span class='ocrx_word' id='word_1_104' title='bbox 495 1349 665 1415; x_wconf 53' lang='grc' dir='ltr'><strong>σαῖθτες</strong></span> <span class='ocrx_word' id='word_1_105' title='bbox 707 1352 815 1414; x_wconf 73' lang='grc' dir='ltr'>τοὺς</span> <span class='ocrx_word' id='word_1_106' title='bbox 865 1366 957 1407; x_wconf 78' lang='grc' dir='ltr'><strong>τῶν</strong></span> <span class='ocrx_word' id='word_1_107' title='bbox 1006 1358 1271 1421; x_wconf 62' lang='grc' dir='ltr'><strong>Βαρϐάρων</strong></span> <span class='ocrx_word' id='word_1_108' title='bbox 1320 1355 1495 1419; x_wconf 74' lang='grc' dir='ltr'>νόμους</span> <span class='ocrx_word' id='word_1_109' title='bbox 1546 1349 1805 1416; x_wconf 51' lang='lat' dir='ltr'><strong>inetiam:</strong></span> <span class='ocrx_word' id='word_1_110' title='bbox 1856 1353 2091 1402; x_wconf 78' lang='lat' dir='ltr'><strong>NUDIUS</strong></span> 
     </span>
    </p>
   </div>
   <div class='ocr_carea' id='block_1_18' title="bbox 495 1423 2091 1489">
    <p class='ocr_par' dir='ltr' id='par_1_18' title="bbox 495 1423 2091 1489">
     <span class='ocr_line' id='line_1_18' title="bbox 495 1423 2091 1489; baseline -0.009 -8"><span class='ocrx_word' id='word_1_111' title='bbox 495 1444 746 1482; x_wconf 75' lang='lat' dir='ltr'><strong>TERTIUS</strong></span> <span class='ocrx_word' id='word_1_112' title='bbox 768 1428 1213 1480; x_wconf 75' lang='lat' dir='ltr'><strong>[tonmniArttbia</strong></span> <span class='ocrx_word' id='word_1_113' title='bbox 1238 1428 1408 1489; x_wconf 78' lang='lat' dir='ltr'><strong>potiti,</strong></span> <span class='ocrx_word' id='word_1_114' title='bbox 1435 1426 1813 1474; x_wconf 52' lang='lat' dir='ltr'><strong>Bai-burmann</strong></span> <span class='ocrx_word' id='word_1_115' title='bbox 1831 1423 1958 1483; x_wconf 73' lang='lat' dir='ltr'><strong>leges</strong></span> <span class='ocrx_word' id='word_1_116' title='bbox 1978 1436 2091 1467; x_wconf 79' lang='lat' dir='ltr'><strong>mu-</strong></span> 
     </span>
    </p>
   </div>
   <div class='ocr_carea' id='block_1_19' title="bbox 495 1492 2090 1563">
    <p class='ocr_par' dir='ltr' id='par_1_19' title="bbox 495 1492 2090 1563">
     <span class='ocr_line' id='line_1_19' title="bbox 495 1492 2090 1563; baseline -0.008 -12"><span class='ocrx_word' id='word_1_117' title='bbox 495 1508 698 1552; x_wconf 78' lang='lat' dir='ltr'><strong>tarunt.</strong></span> <span class='ocrx_word' id='word_1_118' title='bbox 727 1502 927 1563; x_wconf 84' lang='lat' dir='ltr'><strong>Trajan</strong></span> <span class='ocrx_word' id='word_1_119' title='bbox 940 1514 1006 1549; x_wconf 86' lang='lat' dir='ltr'><strong>us</strong></span> <span class='ocrx_word' id='word_1_120' title='bbox 1030 1502 1330 1562; x_wconf 79' lang='lat' dir='ltr'><strong>Augustus</strong></span> <span class='ocrx_word' id='word_1_121' title='bbox 1355 1498 1619 1547; x_wconf 70' lang='lat' dir='ltr'><strong>Arabiam.</strong></span> <span class='ocrx_word' id='word_1_122' title='bbox 1640 1497 1819 1559; x_wconf 87' lang='lat' dir='ltr'><strong>primo</strong></span> <span class='ocrx_word' id='word_1_123' title='bbox 1845 1492 2090 1553; x_wconf 83' lang='lat' dir='ltr'><strong>subegit,</strong></span> 
     </span>
    </p>
   </div>
   <div class='ocr_carea' id='block_1_20' title="bbox 493 1564 2093 1633">
    <p class='ocr_par' dir='ltr' id='par_1_20' title="bbox 493 1564 2093 1633">
     <span class='ocr_line' id='line_1_20' title="bbox 493 1564 2093 1633; baseline -0.008 -9"><span class='ocrx_word' id='word_1_124' title='bbox 493 1588 565 1624; x_wconf 83' lang='lat' dir='ltr'><strong>ex</strong></span> <span class='ocrx_word' id='word_1_125' title='bbox 591 1574 767 1623; x_wconf 85' lang='lat' dir='ltr'><strong>Dione</strong></span> <span class='ocrx_word' id='word_1_126' title='bbox 791 1573 889 1622; x_wconf 88' lang='lat' dir='ltr'>lib.</span> <span class='ocrx_word' id='word_1_127' title='bbox 916 1573 1162 1621; x_wconf 78' lang='lat' dir='ltr'><strong>LXVIII.</strong></span> <span class='ocrx_word' id='word_1_128' title='bbox 1202 1583 1329 1633; x_wconf 88' lang='lat' dir='ltr'><strong>pag.</strong></span> <span class='ocrx_word' id='word_1_129' title='bbox 1369 1568 1495 1621; x_wconf 87' lang='lat'><strong>777.</strong></span> <span class='ocrx_word' id='word_1_130' title='bbox 1529 1569 1679 1619; x_wconf 89' lang='lat' dir='ltr'><strong>unde</strong></span> <span class='ocrx_word' id='word_1_131' title='bbox 1703 1564 2006 1627; x_wconf 81' lang='lat' dir='ltr'><strong>antiquarii</strong></span> <span class='ocrx_word' id='word_1_132' title='bbox 2034 1564 2093 1612; x_wconf 86' lang='lat' dir='ltr'>in</span> 
     </span>
    </p>
   </div>
   <div class='ocr_carea' id='block_1_21' title="bbox 494 1633 2093 1706">
    <p class='ocr_par' dir='ltr' id='par_1_21' title="bbox 494 1633 2093 1706">
     <span class='ocr_line' id='line_1_21' title="bbox 494 1633 2093 1706; baseline -0.008 -11"><span class='ocrx_word' id='word_1_133' title='bbox 494 1646 620 1706; x_wconf 83' lang='lat' dir='ltr'><strong>ejus</strong></span> <span class='ocrx_word' id='word_1_134' title='bbox 651 1644 909 1694; x_wconf 89' lang='lat' dir='ltr'><strong>nummis</strong></span> <span class='ocrx_word' id='word_1_135' title='bbox 944 1642 1056 1704; x_wconf 90' lang='lat' dir='ltr'>legi</span> <span class='ocrx_word' id='word_1_136' title='bbox 1090 1646 1305 1691; x_wconf 89' lang='lat' dir='ltr'><strong>norunt</strong></span> <span class='ocrx_word' id='word_1_137' title='bbox 1352 1641 1567 1690; x_wconf 79' lang='lat' dir='ltr'><strong>ARAB.</strong></span> <span class='ocrx_word' id='word_1_138' title='bbox 1619 1639 1900 1699; x_wconf 79' lang='lat' dir='ltr'><strong>ADQUIS.</strong></span> <span class='ocrx_word' id='word_1_139' title='bbox 1950 1633 2093 1684; x_wconf 79' lang='lat' dir='ltr'><strong>Vide</strong></span> 
     </span>
    </p>
   </div>
   <div class='ocr_carea' id='block_1_22' title="bbox 494 1706 2093 1780">
    <p class='ocr_par' dir='ltr' id='par_1_22' title="bbox 494 1706 2093 1780">
     <span class='ocr_line' id='line_1_22' title="bbox 494 1706 2093 1780; baseline -0.013 -12"><span class='ocrx_word' id='word_1_140' title='bbox 494 1716 904 1780; x_wconf 87' lang='lat' dir='ltr'><strong>Spanhcmium</strong></span> <span class='ocrx_word' id='word_1_141' title='bbox 922 1720 1054 1764; x_wconf 91' lang='lat' dir='ltr'><strong>tom.</strong></span> <span class='ocrx_word' id='word_1_142' title='bbox 1074 1714 1117 1763; x_wconf 91' lang='grc'>1.</span> <span class='ocrx_word' id='word_1_143' title='bbox 1135 1712 1374 1762; x_wconf 84' lang='lat' dir='ltr'><strong>Dissert.</strong></span> <span class='ocrx_word' id='word_1_144' title='bbox 1395 1713 1491 1762; x_wconf 95' lang='lat' dir='ltr'><strong>IX.</strong></span> <span class='ocrx_word' id='word_1_145' title='bbox 1509 1725 1632 1774; x_wconf 85' lang='lat' dir='ltr'><strong>pag.</strong></span> <span class='ocrx_word' id='word_1_146' title='bbox 1656 1707 1772 1763; x_wconf 76' lang='lat'><strong>185.</strong></span> <span class='ocrx_word' id='word_1_147' title='bbox 1796 1707 1902 1759; x_wconf 83' lang='lat' dir='ltr'><strong>Sed</strong></span> <span class='ocrx_word' id='word_1_148' title='bbox 1927 1706 2093 1780; x_wconf 75' lang='lat' dir='ltr'><strong>etsub</strong></span> 
     </span>
    </p>
   </div>
   <div class='ocr_carea' id='block_1_23' title="bbox 493 1778 2093 1844">
    <p class='ocr_par' dir='ltr' id='par_1_23' title="bbox 493 1778 2093 1844">
     <span class='ocr_line' id='line_1_23' title="bbox 493 1778 2093 1844; baseline -0.01 -7"><span class='ocrx_word' id='word_1_149' title='bbox 493 1778 806 1837; x_wconf 64' lang='lat' dir='ltr'><strong>ALAurclio</strong></span> <span class='ocrx_word' id='word_1_150' title='bbox 841 1797 1041 1836; x_wconf 84' lang='lat' dir='ltr'>rursus</span> <span class='ocrx_word' id='word_1_151' title='bbox 1074 1783 1224 1833; x_wconf 91' lang='lat' dir='ltr'><strong>bello</strong></span> <span class='ocrx_word' id='word_1_152' title='bbox 1252 1784 1572 1844; x_wconf 89' lang='lat' dir='ltr'><strong>subactam,</strong></span> <span class='ocrx_word' id='word_1_153' title='bbox 1600 1782 1827 1831; x_wconf 80' lang='lat' dir='ltr'><strong>constat</strong></span> <span class='ocrx_word' id='word_1_154' title='bbox 1850 1791 1921 1828; x_wconf 84' lang='lat' dir='ltr'><strong>ex</strong></span> <span class='ocrx_word' id='word_1_155' title='bbox 1942 1778 2093 1824; x_wconf 82' lang='lat' dir='ltr'><strong>Dione</strong></span> 
     </span>
    </p>
   </div>
   <div class='ocr_carea' id='block_1_24' title="bbox 491 1848 2094 1920">
    <p class='ocr_par' dir='ltr' id='par_1_24' title="bbox 491 1848 2094 1920">
     <span class='ocr_line' id='line_1_24' title="bbox 491 1848 2094 1920; baseline -0.01 -8"><span class='ocrx_word' id='word_1_156' title='bbox 491 1861 589 1912; x_wconf 88' lang='lat' dir='ltr'>lib.</span> <span class='ocrx_word' id='word_1_157' title='bbox 638 1859 839 1910; x_wconf 90' lang='lat' dir='ltr'><strong>LXXI.</strong></span> <span class='ocrx_word' id='word_1_158' title='bbox 888 1870 1013 1920; x_wconf 86' lang='lat' dir='ltr'><strong>pag.</strong></span> <span class='ocrx_word' id='word_1_159' title='bbox 1063 1852 1186 1908; x_wconf 72' lang='lat'><strong>81‘2.</strong></span> <span class='ocrx_word' id='word_1_160' title='bbox 1235 1853 1387 1917; x_wconf 90' lang='lat' dir='ltr'><strong>quod</strong></span> <span class='ocrx_word' id='word_1_161' title='bbox 1414 1856 1479 1911; x_wconf 81' lang='grc' dir='ltr'>Α.</span> <span class='ocrx_word' id='word_1_162' title='bbox 1519 1856 1582 1903; x_wconf 92' lang='lat' dir='ltr'><strong>D.</strong></span> <span class='ocrx_word' id='word_1_163' title='bbox 1611 1852 1732 1906; x_wconf 75' lang='grc'><strong>170.</strong></span> <span class='ocrx_word' id='word_1_164' title='bbox 1757 1848 2094 1913; x_wconf 89' lang='lat' dir='ltr'><strong>illigandum</strong></span> 
     </span>
    </p>
   </div>
   <div class='ocr_carea' id='block_1_25' title="bbox 502 1921 2093 1987">
    <p class='ocr_par' dir='ltr' id='par_1_25' title="bbox 502 1921 2093 1987">
     <span class='ocr_line' id='line_1_25' title="bbox 502 1921 2093 1987; baseline -0.011 -4"><span class='ocrx_word' id='word_1_165' title='bbox 502 1926 1183 1983; x_wconf 89' lang='lat' dir='ltr'><strong>censetTillemontiusin</strong></span> <span class='ocrx_word' id='word_1_166' title='bbox 1196 1924 1447 1976; x_wconf 84' lang='lat' dir='ltr'><strong>Historia</strong></span> <span class='ocrx_word' id='word_1_167' title='bbox 1465 1927 1875 1987; x_wconf 85' lang='lat' dir='ltr'><strong>Imperatorum</strong></span> <span class='ocrx_word' id='word_1_168' title='bbox 1900 1929 2015 1969; x_wconf 88' lang='lat' dir='ltr'><strong>tom.</strong></span> <span class='ocrx_word' id='word_1_169' title='bbox 2036 1921 2093 1967; x_wconf 90' lang='lat' dir='ltr'><strong>II.</strong></span> 
     </span>
    </p>
   </div>
   <div class='ocr_carea' id='block_1_26' title="bbox 495 1992 2096 2067">
    <p class='ocr_par' dir='ltr' id='par_1_26' title="bbox 495 1992 2096 2067">
     <span class='ocr_line' id='line_1_26' title="bbox 495 1992 2096 2067; baseline -0.006 -17"><span class='ocrx_word' id='word_1_170' title='bbox 495 2017 623 2067; x_wconf 83' lang='lat' dir='ltr'><strong>pag.</strong></span> <span class='ocrx_word' id='word_1_171' title='bbox 653 2001 774 2055; x_wconf 73' lang='lat'><strong>366.</strong></span> <span class='ocrx_word' id='word_1_172' title='bbox 802 2000 1135 2048; x_wconf 78' lang='lat' dir='ltr'><strong>Bartlcsancs</strong></span> <span class='ocrx_word' id='word_1_173' title='bbox 1154 2000 1343 2047; x_wconf 89' lang='lat' dir='ltr'><strong>tamen</strong></span> <span class='ocrx_word' id='word_1_174' title='bbox 1366 1997 1601 2047; x_wconf 86' lang='lat' dir='ltr'><strong>ineunte</strong></span> <span class='ocrx_word' id='word_1_175' title='bbox 1620 1994 1831 2067; x_wconf 65' lang='lat' dir='ltr'><strong>szeculo</strong></span> <span class='ocrx_word' id='word_1_176' title='bbox 1860 1992 2096 2067; x_wconf 86' lang='lat' dir='ltr'><strong>111._sub</strong></span> 
     </span>
    </p>
   </div>
   <div class='ocr_carea' id='block_1_27' title="bbox 495 2064 2096 2137">
    <p class='ocr_par' dir='ltr' id='par_1_27' title="bbox 495 2064 2096 2137">
     <span class='ocr_line' id='line_1_27' title="bbox 495 2064 2096 2137; baseline -0.007 -13"><span class='ocrx_word' id='word_1_177' title='bbox 495 2064 790 2137; x_wconf 61' lang='lat' dir='ltr'><strong>Eltigabalo</strong></span> <span class='ocrx_word' id='word_1_178' title='bbox 815 2071 1004 2133; x_wconf 87' lang='lat' dir='ltr'><strong>inepte</strong></span> <span class='ocrx_word' id='word_1_179' title='bbox 1037 2068 1297 2127; x_wconf 81' lang='lat' dir='ltr'>dixisset,</span> <span class='ocrx_word' id='word_1_180' title='bbox 1330 2067 1595 2117; x_wconf 85' lang='lat' dir='ltr'><strong>Arabiam</strong></span> <span class='ocrx_word' id='word_1_181' title='bbox 1625 2066 1829 2114; x_wconf 68' lang='lat' dir='ltr'><strong>mulius</strong></span> <span class='ocrx_word' id='word_1_182' title='bbox 1855 2064 2037 2137; x_wconf 79' lang='lat' dir='ltr'><strong>tertius</strong></span> <span class='ocrx_word' id='word_1_183' title='bbox 2062 2075 2096 2112; x_wconf 92' lang='lat' dir='ltr'><strong>a</strong></span> 
     </span>
    </p>
   </div>
   <div class='ocr_carea' id='block_1_28' title="bbox 495 2136 2092 2203">
    <p class='ocr_par' dir='ltr' id='par_1_28' title="bbox 495 2136 2092 2203">
     <span class='ocr_line' id='line_1_28' title="bbox 495 2136 2092 2203; baseline -0.011 -6"><span class='ocrx_word' id='word_1_184' title='bbox 495 2136 768 2197; x_wconf 79' lang='lat' dir='ltr'><strong>Romanis</strong></span> <span class='ocrx_word' id='word_1_185' title='bbox 786 2143 1100 2199; x_wconf 88' lang='lat' dir='ltr'><strong>subactam,</strong></span> <span class='ocrx_word' id='word_1_186' title='bbox 1127 2151 1301 2203; x_wconf 88' lang='lat' dir='ltr'><strong>quam</strong></span> <span class='ocrx_word' id='word_1_187' title='bbox 1326 2138 1487 2190; x_wconf 89' lang='lat' dir='ltr'><strong>initio</strong></span> <span class='ocrx_word' id='word_1_188' title='bbox 1506 2139 1701 2189; x_wconf 63' lang='lat' dir='ltr'><strong>saeculi</strong></span> <span class='ocrx_word' id='word_1_189' title='bbox 1714 2140 1778 2188; x_wconf 88' lang='lat' dir='ltr'><strong>Il.</strong></span> <span class='ocrx_word' id='word_1_190' title='bbox 1806 2136 2003 2198; x_wconf 70' lang='lat' dir='ltr'><strong>Trajan</strong></span> <span class='ocrx_word' id='word_1_191' title='bbox 2016 2148 2092 2195; x_wconf 85' lang='lat' dir='ltr'><strong>us,</strong></span> 
     </span>
    </p>
   </div>
   <div class='ocr_carea' id='block_1_29' title="bbox 495 2211 2093 2274">
    <p class='ocr_par' dir='ltr' id='par_1_29' title="bbox 495 2211 2093 2274">
     <span class='ocr_line' id='line_1_29' title="bbox 495 2211 2093 2274; baseline -0.007 -6"><span class='ocrx_word' id='word_1_192' title='bbox 495 2216 586 2268; x_wconf 87' lang='lat' dir='ltr'>vel</span> <span class='ocrx_word' id='word_1_193' title='bbox 608 2217 679 2265; x_wconf 83' lang='grc' dir='ltr'>Μ.</span> <span class='ocrx_word' id='word_1_194' title='bbox 705 2213 960 2264; x_wconf 73' lang='lat' dir='ltr'>Aurelius</span> <span class='ocrx_word' id='word_1_195' title='bbox 988 2216 1123 2262; x_wconf 91' lang='lat' dir='ltr'><strong>tunc</strong></span> <span class='ocrx_word' id='word_1_196' title='bbox 1147 2211 1396 2274; x_wconf 90' lang='lat' dir='ltr'><strong>primum</strong></span> <span class='ocrx_word' id='word_1_197' title='bbox 1422 2211 1765 2273; x_wconf 78' lang='lat' dir='ltr'>subegisset.</span> <span class='ocrx_word' id='word_1_198' title='bbox 1784 2211 1933 2259; x_wconf 86' lang='lat' dir='ltr'><strong>Bene</strong></span> <span class='ocrx_word' id='word_1_199' title='bbox 1958 2217 2093 2258; x_wconf 89' lang='lat' dir='ltr'><strong>vero</strong></span> 
     </span>
    </p>
   </div>
   <div class='ocr_carea' id='block_1_30' title="bbox 495 2281 2089 2347">
    <p class='ocr_par' dir='ltr' id='par_1_30' title="bbox 495 2281 2089 2347">
     <span class='ocr_line' id='line_1_30' title="bbox 495 2281 2089 2347; baseline -0.006 -8"><span class='ocrx_word' id='word_1_200' title='bbox 495 2288 564 2339; x_wconf 90' lang='lat' dir='ltr'><strong>de</strong></span> <span class='ocrx_word' id='word_1_201' title='bbox 592 2288 833 2347; x_wconf 87' lang='lat' dir='ltr'><strong>utroque</strong></span> <span class='ocrx_word' id='word_1_202' title='bbox 858 2283 913 2333; x_wconf 92' lang='lat' dir='ltr'>id</span> <span class='ocrx_word' id='word_1_203' title='bbox 945 2282 1129 2333; x_wconf 85' lang='lat' dir='ltr'><strong>dicere</strong></span> <span class='ocrx_word' id='word_1_204' title='bbox 1164 2282 1350 2345; x_wconf 87' lang='lat' dir='ltr'>potuit</span> <span class='ocrx_word' id='word_1_205' title='bbox 1384 2282 1503 2344; x_wconf 90' lang='lat' dir='ltr'>ipse</span> <span class='ocrx_word' id='word_1_206' title='bbox 1528 2283 1636 2332; x_wconf 87' lang='lat' dir='ltr'><strong>sub</strong></span> <span class='ocrx_word' id='word_1_207' title='bbox 1660 2282 1842 2330; x_wconf 80' lang='lat' dir='ltr'><strong>Marco</strong></span> <span class='ocrx_word' id='word_1_208' title='bbox 1864 2281 2089 2332; x_wconf 82' lang='lat' dir='ltr'><strong>vivens.</strong></span> 
     </span>
    </p>
   </div>
   <div class='ocr_carea' id='block_1_31' title="bbox 495 2352 2096 2420">
    <p class='ocr_par' dir='ltr' id='par_1_31' title="bbox 495 2352 2096 2420">
     <span class='ocr_line' id='line_1_31' title="bbox 495 2352 2096 2420; baseline -0.003 -10"><span class='ocrx_word' id='word_1_209' title='bbox 495 2358 621 2410; x_wconf 86' lang='lat' dir='ltr'><strong>Alia</strong></span> <span class='ocrx_word' id='word_1_210' title='bbox 636 2357 813 2420; x_wconf 86' lang='lat' dir='ltr'>hujus</span> <span class='ocrx_word' id='word_1_211' title='bbox 834 2354 1063 2418; x_wconf 78' lang='lat' dir='ltr'><strong>generis</strong></span> <span class='ocrx_word' id='word_1_212' title='bbox 1082 2366 1313 2417; x_wconf 85' lang='lat' dir='ltr'><strong>possem</strong></span> <span class='ocrx_word' id='word_1_213' title='bbox 1335 2354 1550 2403; x_wconf 85' lang='lat' dir='ltr'><strong>atlerre.</strong></span> <span class='ocrx_word' id='word_1_214' title='bbox 1579 2352 1687 2403; x_wconf 91' lang='lat' dir='ltr'><strong>Sed</strong></span> <span class='ocrx_word' id='word_1_215' title='bbox 1714 2353 1839 2404; x_wconf 66' lang='lat' dir='ltr'><strong>haac</strong></span> <span class='ocrx_word' id='word_1_216' title='bbox 1858 2353 1987 2414; x_wconf 87' lang='lat' dir='ltr'>plus</span> <span class='ocrx_word' id='word_1_217' title='bbox 2012 2366 2096 2405; x_wconf 88' lang='lat' dir='ltr'><strong>sa-</strong></span> 
     </span>
    </p>
   </div>
   <div class='ocr_carea' id='block_1_32' title="bbox 494 2424 2093 2489">
    <p class='ocr_par' dir='ltr' id='par_1_32' title="bbox 494 2424 2093 2489">
     <span class='ocr_line' id='line_1_32' title="bbox 494 2424 2093 2489; baseline -0.005 -7"><span class='ocrx_word' id='word_1_218' title='bbox 494 2432 568 2483; x_wconf 85' lang='lat' dir='ltr'><strong>tis</strong></span> <span class='ocrx_word' id='word_1_219' title='bbox 593 2429 887 2489; x_wconf 83' lang='lat' dir='ltr'><strong>evincunt,</strong></span> <span class='ocrx_word' id='word_1_220' title='bbox 922 2425 1288 2475; x_wconf 80' lang='lat' dir='ltr'><strong>Bardesanem</strong></span> <span class='ocrx_word' id='word_1_221' title='bbox 1314 2425 1422 2475; x_wconf 82' lang='lat' dir='ltr'><strong>sui)</strong></span> <span class='ocrx_word' id='word_1_222' title='bbox 1458 2425 1531 2475; x_wconf 86' lang='lat' dir='ltr'><strong>M.</strong></span> <span class='ocrx_word' id='word_1_223' title='bbox 1557 2424 1777 2473; x_wconf 78' lang='lat' dir='ltr'><strong>Aurelio</strong></span> <span class='ocrx_word' id='word_1_224' title='bbox 1813 2425 2093 2474; x_wconf 83' lang='lat' dir='ltr'><strong>Antonino</strong></span> 
     </span>
    </p>
   </div>
   <div class='ocr_carea' id='block_1_33' title="bbox 495 2495 2095 2558">
    <p class='ocr_par' dir='ltr' id='par_1_33' title="bbox 495 2495 2095 2558">
     <span class='ocr_line' id='line_1_33' title="bbox 495 2495 2095 2558; baseline -0.006 -5"><span class='ocrx_word' id='word_1_225' title='bbox 495 2502 715 2553; x_wconf 84' lang='lat' dir='ltr'><strong>seniore</strong></span> <span class='ocrx_word' id='word_1_226' title='bbox 749 2499 1039 2558; x_wconf 84' lang='lat' dir='ltr'>claruisse,</span> <span class='ocrx_word' id='word_1_227' title='bbox 1078 2496 1339 2558; x_wconf 82' lang='lat' dir='ltr'><strong>adeoque</strong></span> <span class='ocrx_word' id='word_1_228' title='bbox 1374 2495 1538 2546; x_wconf 87' lang='lat' dir='ltr'><strong>illum</strong></span> <span class='ocrx_word' id='word_1_229' title='bbox 1563 2496 1720 2547; x_wconf 89' lang='lat' dir='ltr'><strong>nullo</strong></span> <span class='ocrx_word' id='word_1_230' title='bbox 1746 2496 1914 2549; x_wconf 90' lang='lat' dir='ltr'><strong>modo</strong></span> <span class='ocrx_word' id='word_1_231' title='bbox 1939 2502 2095 2546; x_wconf 79' lang='lat' dir='ltr'><strong>Reco-</strong></span> 
     </span>
    </p>
   </div>
   <div class='ocr_carea' id='block_1_34' title="bbox 494 2568 2094 2638">
    <p class='ocr_par' dir='ltr' id='par_1_34' title="bbox 494 2568 2094 2638">
     <span class='ocr_line' id='line_1_34' title="bbox 494 2568 2094 2638; baseline -0.005 -14"><span class='ocrx_word' id='word_1_232' title='bbox 494 2569 1319 2638; x_wconf 88' lang='lat' dir='ltr'><strong>gnitionumClementinarum</strong></span> <span class='ocrx_word' id='word_1_233' title='bbox 1330 2573 1562 2619; x_wconf 90' lang='lat' dir='ltr'><strong>auctore</strong></span> <span class='ocrx_word' id='word_1_234' title='bbox 1582 2568 1887 2631; x_wconf 87' lang='lat' dir='ltr'><strong>juniorem,</strong></span> <span class='ocrx_word' id='word_1_235' title='bbox 1916 2572 2094 2616; x_wconf 82' lang='lat' dir='ltr'><strong>multo-</strong></span> 
     </span>
    </p>
   </div>
   <div class='ocr_carea' id='block_1_35' title="bbox 495 2639 2094 2708">
    <p class='ocr_par' dir='ltr' id='par_1_35' title="bbox 495 2639 2094 2708">
     <span class='ocr_line' id='line_1_35' title="bbox 495 2639 2094 2708; baseline -0.003 -13"><span class='ocrx_word' id='word_1_236' title='bbox 495 2657 609 2708; x_wconf 89' lang='lat' dir='ltr'><strong>que</strong></span> <span class='ocrx_word' id='word_1_237' title='bbox 632 2642 831 2694; x_wconf 89' lang='lat' dir='ltr'><strong>minus</strong></span> <span class='ocrx_word' id='word_1_238' title='bbox 867 2640 1176 2692; x_wconf 87' lang='lat' dir='ltr'><strong>earundem</strong></span> <span class='ocrx_word' id='word_1_239' title='bbox 1211 2643 1522 2703; x_wconf 85' lang='lat' dir='ltr'><strong>auctorem,</strong></span> <span class='ocrx_word' id='word_1_240' title='bbox 1556 2640 1666 2689; x_wconf 91' lang='lat' dir='ltr'><strong>dici</strong></span> <span class='ocrx_word' id='word_1_241' title='bbox 1689 2652 1862 2703; x_wconf 86' lang='lat' dir='ltr'><strong>posse</strong></span> <span class='ocrx_word' id='word_1_242' title='bbox 1896 2656 1907 2691; x_wconf 88' lang='lat'>:</span> <span class='ocrx_word' id='word_1_243' title='bbox 1941 2639 2094 2702; x_wconf 91' lang='lat' dir='ltr'><strong>quod</strong></span> 
     </span>
    </p>
   </div>
   <div class='ocr_carea' id='block_1_36' title="bbox 500 2711 2095 2775">
    <p class='ocr_par' dir='ltr' id='par_1_36' title="bbox 500 2711 2095 2775">
     <span class='ocr_line' id='line_1_36' title="bbox 500 2711 2095 2775; baseline -0.003 -8"><span class='ocrx_word' id='word_1_244' title='bbox 500 2721 692 2767; x_wconf 86' lang='lat' dir='ltr'><strong>tamen</strong></span> <span class='ocrx_word' id='word_1_245' title='bbox 716 2716 942 2764; x_wconf 88' lang='lat' dir='ltr'><strong>Caveus</strong></span> <span class='ocrx_word' id='word_1_246' title='bbox 983 2711 1271 2775; x_wconf 84' lang='lat' dir='ltr'><strong>cogitavit.</strong></span> <span class='ocrx_word' id='word_1_247' title='bbox 1305 2712 1516 2763; x_wconf 78' lang='lat' dir='ltr'><strong>Praeter</strong></span> <span class='ocrx_word' id='word_1_248' title='bbox 1555 2712 1802 2771; x_wconf 83' lang='lat' dir='ltr'><strong>Graecos,</strong></span> <span class='ocrx_word' id='word_1_249' title='bbox 1852 2712 2095 2775; x_wconf 84' lang='lat' dir='ltr'><strong>Epipha-</strong></span> 
     </span>
    </p>
   </div>
   <div class='ocr_carea' id='block_1_37' title="bbox 497 2783 2095 2846">
    <p class='ocr_par' dir='ltr' id='par_1_37' title="bbox 497 2783 2095 2846">
     <span class='ocr_line' id='line_1_37' title="bbox 497 2783 2095 2846; baseline -0.004 -9"><span class='ocrx_word' id='word_1_250' title='bbox 497 2788 679 2845; x_wconf 90' lang='lat' dir='ltr'><strong>nium,</strong></span> <span class='ocrx_word' id='word_1_251' title='bbox 704 2785 964 2846; x_wconf 87' lang='lat' dir='ltr'><strong>aliosque</strong></span> <span class='ocrx_word' id='word_1_252' title='bbox 984 2786 1201 2835; x_wconf 86' lang='lat' dir='ltr'><strong>veteres</strong></span> <span class='ocrx_word' id='word_1_253' title='bbox 1226 2785 1437 2845; x_wconf 90' lang='lat' dir='ltr'>Patres,</span> <span class='ocrx_word' id='word_1_254' title='bbox 1461 2783 1633 2834; x_wconf 88' lang='lat' dir='ltr'><strong>etiam</strong></span> <span class='ocrx_word' id='word_1_255' title='bbox 1655 2783 1915 2834; x_wconf 88' lang='lat' dir='ltr'><strong>Chronici</strong></span> <span class='ocrx_word' id='word_1_256' title='bbox 1948 2786 2095 2831; x_wconf 83' lang='lat' dir='ltr'><strong>Edes-</strong></span> 
     </span>
    </p>
   </div>
   <div class='ocr_carea' id='block_1_38' title="bbox 501 2854 2091 2917">
    <p class='ocr_par' dir='ltr' id='par_1_38' title="bbox 501 2854 2091 2917">
     <span class='ocr_line' id='line_1_38' title="bbox 501 2854 2091 2917; baseline -0.004 -7"><span class='ocrx_word' id='word_1_257' title='bbox 501 2858 623 2910; x_wconf 89' lang='lat' dir='ltr'><strong>seni</strong></span> <span class='ocrx_word' id='word_1_258' title='bbox 648 2870 683 2909; x_wconf 87' lang='lat' dir='ltr'><strong>a</strong></span> <span class='ocrx_word' id='word_1_259' title='bbox 706 2859 771 2907; x_wconf 85' lang='lat' dir='ltr'><strong>V.</strong></span> <span class='ocrx_word' id='word_1_260' title='bbox 793 2858 849 2907; x_wconf 84' lang='lat' dir='ltr'><strong>C.</strong></span> <span class='ocrx_word' id='word_1_261' title='bbox 875 2854 1127 2917; x_wconf 84' lang='lat' dir='ltr'><strong>.loseplio</strong></span> <span class='ocrx_word' id='word_1_262' title='bbox 1152 2855 1403 2906; x_wconf 87' lang='lat' dir='ltr'><strong>Simonio</strong></span> <span class='ocrx_word' id='word_1_263' title='bbox 1424 2856 1744 2906; x_wconf 87' lang='lat' dir='ltr'><strong>Assemano</strong></span> <span class='ocrx_word' id='word_1_264' title='bbox 1766 2867 1949 2917; x_wconf 85' lang='lat' dir='ltr'><strong>nuper</strong></span> <span class='ocrx_word' id='word_1_265' title='bbox 1972 2858 2091 2903; x_wconf 84' lang='lat' dir='ltr'><strong>cuiu</strong></span> 
     </span>
    </p>
   </div>
   <div class='ocr_carea' id='block_1_39' title="bbox 499 2925 2091 2989">
    <p class='ocr_par' dir='ltr' id='par_1_39' title="bbox 499 2925 2091 2989">
     <span class='ocr_line' id='line_1_39' title="bbox 499 2925 2091 2989; baseline -0.003 -9"><span class='ocrx_word' id='word_1_266' title='bbox 499 2931 715 2987; x_wconf 88' lang='lat' dir='ltr'><strong>auctor,</strong></span> <span class='ocrx_word' id='word_1_267' title='bbox 768 2928 827 2977; x_wconf 87' lang='lat' dir='ltr'><strong>in</strong></span> <span class='ocrx_word' id='word_1_268' title='bbox 872 2926 1217 2977; x_wconf 87' lang='lat' dir='ltr'><strong>Bibliotheca</strong></span> <span class='ocrx_word' id='word_1_269' title='bbox 1263 2926 1771 2977; x_wconf 86' lang='lat' dir='ltr'><strong>Orientalitom.1.</strong></span> <span class='ocrx_word' id='word_1_270' title='bbox 1812 2938 1942 2989; x_wconf 84' lang='lat' dir='ltr'><strong>pag.</strong></span> <span class='ocrx_word' id='word_1_271' title='bbox 1970 2925 2091 2979; x_wconf 70' lang='lat'><strong>389.</strong></span> 
     </span>
    </p>
   </div>
   <div class='ocr_carea' id='block_1_40' title="bbox 500 2996 2093 3061">
    <p class='ocr_par' dir='ltr' id='par_1_40' title="bbox 500 2996 2093 3061">
     <span class='ocr_line' id='line_1_40' title="bbox 500 2996 2093 3061; baseline -0.002 -11"><span class='ocrx_word' id='word_1_272' title='bbox 500 3001 862 3050; x_wconf 75' lang='lat' dir='ltr'><strong>Barrlcsancm</strong></span> <span class='ocrx_word' id='word_1_273' title='bbox 894 2996 1085 3049; x_wconf 83' lang='lat' dir='ltr'><strong>retulit</strong></span> <span class='ocrx_word' id='word_1_274' title='bbox 1110 2997 1180 3048; x_wconf 89' lang='lat' dir='ltr'><strong>ad</strong></span> <span class='ocrx_word' id='word_1_275' title='bbox 1200 3002 1456 3061; x_wconf 88' lang='lat' dir='ltr'><strong>tempora</strong></span> <span class='ocrx_word' id='word_1_276' title='bbox 1486 2998 1559 3047; x_wconf 89' lang='lat' dir='ltr'><strong>M.</strong></span> <span class='ocrx_word' id='word_1_277' title='bbox 1586 2996 1818 3046; x_wconf 76' lang='lat' dir='ltr'><strong>Aurelii.</strong></span> <span class='ocrx_word' id='word_1_278' title='bbox 1858 2997 2093 3048; x_wconf 89' lang='lat' dir='ltr'><strong>Photius</strong></span> 
     </span>
    </p>
   </div>
   <div class='ocr_carea' id='block_1_41' title="bbox 498 3068 2100 3132">
    <p class='ocr_par' dir='ltr' id='par_1_41' title="bbox 498 3068 2100 3132">
     <span class='ocr_line' id='line_1_41' title="bbox 498 3068 2100 3132; baseline -0.002 -9"><span class='ocrx_word' id='word_1_279' title='bbox 498 3072 622 3123; x_wconf 91' lang='lat' dir='ltr'><strong>cod.</strong></span> <span class='ocrx_word' id='word_1_280' title='bbox 643 3070 1086 3121; x_wconf 86' lang='lat' dir='ltr'><strong>CCXXIII.dum</strong></span> <span class='ocrx_word' id='word_1_281' title='bbox 1117 3069 1396 3132; x_wconf 78' lang='lat' dir='ltr'><strong>Theodori,</strong></span> <span class='ocrx_word' id='word_1_282' title='bbox 1425 3068 1587 3119; x_wconf 87' lang='lat' dir='ltr'>Tarsi</span> <span class='ocrx_word' id='word_1_283' title='bbox 1612 3068 1891 3132; x_wconf 88' lang='lat' dir='ltr'>Episcopi,</span> <span class='ocrx_word' id='word_1_284' title='bbox 1924 3068 2100 3120; x_wconf 86' lang='lat' dir='ltr'>libros</span> 
     </span>
    </p>
   </div>
   <div class='ocr_carea' id='block_1_42' title="bbox 500 3140 2097 3203">
    <p class='ocr_par' dir='ltr' id='par_1_42' title="bbox 500 3140 2097 3203">
     <span class='ocr_line' id='line_1_42' title="bbox 500 3140 2097 3203; baseline -0.003 -10"><span class='ocrx_word' id='word_1_285' title='bbox 500 3146 619 3193; x_wconf 89' lang='lat' dir='ltr'><strong>VII.</strong></span> <span class='ocrx_word' id='word_1_286' title='bbox 658 3148 845 3191; x_wconf 81' lang='lat' dir='ltr'><strong>contra</strong></span> <span class='ocrx_word' id='word_1_287' title='bbox 870 3143 1062 3189; x_wconf 29' lang='lat' dir='ltr'><strong>Iratum</strong></span> <span class='ocrx_word' id='word_1_288' title='bbox 1104 3144 1381 3203; x_wconf 81' lang='lat' dir='ltr'><strong>recenset,</strong></span> <span class='ocrx_word' id='word_1_289' title='bbox 1428 3140 1524 3200; x_wconf 88' lang='lat' dir='ltr'><strong>ait,</strong></span> <span class='ocrx_word' id='word_1_290' title='bbox 1565 3152 1699 3191; x_wconf 91' lang='lat' dir='ltr'><strong>eum</strong></span> <span class='ocrx_word' id='word_1_291' title='bbox 1733 3152 1856 3203; x_wconf 87' lang='lat' dir='ltr'><strong>cap.</strong></span> <span class='ocrx_word' id='word_1_292' title='bbox 1887 3141 1926 3189; x_wconf 92' lang='grc' dir='ltr'><strong>Ι.</strong></span> <span class='ocrx_word' id='word_1_293' title='bbox 1956 3144 2011 3191; x_wconf 90' lang='lat' dir='ltr'><strong>et</strong></span> <span class='ocrx_word' id='word_1_294' title='bbox 2036 3143 2097 3191; x_wconf 91' lang='lat' dir='ltr'><strong>L.</strong></span> 
     </span>
    </p>
   </div>
   <div class='ocr_carea' id='block_1_43' title="bbox 2196 492 3805 557">
    <p class='ocr_par' dir='ltr' id='par_1_43' title="bbox 2196 492 3805 557">
     <span class='ocr_line' id='line_1_43' title="bbox 2196 492 3805 557; baseline -0.001 -12"><span class='ocrx_word' id='word_1_295' title='bbox 2196 496 2417 545; x_wconf 92' lang='lat' dir='ltr'><strong>tionum</strong></span> <span class='ocrx_word' id='word_1_296' title='bbox 2441 507 2646 557; x_wconf 60' lang='lat' dir='ltr'><strong>praeco,</strong></span> <span class='ocrx_word' id='word_1_297' title='bbox 2678 494 2979 545; x_wconf 62' lang='lat' dir='ltr'><strong>Caracallaa</strong></span> <span class='ocrx_word' id='word_1_298' title='bbox 3005 494 3148 544; x_wconf 91' lang='lat' dir='ltr'><strong>iram</strong></span> <span class='ocrx_word' id='word_1_299' title='bbox 3171 493 3415 556; x_wconf 83' lang='lat' dir='ltr'><strong>fugiens.</strong></span> <span class='ocrx_word' id='word_1_300' title='bbox 3443 492 3805 543; x_wconf 79' lang='lat' dir='ltr'>Alexandria</span> 
     </span>
    </p>
   </div>
   <div class='ocr_carea' id='block_1_44' title="bbox 2187 564 3800 629">
    <p class='ocr_par' dir='ltr' id='par_1_44' title="bbox 2187 564 3800 629">
     <span class='ocr_line' id='line_1_44' title="bbox 2187 564 3800 629; baseline -0.003 -11"><span class='ocrx_word' id='word_1_301' title='bbox 2187 568 2248 617; x_wconf 88' lang='lat' dir='ltr'><strong>in</strong></span> <span class='ocrx_word' id='word_1_302' title='bbox 2272 567 2600 615; x_wconf 70' lang='lat' dir='ltr'><strong>l’ttlcstinam</strong></span> <span class='ocrx_word' id='word_1_303' title='bbox 2640 566 2820 629; x_wconf 90' lang='lat' dir='ltr'><strong>primo</strong></span> <span class='ocrx_word' id='word_1_304' title='bbox 2857 566 3117 616; x_wconf 86' lang='lat' dir='ltr'><strong>secessit.</strong></span> <span class='ocrx_word' id='word_1_305' title='bbox 3161 565 3255 615; x_wconf 85' lang='lat' dir='ltr'><strong>Bis</strong></span> <span class='ocrx_word' id='word_1_306' title='bbox 3277 569 3475 615; x_wconf 88' lang='lat' dir='ltr'><strong>autem</strong></span> <span class='ocrx_word' id='word_1_307' title='bbox 3501 564 3639 614; x_wconf 90' lang='lat' dir='ltr'><strong>illuc</strong></span> <span class='ocrx_word' id='word_1_308' title='bbox 3662 577 3800 614; x_wconf 87' lang='lat' dir='ltr'><strong>eum</strong></span> 
     </span>
    </p>
   </div>
   <div class='ocr_carea' id='block_1_45' title="bbox 2189 635 3805 699">
    <p class='ocr_par' dir='ltr' id='par_1_45' title="bbox 2189 635 3805 699">
     <span class='ocr_line' id='line_1_45' title="bbox 2189 635 3805 699; baseline -0.006 -10"><span class='ocrx_word' id='word_1_309' title='bbox 2189 637 2523 689; x_wconf 82' lang='lat' dir='ltr'><strong>convolasse</strong></span> <span class='ocrx_word' id='word_1_310' title='bbox 2536 636 2941 688; x_wconf 87' lang='lat' dir='ltr'>animadvertit</span> <span class='ocrx_word' id='word_1_311' title='bbox 2955 636 3271 687; x_wconf 82' lang='lat' dir='ltr'><strong>liuetiusin</strong></span> <span class='ocrx_word' id='word_1_312' title='bbox 3283 635 3652 699; x_wconf 84' lang='lat' dir='ltr'><strong>Origenianis</strong></span> <span class='ocrx_word' id='word_1_313' title='bbox 3671 638 3805 683; x_wconf 64' lang='grc' dir='ltr'><strong>ιὶὶρτει</strong></span> 
     </span>
    </p>
   </div>
   <div class='ocr_carea' id='block_1_46' title="bbox 2191 706 3805 773">
    <p class='ocr_par' dir='ltr' id='par_1_46' title="bbox 2191 706 3805 773">
     <span class='ocr_line' id='line_1_46' title="bbox 2191 706 3805 773; baseline -0.004 -14"><span class='ocrx_word' id='word_1_314' title='bbox 2191 713 2209 759; x_wconf 96' lang='lat'>1</span> <span class='ocrx_word' id='word_1_315' title='bbox 2259 722 2380 773; x_wconf 83' lang='lat' dir='ltr'><strong>cap.</strong></span> <span class='ocrx_word' id='word_1_316' title='bbox 2408 712 2472 759; x_wconf 92' lang='lat' dir='ltr'><strong>II.</strong></span> <span class='ocrx_word' id='word_1_317' title='bbox 2501 714 2552 769; x_wconf 50' lang='grc' dir='ltr'>ᾗ.</span> <span class='ocrx_word' id='word_1_318' title='bbox 2579 708 2627 761; x_wconf 84' lang='grc'><strong>6.</strong></span> <span class='ocrx_word' id='word_1_319' title='bbox 2659 722 2786 772; x_wconf 82' lang='lat' dir='ltr'><strong>pag.</strong></span> <span class='ocrx_word' id='word_1_320' title='bbox 2822 708 2904 762; x_wconf 87' lang='grc'><strong>10.</strong></span> <span class='ocrx_word' id='word_1_321' title='bbox 2932 710 3092 759; x_wconf 84' lang='lat' dir='ltr'>Prius</span> <span class='ocrx_word' id='word_1_322' title='bbox 3123 708 3383 771; x_wconf 88' lang='lat' dir='ltr'><strong>Origenis</strong></span> <span class='ocrx_word' id='word_1_323' title='bbox 3414 707 3601 757; x_wconf 89' lang='lat' dir='ltr'><strong>iterin</strong></span> <span class='ocrx_word' id='word_1_324' title='bbox 3624 706 3805 755; x_wconf 49' lang='lat' dir='ltr'><strong>Pala-</strong></span> 
     </span>
    </p>
   </div>
   <div class='ocr_carea' id='block_1_47' title="bbox 2189 777 3807 843">
    <p class='ocr_par' dir='ltr' id='par_1_47' title="bbox 2189 777 3807 843">
     <span class='ocr_line' id='line_1_47' title="bbox 2189 777 3807 843; baseline -0.001 -14"><span class='ocrx_word' id='word_1_325' title='bbox 2189 783 2331 829; x_wconf 71' lang='lat' dir='ltr'><strong>stinu</strong></span> <span class='ocrx_word' id='word_1_326' title='bbox 2344 797 2413 839; x_wconf 83' lang='lat' dir='ltr'><strong>m,</strong></span> <span class='ocrx_word' id='word_1_327' title='bbox 2434 781 2530 829; x_wconf 91' lang='lat' dir='ltr'><strong>ubi</strong></span> <span class='ocrx_word' id='word_1_328' title='bbox 2555 782 2831 831; x_wconf 62' lang='lat' dir='ltr'><strong>Caesareas</strong></span> <span class='ocrx_word' id='word_1_329' title='bbox 2845 780 3051 843; x_wconf 86' lang='lat' dir='ltr'>pedem</span> <span class='ocrx_word' id='word_1_330' title='bbox 3070 780 3540 841; x_wconf 79' lang='lat' dir='ltr'><strong>fixit,sanctoque</strong></span> <span class='ocrx_word' id='word_1_331' title='bbox 3556 777 3807 829; x_wconf 78' lang='lat' dir='ltr'><strong>Alexan-</strong></span> 
     </span>
    </p>
   </div>
   <div class='ocr_carea' id='block_1_48' title="bbox 2190 850 3804 915">
    <p class='ocr_par' dir='ltr' id='par_1_48' title="bbox 2190 850 3804 915">
     <span class='ocr_line' id='line_1_48' title="bbox 2190 850 3804 915; baseline -0.002 -12"><span class='ocrx_word' id='word_1_332' title='bbox 2190 854 2292 903; x_wconf 87' lang='lat' dir='ltr'><strong>dro</strong></span> <span class='ocrx_word' id='word_1_333' title='bbox 2318 852 2847 914; x_wconf 72' lang='lat' dir='ltr'><strong>Hierosolymorum</strong></span> <span class='ocrx_word' id='word_1_334' title='bbox 2885 853 3161 915; x_wconf 79' lang='lat' dir='ltr'><strong>Episcopo</strong></span> <span class='ocrx_word' id='word_1_335' title='bbox 3187 850 3455 909; x_wconf 87' lang='lat' dir='ltr'><strong>innotuit,</strong></span> <span class='ocrx_word' id='word_1_336' title='bbox 3480 850 3554 899; x_wconf 88' lang='lat' dir='ltr'><strong>ab</strong></span> <span class='ocrx_word' id='word_1_337' title='bbox 3588 850 3804 900; x_wconf 82' lang='lat' dir='ltr'><strong>Huelio</strong></span> 
     </span>
    </p>
   </div>
   <div class='ocr_carea' id='block_1_49' title="bbox 2192 920 3803 986">
    <p class='ocr_par' dir='ltr' id='par_1_49' title="bbox 2192 920 3803 986">
     <span class='ocr_line' id='line_1_49' title="bbox 2192 920 3803 986; baseline -0.001 -13"><span class='ocrx_word' id='word_1_338' title='bbox 2192 924 2442 986; x_wconf 71' lang='lat' dir='ltr'><strong>illigatur</strong></span> <span class='ocrx_word' id='word_1_339' title='bbox 2464 926 2534 973; x_wconf 82' lang='lat' dir='ltr'><strong>A.</strong></span> <span class='ocrx_word' id='word_1_340' title='bbox 2575 926 2643 974; x_wconf 94' lang='lat' dir='ltr'><strong>D.</strong></span> <span class='ocrx_word' id='word_1_341' title='bbox 2669 921 2791 975; x_wconf 72' lang='grc'>⁸215.</span> <span class='ocrx_word' id='word_1_342' title='bbox 2820 923 2899 972; x_wconf 89' lang='lat' dir='ltr'><strong>Ibi</strong></span> <span class='ocrx_word' id='word_1_343' title='bbox 2928 927 3124 973; x_wconf 88' lang='lat' dir='ltr'><strong>tantus</strong></span> <span class='ocrx_word' id='word_1_344' title='bbox 3150 922 3198 972; x_wconf 90' lang='lat' dir='ltr'>ei</span> <span class='ocrx_word' id='word_1_345' title='bbox 3223 922 3407 972; x_wconf 84' lang='lat' dir='ltr'><strong>honor</strong></span> <span class='ocrx_word' id='word_1_346' title='bbox 3422 920 3661 971; x_wconf 86' lang='lat' dir='ltr'><strong>habitus</strong></span> <span class='ocrx_word' id='word_1_347' title='bbox 3687 928 3803 972; x_wconf 84' lang='lat' dir='ltr'><strong>est.</strong></span> 
     </span>
    </p>
   </div>
   <div class='ocr_carea' id='block_1_50' title="bbox 2192 991 3808 1045">
    <p class='ocr_par' dir='ltr' id='par_1_50' title="bbox 2192 991 3808 1045">
     <span class='ocr_line' id='line_1_50' title="bbox 2192 991 3808 1045; baseline -0.002 0"><span class='ocrx_word' id='word_1_348' title='bbox 2192 1001 2255 1045; x_wconf 89' lang='lat' dir='ltr'><strong>ut</strong></span> <span class='ocrx_word' id='word_1_349' title='bbox 2279 995 2537 1045; x_wconf 89' lang='lat' dir='ltr'><strong>nondum</strong></span> <span class='ocrx_word' id='word_1_350' title='bbox 2568 994 2744 1044; x_wconf 85' lang='lat' dir='ltr'><strong>sacris</strong></span> <span class='ocrx_word' id='word_1_351' title='bbox 2781 994 3002 1044; x_wconf 89' lang='lat' dir='ltr'><strong>initiato</strong></span> <span class='ocrx_word' id='word_1_352' title='bbox 3036 992 3428 1042; x_wconf 85' lang='lat' dir='ltr'><strong>ministerium</strong></span> <span class='ocrx_word' id='word_1_353' title='bbox 3474 991 3808 1042; x_wconf 77' lang='lat' dir='ltr'><strong>deferretur</strong></span> 
     </span>
    </p>
   </div>
   <div class='ocr_carea' id='block_1_51' title="bbox 2195 1062 3807 1127">
    <p class='ocr_par' dir='ltr' id='par_1_51' title="bbox 2195 1062 3807 1127">
     <span class='ocr_line' id='line_1_51' title="bbox 2195 1062 3807 1127; baseline -0.004 -11"><span class='ocrx_word' id='word_1_354' title='bbox 2195 1066 2363 1116; x_wconf 84' lang='lat' dir='ltr'>Verbi</span> <span class='ocrx_word' id='word_1_355' title='bbox 2389 1066 2485 1115; x_wconf 90' lang='lat' dir='ltr'><strong>Dei</strong></span> <span class='ocrx_word' id='word_1_356' title='bbox 2508 1065 2731 1127; x_wconf 87' lang='lat' dir='ltr'>publice</span> <span class='ocrx_word' id='word_1_357' title='bbox 2756 1065 2813 1114; x_wconf 87' lang='lat' dir='ltr'><strong>in</strong></span> <span class='ocrx_word' id='word_1_358' title='bbox 2839 1064 3095 1115; x_wconf 81' lang='lat' dir='ltr'>Ecclesia</span> <span class='ocrx_word' id='word_1_359' title='bbox 3117 1062 3676 1127; x_wconf 87' lang='lat' dir='ltr'><strong>explanandicoram</strong></span> <span class='ocrx_word' id='word_1_360' title='bbox 3694 1068 3807 1122; x_wconf 70' lang='lat' dir='ltr'><strong>ept—</strong></span> 
     </span>
    </p>
   </div>
   <div class='ocr_carea' id='block_1_52' title="bbox 2192 1134 3804 1201">
    <p class='ocr_par' dir='ltr' id='par_1_52' title="bbox 2192 1134 3804 1201">
     <span class='ocr_line' id='line_1_52' title="bbox 2192 1134 3804 1201; baseline -0.004 -12"><span class='ocrx_word' id='word_1_361' title='bbox 2192 1138 2398 1201; x_wconf 88' lang='lat' dir='ltr'><strong>scopis.</strong></span> <span class='ocrx_word' id='word_1_362' title='bbox 2439 1139 2523 1187; x_wconf 81' lang='lat' dir='ltr'><strong>Ex</strong></span> <span class='ocrx_word' id='word_1_363' title='bbox 2573 1136 2682 1187; x_wconf 90' lang='lat' dir='ltr'><strong>hoc</strong></span> <span class='ocrx_word' id='word_1_364' title='bbox 2750 1137 2969 1193; x_wconf 80' lang='lat' dir='ltr'><strong>itinere,</strong></span> <span class='ocrx_word' id='word_1_365' title='bbox 3026 1137 3155 1198; x_wconf 90' lang='lat' dir='ltr'>post</span> <span class='ocrx_word' id='word_1_366' title='bbox 3201 1148 3418 1186; x_wconf 61' lang='lat' dir='ltr'><strong>cassum</strong></span> <span class='ocrx_word' id='word_1_367' title='bbox 3447 1134 3804 1184; x_wconf 86' lang='lat' dir='ltr'><strong>Caracallam</strong></span> 
     </span>
    </p>
   </div>
   <div class='ocr_carea' id='block_1_53' title="bbox 2191 1205 3807 1268">
    <p class='ocr_par' dir='ltr' id='par_1_53' title="bbox 2191 1205 3807 1268">
     <span class='ocr_line' id='line_1_53' title="bbox 2191 1205 3807 1268; baseline -0.004 -8"><span class='ocrx_word' id='word_1_368' title='bbox 2191 1212 2257 1260; x_wconf 84' lang='lat' dir='ltr'><strong>A.</strong></span> <span class='ocrx_word' id='word_1_369' title='bbox 2285 1211 2345 1259; x_wconf 89' lang='grc' dir='ltr'><strong>Ι).</strong></span> <span class='ocrx_word' id='word_1_370' title='bbox 2375 1206 2497 1261; x_wconf 73' lang='lat'><strong>9.17.</strong></span> <span class='ocrx_word' id='word_1_371' title='bbox 2525 1208 2797 1267; x_wconf 83' lang='lat' dir='ltr'><strong>Origenes</strong></span> <span class='ocrx_word' id='word_1_372' title='bbox 2832 1206 3242 1268; x_wconf 75' lang='lat' dir='ltr'><strong>Hierosolymis</strong></span> <span class='ocrx_word' id='word_1_373' title='bbox 3268 1205 3689 1256; x_wconf 74' lang='lat' dir='ltr'><strong>Alexandriam</strong></span> <span class='ocrx_word' id='word_1_374' title='bbox 3714 1219 3807 1255; x_wconf 79' lang='lat' dir='ltr'><strong>re-</strong></span> 
     </span>
    </p>
   </div>
   <div class='ocr_carea' id='block_1_54' title="bbox 2190 1276 3807 1343">
    <p class='ocr_par' dir='ltr' id='par_1_54' title="bbox 2190 1276 3807 1343">
     <span class='ocr_line' id='line_1_54' title="bbox 2190 1276 3807 1343; baseline -0.005 -12"><span class='ocrx_word' id='word_1_375' title='bbox 2190 1282 2329 1343; x_wconf 88' lang='lat' dir='ltr'><strong>dux,</strong></span> <span class='ocrx_word' id='word_1_376' title='bbox 2358 1293 2557 1330; x_wconf 88' lang='lat' dir='ltr'><strong>secum</strong></span> <span class='ocrx_word' id='word_1_377' title='bbox 2570 1279 3005 1342; x_wconf 71' lang='lat' dir='ltr'><strong>Ilecognitiones</strong></span> <span class='ocrx_word' id='word_1_378' title='bbox 3022 1278 3225 1328; x_wconf 87' lang='lat' dir='ltr'>tulisse</span> <span class='ocrx_word' id='word_1_379' title='bbox 3241 1276 3523 1328; x_wconf 87' lang='lat' dir='ltr'><strong>dicendus</strong></span> <span class='ocrx_word' id='word_1_380' title='bbox 3540 1283 3652 1337; x_wconf 88' lang='lat' dir='ltr'><strong>est,</strong></span> <span class='ocrx_word' id='word_1_381' title='bbox 3668 1279 3807 1325; x_wconf 83' lang='lat' dir='ltr'><strong>unde</strong></span> 
     </span>
    </p>
   </div>
   <div class='ocr_carea' id='block_1_55' title="bbox 2191 1348 3806 1417">
    <p class='ocr_par' dir='ltr' id='par_1_55' title="bbox 2191 1348 3806 1417">
     <span class='ocr_line' id='line_1_55' title="bbox 2191 1348 3806 1417; baseline -0.006 -14"><span class='ocrx_word' id='word_1_382' title='bbox 2191 1354 2312 1417; x_wconf 87' lang='lat' dir='ltr'><strong>ipse</strong></span> <span class='ocrx_word' id='word_1_383' title='bbox 2329 1352 2553 1402; x_wconf 90' lang='lat' dir='ltr'><strong>illarum</strong></span> <span class='ocrx_word' id='word_1_384' title='bbox 2577 1351 2892 1402; x_wconf 87' lang='lat' dir='ltr'><strong>sententias</strong></span> <span class='ocrx_word' id='word_1_385' title='bbox 2912 1349 3033 1400; x_wconf 90' lang='lat' dir='ltr'><strong>suis</strong></span> <span class='ocrx_word' id='word_1_386' title='bbox 3046 1348 3482 1399; x_wconf 89' lang='lat' dir='ltr'><strong>Commentariis</strong></span> <span class='ocrx_word' id='word_1_387' title='bbox 3504 1350 3806 1407; x_wconf 66' lang='lat' dir='ltr'><strong>admisvuit,</strong></span> 
     </span>
    </p>
   </div>
   <div class='ocr_carea' id='block_1_56' title="bbox 2192 1420 3805 1487">
    <p class='ocr_par' dir='ltr' id='par_1_56' title="bbox 2192 1420 3805 1487">
     <span class='ocr_line' id='line_1_56' title="bbox 2192 1420 3805 1487; baseline -0.006 -12"><span class='ocrx_word' id='word_1_388' title='bbox 2192 1436 2433 1487; x_wconf 89' lang='lat' dir='ltr'><strong>quorum</strong></span> <span class='ocrx_word' id='word_1_389' title='bbox 2461 1428 2572 1470; x_wconf 86' lang='lat' dir='ltr'><strong>octo</strong></span> <span class='ocrx_word' id='word_1_390' title='bbox 2597 1423 2801 1485; x_wconf 80' lang='lat' dir='ltr'><strong>priores</strong></span> <span class='ocrx_word' id='word_1_391' title='bbox 2827 1428 2991 1469; x_wconf 85' lang='lat' dir='ltr'><strong>tomos</strong></span> <span class='ocrx_word' id='word_1_392' title='bbox 3020 1421 3079 1471; x_wconf 88' lang='lat' dir='ltr'><strong>in</strong></span> <span class='ocrx_word' id='word_1_393' title='bbox 3096 1421 3362 1471; x_wconf 82' lang='lat' dir='ltr'><strong>Genesim</strong></span> <span class='ocrx_word' id='word_1_394' title='bbox 3390 1420 3683 1470; x_wconf 82' lang='lat' dir='ltr'>Eusebius</span> <span class='ocrx_word' id='word_1_395' title='bbox 3702 1420 3805 1470; x_wconf 64' lang='lat' dir='ltr'><strong>lii).</strong></span> 
     </span>
    </p>
   </div>
   <div class='ocr_carea' id='block_1_57' title="bbox 2194 1492 3807 1556">
    <p class='ocr_par' dir='ltr' id='par_1_57' title="bbox 2194 1492 3807 1556">
     <span class='ocr_line' id='line_1_57' title="bbox 2194 1492 3807 1556; baseline -0.004 -10"><span class='ocrx_word' id='word_1_396' title='bbox 2194 1499 2282 1546; x_wconf 86' lang='lat' dir='ltr'><strong>VI.</strong></span> <span class='ocrx_word' id='word_1_397' title='bbox 2327 1496 2475 1545; x_wconf 83' lang='lat' dir='ltr'><strong>Hist.</strong></span> <span class='ocrx_word' id='word_1_398' title='bbox 2502 1507 2624 1556; x_wconf 85' lang='lat' dir='ltr'><strong>cap.</strong></span> <span class='ocrx_word' id='word_1_399' title='bbox 2664 1495 2815 1544; x_wconf 84' lang='lat' dir='ltr'><strong>XIX.</strong></span> <span class='ocrx_word' id='word_1_400' title='bbox 2843 1505 2914 1543; x_wconf 84' lang='lat' dir='ltr'><strong>ex</strong></span> <span class='ocrx_word' id='word_1_401' title='bbox 2954 1499 3092 1541; x_wconf 88' lang='lat' dir='ltr'><strong>(omo</strong></span> <span class='ocrx_word' id='word_1_402' title='bbox 3123 1505 3320 1543; x_wconf 91' lang='lat' dir='ltr'><strong>eorum</strong></span> <span class='ocrx_word' id='word_1_403' title='bbox 3356 1507 3499 1540; x_wconf 81' lang='lat' dir='ltr'><strong>nono</strong></span> <span class='ocrx_word' id='word_1_404' title='bbox 3522 1492 3807 1551; x_wconf 77' lang='lat' dir='ltr'><strong>ostendit,</strong></span> 
     </span>
    </p>
   </div>
   <div class='ocr_carea' id='block_1_58' title="bbox 2191 1562 3809 1628">
    <p class='ocr_par' dir='ltr' id='par_1_58' title="bbox 2191 1562 3809 1628">
     <span class='ocr_line' id='line_1_58' title="bbox 2191 1562 3809 1628; baseline -0.004 -10"><span class='ocrx_word' id='word_1_405' title='bbox 2191 1566 2555 1619; x_wconf 66' lang='lat' dir='ltr'><strong>Alexandriae</strong></span> <span class='ocrx_word' id='word_1_406' title='bbox 2574 1565 2752 1615; x_wconf 89' lang='lat' dir='ltr'><strong>fuisse</strong></span> <span class='ocrx_word' id='word_1_407' title='bbox 2778 1565 3151 1628; x_wconf 90' lang='lat' dir='ltr'><strong>conscriptos,</strong></span> <span class='ocrx_word' id='word_1_408' title='bbox 3186 1568 3244 1615; x_wconf 91' lang='lat' dir='ltr'><strong>et</strong></span> <span class='ocrx_word' id='word_1_409' title='bbox 3269 1563 3501 1627; x_wconf 87' lang='lat' dir='ltr'><strong>quidem</strong></span> <span class='ocrx_word' id='word_1_410' title='bbox 3518 1569 3657 1627; x_wconf 88' lang='lat' dir='ltr'><strong>post</strong></span> <span class='ocrx_word' id='word_1_411' title='bbox 3680 1562 3809 1613; x_wconf 85' lang='lat' dir='ltr'><strong>Ori-</strong></span> 
     </span>
    </p>
   </div>
   <div class='ocr_carea' id='block_1_59' title="bbox 2192 1635 3807 1703">
    <p class='ocr_par' dir='ltr' id='par_1_59' title="bbox 2192 1635 3807 1703">
     <span class='ocr_line' id='line_1_59' title="bbox 2192 1635 3807 1703; baseline -0.006 -13"><span class='ocrx_word' id='word_1_412' title='bbox 2192 1640 2356 1703; x_wconf 89' lang='lat' dir='ltr'><strong>genis</strong></span> <span class='ocrx_word' id='word_1_413' title='bbox 2378 1638 2485 1690; x_wconf 88' lang='lat' dir='ltr'><strong>iter</strong></span> <span class='ocrx_word' id='word_1_414' title='bbox 2510 1638 2649 1688; x_wconf 87' lang='lat' dir='ltr'>illud</span> <span class='ocrx_word' id='word_1_415' title='bbox 2670 1638 2918 1700; x_wconf 88' lang='lat' dir='ltr'><strong>primum</strong></span> <span class='ocrx_word' id='word_1_416' title='bbox 2935 1637 2994 1686; x_wconf 91' lang='lat' dir='ltr'><strong>in</strong></span> <span class='ocrx_word' id='word_1_417' title='bbox 3010 1636 3372 1687; x_wconf 88' lang='lat' dir='ltr'><strong>Palestinam.</strong></span> <span class='ocrx_word' id='word_1_418' title='bbox 3389 1635 3807 1697; x_wconf 72' lang='lat' dir='ltr'><strong>Rccognitiones</strong></span> 
     </span>
    </p>
   </div>
   <div class='ocr_carea' id='block_1_60' title="bbox 2194 1706 3807 1769">
    <p class='ocr_par' dir='ltr' id='par_1_60' title="bbox 2194 1706 3807 1769">
     <span class='ocr_line' id='line_1_60' title="bbox 2194 1706 3807 1769; baseline -0.003 -8"><span class='ocrx_word' id='word_1_419' title='bbox 2194 1723 2327 1761; x_wconf 86' lang='lat' dir='ltr'><strong>vero</strong></span> <span class='ocrx_word' id='word_1_420' title='bbox 2359 1710 2417 1760; x_wconf 92' lang='lat' dir='ltr'><strong>in</strong></span> <span class='ocrx_word' id='word_1_421' title='bbox 2441 1709 2729 1759; x_wconf 65' lang='lat' dir='ltr'><strong>Palaestina</strong></span> <span class='ocrx_word' id='word_1_422' title='bbox 2756 1708 3149 1769; x_wconf 89' lang='lat' dir='ltr'><strong>concinnatas,</strong></span> <span class='ocrx_word' id='word_1_423' title='bbox 3177 1720 3307 1758; x_wconf 90' lang='lat' dir='ltr'><strong>cum</strong></span> <span class='ocrx_word' id='word_1_424' title='bbox 3336 1706 3612 1756; x_wconf 79' lang='lat' dir='ltr'><strong>Blondello</strong></span> <span class='ocrx_word' id='word_1_425' title='bbox 3636 1706 3807 1757; x_wconf 82' lang='lat' dir='ltr'><strong>facile</strong></span> 
     </span>
    </p>
   </div>
   <div class='ocr_carea' id='block_1_61' title="bbox 2195 1779 3809 1843">
    <p class='ocr_par' dir='ltr' id='par_1_61' title="bbox 2195 1779 3809 1843">
     <span class='ocr_line' id='line_1_61' title="bbox 2195 1779 3809 1843; baseline -0.005 -10"><span class='ocrx_word' id='word_1_426' title='bbox 2195 1783 2483 1833; x_wconf 90' lang='lat' dir='ltr'><strong>credimus</strong></span> <span class='ocrx_word' id='word_1_427' title='bbox 2517 1796 2530 1842; x_wconf 86' lang='lat'><strong>;</strong></span> <span class='ocrx_word' id='word_1_428' title='bbox 2559 1780 3025 1843; x_wconf 83' lang='lat' dir='ltr'><strong>quandoquidem</strong></span> <span class='ocrx_word' id='word_1_429' title='bbox 3050 1779 3110 1829; x_wconf 93' lang='lat' dir='ltr'><strong>in</strong></span> <span class='ocrx_word' id='word_1_430' title='bbox 3134 1779 3244 1829; x_wconf 89' lang='lat' dir='ltr'><strong>illis</strong></span> <span class='ocrx_word' id='word_1_431' title='bbox 3278 1780 3527 1827; x_wconf 78' lang='lat' dir='ltr'><strong>Thronus</strong></span> <span class='ocrx_word' id='word_1_432' title='bbox 3556 1779 3809 1826; x_wconf 81' lang='lat' dir='ltr'><strong>Hieroso-</strong></span> 
     </span>
    </p>
   </div>
   <div class='ocr_carea' id='block_1_62' title="bbox 2197 1848 3805 1918">
    <p class='ocr_par' dir='ltr' id='par_1_62' title="bbox 2197 1848 3805 1918">
     <span class='ocr_line' id='line_1_62' title="bbox 2197 1848 3805 1918; baseline -0.002 -16"><span class='ocrx_word' id='word_1_433' title='bbox 2197 1855 2473 1918; x_wconf 72' lang='lat' dir='ltr'><strong>lymitame</strong></span> <span class='ocrx_word' id='word_1_434' title='bbox 2498 1852 2736 1901; x_wconf 73' lang='lat' dir='ltr'><strong>Ecclesia:</strong></span> <span class='ocrx_word' id='word_1_435' title='bbox 2755 1864 2925 1915; x_wconf 89' lang='lat' dir='ltr'>supra</span> <span class='ocrx_word' id='word_1_436' title='bbox 2949 1855 3169 1901; x_wconf 84' lang='lat' dir='ltr'><strong>ceteros</strong></span> <span class='ocrx_word' id='word_1_437' title='bbox 3193 1848 3503 1901; x_wconf 80' lang='lat' dir='ltr'><strong>extollitur.</strong></span> <span class='ocrx_word' id='word_1_438' title='bbox 3530 1850 3659 1899; x_wconf 80' lang='lat' dir='ltr'><strong>Hoc</strong></span> <span class='ocrx_word' id='word_1_439' title='bbox 3683 1861 3805 1899; x_wconf 89' lang='lat' dir='ltr'><strong>non</strong></span> 
     </span>
    </p>
   </div>
   <div class='ocr_carea' id='block_1_63' title="bbox 2195 1920 3800 1990">
    <p class='ocr_par' dir='ltr' id='par_1_63' title="bbox 2195 1920 3800 1990">
     <span class='ocr_line' id='line_1_63' title="bbox 2195 1920 3800 1990; baseline -0.005 -15"><span class='ocrx_word' id='word_1_440' title='bbox 2195 1938 2394 1990; x_wconf 90' lang='lat' dir='ltr'><strong>parum</strong></span> <span class='ocrx_word' id='word_1_441' title='bbox 2412 1925 2600 1987; x_wconf 87' lang='lat' dir='ltr'>juvat,</span> <span class='ocrx_word' id='word_1_442' title='bbox 2627 1922 2779 1986; x_wconf 89' lang='lat' dir='ltr'><strong>quod</strong></span> <span class='ocrx_word' id='word_1_443' title='bbox 2812 1922 3045 1973; x_wconf 90' lang='lat' dir='ltr'><strong>easdem</strong></span> <span class='ocrx_word' id='word_1_444' title='bbox 3068 1934 3141 1974; x_wconf 87' lang='lat' dir='ltr'><strong>ex</strong></span> <span class='ocrx_word' id='word_1_445' title='bbox 3175 1921 3466 1970; x_wconf 79' lang='lat' dir='ltr'><strong>Palaestina</strong></span> <span class='ocrx_word' id='word_1_446' title='bbox 3490 1920 3549 1970; x_wconf 89' lang='lat' dir='ltr'><strong>in</strong></span> <span class='ocrx_word' id='word_1_447' title='bbox 3573 1920 3800 1969; x_wconf 78' lang='lat' dir='ltr'><strong>Italiam</strong></span> 
     </span>
    </p>
   </div>
   <div class='ocr_carea' id='block_1_64' title="bbox 2195 1992 3803 2059">
    <p class='ocr_par' dir='ltr' id='par_1_64' title="bbox 2195 1992 3803 2059">
     <span class='ocr_line' id='line_1_64' title="bbox 2195 1992 3803 2059; baseline -0.004 -12"><span class='ocrx_word' id='word_1_448' title='bbox 2195 1997 2361 2058; x_wconf 77' lang='lat' dir='ltr'><strong>Rufin</strong></span> <span class='ocrx_word' id='word_1_449' title='bbox 2374 2012 2434 2043; x_wconf 85' lang='lat' dir='ltr'><strong>us</strong></span> <span class='ocrx_word' id='word_1_450' title='bbox 2448 2008 2676 2059; x_wconf 89' lang='lat' dir='ltr'><strong>quoque</strong></span> <span class='ocrx_word' id='word_1_451' title='bbox 2693 1994 2911 2059; x_wconf 92' lang='lat' dir='ltr'><strong>primus</strong></span> <span class='ocrx_word' id='word_1_452' title='bbox 2928 1992 3237 2045; x_wconf 79' lang='lat' dir='ltr'><strong>advexerit.</strong></span> <span class='ocrx_word' id='word_1_453' title='bbox 3250 1993 3515 2043; x_wconf 89' lang='lat' dir='ltr'><strong>Ceterum</strong></span> <span class='ocrx_word' id='word_1_454' title='bbox 3528 1992 3715 2056; x_wconf 87' lang='lat' dir='ltr'><strong>operi.</strong></span> <span class='ocrx_word' id='word_1_455' title='bbox 3730 2005 3803 2042; x_wconf 84' lang='lat' dir='ltr'><strong>ex</strong></span> 
     </span>
    </p>
   </div>
   <div class='ocr_carea' id='block_1_65' title="bbox 2195 2064 3800 2132">
    <p class='ocr_par' dir='ltr' id='par_1_65' title="bbox 2195 2064 3800 2132">
     <span class='ocr_line' id='line_1_65' title="bbox 2195 2064 3800 2132; baseline -0.007 -12"><span class='ocrx_word' id='word_1_456' title='bbox 2195 2071 2532 2132; x_wconf 88' lang='lat' dir='ltr'><strong>argumento</strong></span> <span class='ocrx_word' id='word_1_457' title='bbox 2565 2079 2678 2118; x_wconf 85' lang='lat' dir='ltr'><strong>vox</strong></span> <span class='ocrx_word' id='word_1_458' title='bbox 2715 2067 3157 2129; x_wconf 77' lang='lat' dir='ltr'><strong>Rccognilionum</strong></span> <span class='ocrx_word' id='word_1_459' title='bbox 3193 2064 3455 2116; x_wconf 71' lang='lat' dir='ltr'><strong>adhaesit.</strong></span> <span class='ocrx_word' id='word_1_460' title='bbox 3484 2064 3800 2127; x_wconf 79' lang='lat' dir='ltr'><strong>Recognitio</strong></span> 
     </span>
    </p>
   </div>
   <div class='ocr_carea' id='block_1_66' title="bbox 2196 2135 3802 2202">
    <p class='ocr_par' dir='ltr' id='par_1_66' title="bbox 2196 2135 3802 2202">
     <span class='ocr_line' id='line_1_66' title="bbox 2196 2135 3802 2202; baseline -0.003 -11"><span class='ocrx_word' id='word_1_461' title='bbox 2196 2142 2370 2202; x_wconf 87' lang='lat' dir='ltr'><strong>enim,</strong></span> <span class='ocrx_word' id='word_1_462' title='bbox 2398 2140 2519 2191; x_wconf 89' lang='lat' dir='ltr'>sive</span> <span class='ocrx_word' id='word_1_463' title='bbox 2537 2139 2746 2201; x_wconf 75' lang='lat' dir='ltr'><strong>agnitio</strong></span> <span class='ocrx_word' id='word_1_464' title='bbox 2770 2150 2842 2189; x_wconf 83' lang='lat' dir='ltr'><strong>ex</strong></span> <span class='ocrx_word' id='word_1_465' title='bbox 2865 2135 3168 2189; x_wconf 79' lang='lat' dir='ltr'><strong>Aristotele</strong></span> <span class='ocrx_word' id='word_1_466' title='bbox 3192 2136 3251 2187; x_wconf 88' lang='lat' dir='ltr'><strong>in</strong></span> <span class='ocrx_word' id='word_1_467' title='bbox 3273 2136 3399 2185; x_wconf 79' lang='lat' dir='ltr'><strong>Arte</strong></span> <span class='ocrx_word' id='word_1_468' title='bbox 3430 2136 3661 2199; x_wconf 77' lang='lat' dir='ltr'><strong>poetica,</strong></span> <span class='ocrx_word' id='word_1_469' title='bbox 3687 2135 3802 2186; x_wconf 84' lang='lat' dir='ltr'><strong>ori-</strong></span> 
     </span>
    </p>
   </div>
   <div class='ocr_carea' id='block_1_67' title="bbox 2195 2206 3798 2275">
    <p class='ocr_par' dir='ltr' id='par_1_67' title="bbox 2195 2206 3798 2275">
     <span class='ocr_line' id='line_1_67' title="bbox 2195 2206 3798 2275; baseline -0.005 -11"><span class='ocrx_word' id='word_1_470' title='bbox 2195 2218 2304 2275; x_wconf 89' lang='lat' dir='ltr'>tur,</span> <span class='ocrx_word' id='word_1_471' title='bbox 2348 2223 2528 2275; x_wconf 91' lang='lat' dir='ltr'><strong>quum</strong></span> <span class='ocrx_word' id='word_1_472' title='bbox 2564 2210 2827 2262; x_wconf 86' lang='lat' dir='ltr'><strong>homines</strong></span> <span class='ocrx_word' id='word_1_473' title='bbox 2870 2208 3005 2260; x_wconf 90' lang='lat' dir='ltr'><strong>olim</strong></span> <span class='ocrx_word' id='word_1_474' title='bbox 3040 2209 3186 2259; x_wconf 88' lang='lat' dir='ltr'>inter</span> <span class='ocrx_word' id='word_1_475' title='bbox 3211 2221 3272 2259; x_wconf 88' lang='lat' dir='ltr'><strong>se</strong></span> <span class='ocrx_word' id='word_1_476' title='bbox 3307 2206 3798 2271; x_wconf 85' lang='lat' dir='ltr'><strong>conjunctissimi,</strong></span> 
     </span>
    </p>
   </div>
   <div class='ocr_carea' id='block_1_68' title="bbox 2197 2279 3800 2346">
    <p class='ocr_par' dir='ltr' id='par_1_68' title="bbox 2197 2279 3800 2346">
     <span class='ocr_line' id='line_1_68' title="bbox 2197 2279 3800 2346; baseline -0.004 -11"><span class='ocrx_word' id='word_1_477' title='bbox 2197 2284 2427 2335; x_wconf 89' lang='lat' dir='ltr'><strong>tandem</strong></span> <span class='ocrx_word' id='word_1_478' title='bbox 2452 2282 2667 2333; x_wconf 90' lang='lat' dir='ltr'>multos</span> <span class='ocrx_word' id='word_1_479' title='bbox 2679 2286 2809 2346; x_wconf 89' lang='lat' dir='ltr'>post</span> <span class='ocrx_word' id='word_1_480' title='bbox 2832 2294 3002 2332; x_wconf 88' lang='lat' dir='ltr'><strong>casus</strong></span> <span class='ocrx_word' id='word_1_481' title='bbox 3025 2280 3085 2331; x_wconf 93' lang='lat' dir='ltr'><strong>in</strong></span> <span class='ocrx_word' id='word_1_482' title='bbox 3104 2280 3398 2343; x_wconf 62' lang='lat' dir='ltr'><strong>tragoediis</strong></span> <span class='ocrx_word' id='word_1_483' title='bbox 3419 2284 3475 2329; x_wconf 91' lang='lat' dir='ltr'>et</span> <span class='ocrx_word' id='word_1_484' title='bbox 3489 2279 3800 2330; x_wconf 66' lang='lat' dir='ltr'><strong>comoediis</strong></span> 
     </span>
    </p>
   </div>
   <div class='ocr_carea' id='block_1_69' title="bbox 2197 2350 3799 2417">
    <p class='ocr_par' dir='ltr' id='par_1_69' title="bbox 2197 2350 3799 2417">
     <span class='ocr_line' id='line_1_69' title="bbox 2197 2350 3799 2417; baseline -0.004 -11"><span class='ocrx_word' id='word_1_485' title='bbox 2197 2369 2257 2407; x_wconf 89' lang='lat' dir='ltr'><strong>se</strong></span> <span class='ocrx_word' id='word_1_486' title='bbox 2285 2358 2488 2406; x_wconf 89' lang='lat' dir='ltr'><strong>mutuo</strong></span> <span class='ocrx_word' id='word_1_487' title='bbox 2512 2367 2617 2405; x_wconf 91' lang='lat' dir='ltr'><strong>nec</strong></span> <span class='ocrx_word' id='word_1_488' title='bbox 2643 2355 2873 2417; x_wconf 90' lang='lat' dir='ltr'><strong>opinato</strong></span> <span class='ocrx_word' id='word_1_489' title='bbox 2911 2356 3252 2416; x_wconf 85' lang='lat' dir='ltr'><strong>agnoscunt.</strong></span> <span class='ocrx_word' id='word_1_490' title='bbox 3292 2353 3378 2402; x_wconf 79' lang='lat' dir='ltr'><strong>Ita</strong></span> <span class='ocrx_word' id='word_1_491' title='bbox 3407 2350 3574 2415; x_wconf 90' lang='lat' dir='ltr'><strong>plane</strong></span> <span class='ocrx_word' id='word_1_492' title='bbox 3599 2351 3663 2401; x_wconf 91' lang='lat' dir='ltr'><strong>in</strong></span> <span class='ocrx_word' id='word_1_493' title='bbox 3692 2350 3799 2402; x_wconf 86' lang='lat' dir='ltr'><strong>hac</strong></span> 
     </span>
    </p>
   </div>
   <div class='ocr_carea' id='block_1_70' title="bbox 2194 2423 3801 2479">
    <p class='ocr_par' dir='ltr' id='par_1_70' title="bbox 2194 2423 3801 2479">
     <span class='ocr_line' id='line_1_70' title="bbox 2194 2423 3801 2479; baseline -0.005 0"><span class='ocrx_word' id='word_1_494' title='bbox 2194 2425 2755 2479; x_wconf 84' lang='lat' dir='ltr'><strong>Pseudo-Clementis</strong></span> <span class='ocrx_word' id='word_1_495' title='bbox 2772 2425 3256 2475; x_wconf 87' lang='lat' dir='ltr'><strong>commentatione</strong></span> <span class='ocrx_word' id='word_1_496' title='bbox 3268 2424 3382 2474; x_wconf 86' lang='lat' dir='ltr'><strong>Fau</strong></span> <span class='ocrx_word' id='word_1_497' title='bbox 3393 2423 3645 2474; x_wconf 84' lang='lat' dir='ltr'><strong>stiniano</strong></span> <span class='ocrx_word' id='word_1_498' title='bbox 3665 2424 3801 2473; x_wconf 78' lang='lat' dir='ltr'><strong>Mat-</strong></span> 
     </span>
    </p>
   </div>
   <div class='ocr_carea' id='block_1_71' title="bbox 2196 2495 3801 2561">
    <p class='ocr_par' dir='ltr' id='par_1_71' title="bbox 2196 2495 3801 2561">
     <span class='ocr_line' id='line_1_71' title="bbox 2196 2495 3801 2561; baseline -0.004 -10"><span class='ocrx_word' id='word_1_499' title='bbox 2196 2499 2371 2561; x_wconf 64' lang='lat' dir='ltr'><strong>tidiaa,</strong></span> <span class='ocrx_word' id='word_1_500' title='bbox 2402 2512 2468 2550; x_wconf 87' lang='lat' dir='ltr'><strong>ac</strong></span> <span class='ocrx_word' id='word_1_501' title='bbox 2489 2498 2641 2558; x_wconf 78' lang='lat' dir='ltr'>ﬁliis,</span> <span class='ocrx_word' id='word_1_502' title='bbox 2667 2496 2964 2558; x_wconf 77' lang='lat' dir='ltr'><strong>Clementi,</strong></span> <span class='ocrx_word' id='word_1_503' title='bbox 3008 2497 3241 2553; x_wconf 85' lang='lat' dir='ltr'>Fausto,</span> <span class='ocrx_word' id='word_1_504' title='bbox 3269 2496 3325 2545; x_wconf 92' lang='lat' dir='ltr'><strong>et</strong></span> <span class='ocrx_word' id='word_1_505' title='bbox 3348 2495 3624 2546; x_wconf 86' lang='lat' dir='ltr'><strong>Faustino</strong></span> <span class='ocrx_word' id='word_1_506' title='bbox 3660 2508 3801 2546; x_wconf 81' lang='lat' dir='ltr'><strong>con-</strong></span> 
     </span>
    </p>
   </div>
   <div class='ocr_carea' id='block_1_72' title="bbox 2196 2566 3800 2633">
    <p class='ocr_par' dir='ltr' id='par_1_72' title="bbox 2196 2566 3800 2633">
     <span class='ocr_line' id='line_1_72' title="bbox 2196 2566 3800 2633; baseline -0.003 -12"><span class='ocrx_word' id='word_1_507' title='bbox 2196 2571 2383 2633; x_wconf 87' lang='lat' dir='ltr'><strong>tingit.</strong></span> <span class='ocrx_word' id='word_1_508' title='bbox 2404 2572 2604 2632; x_wconf 85' lang='lat' dir='ltr'><strong>Itaque</strong></span> <span class='ocrx_word' id='word_1_509' title='bbox 2618 2581 2751 2619; x_wconf 89' lang='lat' dir='ltr'><strong>cum</strong></span> <span class='ocrx_word' id='word_1_510' title='bbox 2768 2567 3140 2630; x_wconf 87' lang='lat' dir='ltr'><strong>inscriptione</strong></span> <span class='ocrx_word' id='word_1_511' title='bbox 3158 2567 3397 2617; x_wconf 86' lang='lat' dir='ltr'><strong>formam</strong></span> <span class='ocrx_word' id='word_1_512' title='bbox 3413 2566 3587 2617; x_wconf 86' lang='lat' dir='ltr'><strong>etiam</strong></span> <span class='ocrx_word' id='word_1_513' title='bbox 3604 2568 3800 2629; x_wconf 87' lang='lat' dir='ltr'><strong>operis</strong></span> 
     </span>
    </p>
   </div>
   <div class='ocr_carea' id='block_1_73' title="bbox 2194 2636 3799 2705">
    <p class='ocr_par' dir='ltr' id='par_1_73' title="bbox 2194 2636 3799 2705">
     <span class='ocr_line' id='line_1_73' title="bbox 2194 2636 3799 2705; baseline -0.002 -13"><span class='ocrx_word' id='word_1_514' title='bbox 2194 2643 2474 2705; x_wconf 89' lang='lat' dir='ltr'><strong>poeticam</strong></span> <span class='ocrx_word' id='word_1_515' title='bbox 2511 2640 2816 2703; x_wconf 86' lang='lat' dir='ltr'><strong>accepisse,</strong></span> <span class='ocrx_word' id='word_1_516' title='bbox 2848 2650 2984 2689; x_wconf 91' lang='lat' dir='ltr'><strong>vero</strong></span> <span class='ocrx_word' id='word_1_517' title='bbox 3018 2651 3294 2702; x_wconf 89' lang='lat' dir='ltr'><strong>perquam</strong></span> <span class='ocrx_word' id='word_1_518' title='bbox 3331 2636 3514 2689; x_wconf 88' lang='lat' dir='ltr'><strong>simile</strong></span> <span class='ocrx_word' id='word_1_519' title='bbox 3537 2638 3606 2689; x_wconf 84' lang='lat' dir='ltr'><strong>tit</strong></span> <span class='ocrx_word' id='word_1_520' title='bbox 3633 2638 3799 2689; x_wconf 89' lang='lat' dir='ltr'><strong>Dod-</strong></span> 
     </span>
    </p>
   </div>
   <div class='ocr_carea' id='block_1_74' title="bbox 2195 2711 3799 2776">
    <p class='ocr_par' dir='ltr' id='par_1_74' title="bbox 2195 2711 3799 2776">
     <span class='ocr_line' id='line_1_74' title="bbox 2195 2711 3799 2776; baseline -0.002 -11"><span class='ocrx_word' id='word_1_521' title='bbox 2195 2713 2361 2765; x_wconf 84' lang='lat' dir='ltr'><strong>wello</strong></span> <span class='ocrx_word' id='word_1_522' title='bbox 2392 2725 2518 2776; x_wconf 85' lang='lat' dir='ltr'><strong>pag.</strong></span> <span class='ocrx_word' id='word_1_523' title='bbox 2563 2711 2684 2764; x_wconf 72' lang='grc'><strong>444.</strong></span> <span class='ocrx_word' id='word_1_524' title='bbox 2735 2711 3212 2761; x_wconf 87' lang='lat' dir='ltr'><strong>Dissertationum</strong></span> <span class='ocrx_word' id='word_1_525' title='bbox 3262 2711 3318 2761; x_wconf 91' lang='lat' dir='ltr'><strong>in</strong></span> <span class='ocrx_word' id='word_1_526' title='bbox 3344 2713 3652 2762; x_wconf 67' lang='lat' dir='ltr'><strong>Irenaeum.</strong></span> <span class='ocrx_word' id='word_1_527' title='bbox 3691 2711 3799 2761; x_wconf 82' lang='lat' dir='ltr'><strong>Ge-</strong></span> 
     </span>
    </p>
   </div>
   <div class='ocr_carea' id='block_1_75' title="bbox 2195 2781 3799 2846">
    <p class='ocr_par' dir='ltr' id='par_1_75' title="bbox 2195 2781 3799 2846">
     <span class='ocr_line' id='line_1_75' title="bbox 2195 2781 3799 2846; baseline -0.003 -10"><span class='ocrx_word' id='word_1_528' title='bbox 2195 2785 2437 2836; x_wconf 89' lang='lat' dir='ltr'><strong>nuinum</strong></span> <span class='ocrx_word' id='word_1_529' title='bbox 2463 2788 2521 2833; x_wconf 92' lang='lat' dir='ltr'>et</span> <span class='ocrx_word' id='word_1_530' title='bbox 2546 2781 2885 2846; x_wconf 82' lang='lat' dir='ltr'><strong>primarium</strong></span> <span class='ocrx_word' id='word_1_531' title='bbox 2899 2783 3343 2845; x_wconf 78' lang='lat' dir='ltr'><strong>Rccognitionum</strong></span> <span class='ocrx_word' id='word_1_532' title='bbox 3377 2781 3683 2843; x_wconf 79' lang='lat' dir='ltr'><strong>artificem,</strong></span> <span class='ocrx_word' id='word_1_533' title='bbox 3708 2782 3799 2832; x_wconf 78' lang='lat' dir='ltr'><strong>do~</strong></span> 
     </span>
    </p>
   </div>
   <div class='ocr_carea' id='block_1_76' title="bbox 2195 2853 3796 2919">
    <p class='ocr_par' dir='ltr' id='par_1_76' title="bbox 2195 2853 3796 2919">
     <span class='ocr_line' id='line_1_76' title="bbox 2195 2853 3796 2919; baseline -0.003 -12"><span class='ocrx_word' id='word_1_534' title='bbox 2195 2856 2377 2907; x_wconf 87' lang='lat' dir='ltr'><strong>ctrina</strong></span> <span class='ocrx_word' id='word_1_535' title='bbox 2394 2854 2625 2918; x_wconf 88' lang='lat' dir='ltr'><strong>quidem</strong></span> <span class='ocrx_word' id='word_1_536' title='bbox 2644 2867 2709 2905; x_wconf 88' lang='lat' dir='ltr'><strong>ac</strong></span> <span class='ocrx_word' id='word_1_537' title='bbox 2727 2854 3001 2905; x_wconf 87' lang='lat' dir='ltr'><strong>varietate</strong></span> <span class='ocrx_word' id='word_1_538' title='bbox 3025 2866 3218 2905; x_wconf 91' lang='lat' dir='ltr'><strong>rerum</strong></span> <span class='ocrx_word' id='word_1_539' title='bbox 3240 2859 3296 2906; x_wconf 89' lang='lat' dir='ltr'><strong>et</strong></span> <span class='ocrx_word' id='word_1_540' title='bbox 3319 2853 3482 2919; x_wconf 85' lang='lat' dir='ltr'><strong>copia</strong></span> <span class='ocrx_word' id='word_1_541' title='bbox 3494 2853 3796 2904; x_wconf 85' lang='lat' dir='ltr'><strong>abundare</strong></span> 
     </span>
    </p>
   </div>
   <div class='ocr_carea' id='block_1_77' title="bbox 2193 2924 3797 2990">
    <p class='ocr_par' dir='ltr' id='par_1_77' title="bbox 2193 2924 3797 2990">
     <span class='ocr_line' id='line_1_77' title="bbox 2193 2924 3797 2990; baseline -0.002 -12"><span class='ocrx_word' id='word_1_542' title='bbox 2193 2940 2311 2979; x_wconf 90' lang='lat' dir='ltr'><strong>non</strong></span> <span class='ocrx_word' id='word_1_543' title='bbox 2358 2926 2706 2988; x_wconf 85' lang='lat' dir='ltr'><strong>dillitemur;</strong></span> <span class='ocrx_word' id='word_1_544' title='bbox 2754 2924 3161 2990; x_wconf 86' lang='lat' dir='ltr'><strong>philosophum</strong></span> <span class='ocrx_word' id='word_1_545' title='bbox 3209 2930 3400 2976; x_wconf 88' lang='lat' dir='ltr'><strong>tamen</strong></span> <span class='ocrx_word' id='word_1_546' title='bbox 3445 2937 3508 2975; x_wconf 90' lang='lat' dir='ltr'>se</span> <span class='ocrx_word' id='word_1_547' title='bbox 3532 2924 3797 2987; x_wconf 86' lang='lat' dir='ltr'><strong>prodere,</strong></span> 
     </span>
    </p>
   </div>
   <div class='ocr_carea' id='block_1_78' title="bbox 2192 2996 3799 3059">
    <p class='ocr_par' dir='ltr' id='par_1_78' title="bbox 2192 2996 3799 3059">
     <span class='ocr_line' id='line_1_78' title="bbox 2192 2996 3799 3059; baseline -0.004 -8"><span class='ocrx_word' id='word_1_548' title='bbox 2192 3010 2364 3051; x_wconf 89' lang='lat' dir='ltr'><strong>nemo</strong></span> <span class='ocrx_word' id='word_1_549' title='bbox 2389 3010 2505 3048; x_wconf 92' lang='lat' dir='ltr'><strong>non</strong></span> <span class='ocrx_word' id='word_1_550' title='bbox 2529 2996 2703 3048; x_wconf 88' lang='lat' dir='ltr'>videt.</span> <span class='ocrx_word' id='word_1_551' title='bbox 2721 2998 2796 3048; x_wconf 87' lang='lat' dir='ltr'><strong>At</strong></span> <span class='ocrx_word' id='word_1_552' title='bbox 2822 2996 3159 3047; x_wconf 70' lang='lat' dir='ltr'><strong>Catholicam</strong></span> <span class='ocrx_word' id='word_1_553' title='bbox 3183 3002 3352 3055; x_wconf 87' lang='lat' dir='ltr'><strong>certe,</strong></span> <span class='ocrx_word' id='word_1_554' title='bbox 3379 2996 3656 3059; x_wconf 87' lang='lat' dir='ltr'><strong>quamvis</strong></span> <span class='ocrx_word' id='word_1_555' title='bbox 3682 2996 3799 3059; x_wconf 66' lang='lat' dir='ltr'><strong>phi«</strong></span> 
     </span>
    </p>
   </div>
   <div class='ocr_carea' id='block_1_79' title="bbox 2201 3066 3801 3132">
    <p class='ocr_par' dir='ltr' id='par_1_79' title="bbox 2201 3066 3801 3132">
     <span class='ocr_line' id='line_1_79' title="bbox 2201 3066 3801 3132; baseline -0.003 -11"><span class='ocrx_word' id='word_1_556' title='bbox 2201 3070 2453 3132; x_wconf 91' lang='lat' dir='ltr'><strong>lologum</strong></span> <span class='ocrx_word' id='word_1_557' title='bbox 2489 3069 2693 3131; x_wconf 86' lang='lat' dir='ltr'><strong>magis,</strong></span> <span class='ocrx_word' id='word_1_558' title='bbox 2724 3079 2899 3131; x_wconf 89' lang='lat' dir='ltr'><strong>quam</strong></span> <span class='ocrx_word' id='word_1_559' title='bbox 2926 3068 3277 3132; x_wconf 79' lang='lat' dir='ltr'><strong>theologum.</strong></span> <span class='ocrx_word' id='word_1_560' title='bbox 3304 3068 3390 3119; x_wconf 90' lang='lat' dir='ltr'>Ob</span> <span class='ocrx_word' id='word_1_561' title='bbox 3417 3066 3523 3118; x_wconf 89' lang='lat' dir='ltr'>viri</span> <span class='ocrx_word' id='word_1_562' title='bbox 3558 3066 3801 3125; x_wconf 87' lang='lat' dir='ltr'><strong>famam,</strong></span> 
     </span>
    </p>
   </div>
   <div class='ocr_carea' id='block_1_80' title="bbox 2196 3138 3801 3206">
    <p class='ocr_par' dir='ltr' id='par_1_80' title="bbox 2196 3138 3801 3206">
     <span class='ocr_line' id='line_1_80' title="bbox 2196 3138 3801 3206; baseline -0.004 -14"><span class='ocrx_word' id='word_1_563' title='bbox 2196 3142 2479 3206; x_wconf 78' lang='lat' dir='ltr'><strong>judicium</strong></span> <span class='ocrx_word' id='word_1_564' title='bbox 2491 3141 2519 3191; x_wconf 87' lang='lat' dir='ltr'><strong>J</strong></span> <span class='ocrx_word' id='word_1_565' title='bbox 2526 3153 2577 3191; x_wconf 91' lang='lat' dir='ltr'><strong>o.</strong></span> <span class='ocrx_word' id='word_1_566' title='bbox 2593 3140 2705 3190; x_wconf 82' lang='lat' dir='ltr'><strong>Pici</strong></span> <span class='ocrx_word' id='word_1_567' title='bbox 2718 3138 3096 3191; x_wconf 88' lang='lat' dir='ltr'><strong>Mirandulani</strong></span> <span class='ocrx_word' id='word_1_568' title='bbox 3127 3140 3197 3191; x_wconf 91' lang='lat' dir='ltr'><strong>de</strong></span> <span class='ocrx_word' id='word_1_569' title='bbox 3216 3152 3282 3191; x_wconf 89' lang='lat' dir='ltr'><strong>eo</strong></span> <span class='ocrx_word' id='word_1_570' title='bbox 3295 3139 3567 3199; x_wconf 84' lang='lat' dir='ltr'><strong>adferam,</strong></span> <span class='ocrx_word' id='word_1_571' title='bbox 3595 3138 3801 3187; x_wconf 75' lang='lat' dir='ltr'><strong>doctri-</strong></span> 
     </span>
    </p>
   </div>
   <div class='ocr_carea' id='block_1_81' title="bbox 496 3210 3798 3289">
    <p class='ocr_par' dir='ltr' id='par_1_81' title="bbox 496 3210 3798 3289">
     <span class='ocr_line' id='line_1_81' title="bbox 496 3210 3798 3289; baseline -0.002 -26"><span class='ocrx_word' id='word_1_572' title='bbox 496 3214 661 3264; x_wconf 81' lang='lat' dir='ltr'><strong>simul</strong></span> <span class='ocrx_word' id='word_1_573' title='bbox 697 3214 827 3289; x_wconf 74' lang='lat' dir='ltr'><strong>clum</strong></span> <span class='ocrx_word' id='word_1_574' title='bbox 851 3213 969 3289; x_wconf 71' lang='lat' dir='ltr'><strong>Fati</strong></span> <span class='ocrx_word' id='word_1_575' title='bbox 978 3212 1293 3289; x_wconf 66' lang='lat' dir='ltr'><strong>opinionem</strong></span> <span class='ocrx_word' id='word_1_576' title='bbox 1307 3211 1567 3289; x_wconf 74' lang='lat' dir='ltr'><strong>convellit,</strong></span> <span class='ocrx_word' id='word_1_577' title='bbox 1594 3212 1754 3289; x_wconf 73' lang='lat' dir='ltr'><strong>etiam</strong></span> <span class='ocrx_word' id='word_1_578' title='bbox 1768 3211 2095 3261; x_wconf 79' lang='lat' dir='ltr'><strong>Bardesanis</strong></span> <span class='ocrx_word' id='word_1_579' title='bbox 2123 3214 2169 3289; x_wconf 71' lang='grc' dir='ltr'><strong>ρ</strong></span> <span class='ocrx_word' id='word_1_580' title='bbox 2197 3228 2329 3263; x_wconf 78' lang='lat' dir='ltr'><strong>nam</strong></span> <span class='ocrx_word' id='word_1_581' title='bbox 2354 3213 2624 3261; x_wconf 83' lang='lat' dir='ltr'><strong>continere</strong></span> <span class='ocrx_word' id='word_1_582' title='bbox 2642 3211 3155 3276; x_wconf 81' lang='lat' dir='ltr'><strong>Apostolicam.Hoc</strong></span> <span class='ocrx_word' id='word_1_583' title='bbox 3183 3211 3462 3262; x_wconf 85' lang='lat' dir='ltr'><strong>debemus</strong></span> <span class='ocrx_word' id='word_1_584' title='bbox 3475 3210 3798 3260; x_wconf 80' lang='lat' dir='ltr'><strong>JacoboFa-</strong></span> 
     </span>
    </p>
   </div>
   <div class='ocr_carea' id='block_1_82' title="bbox 496 3282 2095 3346">
    <p class='ocr_par' dir='ltr' id='par_1_82' title="bbox 496 3282 2095 3346">
     <span class='ocr_line' id='line_1_82' title="bbox 496 3282 2095 3346; baseline -0.001 -11"><span class='ocrx_word' id='word_1_585' title='bbox 496 3285 813 3335; x_wconf 77' lang='lat' dir='ltr'><strong>sententiam</strong></span> <span class='ocrx_word' id='word_1_586' title='bbox 859 3283 1150 3346; x_wconf 85' lang='lat' dir='ltr'><strong>refellere;</strong></span> <span class='ocrx_word' id='word_1_587' title='bbox 1197 3295 1333 3334; x_wconf 88' lang='lat' dir='ltr'><strong>nam</strong></span> <span class='ocrx_word' id='word_1_588' title='bbox 1376 3283 1471 3332; x_wconf 81' lang='lat' dir='ltr'><strong>etsi</strong></span> <span class='ocrx_word' id='word_1_589' title='bbox 1522 3282 1772 3331; x_wconf 84' lang='lat' dir='ltr'><strong>animam</strong></span> <span class='ocrx_word' id='word_1_590' title='bbox 1818 3283 2095 3346; x_wconf 69' lang='lat' dir='ltr'><strong>quidemn</strong></span> 
     </span>
    </p>
   </div>
   <div class='ocr_carea' id='block_1_83' title="bbox 502 3353 2098 3418">
    <p class='ocr_par' dir='ltr' id='par_1_83' title="bbox 502 3353 2098 3418">
     <span class='ocr_line' id='line_1_83' title="bbox 502 3353 2098 3418; baseline -0.001 -12"><span class='ocrx_word' id='word_1_591' title='bbox 502 3359 650 3416; x_wconf 87' lang='lat' dir='ltr'><strong>Fato,</strong></span> <span class='ocrx_word' id='word_1_592' title='bbox 677 3362 722 3404; x_wconf 87' lang='lat' dir='ltr'><strong>ct</strong></span> <span class='ocrx_word' id='word_1_593' title='bbox 765 3371 800 3403; x_wconf 85' lang='grc' dir='ltr'><em>α</em></span> <span class='ocrx_word' id='word_1_594' title='bbox 838 3355 1103 3404; x_wconf 77' lang='lat' dir='ltr'><strong>natalicia</strong></span> <span class='ocrx_word' id='word_1_595' title='bbox 1131 3355 1426 3415; x_wconf 76' lang='lat' dir='ltr'><strong>notatione,</strong></span> <span class='ocrx_word' id='word_1_596' title='bbox 1476 3369 1593 3418; x_wconf 75' lang='lat' dir='ltr'><strong>qua:</strong></span> <span class='ocrx_word' id='word_1_597' title='bbox 1626 3354 1843 3417; x_wconf 84' lang='lat' dir='ltr'><strong>dicitur,</strong></span> <span class='ocrx_word' id='word_1_598' title='bbox 1872 3353 2098 3405; x_wconf 74' lang='lat' dir='ltr'><strong>liberam</strong></span> 
     </span>
    </p>
   </div>
   <div class='ocr_carea' id='block_1_84' title="bbox 496 3426 2098 3492">
    <p class='ocr_par' dir='ltr' id='par_1_84' title="bbox 496 3426 2098 3492">
     <span class='ocr_line' id='line_1_84' title="bbox 496 3426 2098 3492; baseline -0.001 -14"><span class='ocrx_word' id='word_1_599' title='bbox 496 3429 739 3492; x_wconf 75' lang='lat' dir='ltr'><strong>dimittit,</strong></span> <span class='ocrx_word' id='word_1_600' title='bbox 766 3427 981 3477; x_wconf 77' lang='lat' dir='ltr'><strong>arbitrii</strong></span> <span class='ocrx_word' id='word_1_601' title='bbox 1015 3427 1306 3477; x_wconf 82' lang='lat' dir='ltr'><strong>libertatem</strong></span> <span class='ocrx_word' id='word_1_602' title='bbox 1351 3426 1435 3475; x_wconf 79' lang='lat' dir='ltr'><strong>illi</strong></span> <span class='ocrx_word' id='word_1_603' title='bbox 1478 3427 1839 3477; x_wconf 79' lang='lat' dir='ltr'><strong>conservando</strong></span> <span class='ocrx_word' id='word_1_604' title='bbox 1867 3440 1880 3490; x_wconf 92' lang='lat'><strong>;</strong></span> <span class='ocrx_word' id='word_1_605' title='bbox 1906 3444 2098 3492; x_wconf 79' lang='lat' dir='ltr'><strong>corpus</strong></span> 
     </span>
    </p>
   </div>
   <div class='ocr_carea' id='block_1_85' title="bbox 498 3499 2097 3564">
    <p class='ocr_par' dir='ltr' id='par_1_85' title="bbox 498 3499 2097 3564">
     <span class='ocr_line' id='line_1_85' title="bbox 498 3499 2097 3564; baseline -0.003 -14"><span class='ocrx_word' id='word_1_606' title='bbox 498 3508 695 3564; x_wconf 79' lang='lat' dir='ltr'><strong>tamen,</strong></span> <span class='ocrx_word' id='word_1_607' title='bbox 739 3506 783 3548; x_wconf 86' lang='lat' dir='ltr'><strong>et</strong></span> <span class='ocrx_word' id='word_1_608' title='bbox 829 3514 1176 3563; x_wconf 66' lang='lat' dir='ltr'><strong>quascumque</strong></span> <span class='ocrx_word' id='word_1_609' title='bbox 1216 3513 1409 3563; x_wconf 80' lang='lat' dir='ltr'><strong>corpus</strong></span> <span class='ocrx_word' id='word_1_610' title='bbox 1442 3504 1697 3561; x_wconf 77' lang='lat' dir='ltr'><strong>spectant,</strong></span> <span class='ocrx_word' id='word_1_611' title='bbox 1745 3501 1873 3548; x_wconf 81' lang='lat' dir='ltr'><strong>Fato</strong></span> <span class='ocrx_word' id='word_1_612' title='bbox 1908 3499 2097 3562; x_wconf 77' lang='lat' dir='ltr'><strong>guber-</strong></span> 
     </span>
    </p>
   </div>
   <div class='ocr_carea' id='block_1_86' title="bbox 498 3570 2096 3635">
    <p class='ocr_par' dir='ltr' id='par_1_86' title="bbox 498 3570 2096 3635">
     <span class='ocr_line' id='line_1_86' title="bbox 498 3570 2096 3635; baseline -0.001 -13"><span class='ocrx_word' id='word_1_613' title='bbox 498 3572 689 3622; x_wconf 77' lang='lat' dir='ltr'><strong>nanda</strong></span> <span class='ocrx_word' id='word_1_614' title='bbox 717 3571 950 3635; x_wconf 80' lang='lat' dir='ltr'><strong>subjecit.</strong></span> <span class='ocrx_word' id='word_1_615' title='bbox 985 3573 1091 3623; x_wconf 66' lang='grc' dir='ltr'><strong>ΗΕΒ</strong></span> <span class='ocrx_word' id='word_1_616' title='bbox 1120 3570 1393 3622; x_wconf 84' lang='lat' dir='ltr'><strong>nimirum</strong></span> <span class='ocrx_word' id='word_1_617' title='bbox 1424 3574 1563 3621; x_wconf 86' lang='lat' dir='ltr'><strong>sunt</strong></span> <span class='ocrx_word' id='word_1_618' title='bbox 1597 3576 1827 3619; x_wconf 79' lang='lat' dir='ltr'><strong>veterum</strong></span> <span class='ocrx_word' id='word_1_619' title='bbox 1850 3586 2096 3621; x_wconf 80' lang='lat' dir='ltr'><strong>errorum</strong></span> 
     </span>
    </p>
   </div>
   <div class='ocr_carea' id='block_1_87' title="bbox 495 3642 2093 3708">
    <p class='ocr_par' dir='ltr' id='par_1_87' title="bbox 495 3642 2093 3708">
     <span class='ocr_line' id='line_1_87' title="bbox 495 3642 2093 3708; baseline 0 -15"><span class='ocrx_word' id='word_1_620' title='bbox 495 3646 690 3703; x_wconf 75' lang='lat' dir='ltr'><strong>sordes,</strong></span> <span class='ocrx_word' id='word_1_621' title='bbox 732 3657 896 3707; x_wconf 88' lang='lat' dir='ltr'><strong>quas,</strong></span> <span class='ocrx_word' id='word_1_622' title='bbox 945 3649 1090 3696; x_wconf 89' lang='lat' dir='ltr'><strong>teste</strong></span> <span class='ocrx_word' id='word_1_623' title='bbox 1134 3642 1397 3703; x_wconf 88' lang='lat' dir='ltr'><strong>Eusebio,</strong></span> <span class='ocrx_word' id='word_1_624' title='bbox 1450 3642 1646 3705; x_wconf 76' lang='lat' dir='ltr'><strong>Rufini</strong></span> <span class='ocrx_word' id='word_1_625' title='bbox 1682 3642 1778 3694; x_wconf 90' lang='lat' dir='ltr'><strong>lib.</strong></span> <span class='ocrx_word' id='word_1_626' title='bbox 1832 3646 1926 3696; x_wconf 91' lang='lat' dir='ltr'><strong>IV.</strong></span> <span class='ocrx_word' id='word_1_627' title='bbox 1973 3656 2093 3708; x_wconf 91' lang='lat' dir='ltr'><strong>cap.</strong></span> 
     </span>
    </p>
   </div>
   <div class='ocr_carea' id='block_1_88' title="bbox 500 3713 2100 3777">
    <p class='ocr_par' dir='ltr' id='par_1_88' title="bbox 500 3713 2100 3777">
     <span class='ocr_line' id='line_1_88' title="bbox 500 3713 2100 3777; baseline -0.002 -8"><span class='ocrx_word' id='word_1_628' title='bbox 500 3718 679 3769; x_wconf 86' lang='lat' dir='ltr'><strong>XXX.</strong></span> <span class='ocrx_word' id='word_1_629' title='bbox 700 3716 1031 3765; x_wconf 80' lang='lat' dir='ltr'><strong>Bardesanes</strong></span> <span class='ocrx_word' id='word_1_630' title='bbox 1053 3727 1126 3767; x_wconf 83' lang='lat' dir='ltr'><strong>ex</strong></span> <span class='ocrx_word' id='word_1_631' title='bbox 1145 3715 1368 3777; x_wconf 83' lang='lat' dir='ltr'><strong>integro</strong></span> <span class='ocrx_word' id='word_1_632' title='bbox 1385 3725 1501 3764; x_wconf 95' lang='lat' dir='ltr'><strong>non</strong></span> <span class='ocrx_word' id='word_1_633' title='bbox 1526 3713 1811 3777; x_wconf 88' lang='lat' dir='ltr'>deposuit,</span> <span class='ocrx_word' id='word_1_634' title='bbox 1832 3714 1970 3766; x_wconf 90' lang='lat' dir='ltr'><strong>dum</strong></span> <span class='ocrx_word' id='word_1_635' title='bbox 1990 3717 2100 3767; x_wconf 87' lang='lat' dir='ltr'><strong>Va-</strong></span> 
     </span>
    </p>
   </div>
   <div class='ocr_carea' id='block_1_89' title="bbox 496 3786 2099 3850">
    <p class='ocr_par' dir='ltr' id='par_1_89' title="bbox 496 3786 2099 3850">
     <span class='ocr_line' id='line_1_89' title="bbox 496 3786 2099 3850; baseline 0 -11"><span class='ocrx_word' id='word_1_636' title='bbox 496 3788 841 3839; x_wconf 88' lang='lat' dir='ltr'><strong>lentinianos</strong></span> <span class='ocrx_word' id='word_1_637' title='bbox 872 3786 1161 3846; x_wconf 88' lang='lat' dir='ltr'><strong>deseruit;</strong></span> <span class='ocrx_word' id='word_1_638' title='bbox 1190 3798 1256 3835; x_wconf 91' lang='lat' dir='ltr'><strong>ac</strong></span> <span class='ocrx_word' id='word_1_639' title='bbox 1280 3788 1581 3849; x_wconf 86' lang='lat' dir='ltr'><strong>propterea</strong></span> <span class='ocrx_word' id='word_1_640' title='bbox 1628 3786 2010 3850; x_wconf 78' lang='lat' dir='ltr'><strong>Hieronymus</strong></span> <span class='ocrx_word' id='word_1_641' title='bbox 2028 3787 2099 3839; x_wconf 91' lang='lat' dir='ltr'><strong>de</strong></span> 
     </span>
    </p>
   </div>
   <div class='ocr_carea' id='block_1_90' title="bbox 497 3856 2096 3922">
    <p class='ocr_par' dir='ltr' id='par_1_90' title="bbox 497 3856 2096 3922">
     <span class='ocr_line' id='line_1_90' title="bbox 497 3856 2096 3922; baseline -0.004 -10"><span class='ocrx_word' id='word_1_642' title='bbox 497 3873 565 3913; x_wconf 90' lang='lat' dir='ltr'><strong>eo</strong></span> <span class='ocrx_word' id='word_1_643' title='bbox 581 3859 768 3918; x_wconf 86' lang='lat' dir='ltr'><strong>tradit,</strong></span> <span class='ocrx_word' id='word_1_644' title='bbox 786 3858 1061 3922; x_wconf 87' lang='lat' dir='ltr'><strong>quamvis</strong></span> <span class='ocrx_word' id='word_1_645' title='bbox 1076 3856 1508 3908; x_wconf 85' lang='lat' dir='ltr'><strong>Valentinianos</strong></span> <span class='ocrx_word' id='word_1_646' title='bbox 1523 3869 1667 3920; x_wconf 88' lang='lat' dir='ltr'><strong>quos</strong></span> <span class='ocrx_word' id='word_1_647' title='bbox 1683 3858 1925 3921; x_wconf 90' lang='lat' dir='ltr'><strong>primum</strong></span> <span class='ocrx_word' id='word_1_648' title='bbox 1944 3867 2096 3908; x_wconf 86' lang='lat' dir='ltr'><strong>secta-</strong></span> 
     </span>
    </p>
   </div>
   <div class='ocr_carea' id='block_1_91' title="bbox 499 3930 2099 3991">
    <p class='ocr_par' dir='ltr' id='par_1_91' title="bbox 499 3930 2099 3991">
     <span class='ocr_line' id='line_1_91' title="bbox 499 3930 2099 3991; baseline 0 -8"><span class='ocrx_word' id='word_1_649' title='bbox 499 3934 592 3983; x_wconf 90' lang='lat' dir='ltr'>tus</span> <span class='ocrx_word' id='word_1_650' title='bbox 616 3932 820 3991; x_wconf 87' lang='lat' dir='ltr'><strong>fuerat,</strong></span> <span class='ocrx_word' id='word_1_651' title='bbox 839 3931 1213 3987; x_wconf 87' lang='lat' dir='ltr'><strong>confutasset,</strong></span> <span class='ocrx_word' id='word_1_652' title='bbox 1229 3931 1422 3979; x_wconf 89' lang='lat' dir='ltr'><strong>tamen</strong></span> <span class='ocrx_word' id='word_1_653' title='bbox 1434 3943 1504 3977; x_wconf 83' lang='lat' dir='ltr'><strong>no</strong></span> <span class='ocrx_word' id='word_1_654' title='bbox 1514 3944 1632 3977; x_wconf 78' lang='lat' dir='ltr'><strong>vam</strong></span> <span class='ocrx_word' id='word_1_655' title='bbox 1652 3930 1891 3980; x_wconf 68' lang='lat' dir='ltr'><strong>ltzercsim</strong></span> <span class='ocrx_word' id='word_1_656' title='bbox 1909 3931 2099 3983; x_wconf 88' lang='lat' dir='ltr'><strong>condi-</strong></span> 
     </span>
    </p>
   </div>
   <div class='ocr_carea' id='block_1_92' title="bbox 497 3998 2096 4064">
    <p class='ocr_par' dir='ltr' id='par_1_92' title="bbox 497 3998 2096 4064">
     <span class='ocr_line' id='line_1_92' title="bbox 497 3998 2096 4064; baseline 0.001 -11"><span class='ocrx_word' id='word_1_657' title='bbox 497 4004 670 4054; x_wconf 89' lang='lat' dir='ltr'><strong>disse.</strong></span> <span class='ocrx_word' id='word_1_658' title='bbox 697 4004 777 4053; x_wconf 89' lang='lat' dir='ltr'><strong>De</strong></span> <span class='ocrx_word' id='word_1_659' title='bbox 802 4001 910 4052; x_wconf 88' lang='lat' dir='ltr'><strong>hac</strong></span> <span class='ocrx_word' id='word_1_660' title='bbox 944 4002 1220 4051; x_wconf 88' lang='lat' dir='ltr'><strong>Ernestus</strong></span> <span class='ocrx_word' id='word_1_661' title='bbox 1237 3998 1505 4050; x_wconf 89' lang='lat' dir='ltr'><strong>Salomon</strong></span> <span class='ocrx_word' id='word_1_662' title='bbox 1524 4001 1837 4064; x_wconf 79' lang='lat' dir='ltr'><strong>Cyprianus</strong></span> <span class='ocrx_word' id='word_1_663' title='bbox 1862 4002 1922 4053; x_wconf 93' lang='lat' dir='ltr'><strong>in</strong></span> <span class='ocrx_word' id='word_1_664' title='bbox 1941 4002 2096 4054; x_wconf 91' lang='lat' dir='ltr'><strong>notis</strong></span> 
     </span>
    </p>
   </div>
   <div class='ocr_carea' id='block_1_93' title="bbox 499 4070 2095 4136">
    <p class='ocr_par' dir='ltr' id='par_1_93' title="bbox 499 4070 2095 4136">
     <span class='ocr_line' id='line_1_93' title="bbox 499 4070 2095 4136; baseline -0.003 -11"><span class='ocrx_word' id='word_1_665' title='bbox 499 4075 573 4125; x_wconf 92' lang='lat' dir='ltr'>ad</span> <span class='ocrx_word' id='word_1_666' title='bbox 586 4072 920 4136; x_wconf 87' lang='lat' dir='ltr'><strong>Hieronymi</strong></span> <span class='ocrx_word' id='word_1_667' title='bbox 936 4070 1268 4133; x_wconf 86' lang='lat' dir='ltr'><strong>Catalogum</strong></span> <span class='ocrx_word' id='word_1_668' title='bbox 1282 4070 1407 4123; x_wconf 79' lang='lat' dir='ltr'><strong>haec</strong></span> <span class='ocrx_word' id='word_1_669' title='bbox 1427 4071 1623 4123; x_wconf 86' lang='lat' dir='ltr'><strong>habet:</strong></span> <span class='ocrx_word' id='word_1_670' title='bbox 1676 4073 1861 4123; x_wconf 80' lang='lat' dir='ltr'><strong>Vellem</strong></span> <span class='ocrx_word' id='word_1_671' title='bbox 1877 4075 2095 4123; x_wconf 63' lang='lat' dir='ltr'><strong>dixisset</strong></span> 
     </span>
    </p>
   </div>
   <div class='ocr_carea' id='block_1_94' title="bbox 495 4142 2095 4210">
    <p class='ocr_par' dir='ltr' id='par_1_94' title="bbox 495 4142 2095 4210">
     <span class='ocr_line' id='line_1_94' title="bbox 495 4142 2095 4210; baseline 0.004 -18"><span class='ocrx_word' id='word_1_672' title='bbox 495 4159 745 4210; x_wconf 70' lang='lat' dir='ltr'><strong>quaenam</strong></span> <span class='ocrx_word' id='word_1_673' title='bbox 781 4143 987 4206; x_wconf 78' lang='lat' dir='ltr'><strong>fuerint</strong></span> <span class='ocrx_word' id='word_1_674' title='bbox 1021 4156 1167 4190; x_wconf 75' lang='lat' dir='ltr'><strong>nova:</strong></span> <span class='ocrx_word' id='word_1_675' title='bbox 1204 4142 1350 4191; x_wconf 80' lang='lat' dir='ltr'><strong>illius</strong></span> <span class='ocrx_word' id='word_1_676' title='bbox 1386 4145 1630 4192; x_wconf 62' lang='lat' dir='ltr'><strong>haereseos</strong></span> <span class='ocrx_word' id='word_1_677' title='bbox 1662 4147 1859 4209; x_wconf 73' lang='lat' dir='ltr'><strong>cupita.</strong></span> <span class='ocrx_word' id='word_1_678' title='bbox 1901 4147 2095 4198; x_wconf 84' lang='lat' dir='ltr'><strong>Paullo</strong></span> 
     </span>
    </p>
   </div>
   <div class='ocr_carea' id='block_1_95' title="bbox 498 4214 2096 4281">
    <p class='ocr_par' dir='ltr' id='par_1_95' title="bbox 498 4214 2096 4281">
     <span class='ocr_line' id='line_1_95' title="bbox 498 4214 2096 4281; baseline -0.001 -15"><span class='ocrx_word' id='word_1_679' title='bbox 498 4220 649 4281; x_wconf 89' lang='lat' dir='ltr'><strong>post,</strong></span> <span class='ocrx_word' id='word_1_680' title='bbox 684 4214 1074 4277; x_wconf 85' lang='lat' dir='ltr'><strong>Augustinum</strong></span> <span class='ocrx_word' id='word_1_681' title='bbox 1102 4226 1330 4277; x_wconf 87' lang='lat' dir='ltr'><strong>carpere</strong></span> <span class='ocrx_word' id='word_1_682' title='bbox 1356 4227 1471 4266; x_wconf 92' lang='lat' dir='ltr'><strong>non</strong></span> <span class='ocrx_word' id='word_1_683' title='bbox 1498 4221 1740 4280; x_wconf 89' lang='lat' dir='ltr'><strong>veretur,</strong></span> <span class='ocrx_word' id='word_1_684' title='bbox 1776 4218 1929 4281; x_wconf 91' lang='lat' dir='ltr'><strong>quod</strong></span> <span class='ocrx_word' id='word_1_685' title='bbox 1958 4220 2096 4267; x_wconf 71' lang='lat' dir='ltr'><strong>Bar-</strong></span> 
     </span>
    </p>
   </div>
   <div class='ocr_carea' id='block_1_96' title="bbox 496 4284 2097 4350">
    <p class='ocr_par' dir='ltr' id='par_1_96' title="bbox 496 4284 2097 4350">
     <span class='ocr_line' id='line_1_96' title="bbox 496 4284 2097 4350; baseline 0.001 -14"><span class='ocrx_word' id='word_1_686' title='bbox 496 4286 686 4336; x_wconf 79' lang='lat' dir='ltr'><strong>desani</strong></span> <span class='ocrx_word' id='word_1_687' title='bbox 710 4296 932 4337; x_wconf 89' lang='lat' dir='ltr'><strong>errores</strong></span> <span class='ocrx_word' id='word_1_688' title='bbox 956 4284 1217 4335; x_wconf 89' lang='lat' dir='ltr'><strong>tribuerit</strong></span> <span class='ocrx_word' id='word_1_689' title='bbox 1239 4285 1309 4335; x_wconf 90' lang='lat' dir='ltr'><strong>de</strong></span> <span class='ocrx_word' id='word_1_690' title='bbox 1333 4287 1477 4345; x_wconf 82' lang='lat' dir='ltr'><strong>Fato,</strong></span> <span class='ocrx_word' id='word_1_691' title='bbox 1506 4299 1684 4350; x_wconf 88' lang='lat' dir='ltr'><strong>quum</strong></span> <span class='ocrx_word' id='word_1_692' title='bbox 1715 4293 1907 4340; x_wconf 85' lang='lat' dir='ltr'><strong>tamen</strong></span> <span class='ocrx_word' id='word_1_693' title='bbox 1927 4298 2097 4337; x_wconf 75' lang='lat' dir='ltr'><strong>contra</strong></span> 
     </span>
    </p>
   </div>
   <div class='ocr_carea' id='block_1_97' title="bbox 498 4356 2094 4424">
    <p class='ocr_par' dir='ltr' id='par_1_97' title="bbox 498 4356 2094 4424">
     <span class='ocr_line' id='line_1_97' title="bbox 498 4356 2094 4424; baseline 0.001 -15"><span class='ocrx_word' id='word_1_694' title='bbox 498 4361 692 4409; x_wconf 74' lang='lat' dir='ltr'><strong>Fatum</strong></span> <span class='ocrx_word' id='word_1_695' title='bbox 723 4356 1031 4419; x_wconf 86' lang='lat' dir='ltr'><strong>scripserit.</strong></span> <span class='ocrx_word' id='word_1_696' title='bbox 1055 4359 1139 4407; x_wconf 89' lang='lat' dir='ltr'><strong>Ita</strong></span> <span class='ocrx_word' id='word_1_697' title='bbox 1164 4357 1393 4418; x_wconf 89' lang='lat' dir='ltr'><strong>quidem</strong></span> <span class='ocrx_word' id='word_1_698' title='bbox 1420 4364 1587 4422; x_wconf 89' lang='lat' dir='ltr'><strong>certe,</strong></span> <span class='ocrx_word' id='word_1_699' title='bbox 1615 4362 1766 4424; x_wconf 90' lang='lat' dir='ltr'><strong>quod</strong></span> <span class='ocrx_word' id='word_1_700' title='bbox 1792 4362 1862 4411; x_wconf 91' lang='lat' dir='ltr'><strong>ad</strong></span> <span class='ocrx_word' id='word_1_701' title='bbox 1884 4365 2094 4410; x_wconf 87' lang='lat' dir='ltr'><strong>liberum</strong></span> 
     </span>
    </p>
   </div>
   <div class='ocr_carea' id='block_1_98' title="bbox 497 4428 2097 4498">
    <p class='ocr_par' dir='ltr' id='par_1_98' title="bbox 497 4428 2097 4498">
     <span class='ocr_line' id='line_1_98' title="bbox 497 4428 2097 4498; baseline 0 -17"><span class='ocrx_word' id='word_1_702' title='bbox 497 4430 750 4481; x_wconf 91' lang='lat' dir='ltr'><strong>hominis</strong></span> <span class='ocrx_word' id='word_1_703' title='bbox 773 4428 1072 4479; x_wconf 87' lang='lat' dir='ltr'><strong>arbitrium</strong></span> <span class='ocrx_word' id='word_1_704' title='bbox 1085 4428 1312 4489; x_wconf 85' lang='lat' dir='ltr'><strong>attinet;</strong></span> <span class='ocrx_word' id='word_1_705' title='bbox 1330 4430 1429 4481; x_wconf 90' lang='lat' dir='ltr'><strong>sed</strong></span> <span class='ocrx_word' id='word_1_706' title='bbox 1454 4446 1645 4493; x_wconf 82' lang='lat' dir='ltr'><strong>corpus</strong></span> <span class='ocrx_word' id='word_1_707' title='bbox 1664 4438 1861 4493; x_wconf 78' lang='lat' dir='ltr'><strong>tamen,</strong></span> <span class='ocrx_word' id='word_1_708' title='bbox 1884 4440 1930 4482; x_wconf 82' lang='lat' dir='ltr'><strong>et</strong></span> <span class='ocrx_word' id='word_1_709' title='bbox 1951 4449 2097 4498; x_wconf 64' lang='lat' dir='ltr'><strong>qua?-</strong></span> 
     </span>
    </p>
   </div>
   <div class='ocr_carea' id='block_1_99' title="bbox 496 4503 2095 4567">
    <p class='ocr_par' dir='ltr' id='par_1_99' title="bbox 496 4503 2095 4567">
     <span class='ocr_line' id='line_1_99' title="bbox 496 4503 2095 4567; baseline 0.002 -17"><span class='ocrx_word' id='word_1_710' title='bbox 496 4516 723 4564; x_wconf 78' lang='lat' dir='ltr'><strong>cumque</strong></span> <span class='ocrx_word' id='word_1_711' title='bbox 762 4514 955 4563; x_wconf 75' lang='lat' dir='ltr'><strong>corpus</strong></span> <span class='ocrx_word' id='word_1_712' title='bbox 987 4505 1237 4563; x_wconf 78' lang='lat' dir='ltr'><strong>spectant,</strong></span> <span class='ocrx_word' id='word_1_713' title='bbox 1262 4503 1391 4550; x_wconf 84' lang='lat' dir='ltr'><strong>Fato</strong></span> <span class='ocrx_word' id='word_1_714' title='bbox 1446 4503 1806 4565; x_wconf 67' lang='lat' dir='ltr'><strong>gubernanda</strong></span> <span class='ocrx_word' id='word_1_715' title='bbox 1859 4505 2095 4567; x_wconf 77' lang='lat' dir='ltr'><strong>subjecit,</strong></span> 
     </span>
    </p>
   </div>
   <div class='ocr_carea' id='block_1_100' title="bbox 500 4570 2097 4639">
    <p class='ocr_par' dir='ltr' id='par_1_100' title="bbox 500 4570 2097 4639">
     <span class='ocr_line' id='line_1_100' title="bbox 500 4570 2097 4639; baseline 0.001 -17"><span class='ocrx_word' id='word_1_716' title='bbox 500 4576 647 4623; x_wconf 87' lang='lat' dir='ltr'><strong>teste</strong></span> <span class='ocrx_word' id='word_1_717' title='bbox 678 4570 974 4622; x_wconf 89' lang='lat' dir='ltr'><strong>Theodoro</strong></span> <span class='ocrx_word' id='word_1_718' title='bbox 999 4572 1281 4623; x_wconf 88' lang='lat' dir='ltr'><strong>Tarsensi.</strong></span> <span class='ocrx_word' id='word_1_719' title='bbox 1309 4574 1495 4625; x_wconf 85' lang='lat' dir='ltr'><strong>Verba</strong></span> <span class='ocrx_word' id='word_1_720' title='bbox 1527 4576 1835 4639; x_wconf 84' lang='lat' dir='ltr'><strong>Augustini</strong></span> <span class='ocrx_word' id='word_1_721' title='bbox 1861 4576 1931 4627; x_wconf 90' lang='lat' dir='ltr'><strong>de</strong></span> <span class='ocrx_word' id='word_1_722' title='bbox 1957 4578 2097 4624; x_wconf 83' lang='lat' dir='ltr'><strong>Bar-</strong></span> 
     </span>
    </p>
   </div>
   <div class='ocr_carea' id='block_1_101' title="bbox 2198 3283 3796 3348">
    <p class='ocr_par' dir='ltr' id='par_1_101' title="bbox 2198 3283 3796 3348">
     <span class='ocr_line' id='line_1_101' title="bbox 2198 3283 3796 3348; baseline -0.001 -13"><span class='ocrx_word' id='word_1_723' title='bbox 2198 3287 2289 3335; x_wconf 87' lang='lat' dir='ltr'><strong>bro</strong></span> <span class='ocrx_word' id='word_1_724' title='bbox 2317 3285 2623 3348; x_wconf 79' lang='lat' dir='ltr'><strong>Stapulensi</strong></span> <span class='ocrx_word' id='word_1_725' title='bbox 2660 3284 2721 3335; x_wconf 92' lang='lat' dir='ltr'><strong>in</strong></span> <span class='ocrx_word' id='word_1_726' title='bbox 2765 3283 3006 3348; x_wconf 89' lang='lat' dir='ltr'><strong>epistola</strong></span> <span class='ocrx_word' id='word_1_727' title='bbox 3048 3283 3121 3335; x_wconf 88' lang='lat' dir='ltr'><strong>ad</strong></span> <span class='ocrx_word' id='word_1_728' title='bbox 3165 3284 3443 3334; x_wconf 86' lang='lat' dir='ltr'><strong>Jacobum</strong></span> <span class='ocrx_word' id='word_1_729' title='bbox 3475 3283 3796 3339; x_wconf 75' lang='lat' dir='ltr'><strong>Ramirum,</strong></span> 
     </span>
    </p>
   </div>
   <div class='ocr_carea' id='block_1_102' title="bbox 2196 3352 3798 3423">
    <p class='ocr_par' dir='ltr' id='par_1_102' title="bbox 2196 3352 3798 3423">
     <span class='ocr_line' id='line_1_102' title="bbox 2196 3352 3798 3423; baseline -0.005 -14"><span class='ocrx_word' id='word_1_730' title='bbox 2196 3358 2523 3423; x_wconf 88' lang='lat' dir='ltr'><strong>pontillcem</strong></span> <span class='ocrx_word' id='word_1_731' title='bbox 2542 3356 2921 3418; x_wconf 86' lang='lat' dir='ltr'><strong>Catinensem,</strong></span> <span class='ocrx_word' id='word_1_732' title='bbox 2938 3354 3139 3419; x_wconf 70' lang='lat' dir='ltr'><strong>primm</strong></span> <span class='ocrx_word' id='word_1_733' title='bbox 3152 3366 3273 3407; x_wconf 72' lang='lat' dir='ltr'><strong>suae</strong></span> <span class='ocrx_word' id='word_1_734' title='bbox 3296 3353 3530 3406; x_wconf 89' lang='lat' dir='ltr'><strong>editioni</strong></span> <span class='ocrx_word' id='word_1_735' title='bbox 3556 3352 3798 3403; x_wconf 75' lang='lat' dir='ltr'><strong>Clemen-</strong></span> 
     </span>
    </p>
   </div>
   <div class='ocr_carea' id='block_1_103' title="bbox 2199 3425 3800 3490">
    <p class='ocr_par' dir='ltr' id='par_1_103' title="bbox 2199 3425 3800 3490">
     <span class='ocr_line' id='line_1_103' title="bbox 2199 3425 3800 3490; baseline -0.002 -12"><span class='ocrx_word' id='word_1_736' title='bbox 2199 3430 2443 3478; x_wconf 84' lang='lat' dir='ltr'><strong>tinarum</strong></span> <span class='ocrx_word' id='word_1_737' title='bbox 2482 3427 2925 3490; x_wconf 76' lang='lat' dir='ltr'><strong>Recognitionum</strong></span> <span class='ocrx_word' id='word_1_738' title='bbox 2957 3426 3281 3490; x_wconf 56' lang='lat' dir='ltr'><strong>praeposita.</strong></span> <span class='ocrx_word' id='word_1_739' title='bbox 3319 3425 3689 3489; x_wconf 83' lang='lat' dir='ltr'><strong>Quicumque</strong></span> <span class='ocrx_word' id='word_1_740' title='bbox 3718 3430 3800 3474; x_wconf 79' lang='lat' dir='ltr'><strong>ta-</strong></span> 
     </span>
    </p>
   </div>
   <div class='ocr_carea' id='block_1_104' title="bbox 2197 3496 3792 3562">
    <p class='ocr_par' dir='ltr' id='par_1_104' title="bbox 2197 3496 3792 3562">
     <span class='ocr_line' id='line_1_104' title="bbox 2197 3496 3792 3562; baseline -0.005 -11"><span class='ocrx_word' id='word_1_741' title='bbox 2197 3514 2329 3551; x_wconf 90' lang='lat' dir='ltr'><strong>men</strong></span> <span class='ocrx_word' id='word_1_742' title='bbox 2352 3500 2403 3551; x_wconf 89' lang='lat' dir='ltr'>is</span> <span class='ocrx_word' id='word_1_743' title='bbox 2426 3504 2627 3551; x_wconf 89' lang='lat' dir='ltr'><strong>auctor</strong></span> <span class='ocrx_word' id='word_1_744' title='bbox 2648 3498 2836 3562; x_wconf 88' lang='lat' dir='ltr'><strong>fuerit,</strong></span> <span class='ocrx_word' id='word_1_745' title='bbox 2853 3498 3322 3562; x_wconf 88' lang='lat' dir='ltr'><strong>quandoquidem</strong></span> <span class='ocrx_word' id='word_1_746' title='bbox 3337 3498 3446 3547; x_wconf 90' lang='lat' dir='ltr'><strong>sub</strong></span> <span class='ocrx_word' id='word_1_747' title='bbox 3463 3496 3792 3548; x_wconf 78' lang='lat' dir='ltr'><strong>larvalatere</strong></span> 
     </span>
    </p>
   </div>
   <div class='ocr_carea' id='block_1_105' title="bbox 2196 3567 3796 3635">
    <p class='ocr_par' dir='ltr' id='par_1_105' title="bbox 2196 3567 3796 3635">
     <span class='ocr_line' id='line_1_105' title="bbox 2196 3567 3796 3635; baseline -0.004 -12"><span class='ocrx_word' id='word_1_748' title='bbox 2196 3572 2419 3635; x_wconf 89' lang='lat' dir='ltr'>maluit,</span> <span class='ocrx_word' id='word_1_749' title='bbox 2464 3570 2657 3622; x_wconf 91' lang='lat' dir='ltr'><strong>critico</strong></span> <span class='ocrx_word' id='word_1_750' title='bbox 2701 3570 2916 3634; x_wconf 64' lang='lat' dir='ltr'><strong>iudicio</strong></span> <span class='ocrx_word' id='word_1_751' title='bbox 2940 3583 3142 3634; x_wconf 89' lang='lat' dir='ltr'><strong>parum</strong></span> <span class='ocrx_word' id='word_1_752' title='bbox 3187 3570 3504 3620; x_wconf 87' lang='lat' dir='ltr'><strong>instructus</strong></span> <span class='ocrx_word' id='word_1_753' title='bbox 3544 3567 3796 3623; x_wconf 86' lang='lat' dir='ltr'><strong>videtur,</strong></span> 
     </span>
    </p>
   </div>
   <div class='ocr_carea' id='block_1_106' title="bbox 2194 3639 3797 3706">
    <p class='ocr_par' dir='ltr' id='par_1_106' title="bbox 2194 3639 3797 3706">
     <span class='ocr_line' id='line_1_106' title="bbox 2194 3639 3797 3706; baseline -0.006 -11"><span class='ocrx_word' id='word_1_754' title='bbox 2194 3644 2560 3706; x_wconf 77' lang='lat' dir='ltr'><strong>maximeque</strong></span> <span class='ocrx_word' id='word_1_755' title='bbox 2580 3642 2875 3693; x_wconf 91' lang='lat' dir='ltr'><strong>diversum</strong></span> <span class='ocrx_word' id='word_1_756' title='bbox 2888 3654 2950 3693; x_wconf 90' lang='lat' dir='ltr'><strong>se</strong></span> <span class='ocrx_word' id='word_1_757' title='bbox 2976 3642 3213 3706; x_wconf 87' lang='lat' dir='ltr'><strong>prodita</strong></span> <span class='ocrx_word' id='word_1_758' title='bbox 3233 3640 3508 3703; x_wconf 74' lang='lat' dir='ltr'><strong>Clemente,</strong></span> <span class='ocrx_word' id='word_1_759' title='bbox 3523 3639 3651 3690; x_wconf 91' lang='lat' dir='ltr'><strong>viro</strong></span> <span class='ocrx_word' id='word_1_760' title='bbox 3666 3646 3797 3699; x_wconf 76' lang='lat' dir='ltr'><strong>Apo-</strong></span> 
     </span>
    </p>
   </div>
   <div class='ocr_carea' id='block_1_107' title="bbox 2201 3709 3800 3778">
    <p class='ocr_par' dir='ltr' id='par_1_107' title="bbox 2201 3709 3800 3778">
     <span class='ocr_line' id='line_1_107' title="bbox 2201 3709 3800 3778; baseline -0.006 -12"><span class='ocrx_word' id='word_1_761' title='bbox 2201 3716 2419 3775; x_wconf 85' lang='lat' dir='ltr'><strong>stolico,</strong></span> <span class='ocrx_word' id='word_1_762' title='bbox 2446 3727 2480 3765; x_wconf 88' lang='lat' dir='ltr'><strong>a</strong></span> <span class='ocrx_word' id='word_1_763' title='bbox 2512 3715 2870 3777; x_wconf 83' lang='lat' dir='ltr'><strong>cujusmanu</strong></span> <span class='ocrx_word' id='word_1_764' title='bbox 2892 3713 3104 3778; x_wconf 89' lang='lat' dir='ltr'><strong>prodiit</strong></span> <span class='ocrx_word' id='word_1_765' title='bbox 3125 3709 3569 3764; x_wconf 85' lang='lat' dir='ltr'><strong>admirandailla</strong></span> <span class='ocrx_word' id='word_1_766' title='bbox 3582 3713 3800 3772; x_wconf 82' lang='lat' dir='ltr'><strong>epistola</strong></span> 
     </span>
    </p>
   </div>
   <div class='ocr_carea' id='block_1_108' title="bbox 2197 3783 3799 3844">
    <p class='ocr_par' dir='ltr' id='par_1_108' title="bbox 2197 3783 3799 3844">
     <span class='ocr_line' id='line_1_108' title="bbox 2197 3783 3799 3844; baseline -0.006 -4"><span class='ocrx_word' id='word_1_767' title='bbox 2197 3789 2427 3840; x_wconf 84' lang='lat' dir='ltr'><strong>nomine</strong></span> <span class='ocrx_word' id='word_1_768' title='bbox 2454 3786 2720 3838; x_wconf 80' lang='lat' dir='ltr'><strong>Ecclesiae</strong></span> <span class='ocrx_word' id='word_1_769' title='bbox 2740 3788 3014 3838; x_wconf 66' lang='lat' dir='ltr'><strong>Romanis</strong></span> <span class='ocrx_word' id='word_1_770' title='bbox 3036 3785 3108 3837; x_wconf 90' lang='lat' dir='ltr'>ad</span> <span class='ocrx_word' id='word_1_771' title='bbox 3126 3784 3465 3836; x_wconf 88' lang='lat' dir='ltr'><strong>Corinthios.</strong></span> <span class='ocrx_word' id='word_1_772' title='bbox 3483 3783 3545 3834; x_wconf 92' lang='lat' dir='ltr'><strong>Id</strong></span> <span class='ocrx_word' id='word_1_773' title='bbox 3560 3784 3799 3844; x_wconf 79' lang='lat' dir='ltr'><strong>plurimis</strong></span> 
     </span>
    </p>
   </div>
   <div class='ocr_carea' id='block_1_109' title="bbox 2197 3853 3795 3919">
    <p class='ocr_par' dir='ltr' id='par_1_109' title="bbox 2197 3853 3795 3919">
     <span class='ocr_line' id='line_1_109' title="bbox 2197 3853 3795 3919; baseline -0.004 -9"><span class='ocrx_word' id='word_1_774' title='bbox 2197 3860 2268 3910; x_wconf 88' lang='lat' dir='ltr'><strong>ab</strong></span> <span class='ocrx_word' id='word_1_775' title='bbox 2294 3859 2427 3910; x_wconf 90' lang='lat' dir='ltr'><strong>hinc</strong></span> <span class='ocrx_word' id='word_1_776' title='bbox 2452 3857 2701 3919; x_wconf 69' lang='lat' dir='ltr'><strong>saeculis,</strong></span> <span class='ocrx_word' id='word_1_777' title='bbox 2729 3858 2815 3908; x_wconf 89' lang='lat' dir='ltr'><strong>uti</strong></span> <span class='ocrx_word' id='word_1_778' title='bbox 2838 3857 3401 3917; x_wconf 84' lang='lat' dir='ltr'><strong>dixi,observaverat</strong></span> <span class='ocrx_word' id='word_1_779' title='bbox 3418 3853 3795 3919; x_wconf 86' lang='lat' dir='ltr'><strong>Epiphanius.</strong></span> 
     </span>
    </p>
   </div>
   <div class='ocr_carea' id='block_1_110' title="bbox 2197 3927 3799 3993">
    <p class='ocr_par' dir='ltr' id='par_1_110' title="bbox 2197 3927 3799 3993">
     <span class='ocr_line' id='line_1_110' title="bbox 2197 3927 3799 3993; baseline -0.004 -11"><span class='ocrx_word' id='word_1_780' title='bbox 2197 3932 2495 3982; x_wconf 91' lang='lat' dir='ltr'><strong>Librorum</strong></span> <span class='ocrx_word' id='word_1_781' title='bbox 2520 3930 2740 3993; x_wconf 77' lang='lat' dir='ltr'><strong>analysi</strong></span> <span class='ocrx_word' id='word_1_782' title='bbox 2762 3928 3114 3993; x_wconf 85' lang='lat' dir='ltr'><strong>pertexenda</strong></span> <span class='ocrx_word' id='word_1_783' title='bbox 3126 3927 3590 3992; x_wconf 81' lang='lat' dir='ltr'><strong>supersedemus,</strong></span> <span class='ocrx_word' id='word_1_784' title='bbox 3611 3937 3799 3989; x_wconf 89' lang='lat' dir='ltr'><strong>quum</strong></span> 
     </span>
    </p>
   </div>
   <div class='ocr_carea' id='block_1_111' title="bbox 2194 3997 3801 4067">
    <p class='ocr_par' dir='ltr' id='par_1_111' title="bbox 2194 3997 3801 4067">
     <span class='ocr_line' id='line_1_111' title="bbox 2194 3997 3801 4067; baseline -0.003 -14"><span class='ocrx_word' id='word_1_785' title='bbox 2194 4003 2252 4054; x_wconf 90' lang='lat' dir='ltr'><strong>id</strong></span> <span class='ocrx_word' id='word_1_786' title='bbox 2278 4002 2608 4067; x_wconf 63' lang='lat' dir='ltr'><strong>praestiterit</strong></span> <span class='ocrx_word' id='word_1_787' title='bbox 2639 4002 2893 4053; x_wconf 71' lang='lat' dir='ltr'><strong>Nolanus</strong></span> <span class='ocrx_word' id='word_1_788' title='bbox 2932 4001 3171 4052; x_wconf 87' lang='lat' dir='ltr'><strong>Nurrius</strong></span> <span class='ocrx_word' id='word_1_789' title='bbox 3207 4001 3267 4051; x_wconf 92' lang='lat' dir='ltr'><strong>in</strong></span> <span class='ocrx_word' id='word_1_790' title='bbox 3291 4002 3587 4063; x_wconf 89' lang='lat' dir='ltr'><strong>Apparatu</strong></span> <span class='ocrx_word' id='word_1_791' title='bbox 3605 3998 3685 4049; x_wconf 90' lang='lat' dir='ltr'><strong>ad</strong></span> <span class='ocrx_word' id='word_1_792' title='bbox 3709 3997 3801 4049; x_wconf 71' lang='grc' dir='ltr'><strong>Βίο-</strong></span> 
     </span>
    </p>
   </div>
   <div class='ocr_carea' id='block_1_112' title="bbox 2196 4069 3733 4135">
    <p class='ocr_par' dir='ltr' id='par_1_112' title="bbox 2196 4069 3733 4135">
     <span class='ocr_line' id='line_1_112' title="bbox 2196 4069 3733 4135; baseline -0.002 -11"><span class='ocrx_word' id='word_1_793' title='bbox 2196 4073 2542 4125; x_wconf 88' lang='lat' dir='ltr'><strong>bliothecam</strong></span> <span class='ocrx_word' id='word_1_794' title='bbox 2568 4075 2802 4124; x_wconf 88' lang='lat' dir='ltr'><strong>Patrum</strong></span> <span class='ocrx_word' id='word_1_795' title='bbox 2832 4078 2969 4125; x_wconf 89' lang='lat' dir='ltr'><strong>tom.</strong></span> <span class='ocrx_word' id='word_1_796' title='bbox 3002 4077 3045 4124; x_wconf 87' lang='grc' dir='ltr'>Ι.</span> <span class='ocrx_word' id='word_1_797' title='bbox 3072 4073 3297 4125; x_wconf 90' lang='lat' dir='ltr'><strong>dissert.</strong></span> <span class='ocrx_word' id='word_1_798' title='bbox 3326 4073 3420 4122; x_wconf 86' lang='lat' dir='ltr'><strong>IX.</strong></span> <span class='ocrx_word' id='word_1_799' title='bbox 3448 4084 3577 4135; x_wconf 82' lang='lat' dir='ltr'><strong>pag.</strong></span> <span class='ocrx_word' id='word_1_800' title='bbox 3604 4069 3733 4125; x_wconf 72' lang='grc'><strong>211.</strong></span> 
     </span>
    </p>
   </div>
   <div class='ocr_carea' id='block_1_113' title="bbox 2260 4142 3793 4209">
    <p class='ocr_par' dir='ltr' id='par_1_113' title="bbox 2260 4142 3793 4209">
     <span class='ocr_line' id='line_1_113' title="bbox 2260 4142 3793 4209; baseline 0 -15"><span class='ocrx_word' id='word_1_801' title='bbox 2260 4146 2403 4196; x_wconf 89' lang='lat' dir='ltr'><strong>V111.</strong></span> <span class='ocrx_word' id='word_1_802' title='bbox 2432 4144 2539 4195; x_wconf 89' lang='lat' dir='ltr'><strong>Sed</strong></span> <span class='ocrx_word' id='word_1_803' title='bbox 2582 4144 2843 4195; x_wconf 77' lang='lat' dir='ltr'><strong>Gelasius</strong></span> <span class='ocrx_word' id='word_1_804' title='bbox 2882 4146 3139 4209; x_wconf 88' lang='lat' dir='ltr'><strong>pontifex</strong></span> <span class='ocrx_word' id='word_1_805' title='bbox 3164 4145 3222 4195; x_wconf 91' lang='lat' dir='ltr'><strong>in</strong></span> <span class='ocrx_word' id='word_1_806' title='bbox 3256 4146 3495 4195; x_wconf 90' lang='lat' dir='ltr'><strong>Decreto</strong></span> <span class='ocrx_word' id='word_1_807' title='bbox 3518 4142 3793 4206; x_wconf 82' lang='lat' dir='ltr'><strong>genuino,</strong></span> 
     </span>
    </p>
   </div>
   <div class='ocr_carea' id='block_1_114' title="bbox 2196 4213 3796 4276">
    <p class='ocr_par' dir='ltr' id='par_1_114' title="bbox 2196 4213 3796 4276">
     <span class='ocr_line' id='line_1_114' title="bbox 2196 4213 3796 4276; baseline -0.003 -9"><span class='ocrx_word' id='word_1_808' title='bbox 2196 4229 2265 4267; x_wconf 84' lang='lat' dir='ltr'><strong>ex</strong></span> <span class='ocrx_word' id='word_1_809' title='bbox 2280 4218 2582 4267; x_wconf 90' lang='lat' dir='ltr'><strong>veterrimo</strong></span> <span class='ocrx_word' id='word_1_810' title='bbox 2594 4216 2785 4267; x_wconf 90' lang='lat' dir='ltr'><strong>codice</strong></span> <span class='ocrx_word' id='word_1_811' title='bbox 2800 4218 3074 4268; x_wconf 82' lang='lat' dir='ltr'><strong>Vaticano</strong></span> <span class='ocrx_word' id='word_1_812' title='bbox 3103 4216 3235 4267; x_wconf 90' lang='lat' dir='ltr'><strong>olim</strong></span> <span class='ocrx_word' id='word_1_813' title='bbox 3260 4228 3293 4267; x_wconf 90' lang='lat' dir='ltr'>a</span> <span class='ocrx_word' id='word_1_814' title='bbox 3316 4228 3408 4266; x_wconf 89' lang='lat' dir='ltr'><strong>me</strong></span> <span class='ocrx_word' id='word_1_815' title='bbox 3433 4214 3606 4276; x_wconf 89' lang='lat' dir='ltr'><strong>edito,</strong></span> <span class='ocrx_word' id='word_1_816' title='bbox 3641 4213 3796 4265; x_wconf 85' lang='lat' dir='ltr'><strong>hanc</strong></span> 
     </span>
    </p>
   </div>
   <div class='ocr_carea' id='block_1_115' title="bbox 2196 4286 3794 4353">
    <p class='ocr_par' dir='ltr' id='par_1_115' title="bbox 2196 4286 3794 4353">
     <span class='ocr_line' id='line_1_115' title="bbox 2196 4286 3794 4353; baseline -0.003 -14"><span class='ocrx_word' id='word_1_817' title='bbox 2196 4300 2501 4339; x_wconf 86' lang='lat' dir='ltr'><strong>censuram</strong></span> <span class='ocrx_word' id='word_1_818' title='bbox 2535 4288 2606 4339; x_wconf 89' lang='lat' dir='ltr'><strong>de</strong></span> <span class='ocrx_word' id='word_1_819' title='bbox 2634 4289 3158 4353; x_wconf 87' lang='lat' dir='ltr'><strong>Recognitionibus.</strong></span> <span class='ocrx_word' id='word_1_820' title='bbox 3186 4301 3221 4339; x_wconf 88' lang='lat' dir='ltr'><strong>a</strong></span> <span class='ocrx_word' id='word_1_821' title='bbox 3242 4288 3447 4351; x_wconf 81' lang='lat' dir='ltr'><strong>Rufino</strong></span> <span class='ocrx_word' id='word_1_822' title='bbox 3471 4286 3794 4345; x_wconf 86' lang='lat' dir='ltr'><strong>conversis,</strong></span> 
     </span>
    </p>
   </div>
   <div class='ocr_carea' id='block_1_116' title="bbox 2196 4357 3797 4424">
    <p class='ocr_par' dir='ltr' id='par_1_116' title="bbox 2196 4357 3797 4424">
     <span class='ocr_line' id='line_1_116' title="bbox 2196 4357 3797 4424; baseline -0.005 -14"><span class='ocrx_word' id='word_1_823' title='bbox 2196 4360 2631 4424; x_wconf 88' lang='lat' dir='ltr'><strong>pronunciavit:</strong></span> <span class='ocrx_word' id='word_1_824' title='bbox 2676 4361 3046 4421; x_wconf 78' lang='lat' dir='ltr'><strong>Itinerarium,</strong></span> <span class='ocrx_word' id='word_1_825' title='bbox 3090 4361 3309 4409; x_wconf 81' lang='lat' dir='ltr'><strong>nomine</strong></span> <span class='ocrx_word' id='word_1_826' title='bbox 3343 4357 3488 4409; x_wconf 70' lang='lat' dir='ltr'><strong>Petri</strong></span> <span class='ocrx_word' id='word_1_827' title='bbox 3529 4359 3797 4422; x_wconf 69' lang='lat' dir='ltr'><strong>Apostoli,</strong></span> 
     </span>
    </p>
   </div>
   <div class='ocr_carea' id='block_1_117' title="bbox 2194 4429 3799 4495">
    <p class='ocr_par' dir='ltr' id='par_1_117' title="bbox 2194 4429 3799 4495">
     <span class='ocr_line' id='line_1_117' title="bbox 2194 4429 3799 4495; baseline 0.001 -16"><span class='ocrx_word' id='word_1_828' title='bbox 2194 4432 2339 4495; x_wconf 83' lang='lat' dir='ltr'><strong>quod</strong></span> <span class='ocrx_word' id='word_1_829' title='bbox 2362 4431 2670 4495; x_wconf 73' lang='lat' dir='ltr'><strong>appellatur</strong></span> <span class='ocrx_word' id='word_1_830' title='bbox 2695 4432 2880 4482; x_wconf 80' lang='lat' dir='ltr'><strong>Sancti</strong></span> <span class='ocrx_word' id='word_1_831' title='bbox 2910 4433 3189 4483; x_wconf 79' lang='lat' dir='ltr'><strong>Clementis</strong></span> <span class='ocrx_word' id='word_1_832' title='bbox 3219 4430 3622 4495; x_wconf 79' lang='lat' dir='ltr'><strong>apogryphum.</strong></span> <span class='ocrx_word' id='word_1_833' title='bbox 3652 4429 3799 4480; x_wconf 87' lang='lat' dir='ltr'><strong>Nul-</strong></span> 
     </span>
    </p>
   </div>
   <div class='ocr_carea' id='block_1_118' title="bbox 2196 4502 3793 4567">
    <p class='ocr_par' dir='ltr' id='par_1_118' title="bbox 2196 4502 3793 4567">
     <span class='ocr_line' id='line_1_118' title="bbox 2196 4502 3793 4567; baseline -0.002 -15"><span class='ocrx_word' id='word_1_834' title='bbox 2196 4502 2287 4553; x_wconf 88' lang='lat' dir='ltr'><strong>lus</strong></span> <span class='ocrx_word' id='word_1_835' title='bbox 2302 4502 2414 4567; x_wconf 87' lang='lat' dir='ltr'>hic,</span> <span class='ocrx_word' id='word_1_836' title='bbox 2441 4503 2575 4553; x_wconf 84' lang='lat' dir='ltr'>utin</span> <span class='ocrx_word' id='word_1_837' title='bbox 2601 4504 2805 4556; x_wconf 88' lang='lat' dir='ltr'><strong>ceteris</strong></span> <span class='ocrx_word' id='word_1_838' title='bbox 2840 4504 3211 4567; x_wconf 91' lang='lat' dir='ltr'><strong>editionibus,</strong></span> <span class='ocrx_word' id='word_1_839' title='bbox 3248 4502 3509 4551; x_wconf 74' lang='lat' dir='ltr'><strong>librorum</strong></span> <span class='ocrx_word' id='word_1_840' title='bbox 3528 4516 3793 4550; x_wconf 74' lang='lat' dir='ltr'><strong>nunwrus</strong></span> 
     </span>
    </p>
   </div>
   <div class='ocr_carea' id='block_1_119' title="bbox 2198 4572 3791 4640">
    <p class='ocr_par' dir='ltr' id='par_1_119' title="bbox 2198 4572 3791 4640">
     <span class='ocr_line' id='line_1_119' title="bbox 2198 4572 3791 4640; baseline -0.003 -16"><span class='ocrx_word' id='word_1_841' title='bbox 2198 4574 2534 4637; x_wconf 86' lang='lat' dir='ltr'><strong>explicatur,</strong></span> <span class='ocrx_word' id='word_1_842' title='bbox 2560 4576 2693 4638; x_wconf 90' lang='lat' dir='ltr'><strong>quia</strong></span> <span class='ocrx_word' id='word_1_843' title='bbox 2716 4576 2765 4627; x_wconf 92' lang='lat' dir='ltr'>is</span> <span class='ocrx_word' id='word_1_844' title='bbox 2796 4577 3165 4640; x_wconf 83' lang='lat' dir='ltr'><strong>pendebatex</strong></span> <span class='ocrx_word' id='word_1_845' title='bbox 3188 4572 3420 4627; x_wconf 88' lang='lat' dir='ltr'><strong>arbitrio</strong></span> <span class='ocrx_word' id='word_1_846' title='bbox 3445 4575 3791 4622; x_wconf 79' lang='lat' dir='ltr'><strong>librariorum.</strong></span> 
     </span>
    </p>
   </div>
   <div class='ocr_carea' id='block_1_120' title="bbox 498 4638 3795 4717">
    <p class='ocr_par' dir='ltr' id='par_1_120' title="bbox 498 4638 3795 4717">
     <span class='ocr_line' id='line_1_120' title="bbox 498 4638 3795 4717; baseline 0.001 -26"><span class='ocrx_word' id='word_1_847' title='bbox 498 4644 691 4717; x_wconf 79' lang='lat' dir='ltr'><strong>ttcsanc</strong></span> <span class='ocrx_word' id='word_1_848' title='bbox 714 4643 853 4717; x_wconf 15' lang='lat' dir='ltr'><strong>haec!</strong></span> <span class='ocrx_word' id='word_1_849' title='bbox 871 4644 1140 4717; x_wconf 75' lang='lat' dir='ltr'><strong>suntcap.</strong></span> <span class='ocrx_word' id='word_1_850' title='bbox 1164 4645 1376 4695; x_wconf 84' lang='lat' dir='ltr'><strong>XXXV</strong></span> <span class='ocrx_word' id='word_1_851' title='bbox 1390 4645 1460 4697; x_wconf 89' lang='lat' dir='ltr'><strong>de</strong></span> <span class='ocrx_word' id='word_1_852' title='bbox 1486 4638 1817 4698; x_wconf 61' lang='lat' dir='ltr'><strong>Haaresibus</strong></span> <span class='ocrx_word' id='word_1_853' title='bbox 1836 4666 1844 4695; x_wconf 89' lang='lat'>:</span> <span class='ocrx_word' id='word_1_854' title='bbox 1863 4648 1985 4696; x_wconf 81' lang='lat' dir='ltr'><strong>Non</strong></span> <span class='ocrx_word' id='word_1_855' title='bbox 2002 4662 2097 4710; x_wconf 81' lang='lat' dir='ltr'><strong>per</strong></span> <span class='ocrx_word' id='word_1_856' title='bbox 2122 4638 2180 4711; x_wconf 89' lang='lat' dir='ltr'><strong>D</strong></span> <span class='ocrx_word' id='word_1_857' title='bbox 2197 4646 2477 4706; x_wconf 87' lang='lat' dir='ltr'><strong>Gelasius,</strong></span> <span class='ocrx_word' id='word_1_858' title='bbox 2510 4647 2697 4697; x_wconf 83' lang='lat' dir='ltr'><strong>Sancti</strong></span> <span class='ocrx_word' id='word_1_859' title='bbox 2746 4638 3029 4717; x_wconf 72' lang='lat' dir='ltr'><strong>Clementis</strong></span> <span class='ocrx_word' id='word_1_860' title='bbox 3068 4660 3213 4712; x_wconf 91' lang='lat' dir='ltr'><strong>opus</strong></span> <span class='ocrx_word' id='word_1_861' title='bbox 3252 4645 3485 4710; x_wconf 86' lang='lat' dir='ltr'><strong>quidem</strong></span> <span class='ocrx_word' id='word_1_862' title='bbox 3510 4643 3795 4709; x_wconf 76' lang='lat' dir='ltr'><strong>appellari,</strong></span> 
     </span>
    </p>
   </div>
   <div class='ocr_carea' id='block_1_121' title="bbox 499 4714 2096 4782">
    <p class='ocr_par' dir='ltr' id='par_1_121' title="bbox 499 4714 2096 4782">
     <span class='ocr_line' id='line_1_121' title="bbox 499 4714 2096 4782; baseline 0.003 -19"><span class='ocrx_word' id='word_1_863' title='bbox 499 4714 690 4763; x_wconf 85' lang='lat' dir='ltr'><strong>omnia</strong></span> <span class='ocrx_word' id='word_1_864' title='bbox 712 4715 773 4762; x_wconf 83' lang='lat' dir='ltr'><strong>in</strong></span> <span class='ocrx_word' id='word_1_865' title='bbox 810 4714 877 4763; x_wconf 86' lang='lat' dir='ltr'><strong>Va</strong></span> <span class='ocrx_word' id='word_1_866' title='bbox 887 4714 1075 4763; x_wconf 80' lang='lat' dir='ltr'><strong>lcnlini</strong></span> <span class='ocrx_word' id='word_1_867' title='bbox 1094 4715 1333 4765; x_wconf 64' lang='lat' dir='ltr'><strong>haeresim</strong></span> <span class='ocrx_word' id='word_1_868' title='bbox 1352 4718 1533 4781; x_wconf 79' lang='lat' dir='ltr'><strong>lapsus</strong></span> <span class='ocrx_word' id='word_1_869' title='bbox 1549 4724 1620 4767; x_wconf 83' lang='lat' dir='ltr'><strong>est</strong></span> <span class='ocrx_word' id='word_1_870' title='bbox 1640 4720 1961 4782; x_wconf 85' lang='lat' dir='ltr'><strong>(postquam</strong></span> <span class='ocrx_word' id='word_1_871' title='bbox 1977 4721 2096 4779; x_wconf 74' lang='lat' dir='ltr'><strong>resi-</strong></span> 
     </span>
    </p>
   </div>
   <div class='ocr_carea' id='block_1_122' title="bbox 494 4784 2095 4849">
    <p class='ocr_par' dir='ltr' id='par_1_122' title="bbox 494 4784 2095 4849">
     <span class='ocr_line' id='line_1_122' title="bbox 494 4784 2095 4849; baseline 0.002 -14"><span class='ocrx_word' id='word_1_872' title='bbox 494 4784 733 4849; x_wconf 89' lang='lat' dir='ltr'><strong>puisset)</strong></span> <span class='ocrx_word' id='word_1_873' title='bbox 767 4786 967 4835; x_wconf 81' lang='lat' dir='ltr'><strong>addens</strong></span> <span class='ocrx_word' id='word_1_874' title='bbox 1002 4788 1061 4835; x_wconf 79' lang='lat' dir='ltr'><strong>de</strong></span> <span class='ocrx_word' id='word_1_875' title='bbox 1083 4802 1197 4847; x_wconf 82' lang='lat' dir='ltr'><strong>suo,</strong></span> <span class='ocrx_word' id='word_1_876' title='bbox 1237 4794 1295 4836; x_wconf 81' lang='lat' dir='ltr'><strong>ut</strong></span> <span class='ocrx_word' id='word_1_877' title='bbox 1320 4790 1448 4837; x_wconf 85' lang='lat' dir='ltr'><strong>Fato</strong></span> <span class='ocrx_word' id='word_1_878' title='bbox 1470 4789 1785 4837; x_wconf 80' lang='lat' dir='ltr'><strong>adscriberet</strong></span> <span class='ocrx_word' id='word_1_879' title='bbox 1815 4804 2095 4838; x_wconf 81' lang='lat' dir='ltr'><strong>conversa-</strong></span> 
     </span>
    </p>
   </div>
   <div class='ocr_carea' id='block_1_123' title="bbox 497 4856 2094 4923">
    <p class='ocr_par' dir='ltr' id='par_1_123' title="bbox 497 4856 2094 4923">
     <span class='ocr_line' id='line_1_123' title="bbox 497 4856 2094 4923; baseline 0.006 -20"><span class='ocrx_word' id='word_1_880' title='bbox 497 4856 663 4904; x_wconf 83' lang='lat' dir='ltr'><strong>tiones</strong></span> <span class='ocrx_word' id='word_1_881' title='bbox 689 4857 992 4909; x_wconf 78' lang='lat' dir='ltr'><strong>hominum.</strong></span> <span class='ocrx_word' id='word_1_882' title='bbox 1014 4858 1120 4910; x_wconf 88' lang='lat' dir='ltr'><strong>Sed</strong></span> <span class='ocrx_word' id='word_1_883' title='bbox 1147 4861 1272 4911; x_wconf 70' lang='lat'>11330</span> <span class='ocrx_word' id='word_1_884' title='bbox 1296 4865 1602 4923; x_wconf 86' lang='lat' dir='ltr'><strong>postrema,</strong></span> <span class='ocrx_word' id='word_1_885' title='bbox 1629 4860 1832 4908; x_wconf 81' lang='lat' dir='ltr'><strong>addens</strong></span> <span class='ocrx_word' id='word_1_886' title='bbox 1854 4867 1947 4911; x_wconf 86' lang='lat' dir='ltr'><strong>etc.</strong></span> <span class='ocrx_word' id='word_1_887' title='bbox 1979 4873 2094 4913; x_wconf 88' lang='lat' dir='ltr'><strong>non</strong></span> 
     </span>
    </p>
   </div>
   <div class='ocr_carea' id='block_1_124' title="bbox 499 4929 2095 4991">
    <p class='ocr_par' dir='ltr' id='par_1_124' title="bbox 499 4929 2095 4991">
     <span class='ocr_line' id='line_1_124' title="bbox 499 4929 2095 4991; baseline 0.004 -13"><span class='ocrx_word' id='word_1_888' title='bbox 499 4930 726 4979; x_wconf 80' lang='lat' dir='ltr'><strong>exstare</strong></span> <span class='ocrx_word' id='word_1_889' title='bbox 756 4929 814 4979; x_wconf 93' lang='lat' dir='ltr'><strong>in</strong></span> <span class='ocrx_word' id='word_1_890' title='bbox 836 4930 969 4980; x_wconf 80' lang='lat' dir='ltr'><strong>Mss.</strong></span> <span class='ocrx_word' id='word_1_891' title='bbox 996 4931 1308 4991; x_wconf 90' lang='lat' dir='ltr'><strong>codicibus,</strong></span> <span class='ocrx_word' id='word_1_892' title='bbox 1346 4934 1585 4982; x_wconf 89' lang='lat' dir='ltr'><strong>monent</strong></span> <span class='ocrx_word' id='word_1_893' title='bbox 1610 4935 1901 4983; x_wconf 86' lang='lat' dir='ltr'><strong>curatores</strong></span> <span class='ocrx_word' id='word_1_894' title='bbox 1925 4945 2095 4985; x_wconf 64' lang='lat' dir='ltr'><strong>novae</strong></span> 
     </span>
    </p>
   </div>
   <div class='ocr_carea' id='block_1_125' title="bbox 496 4997 2095 5065">
    <p class='ocr_par' dir='ltr' id='par_1_125' title="bbox 496 4997 2095 5065">
     <span class='ocr_line' id='line_1_125' title="bbox 496 4997 2095 5065; baseline 0.004 -17"><span class='ocrx_word' id='word_1_895' title='bbox 496 4997 783 5064; x_wconf 88' lang='lat' dir='ltr'><strong>editionis,</strong></span> <span class='ocrx_word' id='word_1_896' title='bbox 809 5014 942 5065; x_wconf 63' lang='lat' dir='ltr'><strong>quin</strong></span> <span class='ocrx_word' id='word_1_897' title='bbox 975 5006 1168 5054; x_wconf 86' lang='lat' dir='ltr'><strong>tamen</strong></span> <span class='ocrx_word' id='word_1_898' title='bbox 1190 5001 1485 5064; x_wconf 84' lang='lat' dir='ltr'><strong>explicant</strong></span> <span class='ocrx_word' id='word_1_899' title='bbox 1524 5001 1833 5064; x_wconf 88' lang='lat' dir='ltr'><strong>superiora.</strong></span> <span class='ocrx_word' id='word_1_900' title='bbox 1862 5004 2001 5054; x_wconf 77' lang='lat' dir='ltr'><strong>Haec</strong></span> <span class='ocrx_word' id='word_1_901' title='bbox 2026 5004 2095 5055; x_wconf 89' lang='lat' dir='ltr'><strong>de</strong></span> 
     </span>
    </p>
   </div>
   <div class='ocr_carea' id='block_1_126' title="bbox 494 5070 2094 5138">
    <p class='ocr_par' dir='ltr' id='par_1_126' title="bbox 494 5070 2094 5138">
     <span class='ocr_line' id='line_1_126' title="bbox 494 5070 2094 5138; baseline 0.003 -18"><span class='ocrx_word' id='word_1_902' title='bbox 494 5070 801 5121; x_wconf 77' lang='lat' dir='ltr'><strong>Bardcsanc</strong></span> <span class='ocrx_word' id='word_1_903' title='bbox 828 5074 1014 5137; x_wconf 88' lang='lat' dir='ltr'><strong>paullo</strong></span> <span class='ocrx_word' id='word_1_904' title='bbox 1042 5074 1227 5125; x_wconf 88' lang='lat' dir='ltr'><strong>fusius</strong></span> <span class='ocrx_word' id='word_1_905' title='bbox 1251 5074 1535 5124; x_wconf 88' lang='lat' dir='ltr'><strong>disserere</strong></span> <span class='ocrx_word' id='word_1_906' title='bbox 1554 5072 1966 5138; x_wconf 83' lang='lat' dir='ltr'><strong>compulitejus</strong></span> <span class='ocrx_word' id='word_1_907' title='bbox 1984 5078 2094 5136; x_wconf 82' lang='lat' dir='ltr'><strong>pla-</strong></span> 
     </span>
    </p>
   </div>
   <div class='ocr_carea' id='block_1_127' title="bbox 495 5143 2095 5210">
    <p class='ocr_par' dir='ltr' id='par_1_127' title="bbox 495 5143 2095 5210">
     <span class='ocr_line' id='line_1_127' title="bbox 495 5143 2095 5210; baseline 0.003 -17"><span class='ocrx_word' id='word_1_908' title='bbox 495 5143 708 5205; x_wconf 83' lang='lat' dir='ltr'><strong>giarius</strong></span> <span class='ocrx_word' id='word_1_909' title='bbox 763 5146 1299 5203; x_wconf 89' lang='lat' dir='ltr'><strong>Pseudo—Clemens,</strong></span> <span class='ocrx_word' id='word_1_910' title='bbox 1353 5144 1832 5207; x_wconf 83' lang='lat' dir='ltr'><strong>Recognitionum</strong></span> <span class='ocrx_word' id='word_1_911' title='bbox 1871 5148 2095 5210; x_wconf 80' lang='lat' dir='ltr'><strong>artifex,</strong></span> 
     </span>
    </p>
   </div>
   <div class='ocr_carea' id='block_1_128' title="bbox 498 5213 2094 5281">
    <p class='ocr_par' dir='ltr' id='par_1_128' title="bbox 498 5213 2094 5281">
     <span class='ocr_line' id='line_1_128' title="bbox 498 5213 2094 5281; baseline 0.004 -17"><span class='ocrx_word' id='word_1_912' title='bbox 498 5215 959 5279; x_wconf 88' lang='lat' dir='ltr'><strong>quandoquidem</strong></span> <span class='ocrx_word' id='word_1_913' title='bbox 983 5230 1114 5269; x_wconf 88' lang='lat' dir='ltr'><strong>cum</strong></span> <span class='ocrx_word' id='word_1_914' title='bbox 1134 5213 1428 5280; x_wconf 86' lang='lat' dir='ltr'><strong>plagiariis</strong></span> <span class='ocrx_word' id='word_1_915' title='bbox 1453 5213 1625 5265; x_wconf 89' lang='lat' dir='ltr'><strong>latere</strong></span> <span class='ocrx_word' id='word_1_916' title='bbox 1649 5228 1710 5266; x_wconf 91' lang='lat' dir='ltr'><strong>se</strong></span> <span class='ocrx_word' id='word_1_917' title='bbox 1735 5219 2094 5281; x_wconf 88' lang='lat' dir='ltr'><strong>putantibus,</strong></span> 
     </span>
    </p>
   </div>
   <div class='ocr_carea' id='block_1_129' title="bbox 494 5282 2095 5351">
    <p class='ocr_par' dir='ltr' id='par_1_129' title="bbox 494 5282 2095 5351">
     <span class='ocr_line' id='line_1_129' title="bbox 494 5282 2095 5351; baseline 0.001 -14"><span class='ocrx_word' id='word_1_918' title='bbox 494 5298 610 5337; x_wconf 90' lang='lat' dir='ltr'><strong>non</strong></span> <span class='ocrx_word' id='word_1_919' title='bbox 636 5299 761 5338; x_wconf 87' lang='lat' dir='ltr'><strong>raro</strong></span> <span class='ocrx_word' id='word_1_920' title='bbox 783 5289 950 5340; x_wconf 90' lang='lat' dir='ltr'><strong>nobis</strong></span> <span class='ocrx_word' id='word_1_921' title='bbox 978 5300 1067 5339; x_wconf 88' lang='lat' dir='ltr'><strong>res</strong></span> <span class='ocrx_word' id='word_1_922' title='bbox 1085 5289 1191 5337; x_wconf 88' lang='lat' dir='ltr'><strong>est.</strong></span> <span class='ocrx_word' id='word_1_923' title='bbox 1214 5282 1547 5334; x_wconf 81' lang='lat' dir='ltr'><strong>Dodwellus</strong></span> <span class='ocrx_word' id='word_1_924' title='bbox 1572 5293 1903 5351; x_wconf 90' lang='lat' dir='ltr'><strong>compactas</strong></span> <span class='ocrx_word' id='word_1_925' title='bbox 1927 5297 2095 5340; x_wconf 82' lang='lat' dir='ltr'><strong>censet</strong></span> 
     </span>
    </p>
   </div>
   <div class='ocr_carea' id='block_1_130' title="bbox 495 5353 2091 5422">
    <p class='ocr_par' dir='ltr' id='par_1_130' title="bbox 495 5353 2091 5422">
     <span class='ocr_line' id='line_1_130' title="bbox 495 5353 2091 5422; baseline 0.001 -13"><span class='ocrx_word' id='word_1_926' title='bbox 495 5359 937 5422; x_wconf 85' lang='lat' dir='ltr'><strong>Recognitiones</strong></span> <span class='ocrx_word' id='word_1_927' title='bbox 962 5361 1108 5409; x_wconf 89' lang='lat' dir='ltr'><strong>inter</strong></span> <span class='ocrx_word' id='word_1_928' title='bbox 1141 5358 1212 5405; x_wconf 85' lang='lat' dir='ltr'><strong>A.</strong></span> <span class='ocrx_word' id='word_1_929' title='bbox 1250 5356 1312 5403; x_wconf 92' lang='lat' dir='ltr'><strong>D.</strong></span> <span class='ocrx_word' id='word_1_930' title='bbox 1338 5353 1442 5408; x_wconf 78' lang='lat'><strong>‘218</strong></span> <span class='ocrx_word' id='word_1_931' title='bbox 1474 5360 1534 5413; x_wconf 87' lang='lat' dir='ltr'><strong>et</strong></span> <span class='ocrx_word' id='word_1_932' title='bbox 1558 5355 1679 5411; x_wconf 71' lang='lat'><strong>231.</strong></span> <span class='ocrx_word' id='word_1_933' title='bbox 1709 5361 1911 5412; x_wconf 90' lang='lat' dir='ltr'><strong>Verius</strong></span> <span class='ocrx_word' id='word_1_934' title='bbox 1937 5364 2091 5411; x_wconf 85' lang='lat' dir='ltr'><strong>dixis-</strong></span> 
     </span>
    </p>
   </div>
   <div class='ocr_carea' id='block_1_131' title="bbox 496 5424 2095 5487">
    <p class='ocr_par' dir='ltr' id='par_1_131' title="bbox 496 5424 2095 5487">
     <span class='ocr_line' id='line_1_131' title="bbox 496 5424 2095 5487; baseline 0.004 -8"><span class='ocrx_word' id='word_1_935' title='bbox 496 5434 581 5479; x_wconf 90' lang='lat' dir='ltr'><strong>set</strong></span> <span class='ocrx_word' id='word_1_936' title='bbox 610 5429 760 5481; x_wconf 89' lang='lat' dir='ltr'><strong>inter</strong></span> <span class='ocrx_word' id='word_1_937' title='bbox 780 5432 844 5482; x_wconf 87' lang='lat' dir='ltr'><strong>A.</strong></span> <span class='ocrx_word' id='word_1_938' title='bbox 873 5432 936 5481; x_wconf 91' lang='lat' dir='ltr'><strong>D.</strong></span> <span class='ocrx_word' id='word_1_939' title='bbox 975 5427 1097 5481; x_wconf 41' lang='lat'><strong>9‘11.</strong></span> <span class='ocrx_word' id='word_1_940' title='bbox 1125 5431 1184 5477; x_wconf 89' lang='lat' dir='ltr'><strong>et</strong></span> <span class='ocrx_word' id='word_1_941' title='bbox 1206 5424 1327 5478; x_wconf 72' lang='grc'>217.</span> <span class='ocrx_word' id='word_1_942' title='bbox 1368 5428 1577 5478; x_wconf 89' lang='lat' dir='ltr'><strong>etenim</strong></span> <span class='ocrx_word' id='word_1_943' title='bbox 1604 5432 1668 5481; x_wconf 84' lang='lat' dir='ltr'><strong>A.</strong></span> <span class='ocrx_word' id='word_1_944' title='bbox 1701 5432 1764 5481; x_wconf 94' lang='lat' dir='ltr'><strong>D.</strong></span> <span class='ocrx_word' id='word_1_945' title='bbox 1791 5430 1913 5487; x_wconf 64' lang='lat' dir='ltr'><strong>illi.</strong></span> <span class='ocrx_word' id='word_1_946' title='bbox 1938 5435 2095 5486; x_wconf 87' lang='lat' dir='ltr'><strong>solus</strong></span> 
     </span>
    </p>
   </div>
   <div class='ocr_carea' id='block_1_132' title="bbox 492 5496 2097 5567">
    <p class='ocr_par' dir='ltr' id='par_1_132' title="bbox 492 5496 2097 5567">
     <span class='ocr_line' id='line_1_132' title="bbox 492 5496 2097 5567; baseline 0.003 -17"><span class='ocrx_word' id='word_1_947' title='bbox 492 5501 772 5563; x_wconf 86' lang='lat' dir='ltr'><strong>imperare</strong></span> <span class='ocrx_word' id='word_1_948' title='bbox 795 5502 970 5564; x_wconf 86' lang='lat' dir='ltr'><strong>coepit</strong></span> <span class='ocrx_word' id='word_1_949' title='bbox 998 5496 1298 5557; x_wconf 72' lang='lat' dir='ltr'><strong>Caraealla,</strong></span> <span class='ocrx_word' id='word_1_950' title='bbox 1318 5510 1506 5561; x_wconf 70' lang='lat' dir='ltr'><strong>novze,</strong></span> <span class='ocrx_word' id='word_1_951' title='bbox 1527 5513 1699 5565; x_wconf 89' lang='lat' dir='ltr'><strong>quam</strong></span> <span class='ocrx_word' id='word_1_952' title='bbox 1725 5504 1862 5567; x_wconf 81' lang='lat' dir='ltr'><strong>dixi,</strong></span> <span class='ocrx_word' id='word_1_953' title='bbox 1886 5506 2097 5555; x_wconf 77' lang='lat' dir='ltr'><strong>Consti-</strong></span> 
     </span>
    </p>
   </div>
   <div class='ocr_carea' id='block_1_133' title="bbox 493 5569 2090 5631">
    <p class='ocr_par' dir='ltr' id='par_1_133' title="bbox 493 5569 2090 5631">
     <span class='ocr_line' id='line_1_133' title="bbox 493 5569 2090 5631; baseline 0.006 -12"><span class='ocrx_word' id='word_1_954' title='bbox 493 5572 717 5621; x_wconf 79' lang='lat' dir='ltr'><strong>tutionis</strong></span> <span class='ocrx_word' id='word_1_955' title='bbox 746 5577 964 5626; x_wconf 88' lang='lat' dir='ltr'><strong>auctor,</strong></span> <span class='ocrx_word' id='word_1_956' title='bbox 991 5569 1051 5619; x_wconf 92' lang='lat' dir='ltr'>in</span> <span class='ocrx_word' id='word_1_957' title='bbox 1096 5569 1571 5631; x_wconf 80' lang='lat' dir='ltr'><strong>Recognitionum</strong></span> <span class='ocrx_word' id='word_1_958' title='bbox 1613 5575 1775 5628; x_wconf 90' lang='lat' dir='ltr'>libris</span> <span class='ocrx_word' id='word_1_959' title='bbox 1824 5577 2090 5628; x_wconf 61' lang='lat' dir='ltr'><strong>laudatio.</strong></span> 
     </span>
    </p>
   </div>
   <div class='ocr_carea' id='block_1_134' title="bbox 496 5639 2094 5709">
    <p class='ocr_par' dir='ltr' id='par_1_134' title="bbox 496 5639 2094 5709">
     <span class='ocr_line' id='line_1_134' title="bbox 496 5639 2094 5709; baseline 0.001 -17"><span class='ocrx_word' id='word_1_960' title='bbox 496 5644 631 5692; x_wconf 81' lang='lat' dir='ltr'><strong>Mox</strong></span> <span class='ocrx_word' id='word_1_961' title='bbox 655 5641 855 5691; x_wconf 84' lang='lat' dir='ltr'><strong>eodem</strong></span> <span class='ocrx_word' id='word_1_962' title='bbox 884 5644 947 5691; x_wconf 89' lang='lat' dir='ltr'><strong>A.</strong></span> <span class='ocrx_word' id='word_1_963' title='bbox 971 5641 1031 5689; x_wconf 83' lang='grc' dir='ltr'>Ι).</span> <span class='ocrx_word' id='word_1_964' title='bbox 1064 5639 1185 5693; x_wconf 64' lang='grc'>217.</span> <span class='ocrx_word' id='word_1_965' title='bbox 1208 5641 1493 5691; x_wconf 72' lang='lat' dir='ltr'><strong>Ctmzcalla</strong></span> <span class='ocrx_word' id='word_1_966' title='bbox 1520 5648 1744 5698; x_wconf 88' lang='lat' dir='ltr'><strong>occidit.</strong></span> <span class='ocrx_word' id='word_1_967' title='bbox 1772 5648 1875 5698; x_wconf 77' lang='lat' dir='ltr'><strong>llis</strong></span> <span class='ocrx_word' id='word_1_968' title='bbox 1889 5650 2094 5709; x_wconf 70' lang='lat' dir='ltr'><strong>repelli-</strong></span> 
     </span>
    </p>
   </div>
   <div class='ocr_carea' id='block_1_135' title="bbox 498 5712 2096 5778">
    <p class='ocr_par' dir='ltr' id='par_1_135' title="bbox 498 5712 2096 5778">
     <span class='ocr_line' id='line_1_135' title="bbox 498 5712 2096 5778; baseline 0.001 -16"><span class='ocrx_word' id='word_1_969' title='bbox 498 5719 589 5763; x_wconf 89' lang='lat' dir='ltr'><strong>tur</strong></span> <span class='ocrx_word' id='word_1_970' title='bbox 608 5712 897 5762; x_wconf 82' lang='lat' dir='ltr'><strong>maximus</strong></span> <span class='ocrx_word' id='word_1_971' title='bbox 920 5712 1068 5763; x_wconf 80' lang='lat' dir='ltr'><strong>l’etri</strong></span> <span class='ocrx_word' id='word_1_972' title='bbox 1092 5713 1498 5778; x_wconf 86' lang='lat' dir='ltr'><strong>Allixiilapsus</strong></span> <span class='ocrx_word' id='word_1_973' title='bbox 1522 5718 1579 5767; x_wconf 88' lang='lat' dir='ltr'><strong>in</strong></span> <span class='ocrx_word' id='word_1_974' title='bbox 1606 5720 1935 5769; x_wconf 78' lang='lat' dir='ltr'><strong>Diatribatle</strong></span> <span class='ocrx_word' id='word_1_975' title='bbox 1953 5725 2096 5767; x_wconf 78' lang='lat' dir='ltr'><strong>Anno</strong></span> 
     </span>
    </p>
   </div>
   <div class='ocr_carea' id='block_1_136' title="bbox 464 5784 2096 5851">
    <p class='ocr_par' dir='ltr' id='par_1_136' title="bbox 464 5784 2096 5851">
     <span class='ocr_line' id='line_1_136' title="bbox 464 5784 2096 5851; baseline 0.004 -18"><span class='ocrx_word' id='word_1_976' title='bbox 464 5830 467 5833; x_wconf 89' lang='lat'><strong>.</strong></span> <span class='ocrx_word' id='word_1_977' title='bbox 492 5788 551 5835; x_wconf 89' lang='lat' dir='ltr'><strong>et</strong></span> <span class='ocrx_word' id='word_1_978' title='bbox 580 5794 783 5833; x_wconf 88' lang='lat' dir='ltr'><strong>mense</strong></span> <span class='ocrx_word' id='word_1_979' title='bbox 814 5784 986 5835; x_wconf 85' lang='lat' dir='ltr'><strong>natali</strong></span> <span class='ocrx_word' id='word_1_980' title='bbox 1010 5785 1237 5837; x_wconf 85' lang='lat' dir='ltr'><strong>Domini</strong></span> <span class='ocrx_word' id='word_1_981' title='bbox 1267 5799 1394 5851; x_wconf 84' lang='lat' dir='ltr'><strong>pag.</strong></span> <span class='ocrx_word' id='word_1_982' title='bbox 1418 5788 1467 5838; x_wconf 69' lang='lat'><strong>8.</strong></span> <span class='ocrx_word' id='word_1_983' title='bbox 1495 5790 1721 5850; x_wconf 85' lang='lat' dir='ltr'><strong>aientis,</strong></span> <span class='ocrx_word' id='word_1_984' title='bbox 1746 5790 2096 5839; x_wconf 73' lang='lat' dir='ltr'><strong>Pscudo-Clc-</strong></span> 
     </span>
    </p>
   </div>
   <div class='ocr_carea' id='block_1_137' title="bbox 498 5854 2096 5925">
    <p class='ocr_par' dir='ltr' id='par_1_137' title="bbox 498 5854 2096 5925">
     <span class='ocr_line' id='line_1_137' title="bbox 498 5854 2096 5925; baseline 0.009 -25"><span class='ocrx_word' id='word_1_985' title='bbox 498 5858 733 5902; x_wconf 80' lang='lat' dir='ltr'><strong>mentem</strong></span> <span class='ocrx_word' id='word_1_986' title='bbox 762 5854 978 5911; x_wconf 85' lang='lat' dir='ltr'><strong>vixisse</strong></span> <span class='ocrx_word' id='word_1_987' title='bbox 1012 5872 1120 5910; x_wconf 83' lang='lat' dir='ltr'><strong>non</strong></span> <span class='ocrx_word' id='word_1_988' title='bbox 1152 5858 1248 5909; x_wconf 80' lang='lat' dir='ltr'><strong>diu</strong></span> <span class='ocrx_word' id='word_1_989' title='bbox 1274 5865 1398 5909; x_wconf 82' lang='lat' dir='ltr'><strong>ante</strong></span> <span class='ocrx_word' id='word_1_990' title='bbox 1422 5860 1745 5925; x_wconf 71' lang='lat' dir='ltr'><strong>Sulpicium,</strong></span> <span class='ocrx_word' id='word_1_991' title='bbox 1769 5866 1904 5915; x_wconf 88' lang='lat' dir='ltr'><strong>ante</strong></span> <span class='ocrx_word' id='word_1_992' title='bbox 1924 5875 2096 5925; x_wconf 88' lang='lat' dir='ltr'><strong>quem</strong></span> 
     </span>
    </p>
   </div>
   <div class='ocr_carea' id='block_1_138' title="bbox 2198 4718 3795 4783">
    <p class='ocr_par' dir='ltr' id='par_1_138' title="bbox 2198 4718 3795 4783">
     <span class='ocr_line' id='line_1_138' title="bbox 2198 4718 3795 4783; baseline -0.003 -14"><span class='ocrx_word' id='word_1_993' title='bbox 2198 4730 2314 4769; x_wconf 92' lang='lat' dir='ltr'><strong>non</strong></span> <span class='ocrx_word' id='word_1_994' title='bbox 2331 4734 2450 4777; x_wconf 82' lang='lat' dir='ltr'><strong>esse,</strong></span> <span class='ocrx_word' id='word_1_995' title='bbox 2477 4719 2641 4783; x_wconf 85' lang='lat' dir='ltr'><strong>dixit,</strong></span> <span class='ocrx_word' id='word_1_996' title='bbox 2668 4719 2835 4783; x_wconf 88' lang='lat' dir='ltr'><strong>eique</strong></span> <span class='ocrx_word' id='word_1_997' title='bbox 2862 4720 3151 4783; x_wconf 88' lang='lat' dir='ltr'><strong>publicam</strong></span> <span class='ocrx_word' id='word_1_998' title='bbox 3174 4718 3475 4770; x_wconf 90' lang='lat' dir='ltr'><strong>lectionem</strong></span> <span class='ocrx_word' id='word_1_999' title='bbox 3501 4721 3559 4768; x_wconf 92' lang='lat' dir='ltr'><strong>et</strong></span> <span class='ocrx_word' id='word_1_1000' title='bbox 3582 4718 3795 4765; x_wconf 80' lang='lat' dir='ltr'><strong>canoni-</strong></span> 
     </span>
    </p>
   </div>
   <div class='ocr_carea' id='block_1_139' title="bbox 2197 4788 3795 4856">
    <p class='ocr_par' dir='ltr' id='par_1_139' title="bbox 2197 4788 3795 4856">
     <span class='ocr_line' id='line_1_139' title="bbox 2197 4788 3795 4856; baseline 0 -16"><span class='ocrx_word' id='word_1_1001' title='bbox 2197 4802 2325 4841; x_wconf 86' lang='lat' dir='ltr'><strong>cam</strong></span> <span class='ocrx_word' id='word_1_1002' title='bbox 2349 4791 2751 4843; x_wconf 84' lang='lat' dir='ltr'><strong>auctoritatem</strong></span> <span class='ocrx_word' id='word_1_1003' title='bbox 2776 4792 3060 4844; x_wconf 88' lang='lat' dir='ltr'><strong>vocabulo</strong></span> <span class='ocrx_word' id='word_1_1004' title='bbox 3093 4789 3398 4856; x_wconf 78' lang='lat' dir='ltr'><strong>apocryphi</strong></span> <span class='ocrx_word' id='word_1_1005' title='bbox 3421 4788 3795 4852; x_wconf 84' lang='lat' dir='ltr'><strong>abjudicavit.</strong></span> 
     </span>
    </p>
   </div>
   <div class='ocr_carea' id='block_1_140' title="bbox 2196 4860 3796 4924">
    <p class='ocr_par' dir='ltr' id='par_1_140' title="bbox 2196 4860 3796 4924">
     <span class='ocr_line' id='line_1_140' title="bbox 2196 4860 3796 4924; baseline -0.001 -11"><span class='ocrx_word' id='word_1_1006' title='bbox 2196 4860 2483 4913; x_wconf 81' lang='lat' dir='ltr'><strong>Gelasium</strong></span> <span class='ocrx_word' id='word_1_1007' title='bbox 2531 4862 2590 4913; x_wconf 91' lang='lat' dir='ltr'><strong>in</strong></span> <span class='ocrx_word' id='word_1_1008' title='bbox 2616 4863 2868 4915; x_wconf 91' lang='lat' dir='ltr'><strong>Concilio</strong></span> <span class='ocrx_word' id='word_1_1009' title='bbox 2902 4866 3157 4915; x_wconf 84' lang='lat' dir='ltr'><strong>Romano</strong></span> <span class='ocrx_word' id='word_1_1010' title='bbox 3183 4863 3354 4913; x_wconf 89' lang='lat' dir='ltr'><strong>LXX.</strong></span> <span class='ocrx_word' id='word_1_1011' title='bbox 3380 4863 3796 4924; x_wconf 90' lang='lat' dir='ltr'><strong>Episcoporum</strong></span> 
     </span>
    </p>
   </div>
   <div class='ocr_carea' id='block_1_141' title="bbox 2197 4933 3789 4998">
    <p class='ocr_par' dir='ltr' id='par_1_141' title="bbox 2197 4933 3789 4998">
     <span class='ocr_line' id='line_1_141' title="bbox 2197 4933 3789 4998; baseline -0.001 -15"><span class='ocrx_word' id='word_1_1012' title='bbox 2197 4933 2279 4984; x_wconf 90' lang='lat' dir='ltr'><strong>sic</strong></span> <span class='ocrx_word' id='word_1_1013' title='bbox 2295 4934 3073 4995; x_wconf 82' lang='lat' dir='ltr'><strong>deﬂnientem,Clementinas</strong></span> <span class='ocrx_word' id='word_1_1014' title='bbox 3096 4933 3494 4998; x_wconf 74' lang='lat' dir='ltr'><strong>Recogniliones</strong></span> <span class='ocrx_word' id='word_1_1015' title='bbox 3517 4944 3552 4983; x_wconf 86' lang='lat' dir='ltr'><strong>a</strong></span> <span class='ocrx_word' id='word_1_1016' title='bbox 3578 4933 3789 4995; x_wconf 73' lang='lat' dir='ltr'><strong>Rufino</strong></span> 
     </span>
    </p>
   </div>
   <div class='ocr_carea' id='block_1_142' title="bbox 2197 5003 3790 5067">
    <p class='ocr_par' dir='ltr' id='par_1_142' title="bbox 2197 5003 3790 5067">
     <span class='ocr_line' id='line_1_142' title="bbox 2197 5003 3790 5067; baseline 0.001 -12"><span class='ocrx_word' id='word_1_1017' title='bbox 2197 5004 2521 5067; x_wconf 88' lang='lat' dir='ltr'><strong>translatas,</strong></span> <span class='ocrx_word' id='word_1_1018' title='bbox 2572 5005 2681 5057; x_wconf 90' lang='lat' dir='ltr'><strong>sub</strong></span> <span class='ocrx_word' id='word_1_1019' title='bbox 2723 5007 2955 5058; x_wconf 88' lang='lat' dir='ltr'><strong>nomine</strong></span> <span class='ocrx_word' id='word_1_1020' title='bbox 2994 5005 3280 5055; x_wconf 79' lang='lat' dir='ltr'><strong>Itinerarii</strong></span> <span class='ocrx_word' id='word_1_1021' title='bbox 3301 5004 3610 5065; x_wconf 85' lang='lat' dir='ltr'><strong>indicasse,</strong></span> <span class='ocrx_word' id='word_1_1022' title='bbox 3637 5003 3790 5056; x_wconf 83' lang='lat' dir='ltr'><strong>haud</strong></span> 
     </span>
    </p>
   </div>
   <div class='ocr_carea' id='block_1_143' title="bbox 2196 5074 3791 5142">
    <p class='ocr_par' dir='ltr' id='par_1_143' title="bbox 2196 5074 3791 5142">
     <span class='ocr_line' id='line_1_143' title="bbox 2196 5074 3791 5142; baseline -0.004 -13"><span class='ocrx_word' id='word_1_1023' title='bbox 2196 5076 2601 5129; x_wconf 87' lang='lat' dir='ltr'><strong>dubitandum.</strong></span> <span class='ocrx_word' id='word_1_1024' title='bbox 2619 5079 2743 5129; x_wconf 86' lang='lat' dir='ltr'><strong>Non</strong></span> <span class='ocrx_word' id='word_1_1025' title='bbox 2756 5078 2881 5130; x_wconf 89' lang='lat' dir='ltr'><strong>ideo</strong></span> <span class='ocrx_word' id='word_1_1026' title='bbox 2892 5082 3084 5130; x_wconf 89' lang='lat' dir='ltr'><strong>tamen</strong></span> <span class='ocrx_word' id='word_1_1027' title='bbox 3097 5078 3319 5142; x_wconf 87' lang='lat' dir='ltr'><strong>privata</strong></span> <span class='ocrx_word' id='word_1_1028' title='bbox 3329 5074 3643 5129; x_wconf 86' lang='lat' dir='ltr'><strong>auctoritas</strong></span> <span class='ocrx_word' id='word_1_1029' title='bbox 3658 5079 3791 5136; x_wconf 83' lang='lat' dir='ltr'><strong>apud</strong></span> 
     </span>
    </p>
   </div>
   <div class='ocr_carea' id='block_1_144' title="bbox 2197 5145 3795 5214">
    <p class='ocr_par' dir='ltr' id='par_1_144' title="bbox 2197 5145 3795 5214">
     <span class='ocr_line' id='line_1_144' title="bbox 2197 5145 3795 5214; baseline 0.001 -15"><span class='ocrx_word' id='word_1_1030' title='bbox 2197 5148 2470 5214; x_wconf 71' lang='lat' dir='ltr'><strong>plurimos</strong></span> <span class='ocrx_word' id='word_1_1031' title='bbox 2496 5149 2765 5201; x_wconf 47' lang='lat' dir='ltr'><strong>Ecclesia).</strong></span> <span class='ocrx_word' id='word_1_1032' title='bbox 2794 5150 3009 5202; x_wconf 64' lang='lat' dir='ltr'><strong>Latinis</strong></span> <span class='ocrx_word' id='word_1_1033' title='bbox 3037 5150 3340 5213; x_wconf 88' lang='lat' dir='ltr'><strong>scriptores</strong></span> <span class='ocrx_word' id='word_1_1034' title='bbox 3364 5147 3473 5198; x_wconf 89' lang='lat' dir='ltr'>illis</span> <span class='ocrx_word' id='word_1_1035' title='bbox 3498 5145 3699 5198; x_wconf 85' lang='lat' dir='ltr'><strong>defuit.</strong></span> <span class='ocrx_word' id='word_1_1036' title='bbox 3720 5149 3795 5200; x_wconf 89' lang='lat' dir='ltr'><strong>De</strong></span> 
     </span>
    </p>
   </div>
   <div class='ocr_carea' id='block_1_145' title="bbox 2196 5219 3791 5283">
    <p class='ocr_par' dir='ltr' id='par_1_145' title="bbox 2196 5219 3791 5283">
     <span class='ocr_line' id='line_1_145' title="bbox 2196 5219 3791 5283; baseline -0.002 -12"><span class='ocrx_word' id='word_1_1037' title='bbox 2196 5220 2411 5272; x_wconf 66' lang='lat' dir='ltr'><strong>Greecis</strong></span> <span class='ocrx_word' id='word_1_1038' title='bbox 2436 5233 2553 5272; x_wconf 89' lang='lat' dir='ltr'><strong>non</strong></span> <span class='ocrx_word' id='word_1_1039' title='bbox 2576 5220 2799 5283; x_wconf 90' lang='lat' dir='ltr'><strong>loquor.</strong></span> <span class='ocrx_word' id='word_1_1040' title='bbox 2827 5224 2906 5274; x_wconf 92' lang='lat' dir='ltr'><strong>De</strong></span> <span class='ocrx_word' id='word_1_1041' title='bbox 2924 5222 3119 5283; x_wconf 78' lang='lat' dir='ltr'><strong>Rufini</strong></span> <span class='ocrx_word' id='word_1_1042' title='bbox 3142 5220 3405 5273; x_wconf 88' lang='lat' dir='ltr'><strong>versione</strong></span> <span class='ocrx_word' id='word_1_1043' title='bbox 3422 5219 3626 5270; x_wconf 87' lang='lat' dir='ltr'><strong>Latina</strong></span> <span class='ocrx_word' id='word_1_1044' title='bbox 3636 5234 3791 5279; x_wconf 77' lang='lat' dir='ltr'><strong>agens</strong></span> 
     </span>
    </p>
   </div>
   <div class='ocr_carea' id='block_1_146' title="bbox 2197 5291 3792 5356">
    <p class='ocr_par' dir='ltr' id='par_1_146' title="bbox 2197 5291 3792 5356">
     <span class='ocr_line' id='line_1_146' title="bbox 2197 5291 3792 5356; baseline 0.001 -15"><span class='ocrx_word' id='word_1_1045' title='bbox 2197 5293 2441 5342; x_wconf 83' lang='lat' dir='ltr'><strong>Sanctus</strong></span> <span class='ocrx_word' id='word_1_1046' title='bbox 2466 5291 2722 5342; x_wconf 88' lang='lat' dir='ltr'><strong>Isidorus</strong></span> <span class='ocrx_word' id='word_1_1047' title='bbox 2746 5292 3099 5355; x_wconf 87' lang='lat' dir='ltr'><strong>Ilispalensis</strong></span> <span class='ocrx_word' id='word_1_1048' title='bbox 3119 5292 3443 5356; x_wconf 89' lang='lat' dir='ltr'><strong>episcopus,</strong></span> <span class='ocrx_word' id='word_1_1049' title='bbox 3460 5302 3533 5341; x_wconf 86' lang='lat' dir='ltr'><strong>ex</strong></span> <span class='ocrx_word' id='word_1_1050' title='bbox 3548 5302 3619 5341; x_wconf 85' lang='lat' dir='ltr'><strong>ea</strong></span> <span class='ocrx_word' id='word_1_1051' title='bbox 3635 5291 3792 5342; x_wconf 83' lang='lat' dir='ltr'><strong>testi-</strong></span> 
     </span>
    </p>
   </div>
   <div class='ocr_carea' id='block_1_147' title="bbox 2195 5361 3788 5428">
    <p class='ocr_par' dir='ltr' id='par_1_147' title="bbox 2195 5361 3788 5428">
     <span class='ocr_line' id='line_1_147' title="bbox 2195 5361 3788 5428; baseline 0 -14"><span class='ocrx_word' id='word_1_1052' title='bbox 2195 5363 2457 5414; x_wconf 90' lang='lat' dir='ltr'><strong>monium</strong></span> <span class='ocrx_word' id='word_1_1053' title='bbox 2482 5362 2725 5413; x_wconf 82' lang='lat' dir='ltr'><strong>adduxit</strong></span> <span class='ocrx_word' id='word_1_1054' title='bbox 2742 5376 2863 5428; x_wconf 86' lang='lat' dir='ltr'><strong>cap.</strong></span> <span class='ocrx_word' id='word_1_1055' title='bbox 2883 5366 3056 5415; x_wconf 83' lang='lat' dir='ltr'><strong>XVII.</strong></span> <span class='ocrx_word' id='word_1_1056' title='bbox 3078 5370 3136 5417; x_wconf 91' lang='lat' dir='ltr'><strong>et</strong></span> <span class='ocrx_word' id='word_1_1057' title='bbox 3159 5364 3367 5414; x_wconf 85' lang='lat' dir='ltr'><strong>XXXI.</strong></span> <span class='ocrx_word' id='word_1_1058' title='bbox 3382 5361 3453 5413; x_wconf 90' lang='lat' dir='ltr'><strong>de</strong></span> <span class='ocrx_word' id='word_1_1059' title='bbox 3476 5363 3695 5414; x_wconf 84' lang='lat' dir='ltr'><strong>Natura</strong></span> <span class='ocrx_word' id='word_1_1060' title='bbox 3711 5375 3788 5414; x_wconf 86' lang='lat' dir='ltr'><strong>re-</strong></span> 
     </span>
    </p>
   </div>
   <div class='ocr_carea' id='block_1_148' title="bbox 2193 5433 3792 5500">
    <p class='ocr_par' dir='ltr' id='par_1_148' title="bbox 2193 5433 3792 5500">
     <span class='ocr_line' id='line_1_148' title="bbox 2193 5433 3792 5500; baseline -0.001 -13"><span class='ocrx_word' id='word_1_1061' title='bbox 2193 5448 2341 5497; x_wconf 89' lang='lat' dir='ltr'><strong>rum,</strong></span> <span class='ocrx_word' id='word_1_1062' title='bbox 2367 5434 2532 5486; x_wconf 88' lang='lat' dir='ltr'><strong>etlib.</strong></span> <span class='ocrx_word' id='word_1_1063' title='bbox 2562 5436 2655 5484; x_wconf 93' lang='lat' dir='ltr'><strong>III.</strong></span> <span class='ocrx_word' id='word_1_1064' title='bbox 2678 5435 2974 5497; x_wconf 86' lang='lat' dir='ltr'><strong>Originum</strong></span> <span class='ocrx_word' id='word_1_1065' title='bbox 2993 5450 3114 5500; x_wconf 88' lang='lat' dir='ltr'><strong>cap.</strong></span> <span class='ocrx_word' id='word_1_1066' title='bbox 3142 5439 3207 5487; x_wconf 91' lang='lat' dir='ltr'><strong>L.</strong></span> <span class='ocrx_word' id='word_1_1067' title='bbox 3234 5437 3449 5487; x_wconf 89' lang='lat' dir='ltr'><strong>Locum</strong></span> <span class='ocrx_word' id='word_1_1068' title='bbox 3473 5433 3627 5496; x_wconf 88' lang='lat' dir='ltr'><strong>apud</strong></span> <span class='ocrx_word' id='word_1_1069' title='bbox 3656 5435 3792 5485; x_wconf 87' lang='lat' dir='ltr'><strong>San-</strong></span> 
     </span>
    </p>
   </div>
   <div class='ocr_carea' id='block_1_149' title="bbox 2197 5504 3788 5568">
    <p class='ocr_par' dir='ltr' id='par_1_149' title="bbox 2197 5504 3788 5568">
     <span class='ocr_line' id='line_1_149' title="bbox 2197 5504 3788 5568; baseline -0.002 -10"><span class='ocrx_word' id='word_1_1070' title='bbox 2197 5512 2357 5558; x_wconf 90' lang='lat' dir='ltr'><strong>ctum</strong></span> <span class='ocrx_word' id='word_1_1071' title='bbox 2369 5506 2737 5557; x_wconf 83' lang='lat' dir='ltr'><strong>Aldhelmum</strong></span> <span class='ocrx_word' id='word_1_1072' title='bbox 2766 5507 2824 5557; x_wconf 88' lang='lat' dir='ltr'><strong>in</strong></span> <span class='ocrx_word' id='word_1_1073' title='bbox 2848 5508 2991 5559; x_wconf 89' lang='lat' dir='ltr'><strong>libro</strong></span> <span class='ocrx_word' id='word_1_1074' title='bbox 3014 5509 3084 5560; x_wconf 88' lang='lat' dir='ltr'><strong>de</strong></span> <span class='ocrx_word' id='word_1_1075' title='bbox 3104 5506 3399 5559; x_wconf 87' lang='lat' dir='ltr'><strong>Laudibus</strong></span> <span class='ocrx_word' id='word_1_1076' title='bbox 3428 5504 3788 5568; x_wconf 84' lang='lat' dir='ltr'><strong>virginitatis,</strong></span> 
     </span>
    </p>
   </div>
   <div class='ocr_carea' id='block_1_150' title="bbox 2197 5576 3783 5641">
    <p class='ocr_par' dir='ltr' id='par_1_150' title="bbox 2197 5576 3783 5641">
     <span class='ocr_line' id='line_1_150' title="bbox 2197 5576 3783 5641; baseline -0.001 -12"><span class='ocrx_word' id='word_1_1077' title='bbox 2197 5591 2372 5640; x_wconf 89' lang='lat' dir='ltr'><strong>supra</strong></span> <span class='ocrx_word' id='word_1_1078' title='bbox 2394 5577 2576 5630; x_wconf 88' lang='lat' dir='ltr'><strong>attuli.</strong></span> <span class='ocrx_word' id='word_1_1079' title='bbox 2606 5578 2755 5630; x_wconf 85' lang='lat' dir='ltr'><strong>Beda</strong></span> <span class='ocrx_word' id='word_1_1080' title='bbox 2777 5580 2836 5631; x_wconf 89' lang='lat' dir='ltr'><strong>in</strong></span> <span class='ocrx_word' id='word_1_1081' title='bbox 2874 5582 3269 5631; x_wconf 82' lang='lat' dir='ltr'><strong>Hexaemeron</strong></span> <span class='ocrx_word' id='word_1_1082' title='bbox 3299 5577 3372 5629; x_wconf 81' lang='lat' dir='ltr'><strong>ad</strong></span> <span class='ocrx_word' id='word_1_1083' title='bbox 3407 5576 3656 5641; x_wconf 83' lang='lat' dir='ltr'><strong>capital.</strong></span> <span class='ocrx_word' id='word_1_1084' title='bbox 3696 5580 3783 5628; x_wconf 78' lang='lat' dir='ltr'><strong>Vl.</strong></span> 
     </span>
    </p>
   </div>
   <div class='ocr_carea' id='block_1_151' title="bbox 2196 5649 3784 5716">
    <p class='ocr_par' dir='ltr' id='par_1_151' title="bbox 2196 5649 3784 5716">
     <span class='ocr_line' id='line_1_151' title="bbox 2196 5649 3784 5716; baseline 0 -18"><span class='ocrx_word' id='word_1_1085' title='bbox 2196 5652 2317 5700; x_wconf 82' lang='lat' dir='ltr'><strong>VII.</strong></span> <span class='ocrx_word' id='word_1_1086' title='bbox 2352 5651 2821 5712; x_wconf 78' lang='lat' dir='ltr'><strong>VIII.Geneseos,</strong></span> <span class='ocrx_word' id='word_1_1087' title='bbox 2855 5653 2915 5704; x_wconf 90' lang='lat' dir='ltr'><strong>in</strong></span> <span class='ocrx_word' id='word_1_1088' title='bbox 2956 5656 3097 5704; x_wconf 88' lang='lat' dir='ltr'><strong>Acta</strong></span> <span class='ocrx_word' id='word_1_1089' title='bbox 3122 5649 3527 5716; x_wconf 87' lang='lat' dir='ltr'><strong>Apostolorum</strong></span> <span class='ocrx_word' id='word_1_1090' title='bbox 3562 5662 3684 5713; x_wconf 90' lang='lat' dir='ltr'><strong>cap.</strong></span> <span class='ocrx_word' id='word_1_1091' title='bbox 3724 5652 3784 5709; x_wconf 84' lang='lat' dir='ltr'><strong>V,</strong></span> 
     </span>
    </p>
   </div>
   <div class='ocr_carea' id='block_1_152' title="bbox 2196 5720 3781 5784">
    <p class='ocr_par' dir='ltr' id='par_1_152' title="bbox 2196 5720 3781 5784">
     <span class='ocr_line' id='line_1_152' title="bbox 2196 5720 3781 5784; baseline -0.001 -11"><span class='ocrx_word' id='word_1_1092' title='bbox 2196 5723 2235 5781; x_wconf 70' lang='grc' dir='ltr'>ἒ.</span> <span class='ocrx_word' id='word_1_1093' title='bbox 2284 5720 2369 5773; x_wconf 67' lang='grc'>34».</span> <span class='ocrx_word' id='word_1_1094' title='bbox 2390 5723 2811 5775; x_wconf 78' lang='lat' dir='ltr'><strong>Retractatione</strong></span> <span class='ocrx_word' id='word_1_1095' title='bbox 2841 5725 2911 5776; x_wconf 91' lang='lat' dir='ltr'><strong>ad</strong></span> <span class='ocrx_word' id='word_1_1096' title='bbox 2940 5726 3187 5778; x_wconf 88' lang='lat' dir='ltr'><strong>eundem</strong></span> <span class='ocrx_word' id='word_1_1097' title='bbox 3222 5724 3430 5784; x_wconf 90' lang='lat' dir='ltr'><strong>locum,</strong></span> <span class='ocrx_word' id='word_1_1098' title='bbox 3455 5725 3513 5772; x_wconf 88' lang='lat' dir='ltr'><strong>et</strong></span> <span class='ocrx_word' id='word_1_1099' title='bbox 3544 5733 3667 5784; x_wconf 90' lang='lat' dir='ltr'><strong>cap.</strong></span> <span class='ocrx_word' id='word_1_1100' title='bbox 3696 5725 3781 5772; x_wconf 91' lang='lat' dir='ltr'><strong>lII.</strong></span> 
     </span>
    </p>
   </div>
   <div class='ocr_carea' id='block_1_153' title="bbox 2196 5792 3784 5861">
    <p class='ocr_par' dir='ltr' id='par_1_153' title="bbox 2196 5792 3784 5861">
     <span class='ocr_line' id='line_1_153' title="bbox 2196 5792 3784 5861; baseline 0.001 -18"><span class='ocrx_word' id='word_1_1101' title='bbox 2196 5792 2267 5843; x_wconf 90' lang='lat' dir='ltr'><strong>de</strong></span> <span class='ocrx_word' id='word_1_1102' title='bbox 2294 5793 2530 5844; x_wconf 83' lang='lat' dir='ltr'><strong>Ratione</strong></span> <span class='ocrx_word' id='word_1_1103' title='bbox 2579 5799 2917 5861; x_wconf 86' lang='lat' dir='ltr'><strong>temporum,</strong></span> <span class='ocrx_word' id='word_1_1104' title='bbox 2966 5793 3475 5861; x_wconf 85' lang='lat' dir='ltr'><strong>Recognitionibus</strong></span> <span class='ocrx_word' id='word_1_1105' title='bbox 3512 5793 3695 5844; x_wconf 88' lang='lat' dir='ltr'><strong>utitur</strong></span> <span class='ocrx_word' id='word_1_1106' title='bbox 3719 5808 3784 5844; x_wconf 82' lang='lat' dir='ltr'><strong>ex</strong></span> 
     </span>
    </p>
   </div>
   <div class='ocr_carea' id='block_1_154' title="bbox 2195 5863 3784 5933">
    <p class='ocr_par' dir='ltr' id='par_1_154' title="bbox 2195 5863 3784 5933">
     <span class='ocr_line' id='line_1_154' title="bbox 2195 5863 3784 5933; baseline 0.003 -18"><span class='ocrx_word' id='word_1_1107' title='bbox 2195 5863 2274 5916; x_wconf 90' lang='lat' dir='ltr'>lib</span> <span class='ocrx_word' id='word_1_1108' title='bbox 2301 5867 2339 5916; x_wconf 93' lang='grc' dir='ltr'>Ι.</span> <span class='ocrx_word' id='word_1_1109' title='bbox 2371 5878 2492 5930; x_wconf 87' lang='lat' dir='ltr'><strong>cap.</strong></span> <span class='ocrx_word' id='word_1_1110' title='bbox 2524 5868 2727 5919; x_wconf 82' lang='lat' dir='ltr'><strong>XXXI.</strong></span> <span class='ocrx_word' id='word_1_1111' title='bbox 2758 5869 2805 5931; x_wconf 65' lang='grc' dir='ltr'>ἓ.</span> <span class='ocrx_word' id='word_1_1112' title='bbox 2836 5870 2920 5923; x_wconf 74' lang='lat'><strong>‘23.</strong></span> <span class='ocrx_word' id='word_1_1113' title='bbox 2948 5872 3088 5922; x_wconf 89' lang='lat' dir='ltr'><strong>Item</strong></span> <span class='ocrx_word' id='word_1_1114' title='bbox 3112 5866 3451 5933; x_wconf 86' lang='lat' dir='ltr'><strong>Agobardus</strong></span> <span class='ocrx_word' id='word_1_1115' title='bbox 3471 5865 3540 5917; x_wconf 88' lang='lat' dir='ltr'><strong>de</strong></span> <span class='ocrx_word' id='word_1_1116' title='bbox 3570 5866 3784 5919; x_wconf 86' lang='lat' dir='ltr'><strong>Judaici</strong></span> 
     </span>
    </p>
   </div>
  </div>
