  <div class='ocr_page' id='page_1' title='image "/cluster/home/n/w/nwhite01/storage/ocr_20150623/21/umn.319510024773153/117.png"; bbox 0 0 3894 6400; ppageno 0'>
   <div class='ocr_carea' id='block_1_1' title="bbox 521 348 623 404">
    <p class='ocr_par' dir='ltr' id='par_1_1' title="bbox 521 348 623 404">
     <span class='ocr_line' id='line_1_1' title="bbox 521 348 623 404; baseline 0 -1"><span class='ocrx_word' id='word_1_1' title='bbox 521 348 623 404; x_wconf 68' lang='grc'>227</span> 
     </span>
    </p>
   </div>
   <div class='ocr_carea' id='block_1_2' title="bbox 1808 336 2539 390">
    <p class='ocr_par' dir='ltr' id='par_1_2' title="bbox 1808 336 2539 390">
     <span class='ocr_line' id='line_1_2' title="bbox 1808 336 2539 390; baseline -0.008 -1"><span class='ocrx_word' id='word_1_2' title='bbox 1808 342 1853 389; x_wconf 88' lang='lat' dir='ltr'>R</span> <span class='ocrx_word' id='word_1_3' title='bbox 1869 338 2065 390; x_wconf 81' lang='lat' dir='ltr'><strong>UFINI</strong></span> <span class='ocrx_word' id='word_1_4' title='bbox 2100 336 2539 388; x_wconf 83' lang='lat' dir='ltr'>PRESBYTERI</span> 
     </span>
    </p>
   </div>
   <div class='ocr_carea' id='block_1_3' title="bbox 3731 331 3839 385">
    <p class='ocr_par' dir='ltr' id='par_1_3' title="bbox 3731 331 3839 385">
     <span class='ocr_line' id='line_1_3' title="bbox 3731 331 3839 385; baseline 0 -1"><span class='ocrx_word' id='word_1_5' title='bbox 3731 331 3839 385; x_wconf 60' lang='lat'>“2‘28</span> 
     </span>
    </p>
   </div>
   <div class='ocr_carea' id='block_1_4' title="bbox 523 444 3839 525">
    <p class='ocr_par' dir='ltr' id='par_1_4' title="bbox 523 444 3839 525">
     <span class='ocr_line' id='line_1_4' title="bbox 523 444 3839 525; baseline -0.007 -12"><span class='ocrx_word' id='word_1_6' title='bbox 523 459 796 513; x_wconf 75' lang='lat' dir='ltr'>Historiaa</span> <span class='ocrx_word' id='word_1_7' title='bbox 810 457 1150 521; x_wconf 87' lang='lat' dir='ltr'>interpretes</span> <span class='ocrx_word' id='word_1_8' title='bbox 1166 452 1585 525; x_wconf 80' lang='lat' dir='ltr'>facere,nugari</span> <span class='ocrx_word' id='word_1_9' title='bbox 1601 452 1866 525; x_wconf 75' lang='lat' dir='ltr'>est._l\‘am</span> <span class='ocrx_word' id='word_1_10' title='bbox 1888 449 2123 525; x_wconf 73' lang='lat' dir='ltr'>Cyrillus</span> <span class='ocrx_word' id='word_1_11' title='bbox 2145 452 2199 525; x_wconf 76' lang='grc' dir='ltr'><strong>Α</strong></span> <span class='ocrx_word' id='word_1_12' title='bbox 2228 448 2342 525; x_wconf 81' lang='lat' dir='ltr'>nisi</span> <span class='ocrx_word' id='word_1_13' title='bbox 2358 450 2589 496; x_wconf 64' lang='lat' dir='ltr'>(lia-cam</span> <span class='ocrx_word' id='word_1_14' title='bbox 2607 444 3002 525; x_wconf 32' lang='lat' dir='ltr'>legeritrquod</span> <span class='ocrx_word' id='word_1_15' title='bbox 3019 446 3570 525; x_wconf 60' lang='lat' dir='ltr'>verisimiliuspnto,</span> <span class='ocrx_word' id='word_1_16' title='bbox 3586 447 3839 525; x_wconf 60' lang='lat' dir='ltr'>illumque</span> 
     </span>
    </p>
   </div>
   <div class='ocr_carea' id='block_1_5' title="bbox 524 520 2123 585">
    <p class='ocr_par' dir='ltr' id='par_1_5' title="bbox 524 520 2123 585">
     <span class='ocr_line' id='line_1_5' title="bbox 524 520 2123 585; baseline -0.008 -1"><span class='ocrx_word' id='word_1_17' title='bbox 524 532 813 585; x_wconf 80' lang='lat' dir='ltr'>extinctus</span> <span class='ocrx_word' id='word_1_18' title='bbox 839 534 928 579; x_wconf 89' lang='lat' dir='ltr'>est</span> <span class='ocrx_word' id='word_1_19' title='bbox 956 520 1023 579; x_wconf 78' lang='grc' dir='ltr'>Α.</span> <span class='ocrx_word' id='word_1_20' title='bbox 1053 528 1116 577; x_wconf 91' lang='grc'>1).</span> <span class='ocrx_word' id='word_1_21' title='bbox 1154 524 1273 579; x_wconf 72' lang='grc'>384.</span> <span class='ocrx_word' id='word_1_22' title='bbox 1304 523 1498 576; x_wconf 75' lang='grc'>(11018.</span> <span class='ocrx_word' id='word_1_23' title='bbox 1538 522 1736 585; x_wconf 85' lang='lat' dir='ltr'>Martii,</span> <span class='ocrx_word' id='word_1_24' title='bbox 1775 534 1847 572; x_wconf 78' lang='lat' dir='ltr'>ex</span> <span class='ocrx_word' id='word_1_25' title='bbox 1873 520 2123 571; x_wconf 82' lang='lat' dir='ltr'>Antonio</span> 
     </span>
    </p>
   </div>
   <div class='ocr_carea' id='block_1_6' title="bbox 525 591 2125 667">
    <p class='ocr_par' dir='ltr' id='par_1_6' title="bbox 525 591 2125 667">
     <span class='ocr_line' id='line_1_6' title="bbox 525 591 2125 667; baseline -0.011 -12"><span class='ocrx_word' id='word_1_26' title='bbox 525 601 851 667; x_wconf 73' lang='lat' dir='ltr'>Augustino</span> <span class='ocrx_word' id='word_1_27' title='bbox 890 601 1164 651; x_wconf 88' lang='lat' dir='ltr'>Toutteeo</span> <span class='ocrx_word' id='word_1_28' title='bbox 1208 595 1279 645; x_wconf 87' lang='lat' dir='ltr'>ad</span> <span class='ocrx_word' id='word_1_29' title='bbox 1306 594 1578 667; x_wconf 70' lang='lat' dir='ltr'>Cyrillum</span> <span class='ocrx_word' id='word_1_30' title='bbox 1604 605 1732 657; x_wconf 89' lang='lat' dir='ltr'>pag.</span> <span class='ocrx_word' id='word_1_31' title='bbox 1768 591 1852 667; x_wconf 68' lang='grc'>85.</span> <span class='ocrx_word' id='word_1_32' title='bbox 1885 592 2125 641; x_wconf 79' lang='lat' dir='ltr'>Gclasius</span> 
     </span>
    </p>
   </div>
   <div class='ocr_carea' id='block_1_7' title="bbox 526 663 2125 725">
    <p class='ocr_par' dir='ltr' id='par_1_7' title="bbox 526 663 2125 725">
     <span class='ocr_line' id='line_1_7' title="bbox 526 663 2125 725; baseline -0.009 -1"><span class='ocrx_word' id='word_1_33' title='bbox 526 663 646 724; x_wconf 69' lang='lat' dir='ltr'>vero</span> <span class='ocrx_word' id='word_1_34' title='bbox 665 673 822 725; x_wconf 90' lang='lat' dir='ltr'>obiit.</span> <span class='ocrx_word' id='word_1_35' title='bbox 842 674 908 722; x_wconf 85' lang='lat' dir='ltr'>A.</span> <span class='ocrx_word' id='word_1_36' title='bbox 928 672 990 721; x_wconf 91' lang='lat' dir='ltr'>D.</span> <span class='ocrx_word' id='word_1_37' title='bbox 1012 668 1132 722; x_wconf 73' lang='grc'>394.</span> <span class='ocrx_word' id='word_1_38' title='bbox 1149 667 1238 717; x_wconf 90' lang='lat' dir='ltr'>cui</span> <span class='ocrx_word' id='word_1_39' title='bbox 1256 667 1315 717; x_wconf 89' lang='lat' dir='ltr'>in</span> <span class='ocrx_word' id='word_1_40' title='bbox 1332 666 1473 716; x_wconf 80' lang='lat' dir='ltr'>Sede</span> <span class='ocrx_word' id='word_1_41' title='bbox 1499 663 1851 717; x_wconf 61' lang='lat' dir='ltr'>Calsarcensi</span> <span class='ocrx_word' id='word_1_42' title='bbox 1874 668 2125 712; x_wconf 83' lang='lat' dir='ltr'>Joltannes</span> 
     </span>
    </p>
   </div>
   <div class='ocr_carea' id='block_1_8' title="bbox 528 735 2123 801">
    <p class='ocr_par' dir='ltr' id='par_1_8' title="bbox 528 735 2123 801">
     <span class='ocr_line' id='line_1_8' title="bbox 528 735 2123 801; baseline -0.01 -4"><span class='ocrx_word' id='word_1_43' title='bbox 528 744 809 797; x_wconf 89' lang='lat' dir='ltr'>successit</span> <span class='ocrx_word' id='word_1_44' title='bbox 830 746 896 793; x_wconf 83' lang='grc' dir='ltr'>Α.</span> <span class='ocrx_word' id='word_1_45' title='bbox 914 743 973 790; x_wconf 94' lang='lat' dir='ltr'>D.</span> <span class='ocrx_word' id='word_1_46' title='bbox 989 738 1109 793; x_wconf 81' lang='grc'>395.</span> <span class='ocrx_word' id='word_1_47' title='bbox 1126 738 1359 801; x_wconf 87' lang='lat' dir='ltr'>quando</span> <span class='ocrx_word' id='word_1_48' title='bbox 1377 742 1528 787; x_wconf 88' lang='lat' dir='ltr'>certe</span> <span class='ocrx_word' id='word_1_49' title='bbox 1540 738 1771 798; x_wconf 85' lang='lat' dir='ltr'>Ruﬁnus</span> <span class='ocrx_word' id='word_1_50' title='bbox 1788 735 2046 786; x_wconf 90' lang='lat' dir='ltr'>nondum</span> <span class='ocrx_word' id='word_1_51' title='bbox 2065 750 2123 782; x_wconf 80' lang='lat' dir='ltr'>ex</span> 
     </span>
    </p>
   </div>
   <div class='ocr_carea' id='block_1_9' title="bbox 528 807 2121 869">
    <p class='ocr_par' dir='ltr' id='par_1_9' title="bbox 528 807 2121 869">
     <span class='ocr_line' id='line_1_9' title="bbox 528 807 2121 869; baseline -0.009 -1"><span class='ocrx_word' id='word_1_52' title='bbox 528 815 831 868; x_wconf 81' lang='lat' dir='ltr'>Palaestina</span> <span class='ocrx_word' id='word_1_53' title='bbox 854 813 912 863; x_wconf 90' lang='lat' dir='ltr'>in</span> <span class='ocrx_word' id='word_1_54' title='bbox 936 810 1157 861; x_wconf 83' lang='lat' dir='ltr'>Italiam</span> <span class='ocrx_word' id='word_1_55' title='bbox 1173 809 1643 860; x_wconf 77' lang='lat' dir='ltr'>transfretaverat</span> <span class='ocrx_word' id='word_1_56' title='bbox 1661 820 1675 869; x_wconf 85' lang='lat'><strong>;</strong></span> <span class='ocrx_word' id='word_1_57' title='bbox 1690 807 1789 857; x_wconf 89' lang='lat' dir='ltr'>ubi</span> <span class='ocrx_word' id='word_1_58' title='bbox 1808 808 2121 866; x_wconf 72' lang='lat' dir='ltr'>postmodum</span> 
     </span>
    </p>
   </div>
   <div class='ocr_carea' id='block_1_10' title="bbox 524 878 2121 936">
    <p class='ocr_par' dir='ltr' id='par_1_10' title="bbox 524 878 2121 936">
     <span class='ocr_line' id='line_1_10' title="bbox 524 878 2121 936; baseline -0.006 0"><span class='ocrx_word' id='word_1_59' title='bbox 524 886 824 936; x_wconf 72' lang='lat' dir='ltr'>Historiam</span> <span class='ocrx_word' id='word_1_60' title='bbox 837 894 1001 934; x_wconf 87' lang='lat' dir='ltr'>suam</span> <span class='ocrx_word' id='word_1_61' title='bbox 1014 880 1272 931; x_wconf 90' lang='lat' dir='ltr'>condidit</span> <span class='ocrx_word' id='word_1_62' title='bbox 1302 878 1699 930; x_wconf 68' lang='lat' dir='ltr'>&#39;l‘illemontius</span> <span class='ocrx_word' id='word_1_63' title='bbox 1716 881 1850 927; x_wconf 88' lang='lat' dir='ltr'>tom.</span> <span class='ocrx_word' id='word_1_64' title='bbox 1864 878 2121 928; x_wconf 73' lang='lat' dir='ltr'><strong>VIII.Not.</strong></span> 
     </span>
    </p>
   </div>
   <div class='ocr_carea' id='block_1_11' title="bbox 528 949 2122 1018">
    <p class='ocr_par' dir='ltr' id='par_1_11' title="bbox 528 949 2122 1018">
     <span class='ocr_line' id='line_1_11' title="bbox 528 949 2122 1018; baseline -0.008 -9"><span class='ocrx_word' id='word_1_65' title='bbox 528 960 669 1009; x_wconf 87' lang='lat' dir='ltr'><strong>VIII.</strong></span> <span class='ocrx_word' id='word_1_66' title='bbox 688 956 760 1006; x_wconf 87' lang='lat' dir='ltr'>ad</span> <span class='ocrx_word' id='word_1_67' title='bbox 781 954 1042 1018; x_wconf 85' lang='lat' dir='ltr'>Cyr-illum</span> <span class='ocrx_word' id='word_1_68' title='bbox 1060 951 1666 1015; x_wconf 74' lang='lat' dir='ltr'>Hierosolymitanum,</span> <span class='ocrx_word' id='word_1_69' title='bbox 1684 949 1884 1001; x_wconf 88' lang='lat' dir='ltr'>Photio</span> <span class='ocrx_word' id='word_1_70' title='bbox 1900 952 2122 1011; x_wconf 80' lang='lat' dir='ltr'>innixus,</span> 
     </span>
    </p>
   </div>
   <div class='ocr_carea' id='block_1_12' title="bbox 526 1020 2121 1089">
    <p class='ocr_par' dir='ltr' id='par_1_12' title="bbox 526 1020 2121 1089">
     <span class='ocr_line' id='line_1_12' title="bbox 526 1020 2121 1089; baseline -0.008 -10"><span class='ocrx_word' id='word_1_71' title='bbox 526 1028 722 1079; x_wconf 79' lang='lat' dir='ltr'>Gctasii</span> <span class='ocrx_word' id='word_1_72' title='bbox 740 1026 918 1089; x_wconf 84' lang='lat' dir='ltr'>hujus</span> <span class='ocrx_word' id='word_1_73' title='bbox 932 1023 1250 1076; x_wconf 78' lang='lat' dir='ltr'>Historiam</span> <span class='ocrx_word' id='word_1_74' title='bbox 1264 1022 1433 1073; x_wconf 86' lang='lat' dir='ltr'>aliam</span> <span class='ocrx_word' id='word_1_75' title='bbox 1448 1021 1580 1072; x_wconf 84' lang='lat' dir='ltr'>facit</span> <span class='ocrx_word' id='word_1_76' title='bbox 1595 1022 1666 1072; x_wconf 88' lang='lat' dir='ltr'>ab</span> <span class='ocrx_word' id='word_1_77' title='bbox 1683 1023 1899 1069; x_wconf 81' lang='lat' dir='ltr'>Historia</span> <span class='ocrx_word' id='word_1_78' title='bbox 1916 1020 2121 1081; x_wconf 78' lang='lat' dir='ltr'>Ruﬁni,</span> 
     </span>
    </p>
   </div>
   <div class='ocr_carea' id='block_1_13' title="bbox 522 1092 2121 1163">
    <p class='ocr_par' dir='ltr' id='par_1_13' title="bbox 522 1092 2121 1163">
     <span class='ocr_line' id='line_1_13' title="bbox 522 1092 2121 1163; baseline -0.01 -11"><span class='ocrx_word' id='word_1_79' title='bbox 522 1099 790 1163; x_wconf 84' lang='lat' dir='ltr'>quamvis</span> <span class='ocrx_word' id='word_1_80' title='bbox 804 1097 1041 1149; x_wconf 78' lang='lat' dir='ltr'>Eusebii</span> <span class='ocrx_word' id='word_1_81' title='bbox 1053 1094 1365 1147; x_wconf 85' lang='lat' dir='ltr'>Historiam</span> <span class='ocrx_word' id='word_1_82' title='bbox 1380 1104 1662 1155; x_wconf 80' lang='lat' dir='ltr'>seangere</span> <span class='ocrx_word' id='word_1_83' title='bbox 1676 1092 2121 1155; x_wconf 61' lang='lat' dir='ltr'>prolltcaturst-d</span> 
     </span>
    </p>
   </div>
   <div class='ocr_carea' id='block_1_14' title="bbox 522 1164 2122 1226">
    <p class='ocr_par' dir='ltr' id='par_1_14' title="bbox 522 1164 2122 1226">
     <span class='ocr_line' id='line_1_14' title="bbox 522 1164 2122 1226; baseline -0.006 -5"><span class='ocrx_word' id='word_1_84' title='bbox 522 1184 641 1223; x_wconf 89' lang='lat' dir='ltr'>non</span> <span class='ocrx_word' id='word_1_85' title='bbox 683 1169 798 1221; x_wconf 88' lang='lat' dir='ltr'>levi</span> <span class='ocrx_word' id='word_1_86' title='bbox 833 1181 1021 1219; x_wconf 88' lang='lat' dir='ltr'>errore</span> <span class='ocrx_word' id='word_1_87' title='bbox 1058 1166 1312 1217; x_wconf 87' lang='lat' dir='ltr'>irretitur</span> <span class='ocrx_word' id='word_1_88' title='bbox 1340 1166 1428 1217; x_wconf 88' lang='lat' dir='ltr'>vir</span> <span class='ocrx_word' id='word_1_89' title='bbox 1469 1164 1758 1226; x_wconf 88' lang='lat' dir='ltr'>ceteroqui</span> <span class='ocrx_word' id='word_1_90' title='bbox 1803 1167 2122 1213; x_wconf 80' lang='lat' dir='ltr'>accuratus.</span> 
     </span>
    </p>
   </div>
   <div class='ocr_carea' id='block_1_15' title="bbox 530 1233 2125 1299">
    <p class='ocr_par' dir='ltr' id='par_1_15' title="bbox 530 1233 2125 1299">
     <span class='ocr_line' id='line_1_15' title="bbox 530 1233 2125 1299; baseline -0.008 -6"><span class='ocrx_word' id='word_1_91' title='bbox 530 1241 763 1293; x_wconf 70' lang='lat' dir='ltr'>l’hotius</span> <span class='ocrx_word' id='word_1_92' title='bbox 811 1241 965 1292; x_wconf 89' lang='lat' dir='ltr'>enim</span> <span class='ocrx_word' id='word_1_93' title='bbox 1007 1238 1220 1289; x_wconf 89' lang='lat' dir='ltr'>ibidem</span> <span class='ocrx_word' id='word_1_94' title='bbox 1257 1237 1511 1299; x_wconf 79' lang='lat' dir='ltr'>loquitur</span> <span class='ocrx_word' id='word_1_95' title='bbox 1544 1235 1615 1285; x_wconf 89' lang='lat' dir='ltr'>de</span> <span class='ocrx_word' id='word_1_96' title='bbox 1651 1234 1900 1284; x_wconf 75' lang='lat' dir='ltr'>Historia</span> <span class='ocrx_word' id='word_1_97' title='bbox 1931 1233 2125 1282; x_wconf 78' lang='lat' dir='ltr'>Gctusii</span> 
     </span>
    </p>
   </div>
   <div class='ocr_carea' id='block_1_16' title="bbox 529 1304 2125 1377">
    <p class='ocr_par' dir='ltr' id='par_1_16' title="bbox 529 1304 2125 1377">
     <span class='ocr_line' id='line_1_16' title="bbox 529 1304 2125 1377; baseline -0.006 -13"><span class='ocrx_word' id='word_1_98' title='bbox 529 1313 795 1377; x_wconf 69' lang='lat' dir='ltr'>Cyziceni,</span> <span class='ocrx_word' id='word_1_99' title='bbox 822 1322 996 1374; x_wconf 87' lang='lat' dir='ltr'>quam</span> <span class='ocrx_word' id='word_1_100' title='bbox 1016 1309 1290 1372; x_wconf 88' lang='lat' dir='ltr'>superiori</span> <span class='ocrx_word' id='word_1_101' title='bbox 1307 1306 1499 1358; x_wconf 88' lang='lat' dir='ltr'>codice</span> <span class='ocrx_word' id='word_1_102' title='bbox 1514 1310 1896 1366; x_wconf 89' lang='lat' dir='ltr'>recensuerat,</span> <span class='ocrx_word' id='word_1_103' title='bbox 1918 1317 2033 1355; x_wconf 83' lang='lat' dir='ltr'>non</span> <span class='ocrx_word' id='word_1_104' title='bbox 2055 1304 2125 1355; x_wconf 90' lang='lat' dir='ltr'>de</span> 
     </span>
    </p>
   </div>
   <div class='ocr_carea' id='block_1_17' title="bbox 527 1376 2124 1444">
    <p class='ocr_par' dir='ltr' id='par_1_17' title="bbox 527 1376 2124 1444">
     <span class='ocr_line' id='line_1_17' title="bbox 527 1376 2124 1444; baseline -0.007 -9"><span class='ocrx_word' id='word_1_105' title='bbox 527 1376 639 1435; x_wconf 89' lang='lat' dir='ltr'>alia</span> <span class='ocrx_word' id='word_1_106' title='bbox 662 1383 915 1434; x_wconf 84' lang='lat' dir='ltr'>Historia</span> <span class='ocrx_word' id='word_1_107' title='bbox 941 1381 1154 1444; x_wconf 84' lang='lat' dir='ltr'>Gclasii,</span> <span class='ocrx_word' id='word_1_108' title='bbox 1181 1379 1279 1443; x_wconf 86' lang='lat' dir='ltr'>qui</span> <span class='ocrx_word' id='word_1_109' title='bbox 1308 1380 1386 1442; x_wconf 88' lang='lat' dir='ltr'>(ut</span> <span class='ocrx_word' id='word_1_110' title='bbox 1409 1380 1530 1441; x_wconf 89' lang='lat' dir='ltr'>ipse</span> <span class='ocrx_word' id='word_1_111' title='bbox 1558 1377 1791 1439; x_wconf 87' lang='lat' dir='ltr'>quidem</span> <span class='ocrx_word' id='word_1_112' title='bbox 1817 1376 2124 1437; x_wconf 78' lang='lat' dir='ltr'>existimat)</span> 
     </span>
    </p>
   </div>
   <div class='ocr_carea' id='block_1_18' title="bbox 428 1450 2121 1518">
    <p class='ocr_par' dir='ltr' id='par_1_18' title="bbox 428 1450 2121 1518">
     <span class='ocr_line' id='line_1_18' title="bbox 428 1450 2121 1518; baseline -0.006 -12"><span class='ocrx_word' id='word_1_113' title='bbox 428 1472 439 1482; x_wconf 87' lang='grc'><strong>·</strong></span> <span class='ocrx_word' id='word_1_114' title='bbox 527 1456 719 1518; x_wconf 81' lang='lat' dir='ltr'>Ruﬁni</span> <span class='ocrx_word' id='word_1_115' title='bbox 742 1453 1127 1505; x_wconf 87' lang='lat' dir='ltr'>Eusebianum</span> <span class='ocrx_word' id='word_1_116' title='bbox 1143 1450 1608 1515; x_wconf 76' lang='lat' dir='ltr'>supplementum</span> <span class='ocrx_word' id='word_1_117' title='bbox 1623 1452 1818 1499; x_wconf 63' lang='lat' dir='ltr'>Graece</span> <span class='ocrx_word' id='word_1_118' title='bbox 1835 1450 2121 1496; x_wconf 72' lang='lat' dir='ltr'>reddiderit.</span> 
     </span>
    </p>
   </div>
   <div class='ocr_carea' id='block_1_19' title="bbox 529 1519 2125 1578">
    <p class='ocr_par' dir='ltr' id='par_1_19' title="bbox 529 1519 2125 1578">
     <span class='ocr_line' id='line_1_19' title="bbox 529 1519 2125 1578; baseline -0.008 0"><span class='ocrx_word' id='word_1_119' title='bbox 529 1528 713 1578; x_wconf 87' lang='lat' dir='ltr'>Verba</span> <span class='ocrx_word' id='word_1_120' title='bbox 746 1525 931 1576; x_wconf 89' lang='lat' dir='ltr'>Photii</span> <span class='ocrx_word' id='word_1_121' title='bbox 965 1523 1159 1575; x_wconf 88' lang='lat' dir='ltr'>codice</span> <span class='ocrx_word' id='word_1_122' title='bbox 1196 1522 1557 1573; x_wconf 76' lang='lat' dir='ltr'>LXXXVIII.</span> <span class='ocrx_word' id='word_1_123' title='bbox 1589 1520 1714 1571; x_wconf 55' lang='lat' dir='ltr'>haec</span> <span class='ocrx_word' id='word_1_124' title='bbox 1741 1524 1915 1570; x_wconf 89' lang='lat' dir='ltr'>sunt:</span> <span class='ocrx_word' id='word_1_125' title='bbox 1944 1519 2011 1566; x_wconf 82' lang='lat' dir='ltr'>Et</span> <span class='ocrx_word' id='word_1_126' title='bbox 2039 1519 2125 1566; x_wconf 80' lang='lat' dir='ltr'>hic</span> 
     </span>
    </p>
   </div>
   <div class='ocr_carea' id='block_1_20' title="bbox 524 1592 2125 1659">
    <p class='ocr_par' dir='ltr' id='par_1_20' title="bbox 524 1592 2125 1659">
     <span class='ocr_line' id='line_1_20' title="bbox 524 1592 2125 1659; baseline -0.007 -11"><span class='ocrx_word' id='word_1_127' title='bbox 524 1603 653 1648; x_wconf 80' lang='lat' dir='ltr'>certe</span> <span class='ocrx_word' id='word_1_128' title='bbox 668 1594 1389 1659; x_wconf 69' lang='lat' dir='ltr'>Gclasius(RuﬂniGrchus</span> <span class='ocrx_word' id='word_1_129' title='bbox 1416 1596 1676 1653; x_wconf 73' lang='lat' dir='ltr'>interpres)</span> <span class='ocrx_word' id='word_1_130' title='bbox 1691 1592 1884 1639; x_wconf 74' lang='lat' dir='ltr'>diserta</span> <span class='ocrx_word' id='word_1_131' title='bbox 1915 1604 2125 1653; x_wconf 84' lang='lat' dir='ltr'>quoque</span> 
     </span>
    </p>
   </div>
   <div class='ocr_carea' id='block_1_21' title="bbox 524 1664 2121 1732">
    <p class='ocr_par' dir='ltr' id='par_1_21' title="bbox 524 1664 2121 1732">
     <span class='ocr_line' id='line_1_21' title="bbox 524 1664 2121 1732; baseline -0.005 -15"><span class='ocrx_word' id='word_1_132' title='bbox 524 1669 736 1718; x_wconf 76' lang='lat' dir='ltr'>dicendi</span> <span class='ocrx_word' id='word_1_133' title='bbox 750 1670 933 1732; x_wconf 73' lang='lat' dir='ltr'>forma</span> <span class='ocrx_word' id='word_1_134' title='bbox 954 1666 1127 1715; x_wconf 84' lang='lat' dir='ltr'>abillo</span> <span class='ocrx_word' id='word_1_135' title='bbox 1153 1665 1471 1728; x_wconf 77' lang='lat' dir='ltr'>(Cyziceno)</span> <span class='ocrx_word' id='word_1_136' title='bbox 1494 1664 1756 1726; x_wconf 82' lang='lat' dir='ltr'>discrepat</span> <span class='ocrx_word' id='word_1_137' title='bbox 1772 1678 1787 1721; x_wconf 88' lang='lat'><strong><em>;</em></strong></span> <span class='ocrx_word' id='word_1_138' title='bbox 1802 1676 2121 1725; x_wconf 78' lang='lat' dir='ltr'>quanquam</span> 
     </span>
    </p>
   </div>
   <div class='ocr_carea' id='block_1_22' title="bbox 521 1733 2126 1802">
    <p class='ocr_par' dir='ltr' id='par_1_22' title="bbox 521 1733 2126 1802">
     <span class='ocr_line' id='line_1_22' title="bbox 521 1733 2126 1802; baseline -0.004 -15"><span class='ocrx_word' id='word_1_139' title='bbox 521 1745 740 1802; x_wconf 71' lang='lat' dir='ltr'>uterque</span> <span class='ocrx_word' id='word_1_140' title='bbox 783 1739 936 1801; x_wconf 85' lang='lat' dir='ltr'>longe</span> <span class='ocrx_word' id='word_1_141' title='bbox 976 1743 1046 1786; x_wconf 89' lang='lat' dir='ltr'>est</span> <span class='ocrx_word' id='word_1_142' title='bbox 1078 1751 1134 1784; x_wconf 86' lang='lat' dir='ltr'>eo</span> <span class='ocrx_word' id='word_1_143' title='bbox 1176 1736 1400 1798; x_wconf 85' lang='lat' dir='ltr'>Gelasio,</span> <span class='ocrx_word' id='word_1_144' title='bbox 1428 1734 1523 1798; x_wconf 87' lang='lat' dir='ltr'>qui</span> <span class='ocrx_word' id='word_1_145' title='bbox 1558 1733 1809 1781; x_wconf 82' lang='lat' dir='ltr'>adversus</span> <span class='ocrx_word' id='word_1_146' title='bbox 1845 1734 2126 1781; x_wconf 75' lang='lat' dir='ltr'>Anomzros</span> 
     </span>
    </p>
   </div>
   <div class='ocr_carea' id='block_1_23' title="bbox 522 1805 2125 1874">
    <p class='ocr_par' dir='ltr' id='par_1_23' title="bbox 522 1805 2125 1874">
     <span class='ocr_line' id='line_1_23' title="bbox 522 1805 2125 1874; baseline -0.005 -14"><span class='ocrx_word' id='word_1_147' title='bbox 522 1811 752 1874; x_wconf 69' lang='lat' dir='ltr'>scripsit,</span> <span class='ocrx_word' id='word_1_148' title='bbox 778 1809 1026 1870; x_wconf 72' lang='lat' dir='ltr'>inferior.</span> <span class='ocrx_word' id='word_1_149' title='bbox 1057 1810 1140 1859; x_wconf 89' lang='lat' dir='ltr'>De</span> <span class='ocrx_word' id='word_1_150' title='bbox 1182 1808 1460 1871; x_wconf 81' lang='lat' dir='ltr'>Cyziceno</span> <span class='ocrx_word' id='word_1_151' title='bbox 1486 1806 1611 1856; x_wconf 68' lang='lat' dir='ltr'>hinc</span> <span class='ocrx_word' id='word_1_152' title='bbox 1652 1805 1985 1868; x_wconf 81' lang='lat' dir='ltr'>scripserat:</span> <span class='ocrx_word' id='word_1_153' title='bbox 2008 1806 2125 1868; x_wconf 78' lang='lat' dir='ltr'>ipsa</span> 
     </span>
    </p>
   </div>
   <div class='ocr_carea' id='block_1_24' title="bbox 520 1877 2125 1946">
    <p class='ocr_par' dir='ltr' id='par_1_24' title="bbox 520 1877 2125 1946">
     <span class='ocr_line' id='line_1_24' title="bbox 520 1877 2125 1946; baseline -0.004 -15"><span class='ocrx_word' id='word_1_154' title='bbox 520 1896 686 1946; x_wconf 77' lang='lat' dir='ltr'>porro</span> <span class='ocrx_word' id='word_1_155' title='bbox 718 1881 880 1930; x_wconf 78' lang='lat' dir='ltr'>dictio</span> <span class='ocrx_word' id='word_1_156' title='bbox 904 1880 977 1929; x_wconf 88' lang='lat' dir='ltr'>ad</span> <span class='ocrx_word' id='word_1_157' title='bbox 1043 1879 1305 1928; x_wconf 81' lang='lat' dir='ltr'>humilem</span> <span class='ocrx_word' id='word_1_158' title='bbox 1328 1878 1588 1940; x_wconf 77' lang='lat' dir='ltr'>vilemque</span> <span class='ocrx_word' id='word_1_159' title='bbox 1621 1877 1803 1925; x_wconf 77' lang='lat' dir='ltr'>stilum</span> <span class='ocrx_word' id='word_1_160' title='bbox 1822 1878 1941 1939; x_wconf 69' lang='lat' dir='ltr'>plus</span> <span class='ocrx_word' id='word_1_161' title='bbox 1975 1891 2125 1939; x_wconf 53' lang='lat' dir='ltr'>a’quo</span> 
     </span>
    </p>
   </div>
   <div class='ocr_carea' id='block_1_25' title="bbox 525 1949 2127 2017">
    <p class='ocr_par' dir='ltr' id='par_1_25' title="bbox 525 1949 2127 2017">
     <span class='ocr_line' id='line_1_25' title="bbox 525 1949 2127 2017; baseline -0.004 -15"><span class='ocrx_word' id='word_1_162' title='bbox 525 1968 732 2017; x_wconf 79' lang='lat' dir='ltr'>vergere</span> <span class='ocrx_word' id='word_1_163' title='bbox 746 1952 1224 2001; x_wconf 75' lang='lat' dir='ltr'>animadvertetur.</span> <span class='ocrx_word' id='word_1_164' title='bbox 1244 1950 1387 2001; x_wconf 85' lang='lat' dir='ltr'>Vide</span> <span class='ocrx_word' id='word_1_165' title='bbox 1401 1949 1723 1999; x_wconf 77' lang='lat' dir='ltr'>Fabricium</span> <span class='ocrx_word' id='word_1_166' title='bbox 1736 1949 1793 1998; x_wconf 87' lang='lat' dir='ltr'>in</span> <span class='ocrx_word' id='word_1_167' title='bbox 1806 1949 1944 1998; x_wconf 84' lang='lat' dir='ltr'>Bibl.</span> <span class='ocrx_word' id='word_1_168' title='bbox 1960 1952 2127 1997; x_wconf 70' lang='lat' dir='ltr'>Grmca</span> 
     </span>
    </p>
   </div>
   <div class='ocr_carea' id='block_1_26' title="bbox 526 2019 2125 2087">
    <p class='ocr_par' dir='ltr' id='par_1_26' title="bbox 526 2019 2125 2087">
     <span class='ocr_line' id='line_1_26' title="bbox 526 2019 2125 2087; baseline -0.003 -12"><span class='ocrx_word' id='word_1_169' title='bbox 526 2027 665 2075; x_wconf 88' lang='lat' dir='ltr'>tom.</span> <span class='ocrx_word' id='word_1_170' title='bbox 707 2026 850 2075; x_wconf 91' lang='lat' dir='ltr'><strong>VIII.</strong></span> <span class='ocrx_word' id='word_1_171' title='bbox 886 2036 1012 2087; x_wconf 87' lang='lat' dir='ltr'>pag.</span> <span class='ocrx_word' id='word_1_172' title='bbox 1042 2022 1163 2076; x_wconf 84' lang='grc'>570.</span> <span class='ocrx_word' id='word_1_173' title='bbox 1203 2022 1439 2073; x_wconf 87' lang='lat' dir='ltr'>Photius</span> <span class='ocrx_word' id='word_1_174' title='bbox 1466 2020 1728 2072; x_wconf 87' lang='lat' dir='ltr'>similiter</span> <span class='ocrx_word' id='word_1_175' title='bbox 1750 2021 1979 2084; x_wconf 80' lang='lat' dir='ltr'>scripsit</span> <span class='ocrx_word' id='word_1_176' title='bbox 2003 2019 2125 2071; x_wconf 89' lang='lat' dir='ltr'>cod.</span> 
     </span>
    </p>
   </div>
   <div class='ocr_carea' id='block_1_27' title="bbox 529 2092 2128 2157">
    <p class='ocr_par' dir='ltr' id='par_1_27' title="bbox 529 2092 2128 2157">
     <span class='ocr_line' id='line_1_27' title="bbox 529 2092 2128 2157; baseline -0.003 -10"><span class='ocrx_word' id='word_1_177' title='bbox 529 2097 650 2147; x_wconf 83' lang='lat' dir='ltr'>XV.</span> <span class='ocrx_word' id='word_1_178' title='bbox 679 2100 741 2148; x_wconf 90' lang='lat' dir='ltr'>ut</span> <span class='ocrx_word' id='word_1_179' title='bbox 775 2095 1002 2147; x_wconf 89' lang='lat' dir='ltr'>nullum</span> <span class='ocrx_word' id='word_1_180' title='bbox 1049 2095 1123 2145; x_wconf 86' lang='lat' dir='ltr'>sit</span> <span class='ocrx_word' id='word_1_181' title='bbox 1171 2093 1430 2157; x_wconf 89' lang='lat' dir='ltr'>dubium,</span> <span class='ocrx_word' id='word_1_182' title='bbox 1473 2092 1615 2156; x_wconf 89' lang='lat' dir='ltr'>quin</span> <span class='ocrx_word' id='word_1_183' title='bbox 1650 2092 2128 2155; x_wconf 86' lang='lat' dir='ltr'>comparationem</span> 
     </span>
    </p>
   </div>
   <div class='ocr_carea' id='block_1_28' title="bbox 526 2165 2127 2228">
    <p class='ocr_par' dir='ltr' id='par_1_28' title="bbox 526 2165 2127 2228">
     <span class='ocr_line' id='line_1_28' title="bbox 526 2165 2127 2228; baseline -0.004 -10"><span class='ocrx_word' id='word_1_184' title='bbox 526 2168 885 2219; x_wconf 86' lang='lat' dir='ltr'>feceritinter</span> <span class='ocrx_word' id='word_1_185' title='bbox 902 2166 1191 2218; x_wconf 76' lang='lat' dir='ltr'>Gelasium</span> <span class='ocrx_word' id='word_1_186' title='bbox 1208 2165 1571 2228; x_wconf 54' lang='grc' dir='ltr'>(ιδ-1100110111,</span> <span class='ocrx_word' id='word_1_187' title='bbox 1595 2169 1883 2227; x_wconf 86' lang='lat' dir='ltr'>quatenus</span> <span class='ocrx_word' id='word_1_188' title='bbox 1898 2165 2127 2212; x_wconf 71' lang='lat' dir='ltr'>Historia:</span> 
     </span>
    </p>
   </div>
   <div class='ocr_carea' id='block_1_29' title="bbox 529 2236 2126 2301">
    <p class='ocr_par' dir='ltr' id='par_1_29' title="bbox 529 2236 2126 2301">
     <span class='ocr_line' id='line_1_29' title="bbox 529 2236 2126 2301; baseline -0.003 -12"><span class='ocrx_word' id='word_1_189' title='bbox 529 2242 781 2291; x_wconf 68' lang='lat' dir='ltr'>Nicaeum</span> <span class='ocrx_word' id='word_1_190' title='bbox 849 2237 1061 2301; x_wconf 72' lang='lat' dir='ltr'>Synodi</span> <span class='ocrx_word' id='word_1_191' title='bbox 1124 2236 1497 2298; x_wconf 85' lang='lat' dir='ltr'>conditorem,</span> <span class='ocrx_word' id='word_1_192' title='bbox 1553 2236 1913 2299; x_wconf 88' lang='lat' dir='ltr'>prioremque</span> <span class='ocrx_word' id='word_1_193' title='bbox 1966 2236 2126 2285; x_wconf 90' lang='lat' dir='ltr'>illum</span> 
     </span>
    </p>
   </div>
   <div class='ocr_carea' id='block_1_30' title="bbox 525 2307 2126 2370">
    <p class='ocr_par' dir='ltr' id='par_1_30' title="bbox 525 2307 2126 2370">
     <span class='ocr_line' id='line_1_30' title="bbox 525 2307 2126 2370; baseline -0.002 -10"><span class='ocrx_word' id='word_1_194' title='bbox 525 2310 835 2370; x_wconf 77' lang='lat' dir='ltr'>Gelasium,</span> <span class='ocrx_word' id='word_1_195' title='bbox 858 2308 1048 2370; x_wconf 82' lang='lat' dir='ltr'>Ruﬁni</span> <span class='ocrx_word' id='word_1_196' title='bbox 1071 2308 1456 2370; x_wconf 85' lang='lat' dir='ltr'>interpretem,</span> <span class='ocrx_word' id='word_1_197' title='bbox 1489 2308 1561 2357; x_wconf 89' lang='lat' dir='ltr'>ab</span> <span class='ocrx_word' id='word_1_198' title='bbox 1589 2319 1648 2356; x_wconf 89' lang='lat' dir='ltr'>se</span> <span class='ocrx_word' id='word_1_199' title='bbox 1666 2307 1945 2357; x_wconf 85' lang='lat' dir='ltr'>creditum</span> <span class='ocrx_word' id='word_1_200' title='bbox 1974 2321 1985 2368; x_wconf 89' lang='lat'><strong>;</strong></span> <span class='ocrx_word' id='word_1_201' title='bbox 2012 2318 2126 2357; x_wconf 90' lang='lat' dir='ltr'>non</span> 
     </span>
    </p>
   </div>
   <div class='ocr_carea' id='block_1_31' title="bbox 523 2378 2127 2439">
    <p class='ocr_par' dir='ltr' id='par_1_31' title="bbox 523 2378 2127 2439">
     <span class='ocr_line' id='line_1_31' title="bbox 523 2378 2127 2439; baseline -0.002 -7"><span class='ocrx_word' id='word_1_202' title='bbox 523 2394 659 2433; x_wconf 90' lang='lat' dir='ltr'>vero</span> <span class='ocrx_word' id='word_1_203' title='bbox 700 2381 850 2430; x_wconf 89' lang='lat' dir='ltr'>inter</span> <span class='ocrx_word' id='word_1_204' title='bbox 900 2381 1048 2431; x_wconf 91' lang='lat' dir='ltr'>duos</span> <span class='ocrx_word' id='word_1_205' title='bbox 1100 2378 1377 2439; x_wconf 85' lang='lat' dir='ltr'>Gelasios,</span> <span class='ocrx_word' id='word_1_206' title='bbox 1424 2378 1483 2427; x_wconf 88' lang='lat' dir='ltr'>in</span> <span class='ocrx_word' id='word_1_207' title='bbox 1531 2378 1731 2428; x_wconf 85' lang='lat' dir='ltr'>eodem</span> <span class='ocrx_word' id='word_1_208' title='bbox 1781 2382 2127 2439; x_wconf 87' lang='lat' dir='ltr'>argumento</span> 
     </span>
    </p>
   </div>
   <div class='ocr_carea' id='block_1_32' title="bbox 521 2448 2124 2513">
    <p class='ocr_par' dir='ltr' id='par_1_32' title="bbox 521 2448 2124 2513">
     <span class='ocr_line' id='line_1_32' title="bbox 521 2448 2124 2513; baseline -0.006 -10"><span class='ocrx_word' id='word_1_209' title='bbox 521 2448 1502 2513; x_wconf 84' lang='lat' dir='ltr'>versatos,alterum,quiHistoriam</span> <span class='ocrx_word' id='word_1_210' title='bbox 1515 2449 1893 2499; x_wconf 76' lang='lat' dir='ltr'>Eusebianaui</span> <span class='ocrx_word' id='word_1_211' title='bbox 1910 2450 2124 2512; x_wconf 77' lang='lat' dir='ltr'>auxerit,</span> 
     </span>
    </p>
   </div>
   <div class='ocr_carea' id='block_1_33' title="bbox 524 2520 2126 2585">
    <p class='ocr_par' dir='ltr' id='par_1_33' title="bbox 524 2520 2126 2585">
     <span class='ocr_line' id='line_1_33' title="bbox 524 2520 2126 2585; baseline -0.002 -11"><span class='ocrx_word' id='word_1_212' title='bbox 524 2523 768 2575; x_wconf 89' lang='lat' dir='ltr'>alterum</span> <span class='ocrx_word' id='word_1_213' title='bbox 794 2522 1055 2585; x_wconf 83' lang='lat' dir='ltr'>ejusdem</span> <span class='ocrx_word' id='word_1_214' title='bbox 1076 2520 1346 2572; x_wconf 66' lang='grc'>1118101110</span> <span class='ocrx_word' id='word_1_215' title='bbox 1382 2521 1769 2583; x_wconf 85' lang='lat' dir='ltr'>interpretem.</span> <span class='ocrx_word' id='word_1_216' title='bbox 1811 2521 2126 2584; x_wconf 70' lang='lat' dir='ltr'>Cyzicenus</span> 
     </span>
    </p>
   </div>
   <div class='ocr_carea' id='block_1_34' title="bbox 522 2592 2128 2657">
    <p class='ocr_par' dir='ltr' id='par_1_34' title="bbox 522 2592 2128 2657">
     <span class='ocr_line' id='line_1_34' title="bbox 522 2592 2128 2657; baseline -0.002 -13"><span class='ocrx_word' id='word_1_217' title='bbox 522 2593 620 2645; x_wconf 88' lang='lat' dir='ltr'>lib.</span> <span class='ocrx_word' id='word_1_218' title='bbox 662 2596 701 2644; x_wconf 92' lang='lat' dir='ltr'>I.</span> <span class='ocrx_word' id='word_1_219' title='bbox 751 2606 873 2657; x_wconf 86' lang='lat' dir='ltr'>cap.</span> <span class='ocrx_word' id='word_1_220' title='bbox 933 2593 1051 2643; x_wconf 88' lang='lat' dir='ltr'><strong>VII.</strong></span> <span class='ocrx_word' id='word_1_221' title='bbox 1105 2592 1177 2643; x_wconf 90' lang='lat' dir='ltr'>de</span> <span class='ocrx_word' id='word_1_222' title='bbox 1220 2592 1379 2643; x_wconf 82' lang='lat' dir='ltr'>Actis</span> <span class='ocrx_word' id='word_1_223' title='bbox 1435 2592 1685 2643; x_wconf 70' lang='lat' dir='ltr'>Niczenae</span> <span class='ocrx_word' id='word_1_224' title='bbox 1732 2592 1945 2655; x_wconf 72' lang='lat' dir='ltr'>Synodi</span> <span class='ocrx_word' id='word_1_225' title='bbox 1988 2593 2128 2642; x_wconf 85' lang='lat' dir='ltr'>citat</span> 
     </span>
    </p>
   </div>
   <div class='ocr_carea' id='block_1_35' title="bbox 527 2663 2128 2727">
    <p class='ocr_par' dir='ltr' id='par_1_35' title="bbox 527 2663 2128 2727">
     <span class='ocr_line' id='line_1_35' title="bbox 527 2663 2128 2727; baseline 0 -13"><span class='ocrx_word' id='word_1_226' title='bbox 527 2665 819 2726; x_wconf 79' lang='lat' dir='ltr'>Gelasium,</span> <span class='ocrx_word' id='word_1_227' title='bbox 846 2668 904 2715; x_wconf 90' lang='lat' dir='ltr'>et</span> <span class='ocrx_word' id='word_1_228' title='bbox 933 2664 1219 2727; x_wconf 86' lang='lat' dir='ltr'>Ruﬁnum,</span> <span class='ocrx_word' id='word_1_229' title='bbox 1264 2663 1437 2725; x_wconf 90' lang='lat' dir='ltr'>hunc,</span> <span class='ocrx_word' id='word_1_230' title='bbox 1464 2667 1528 2714; x_wconf 90' lang='lat' dir='ltr'>ut</span> <span class='ocrx_word' id='word_1_231' title='bbox 1562 2664 1892 2726; x_wconf 87' lang='lat' dir='ltr'>primarium</span> <span class='ocrx_word' id='word_1_232' title='bbox 1928 2667 2128 2714; x_wconf 87' lang='lat' dir='ltr'>aucto-</span> 
     </span>
    </p>
   </div>
   <div class='ocr_carea' id='block_1_36' title="bbox 525 2734 2126 2799">
    <p class='ocr_par' dir='ltr' id='par_1_36' title="bbox 525 2734 2126 2799">
     <span class='ocr_line' id='line_1_36' title="bbox 525 2734 2126 2799; baseline -0.003 -11"><span class='ocrx_word' id='word_1_233' title='bbox 525 2750 666 2799; x_wconf 89' lang='lat' dir='ltr'>rem,</span> <span class='ocrx_word' id='word_1_234' title='bbox 692 2736 876 2799; x_wconf 89' lang='lat' dir='ltr'>illum,</span> <span class='ocrx_word' id='word_1_235' title='bbox 907 2739 972 2787; x_wconf 88' lang='lat' dir='ltr'>ut</span> <span class='ocrx_word' id='word_1_236' title='bbox 994 2737 1394 2798; x_wconf 87' lang='lat' dir='ltr'>interpretem:</span> <span class='ocrx_word' id='word_1_237' title='bbox 1442 2734 1595 2797; x_wconf 89' lang='lat' dir='ltr'>quod</span> <span class='ocrx_word' id='word_1_238' title='bbox 1627 2734 1687 2785; x_wconf 90' lang='lat' dir='ltr'>in</span> <span class='ocrx_word' id='word_1_239' title='bbox 1721 2735 1903 2785; x_wconf 76' lang='lat' dir='ltr'>l‘ltotii</span> <span class='ocrx_word' id='word_1_240' title='bbox 1928 2734 2126 2786; x_wconf 89' lang='lat' dir='ltr'>oculos</span> 
     </span>
    </p>
   </div>
   <div class='ocr_carea' id='block_1_37' title="bbox 526 2806 972 2859">
    <p class='ocr_par' dir='ltr' id='par_1_37' title="bbox 526 2806 972 2859">
     <span class='ocr_line' id='line_1_37' title="bbox 526 2806 972 2859; baseline -0.004 -1"><span class='ocrx_word' id='word_1_241' title='bbox 526 2809 697 2859; x_wconf 89' lang='lat' dir='ltr'>etiam</span> <span class='ocrx_word' id='word_1_242' title='bbox 722 2806 972 2857; x_wconf 90' lang='lat' dir='ltr'>incurrit.</span> 
     </span>
    </p>
   </div>
   <div class='ocr_carea' id='block_1_38' title="bbox 590 2875 2127 2941">
    <p class='ocr_par' dir='ltr' id='par_1_38' title="bbox 590 2875 2127 2941">
     <span class='ocr_line' id='line_1_38' title="bbox 590 2875 2127 2941; baseline -0.002 -11"><span class='ocrx_word' id='word_1_243' title='bbox 590 2880 653 2930; x_wconf 93' lang='lat' dir='ltr'><strong>V.</strong></span> <span class='ocrx_word' id='word_1_244' title='bbox 673 2878 919 2930; x_wconf 88' lang='lat' dir='ltr'>Huetius</span> <span class='ocrx_word' id='word_1_245' title='bbox 935 2879 996 2929; x_wconf 90' lang='lat' dir='ltr'>in</span> <span class='ocrx_word' id='word_1_246' title='bbox 1018 2876 1255 2941; x_wconf 89' lang='lat' dir='ltr'>Dialogo</span> <span class='ocrx_word' id='word_1_247' title='bbox 1289 2888 1419 2941; x_wconf 83' lang='lat' dir='ltr'>pag.</span> <span class='ocrx_word' id='word_1_248' title='bbox 1451 2875 1574 2929; x_wconf 83' lang='grc'>131.</span> <span class='ocrx_word' id='word_1_249' title='bbox 1613 2878 1887 2927; x_wconf 79' lang='lat' dir='ltr'>Romanae</span> <span class='ocrx_word' id='word_1_250' title='bbox 1911 2875 2127 2937; x_wconf 61' lang='lat' dir='ltr'>linguae</span> 
     </span>
    </p>
   </div>
   <div class='ocr_carea' id='block_1_39' title="bbox 527 2948 2128 3015">
    <p class='ocr_par' dir='ltr' id='par_1_39' title="bbox 527 2948 2128 3015">
     <span class='ocr_line' id='line_1_39' title="bbox 527 2948 2128 3015; baseline -0.004 -13"><span class='ocrx_word' id='word_1_251' title='bbox 527 2950 789 3015; x_wconf 84' lang='lat' dir='ltr'>dignitati</span> <span class='ocrx_word' id='word_1_252' title='bbox 816 2951 926 3002; x_wconf 91' lang='lat' dir='ltr'>hoc</span> <span class='ocrx_word' id='word_1_253' title='bbox 963 2949 1177 3012; x_wconf 86' lang='lat' dir='ltr'>tribuit,</span> <span class='ocrx_word' id='word_1_254' title='bbox 1220 2948 1374 3011; x_wconf 90' lang='lat' dir='ltr'>quod</span> <span class='ocrx_word' id='word_1_255' title='bbox 1401 2948 1581 2997; x_wconf 69' lang='lat' dir='ltr'>Graeca</span> <span class='ocrx_word' id='word_1_256' title='bbox 1603 2948 1900 2998; x_wconf 87' lang='lat' dir='ltr'>conversio</span> <span class='ocrx_word' id='word_1_257' title='bbox 1933 2948 2128 2997; x_wconf 80' lang='lat' dir='ltr'>Gclasii</span> 
     </span>
    </p>
   </div>
   <div class='ocr_carea' id='block_1_40' title="bbox 528 3020 2127 3085">
    <p class='ocr_par' dir='ltr' id='par_1_40' title="bbox 528 3020 2127 3085">
     <span class='ocr_line' id='line_1_40' title="bbox 528 3020 2127 3085; baseline -0.004 -11"><span class='ocrx_word' id='word_1_258' title='bbox 528 3024 676 3074; x_wconf 77' lang='lat' dir='ltr'>intra</span> <span class='ocrx_word' id='word_1_259' title='bbox 688 3022 955 3074; x_wconf 88' lang='lat' dir='ltr'>Latinum</span> <span class='ocrx_word' id='word_1_260' title='bbox 968 3020 1263 3085; x_wconf 80' lang='lat' dir='ltr'>exemplar</span> <span class='ocrx_word' id='word_1_261' title='bbox 1277 3020 1470 3071; x_wconf 87' lang='lat' dir='ltr'>habita</span> <span class='ocrx_word' id='word_1_262' title='bbox 1482 3020 1572 3072; x_wconf 86' lang='lat' dir='ltr'>vel</span> <span class='ocrx_word' id='word_1_263' title='bbox 1585 3020 1789 3071; x_wconf 89' lang='lat' dir='ltr'>seriem</span> <span class='ocrx_word' id='word_1_264' title='bbox 1808 3022 1918 3070; x_wconf 86' lang='lat' dir='ltr'>tem</span> <span class='ocrx_word' id='word_1_265' title='bbox 1927 3032 2127 3082; x_wconf 83' lang='lat' dir='ltr'>porum</span> 
     </span>
    </p>
   </div>
   <div class='ocr_carea' id='block_1_41' title="bbox 528 3091 2124 3159">
    <p class='ocr_par' dir='ltr' id='par_1_41' title="bbox 528 3091 2124 3159">
     <span class='ocr_line' id='line_1_41' title="bbox 528 3091 2124 3159; baseline -0.003 -12"><span class='ocrx_word' id='word_1_266' title='bbox 528 3096 672 3147; x_wconf 84' lang='lat' dir='ltr'>ferre</span> <span class='ocrx_word' id='word_1_267' title='bbox 699 3107 819 3146; x_wconf 90' lang='lat' dir='ltr'>non</span> <span class='ocrx_word' id='word_1_268' title='bbox 868 3094 1133 3159; x_wconf 88' lang='lat' dir='ltr'>potuerit,</span> <span class='ocrx_word' id='word_1_269' title='bbox 1166 3093 1252 3145; x_wconf 86' lang='lat' dir='ltr'>vel</span> <span class='ocrx_word' id='word_1_270' title='bbox 1289 3093 1349 3143; x_wconf 89' lang='lat' dir='ltr'>in</span> <span class='ocrx_word' id='word_1_271' title='bbox 1385 3092 1868 3143; x_wconf 85' lang='lat' dir='ltr'>Bibliothecarum</span> <span class='ocrx_word' id='word_1_272' title='bbox 1895 3091 2124 3154; x_wconf 87' lang='lat' dir='ltr'>pulvere</span> 
     </span>
    </p>
   </div>
   <div class='ocr_carea' id='block_1_42' title="bbox 529 3162 2122 3227">
    <p class='ocr_par' dir='ltr' id='par_1_42' title="bbox 529 3162 2122 3227">
     <span class='ocr_line' id='line_1_42' title="bbox 529 3162 2122 3227; baseline -0.006 -9"><span class='ocrx_word' id='word_1_273' title='bbox 529 3180 661 3218; x_wconf 91' lang='lat' dir='ltr'>cum</span> <span class='ocrx_word' id='word_1_274' title='bbox 674 3166 843 3217; x_wconf 88' lang='lat' dir='ltr'>tineis</span> <span class='ocrx_word' id='word_1_275' title='bbox 856 3164 1120 3216; x_wconf 89' lang='lat' dir='ltr'>luctetur.</span> <span class='ocrx_word' id='word_1_276' title='bbox 1139 3163 1306 3227; x_wconf 86' lang='lat' dir='ltr'>Apud</span> <span class='ocrx_word' id='word_1_277' title='bbox 1325 3164 1559 3214; x_wconf 88' lang='lat' dir='ltr'>Latinos</span> <span class='ocrx_word' id='word_1_278' title='bbox 1576 3162 1811 3224; x_wconf 86' lang='lat' dir='ltr'>quidem</span> <span class='ocrx_word' id='word_1_279' title='bbox 1825 3178 1923 3209; x_wconf 88' lang='lat' dir='ltr'>non</span> <span class='ocrx_word' id='word_1_280' title='bbox 1938 3164 2122 3221; x_wconf 81' lang='lat' dir='ltr'>ulmuo;</span> 
     </span>
    </p>
   </div>
   <div class='ocr_carea' id='block_1_43' title="bbox 2150 1824 2204 1899">
    <p class='ocr_par' dir='ltr' id='par_1_43' title="bbox 2150 1824 2204 1899">
     <span class='ocr_line' id='line_1_43' title="bbox 2150 1824 2204 1899; baseline 0 0"><span class='ocrx_word' id='word_1_281' title='bbox 2150 1824 2204 1899; x_wconf 94' lang='lat' dir='ltr'>B</span> 
     </span>
    </p>
   </div>
   <div class='ocr_carea' id='block_1_44' title="bbox 2226 516 3841 581">
    <p class='ocr_par' dir='ltr' id='par_1_44' title="bbox 2226 516 3841 581">
     <span class='ocr_line' id='line_1_44' title="bbox 2226 516 3841 581; baseline -0.003 -13"><span class='ocrx_word' id='word_1_282' title='bbox 2226 520 2505 581; x_wconf 74' lang='lat' dir='ltr'>designet,</span> <span class='ocrx_word' id='word_1_283' title='bbox 2534 528 2705 579; x_wconf 88' lang='lat' dir='ltr'>quam</span> <span class='ocrx_word' id='word_1_284' title='bbox 2727 516 2955 577; x_wconf 87' lang='lat' dir='ltr'>Ruﬁnus</span> <span class='ocrx_word' id='word_1_285' title='bbox 2980 516 3180 567; x_wconf 88' lang='lat' dir='ltr'>Latine</span> <span class='ocrx_word' id='word_1_286' title='bbox 3205 517 3455 580; x_wconf 84' lang='lat' dir='ltr'>scripsit,</span> <span class='ocrx_word' id='word_1_287' title='bbox 3478 518 3566 567; x_wconf 90' lang='lat' dir='ltr'>En</span> <span class='ocrx_word' id='word_1_288' title='bbox 3584 516 3841 567; x_wconf 74' lang='lat' dir='ltr'>Socratis</span> 
     </span>
    </p>
   </div>
   <div class='ocr_carea' id='block_1_45' title="bbox 2225 587 3837 652">
    <p class='ocr_par' dir='ltr' id='par_1_45' title="bbox 2225 587 3837 652">
     <span class='ocr_line' id='line_1_45' title="bbox 2225 587 3837 652; baseline -0.003 -15"><span class='ocrx_word' id='word_1_289' title='bbox 2225 596 2373 638; x_wconf 76' lang='lat' dir='ltr'>verba</span> <span class='ocrx_word' id='word_1_290' title='bbox 2403 608 2411 637; x_wconf 94' lang='lat'>:</span> <span class='ocrx_word' id='word_1_291' title='bbox 2435 590 2607 651; x_wconf 79' lang='lat' dir='ltr'>Atque</span> <span class='ocrx_word' id='word_1_292' title='bbox 2632 588 2737 636; x_wconf 68' lang='lat' dir='ltr'>haec</span> <span class='ocrx_word' id='word_1_293' title='bbox 2766 603 2856 649; x_wconf 73' lang='lat' dir='ltr'>ego</span> <span class='ocrx_word' id='word_1_294' title='bbox 2884 593 2992 635; x_wconf 85' lang='lat' dir='ltr'>tum</span> <span class='ocrx_word' id='word_1_295' title='bbox 3022 604 3057 635; x_wconf 84' lang='grc' dir='ltr'><em>α</em></span> <span class='ocrx_word' id='word_1_296' title='bbox 3082 589 3264 636; x_wconf 86' lang='lat' dir='ltr'>multis</span> <span class='ocrx_word' id='word_1_297' title='bbox 3293 589 3511 652; x_wconf 74' lang='lat' dir='ltr'>Cypriis</span> <span class='ocrx_word' id='word_1_298' title='bbox 3532 587 3837 635; x_wconf 76' lang='lat' dir='ltr'>auditune-</span> 
     </span>
    </p>
   </div>
   <div class='ocr_carea' id='block_1_46' title="bbox 2223 658 3836 724">
    <p class='ocr_par' dir='ltr' id='par_1_46' title="bbox 2223 658 3836 724">
     <span class='ocr_line' id='line_1_46' title="bbox 2223 658 3836 724; baseline -0.004 -15"><span class='ocrx_word' id='word_1_299' title='bbox 2223 662 2355 724; x_wconf 69' lang='lat' dir='ltr'>cepi,</span> <span class='ocrx_word' id='word_1_300' title='bbox 2379 667 2491 708; x_wconf 81' lang='lat' dir='ltr'>tum</span> <span class='ocrx_word' id='word_1_301' title='bbox 2518 660 2573 706; x_wconf 87' lang='lat' dir='ltr'>in</span> <span class='ocrx_word' id='word_1_302' title='bbox 2606 664 2944 721; x_wconf 75' lang='lat' dir='ltr'>syntagnutle</span> <span class='ocrx_word' id='word_1_303' title='bbox 2973 660 3161 721; x_wconf 80' lang='lat' dir='ltr'>Ruﬁni</span> <span class='ocrx_word' id='word_1_304' title='bbox 3189 658 3479 721; x_wconf 76' lang='lat' dir='ltr'>cujusdam</span> <span class='ocrx_word' id='word_1_305' title='bbox 3514 658 3836 723; x_wconf 68' lang='lat' dir='ltr'>presbyteri,</span> 
     </span>
    </p>
   </div>
   <div class='ocr_carea' id='block_1_47' title="bbox 2222 731 3839 794">
    <p class='ocr_par' dir='ltr' id='par_1_47' title="bbox 2222 731 3839 794">
     <span class='ocr_line' id='line_1_47' title="bbox 2222 731 3839 794; baseline -0.002 -13"><span class='ocrx_word' id='word_1_306' title='bbox 2222 734 2473 781; x_wconf 79' lang='lat' dir='ltr'>Romana</span> <span class='ocrx_word' id='word_1_307' title='bbox 2498 732 2689 793; x_wconf 82' lang='lat' dir='ltr'>lingua</span> <span class='ocrx_word' id='word_1_308' title='bbox 2714 732 3027 794; x_wconf 72' lang='lat' dir='ltr'>conscripto,</span> <span class='ocrx_word' id='word_1_309' title='bbox 3040 732 3215 794; x_wconf 73' lang='lat' dir='ltr'>posita</span> <span class='ocrx_word' id='word_1_310' title='bbox 3242 731 3442 779; x_wconf 78' lang='lat' dir='ltr'>inveni.</span> <span class='ocrx_word' id='word_1_311' title='bbox 3466 731 3557 779; x_wconf 73' lang='lat' dir='ltr'>Ex</span> <span class='ocrx_word' id='word_1_312' title='bbox 3583 745 3697 792; x_wconf 88' lang='lat' dir='ltr'>quo</span> <span class='ocrx_word' id='word_1_313' title='bbox 3722 733 3839 793; x_wconf 81' lang='lat' dir='ltr'>qui-</span> 
     </span>
    </p>
   </div>
   <div class='ocr_carea' id='block_1_48' title="bbox 2224 801 3837 867">
    <p class='ocr_par' dir='ltr' id='par_1_48' title="bbox 2224 801 3837 867">
     <span class='ocr_line' id='line_1_48' title="bbox 2224 801 3837 867; baseline -0.003 -14"><span class='ocrx_word' id='word_1_314' title='bbox 2224 806 2341 853; x_wconf 78' lang='lat' dir='ltr'>dem</span> <span class='ocrx_word' id='word_1_315' title='bbox 2382 804 2514 852; x_wconf 77' lang='lat' dir='ltr'>libro</span> <span class='ocrx_word' id='word_1_316' title='bbox 2553 808 2665 849; x_wconf 88' lang='lat' dir='ltr'>tum</span> <span class='ocrx_word' id='word_1_317' title='bbox 2706 802 2812 849; x_wconf 66' lang='lat' dir='ltr'>haec</span> <span class='ocrx_word' id='word_1_318' title='bbox 2851 803 2971 865; x_wconf 80' lang='lat' dir='ltr'>ipsa</span> <span class='ocrx_word' id='word_1_319' title='bbox 3014 809 3127 850; x_wconf 88' lang='lat' dir='ltr'>tum</span> <span class='ocrx_word' id='word_1_320' title='bbox 3160 803 3293 867; x_wconf 84' lang='lat' dir='ltr'>alia,</span> <span class='ocrx_word' id='word_1_321' title='bbox 3329 818 3446 866; x_wconf 70' lang='lat' dir='ltr'>quae</span> <span class='ocrx_word' id='word_1_322' title='bbox 3482 801 3674 865; x_wconf 73' lang='lat' dir='ltr'>paullo</span> <span class='ocrx_word' id='word_1_323' title='bbox 3721 808 3837 863; x_wconf 74' lang='lat' dir='ltr'>post</span> 
     </span>
    </p>
   </div>
   <div class='ocr_carea' id='block_1_49' title="bbox 2224 871 3836 935">
    <p class='ocr_par' dir='ltr' id='par_1_49' title="bbox 2224 871 3836 935">
     <span class='ocr_line' id='line_1_49' title="bbox 2224 871 3836 935; baseline -0.002 -11"><span class='ocrx_word' id='word_1_324' title='bbox 2224 877 2488 935; x_wconf 72' lang='lat' dir='ltr'>dicentur,</span> <span class='ocrx_word' id='word_1_325' title='bbox 2512 873 2715 935; x_wconf 76' lang='lat' dir='ltr'>collegi.</span> <span class='ocrx_word' id='word_1_326' title='bbox 2731 874 3001 922; x_wconf 70' lang='lat' dir='ltr'>ltulinum</span> <span class='ocrx_word' id='word_1_327' title='bbox 3018 872 3226 924; x_wconf 86' lang='lat' dir='ltr'>iterum</span> <span class='ocrx_word' id='word_1_328' title='bbox 3249 873 3449 923; x_wconf 89' lang='lat' dir='ltr'>laudat</span> <span class='ocrx_word' id='word_1_329' title='bbox 3471 884 3599 935; x_wconf 87' lang='lat' dir='ltr'>cap.</span> <span class='ocrx_word' id='word_1_330' title='bbox 3629 871 3757 921; x_wconf 74' lang='lat' dir='ltr'>XV.</span> <span class='ocrx_word' id='word_1_331' title='bbox 3777 872 3836 920; x_wconf 88' lang='lat' dir='ltr'>in</span> 
     </span>
    </p>
   </div>
   <div class='ocr_carea' id='block_1_50' title="bbox 2226 944 3839 1005">
    <p class='ocr_par' dir='ltr' id='par_1_50' title="bbox 2226 944 3839 1005">
     <span class='ocr_line' id='line_1_50' title="bbox 2226 944 3839 1005; baseline -0.006 -7"><span class='ocrx_word' id='word_1_332' title='bbox 2226 948 2336 998; x_wconf 84' lang='lat' dir='ltr'>line</span> <span class='ocrx_word' id='word_1_333' title='bbox 2362 948 2481 995; x_wconf 64' lang='lat' dir='ltr'>Ilaec</span> <span class='ocrx_word' id='word_1_334' title='bbox 2512 946 2574 993; x_wconf 85' lang='lat' dir='ltr'>de</span> <span class='ocrx_word' id='word_1_335' title='bbox 2596 944 2904 993; x_wconf 80' lang='lat' dir='ltr'>Athanasio</span> <span class='ocrx_word' id='word_1_336' title='bbox 2940 945 3170 1005; x_wconf 76' lang='lat' dir='ltr'>Ruﬁnus</span> <span class='ocrx_word' id='word_1_337' title='bbox 3204 944 3261 992; x_wconf 84' lang='lat' dir='ltr'>in</span> <span class='ocrx_word' id='word_1_338' title='bbox 3287 944 3437 992; x_wconf 81' lang='lat' dir='ltr'>libris</span> <span class='ocrx_word' id='word_1_339' title='bbox 3463 944 3578 992; x_wconf 85' lang='lat' dir='ltr'>suis</span> <span class='ocrx_word' id='word_1_340' title='bbox 3602 956 3839 991; x_wconf 79' lang='lat' dir='ltr'>commc—</span> 
     </span>
    </p>
   </div>
   <div class='ocr_carea' id='block_1_51' title="bbox 2224 1014 3837 1081">
    <p class='ocr_par' dir='ltr' id='par_1_51' title="bbox 2224 1014 3837 1081">
     <span class='ocr_line' id='line_1_51' title="bbox 2224 1014 3837 1081; baseline -0.004 -14"><span class='ocrx_word' id='word_1_341' title='bbox 2224 1020 2608 1081; x_wconf 20' lang='lat' dir='ltr'>tmoruvit,cap.</span> <span class='ocrx_word' id='word_1_342' title='bbox 2644 1018 2796 1067; x_wconf 74' lang='lat' dir='ltr'>XIX.</span> <span class='ocrx_word' id='word_1_343' title='bbox 2820 1016 2879 1065; x_wconf 86' lang='lat' dir='ltr'>in</span> <span class='ocrx_word' id='word_1_344' title='bbox 2909 1016 3047 1066; x_wconf 80' lang='lat' dir='ltr'>line:</span> <span class='ocrx_word' id='word_1_345' title='bbox 3088 1017 3209 1064; x_wconf 72' lang='lat' dir='ltr'>Ilzec</span> <span class='ocrx_word' id='word_1_346' title='bbox 3237 1017 3465 1078; x_wconf 76' lang='lat' dir='ltr'>Rufinus</span> <span class='ocrx_word' id='word_1_347' title='bbox 3503 1014 3570 1065; x_wconf 82' lang='lat' dir='ltr'>ab</span> <span class='ocrx_word' id='word_1_348' title='bbox 3592 1014 3837 1064; x_wconf 57' lang='lat' dir='ltr'>Afdcsio.</span> 
     </span>
    </p>
   </div>
   <div class='ocr_carea' id='block_1_52' title="bbox 2225 1085 3838 1153">
    <p class='ocr_par' dir='ltr' id='par_1_52' title="bbox 2225 1085 3838 1153">
     <span class='ocr_line' id='line_1_52' title="bbox 2225 1085 3838 1153; baseline -0.001 -16"><span class='ocrx_word' id='word_1_349' title='bbox 2225 1090 2320 1153; x_wconf 87' lang='lat' dir='ltr'>qui</span> <span class='ocrx_word' id='word_1_350' title='bbox 2355 1096 2398 1137; x_wconf 83' lang='lat' dir='ltr'>ct</span> <span class='ocrx_word' id='word_1_351' title='bbox 2439 1090 2551 1152; x_wconf 73' lang='lat' dir='ltr'>ipse</span> <span class='ocrx_word' id='word_1_352' title='bbox 2591 1087 2717 1150; x_wconf 77' lang='lat' dir='ltr'>Tyri</span> <span class='ocrx_word' id='word_1_353' title='bbox 2751 1085 3022 1149; x_wconf 75' lang='lat' dir='ltr'>presbyter</span> <span class='ocrx_word' id='word_1_354' title='bbox 3055 1086 3400 1149; x_wconf 79' lang='lat' dir='ltr'>postmodum</span> <span class='ocrx_word' id='word_1_355' title='bbox 3433 1085 3613 1148; x_wconf 78' lang='lat' dir='ltr'>factus</span> <span class='ocrx_word' id='word_1_356' title='bbox 3655 1092 3746 1144; x_wconf 80' lang='lat' dir='ltr'>cst,</span> <span class='ocrx_word' id='word_1_357' title='bbox 3776 1098 3838 1135; x_wconf 76' lang='lat' dir='ltr'>se</span> 
     </span>
    </p>
   </div>
   <div class='ocr_carea' id='block_1_53' title="bbox 2224 1157 3839 1224">
    <p class='ocr_par' dir='ltr' id='par_1_53' title="bbox 2224 1157 3839 1224">
     <span class='ocr_line' id='line_1_53' title="bbox 2224 1157 3839 1224; baseline -0.002 -13"><span class='ocrx_word' id='word_1_358' title='bbox 2224 1162 2512 1224; x_wconf 86' lang='lat' dir='ltr'>accepisse</span> <span class='ocrx_word' id='word_1_359' title='bbox 2526 1160 2899 1210; x_wconf 81' lang='lat' dir='ltr'>narrat.llanc</span> <span class='ocrx_word' id='word_1_360' title='bbox 2913 1158 3202 1208; x_wconf 80' lang='lat' dir='ltr'>Frumenti</span> <span class='ocrx_word' id='word_1_361' title='bbox 3216 1158 3527 1208; x_wconf 86' lang='lat' dir='ltr'>Historiam</span> <span class='ocrx_word' id='word_1_362' title='bbox 3540 1172 3599 1205; x_wconf 75' lang='lat' dir='ltr'>ex</span> <span class='ocrx_word' id='word_1_363' title='bbox 3614 1157 3744 1217; x_wconf 78' lang='lat' dir='ltr'>Ruﬁ</span> <span class='ocrx_word' id='word_1_364' title='bbox 3754 1172 3839 1207; x_wconf 84' lang='lat' dir='ltr'>no.</span> 
     </span>
    </p>
   </div>
   <div class='ocr_carea' id='block_1_54' title="bbox 2225 1228 3839 1294">
    <p class='ocr_par' dir='ltr' id='par_1_54' title="bbox 2225 1228 3839 1294">
     <span class='ocr_line' id='line_1_54' title="bbox 2225 1228 3839 1294; baseline -0.006 -11"><span class='ocrx_word' id='word_1_365' title='bbox 2225 1247 2397 1294; x_wconf 87' lang='lat' dir='ltr'>quem</span> <span class='ocrx_word' id='word_1_366' title='bbox 2422 1239 2614 1283; x_wconf 87' lang='lat' dir='ltr'>tamen</span> <span class='ocrx_word' id='word_1_367' title='bbox 2631 1228 2788 1280; x_wconf 90' lang='lat' dir='ltr'>haud</span> <span class='ocrx_word' id='word_1_368' title='bbox 2800 1232 3081 1291; x_wconf 84' lang='lat' dir='ltr'>nominat,</span> <span class='ocrx_word' id='word_1_369' title='bbox 3108 1228 3505 1279; x_wconf 87' lang='lat' dir='ltr'>sumsitetiam</span> <span class='ocrx_word' id='word_1_370' title='bbox 3526 1232 3839 1276; x_wconf 76' lang='lat' dir='ltr'>Sozomeuus</span> 
     </span>
    </p>
   </div>
   <div class='ocr_carea' id='block_1_55' title="bbox 2224 1299 3837 1366">
    <p class='ocr_par' dir='ltr' id='par_1_55' title="bbox 2224 1299 3837 1366">
     <span class='ocr_line' id='line_1_55' title="bbox 2224 1299 3837 1366; baseline -0.005 -12"><span class='ocrx_word' id='word_1_371' title='bbox 2224 1303 2319 1354; x_wconf 87' lang='lat' dir='ltr'>lib.</span> <span class='ocrx_word' id='word_1_372' title='bbox 2346 1306 2411 1353; x_wconf 92' lang='lat' dir='ltr'>II.</span> <span class='ocrx_word' id='word_1_373' title='bbox 2429 1302 2771 1366; x_wconf 70' lang='lat' dir='ltr'>capXXlV.</span> <span class='ocrx_word' id='word_1_374' title='bbox 2806 1304 2861 1349; x_wconf 91' lang='lat' dir='ltr'>et</span> <span class='ocrx_word' id='word_1_375' title='bbox 2884 1299 3266 1351; x_wconf 88' lang='lat' dir='ltr'>Theodoritus</span> <span class='ocrx_word' id='word_1_376' title='bbox 3290 1300 3387 1350; x_wconf 91' lang='lat' dir='ltr'>lib.</span> <span class='ocrx_word' id='word_1_377' title='bbox 3414 1301 3455 1349; x_wconf 93' lang='lat' dir='ltr'><strong>I.</strong></span> <span class='ocrx_word' id='word_1_378' title='bbox 3482 1312 3606 1363; x_wconf 91' lang='lat' dir='ltr'>cap.</span> <span class='ocrx_word' id='word_1_379' title='bbox 3629 1300 3837 1350; x_wconf 79' lang='lat' dir='ltr'><strong>XXIII.</strong></span> 
     </span>
    </p>
   </div>
   <div class='ocr_carea' id='block_1_56' title="bbox 2226 1371 3837 1438">
    <p class='ocr_par' dir='ltr' id='par_1_56' title="bbox 2226 1371 3837 1438">
     <span class='ocr_line' id='line_1_56' title="bbox 2226 1371 3837 1438; baseline -0.004 -12"><span class='ocrx_word' id='word_1_380' title='bbox 2226 1378 2307 1426; x_wconf 80' lang='lat' dir='ltr'>Ex</span> <span class='ocrx_word' id='word_1_381' title='bbox 2332 1377 2562 1438; x_wconf 87' lang='lat' dir='ltr'>Ruﬁno,</span> <span class='ocrx_word' id='word_1_382' title='bbox 2612 1377 2675 1423; x_wconf 91' lang='lat' dir='ltr'>ut</span> <span class='ocrx_word' id='word_1_383' title='bbox 2710 1371 2891 1422; x_wconf 88' lang='lat' dir='ltr'>multa</span> <span class='ocrx_word' id='word_1_384' title='bbox 2919 1372 3048 1433; x_wconf 88' lang='lat' dir='ltr'>alia,</span> <span class='ocrx_word' id='word_1_385' title='bbox 3096 1372 3325 1423; x_wconf 88' lang='lat' dir='ltr'>transiit</span> <span class='ocrx_word' id='word_1_386' title='bbox 3360 1371 3419 1422; x_wconf 89' lang='lat' dir='ltr'>in</span> <span class='ocrx_word' id='word_1_387' title='bbox 3444 1371 3837 1434; x_wconf 82' lang='lat' dir='ltr'>Menologium</span> 
     </span>
    </p>
   </div>
   <div class='ocr_carea' id='block_1_57' title="bbox 2220 1442 3839 1509">
    <p class='ocr_par' dir='ltr' id='par_1_57' title="bbox 2220 1442 3839 1509">
     <span class='ocr_line' id='line_1_57' title="bbox 2220 1442 3839 1509; baseline -0.003 -12"><span class='ocrx_word' id='word_1_388' title='bbox 2220 1451 2574 1509; x_wconf 62' lang='lat' dir='ltr'>Graecorum,</span> <span class='ocrx_word' id='word_1_389' title='bbox 2600 1445 2658 1495; x_wconf 90' lang='lat' dir='ltr'>in</span> <span class='ocrx_word' id='word_1_390' title='bbox 2677 1442 3147 1506; x_wconf 73' lang='lat' dir='ltr'>Martyrologium</span> <span class='ocrx_word' id='word_1_391' title='bbox 3160 1445 3203 1495; x_wconf 89' lang='lat' dir='ltr'>U</span> <span class='ocrx_word' id='word_1_392' title='bbox 3214 1443 3557 1494; x_wconf 88' lang='lat' dir='ltr'>suardinum</span> <span class='ocrx_word' id='word_1_393' title='bbox 3582 1443 3839 1494; x_wconf 83' lang='lat' dir='ltr'>Greveni</span> 
     </span>
    </p>
   </div>
   <div class='ocr_carea' id='block_1_58' title="bbox 2224 1514 3839 1579">
    <p class='ocr_par' dir='ltr' id='par_1_58' title="bbox 2224 1514 3839 1579">
     <span class='ocr_line' id='line_1_58' title="bbox 2224 1514 3839 1579; baseline -0.002 -10"><span class='ocrx_word' id='word_1_394' title='bbox 2224 1524 2280 1569; x_wconf 89' lang='lat' dir='ltr'>et</span> <span class='ocrx_word' id='word_1_395' title='bbox 2306 1518 2531 1577; x_wconf 82' lang='lat' dir='ltr'>Molani,</span> <span class='ocrx_word' id='word_1_396' title='bbox 2560 1520 2618 1567; x_wconf 91' lang='lat' dir='ltr'>et</span> <span class='ocrx_word' id='word_1_397' title='bbox 2661 1519 2863 1579; x_wconf 89' lang='lat' dir='ltr'>postea</span> <span class='ocrx_word' id='word_1_398' title='bbox 2904 1516 2964 1564; x_wconf 89' lang='lat' dir='ltr'>in</span> <span class='ocrx_word' id='word_1_399' title='bbox 3000 1516 3157 1577; x_wconf 87' lang='lat' dir='ltr'>ipsas</span> <span class='ocrx_word' id='word_1_400' title='bbox 3185 1514 3408 1565; x_wconf 84' lang='lat' dir='ltr'>tabulas</span> <span class='ocrx_word' id='word_1_401' title='bbox 3422 1514 3699 1565; x_wconf 64' lang='lat' dir='ltr'>Ecclesiae</span> <span class='ocrx_word' id='word_1_402' title='bbox 3725 1515 3839 1565; x_wconf 83' lang='lat' dir='ltr'>Ro-</span> 
     </span>
    </p>
   </div>
   <div class='ocr_carea' id='block_1_59' title="bbox 2221 1586 3835 1649">
    <p class='ocr_par' dir='ltr' id='par_1_59' title="bbox 2221 1586 3835 1649">
     <span class='ocr_line' id='line_1_59' title="bbox 2221 1586 3835 1649; baseline -0.005 -9"><span class='ocrx_word' id='word_1_403' title='bbox 2221 1602 2411 1640; x_wconf 80' lang='lat' dir='ltr'>manae</span> <span class='ocrx_word' id='word_1_404' title='bbox 2430 1589 2519 1638; x_wconf 89' lang='lat' dir='ltr'>die</span> <span class='ocrx_word' id='word_1_405' title='bbox 2540 1586 2626 1640; x_wconf 71' lang='lat'>27.</span> <span class='ocrx_word' id='word_1_406' title='bbox 2654 1588 2852 1637; x_wconf 80' lang='lat' dir='ltr'>Octob.</span> <span class='ocrx_word' id='word_1_407' title='bbox 2879 1586 3302 1637; x_wconf 89' lang='lat' dir='ltr'>Socrateslibro</span> <span class='ocrx_word' id='word_1_408' title='bbox 3316 1587 3520 1638; x_wconf 88' lang='lat' dir='ltr'>eodem</span> <span class='ocrx_word' id='word_1_409' title='bbox 3544 1598 3673 1649; x_wconf 88' lang='lat' dir='ltr'>cap.</span> <span class='ocrx_word' id='word_1_410' title='bbox 3706 1588 3835 1634; x_wconf 76' lang='lat' dir='ltr'><strong>XXI.</strong></span> 
     </span>
    </p>
   </div>
   <div class='ocr_carea' id='block_1_60' title="bbox 2222 1658 3839 1724">
    <p class='ocr_par' dir='ltr' id='par_1_60' title="bbox 2222 1658 3839 1724">
     <span class='ocr_line' id='line_1_60' title="bbox 2222 1658 3839 1724; baseline -0.004 -13"><span class='ocrx_word' id='word_1_411' title='bbox 2222 1674 2395 1724; x_wconf 86' lang='lat' dir='ltr'>prOpe</span> <span class='ocrx_word' id='word_1_412' title='bbox 2420 1661 2594 1709; x_wconf 87' lang='lat' dir='ltr'>linem</span> <span class='ocrx_word' id='word_1_413' title='bbox 2633 1670 2837 1709; x_wconf 88' lang='lat' dir='ltr'>rursus</span> <span class='ocrx_word' id='word_1_414' title='bbox 2868 1658 3067 1708; x_wconf 87' lang='lat' dir='ltr'>laudat</span> <span class='ocrx_word' id='word_1_415' title='bbox 3092 1658 3367 1709; x_wconf 82' lang='lat' dir='ltr'>Rutlnum</span> <span class='ocrx_word' id='word_1_416' title='bbox 3402 1673 3415 1708; x_wconf 89' lang='lat'>:</span> <span class='ocrx_word' id='word_1_417' title='bbox 3453 1658 3575 1707; x_wconf 78' lang='lat' dir='ltr'>Ilaec</span> <span class='ocrx_word' id='word_1_418' title='bbox 3601 1658 3839 1717; x_wconf 83' lang='lat' dir='ltr'>Ruﬁnus</span> 
     </span>
    </p>
   </div>
   <div class='ocr_carea' id='block_1_61' title="bbox 2223 1730 3837 1780">
    <p class='ocr_par' dir='ltr' id='par_1_61' title="bbox 2223 1730 3837 1780">
     <span class='ocr_line' id='line_1_61' title="bbox 2223 1730 3837 1780; baseline 0 -3"><span class='ocrx_word' id='word_1_419' title='bbox 2223 1746 2274 1778; x_wconf 88' lang='lat' dir='ltr'>se</span> <span class='ocrx_word' id='word_1_420' title='bbox 2298 1747 2329 1778; x_wconf 79' lang='grc' dir='ltr'>ιι</span> <span class='ocrx_word' id='word_1_421' title='bbox 2354 1731 2589 1780; x_wconf 76' lang='lat' dir='ltr'>Bacurio</span> <span class='ocrx_word' id='word_1_422' title='bbox 2612 1730 2856 1778; x_wconf 77' lang='lat' dir='ltr'>didicisse</span> <span class='ocrx_word' id='word_1_423' title='bbox 2878 1730 3075 1779; x_wconf 77' lang='lat' dir='ltr'>scribit.</span> <span class='ocrx_word' id='word_1_424' title='bbox 3095 1732 3357 1780; x_wconf 77' lang='lat' dir='ltr'>Socrates</span> <span class='ocrx_word' id='word_1_425' title='bbox 3385 1734 3443 1780; x_wconf 77' lang='lat' dir='ltr'>Cl.</span> <span class='ocrx_word' id='word_1_426' title='bbox 3476 1730 3837 1780; x_wconf 84' lang='lat' dir='ltr'>Sozomenus</span> 
     </span>
    </p>
   </div>
   <div class='ocr_carea' id='block_1_62' title="bbox 2226 1798 3838 1864">
    <p class='ocr_par' dir='ltr' id='par_1_62' title="bbox 2226 1798 3838 1864">
     <span class='ocr_line' id='line_1_62' title="bbox 2226 1798 3838 1864; baseline -0.004 -13"><span class='ocrx_word' id='word_1_427' title='bbox 2226 1803 2506 1853; x_wconf 81' lang='lat' dir='ltr'>Historias</span> <span class='ocrx_word' id='word_1_428' title='bbox 2540 1815 2677 1852; x_wconf 90' lang='lat' dir='ltr'>suas</span> <span class='ocrx_word' id='word_1_429' title='bbox 2710 1800 3105 1864; x_wconf 81' lang='lat' dir='ltr'>perduxerunt</span> <span class='ocrx_word' id='word_1_430' title='bbox 3148 1800 3221 1851; x_wconf 89' lang='lat' dir='ltr'>ad</span> <span class='ocrx_word' id='word_1_431' title='bbox 3238 1804 3303 1851; x_wconf 85' lang='lat' dir='ltr'>A.</span> <span class='ocrx_word' id='word_1_432' title='bbox 3339 1798 3838 1862; x_wconf 71' lang='grc' dir='ltr'>1).439.(Ῑ11011‹πυ-</span> 
     </span>
    </p>
   </div>
   <div class='ocr_carea' id='block_1_63' title="bbox 2227 1871 3835 1936">
    <p class='ocr_par' dir='ltr' id='par_1_63' title="bbox 2227 1871 3835 1936">
     <span class='ocr_line' id='line_1_63' title="bbox 2227 1871 3835 1936; baseline -0.002 -13"><span class='ocrx_word' id='word_1_433' title='bbox 2227 1874 2383 1926; x_wconf 88' lang='lat' dir='ltr'>bant.</span> <span class='ocrx_word' id='word_1_434' title='bbox 2414 1873 2795 1924; x_wconf 85' lang='lat' dir='ltr'>&#39;l‘heodoritus</span> <span class='ocrx_word' id='word_1_435' title='bbox 2847 1885 3013 1923; x_wconf 89' lang='lat' dir='ltr'>suam</span> <span class='ocrx_word' id='word_1_436' title='bbox 3050 1872 3276 1936; x_wconf 89' lang='lat' dir='ltr'>scripsit</span> <span class='ocrx_word' id='word_1_437' title='bbox 3296 1874 3365 1923; x_wconf 81' lang='grc' dir='ltr'>Α.</span> <span class='ocrx_word' id='word_1_438' title='bbox 3416 1873 3485 1923; x_wconf 93' lang='lat' dir='ltr'>D.</span> <span class='ocrx_word' id='word_1_439' title='bbox 3511 1871 3636 1924; x_wconf 65' lang='grc'>400.</span> <span class='ocrx_word' id='word_1_440' title='bbox 3675 1871 3835 1921; x_wconf 84' lang='lat' dir='ltr'>Idem</span> 
     </span>
    </p>
   </div>
   <div class='ocr_carea' id='block_1_64' title="bbox 2228 1941 3836 2006">
    <p class='ocr_par' dir='ltr' id='par_1_64' title="bbox 2228 1941 3836 2006">
     <span class='ocr_line' id='line_1_64' title="bbox 2228 1941 3836 2006; baseline -0.005 -10"><span class='ocrx_word' id='word_1_441' title='bbox 2228 1945 2490 1996; x_wconf 85' lang='lat' dir='ltr'>Socrates</span> <span class='ocrx_word' id='word_1_442' title='bbox 2526 1944 2686 1995; x_wconf 90' lang='lat' dir='ltr'>initio</span> <span class='ocrx_word' id='word_1_443' title='bbox 2720 1942 2847 1994; x_wconf 90' lang='lat' dir='ltr'>libri</span> <span class='ocrx_word' id='word_1_444' title='bbox 2883 1944 2952 1993; x_wconf 92' lang='lat' dir='ltr'>ll.</span> <span class='ocrx_word' id='word_1_445' title='bbox 2990 1944 3253 2005; x_wconf 84' lang='lat' dir='ltr'>Ruﬁnum</span> <span class='ocrx_word' id='word_1_446' title='bbox 3299 1942 3507 2006; x_wconf 86' lang='lat' dir='ltr'>pariter</span> <span class='ocrx_word' id='word_1_447' title='bbox 3554 1942 3711 2003; x_wconf 85' lang='lat' dir='ltr'>citat,</span> <span class='ocrx_word' id='word_1_448' title='bbox 3738 1941 3836 2003; x_wconf 87' lang='lat' dir='ltr'>qui</span> 
     </span>
    </p>
   </div>
   <div class='ocr_carea' id='block_1_65' title="bbox 2227 2014 3838 2078">
    <p class='ocr_par' dir='ltr' id='par_1_65' title="bbox 2227 2014 3838 2078">
     <span class='ocr_line' id='line_1_65' title="bbox 2227 2014 3838 2078; baseline -0.004 -12"><span class='ocrx_word' id='word_1_449' title='bbox 2227 2017 2603 2066; x_wconf 81' lang='lat' dir='ltr'>Romanorum</span> <span class='ocrx_word' id='word_1_450' title='bbox 2619 2016 2810 2078; x_wconf 82' lang='lat' dir='ltr'>lingua</span> <span class='ocrx_word' id='word_1_451' title='bbox 2823 2014 3217 2064; x_wconf 79' lang='lat' dir='ltr'>ecclesiasticam</span> <span class='ocrx_word' id='word_1_452' title='bbox 3235 2014 3519 2063; x_wconf 81' lang='lat' dir='ltr'>historiam</span> <span class='ocrx_word' id='word_1_453' title='bbox 3533 2014 3838 2077; x_wconf 75' lang='lat' dir='ltr'>composuit</span> 
     </span>
    </p>
   </div>
   <div class='ocr_carea' id='block_1_66' title="bbox 2228 2085 3838 2152">
    <p class='ocr_par' dir='ltr' id='par_1_66' title="bbox 2228 2085 3838 2152">
     <span class='ocr_line' id='line_1_66' title="bbox 2228 2085 3838 2152; baseline -0.006 -12"><span class='ocrx_word' id='word_1_454' title='bbox 2228 2090 2439 2140; x_wconf 89' lang='lat' dir='ltr'>Verum</span> <span class='ocrx_word' id='word_1_455' title='bbox 2457 2090 2513 2139; x_wconf 88' lang='lat' dir='ltr'>in</span> <span class='ocrx_word' id='word_1_456' title='bbox 2528 2096 2827 2152; x_wconf 72' lang='lat' dir='ltr'>temporum</span> <span class='ocrx_word' id='word_1_457' title='bbox 2848 2088 3140 2139; x_wconf 81' lang='lat' dir='ltr'>notatione</span> <span class='ocrx_word' id='word_1_458' title='bbox 3163 2088 3425 2137; x_wconf 88' lang='lat' dir='ltr'>aberrare</span> <span class='ocrx_word' id='word_1_459' title='bbox 3442 2086 3521 2137; x_wconf 86' lang='lat' dir='ltr'>ait</span> <span class='ocrx_word' id='word_1_460' title='bbox 3536 2085 3597 2136; x_wconf 90' lang='lat' dir='ltr'>in</span> <span class='ocrx_word' id='word_1_461' title='bbox 3612 2088 3838 2145; x_wconf 79' lang='lat' dir='ltr'>quibus-</span> 
     </span>
    </p>
   </div>
   <div class='ocr_carea' id='block_1_67' title="bbox 2228 2156 3834 2222">
    <p class='ocr_par' dir='ltr' id='par_1_67' title="bbox 2228 2156 3834 2222">
     <span class='ocr_line' id='line_1_67' title="bbox 2228 2156 3834 2222; baseline -0.002 -11"><span class='ocrx_word' id='word_1_462' title='bbox 2228 2161 2381 2222; x_wconf 88' lang='lat' dir='ltr'>dam,</span> <span class='ocrx_word' id='word_1_463' title='bbox 2414 2161 2484 2211; x_wconf 90' lang='lat' dir='ltr'>ad</span> <span class='ocrx_word' id='word_1_464' title='bbox 2501 2160 2884 2211; x_wconf 84' lang='lat' dir='ltr'>Athanasium</span> <span class='ocrx_word' id='word_1_465' title='bbox 2903 2159 3416 2222; x_wconf 84' lang='lat' dir='ltr'>pertinentibus,et</span> <span class='ocrx_word' id='word_1_466' title='bbox 3425 2156 3676 2221; x_wconf 86' lang='lat' dir='ltr'>plurima</span> <span class='ocrx_word' id='word_1_467' title='bbox 3690 2170 3834 2220; x_wconf 77' lang='lat' dir='ltr'>pree-</span> 
     </span>
    </p>
   </div>
   <div class='ocr_carea' id='block_1_68' title="bbox 2230 2230 3835 2293">
    <p class='ocr_par' dir='ltr' id='par_1_68' title="bbox 2230 2230 3835 2293">
     <span class='ocr_line' id='line_1_68' title="bbox 2230 2230 3835 2293; baseline -0.004 -10"><span class='ocrx_word' id='word_1_468' title='bbox 2230 2233 2574 2283; x_wconf 88' lang='lat' dir='ltr'>termittere:</span> <span class='ocrx_word' id='word_1_469' title='bbox 2604 2232 2673 2281; x_wconf 91' lang='lat' dir='ltr'>de</span> <span class='ocrx_word' id='word_1_470' title='bbox 2692 2231 2921 2293; x_wconf 82' lang='lat' dir='ltr'>quibus,</span> <span class='ocrx_word' id='word_1_471' title='bbox 2943 2230 3025 2280; x_wconf 89' lang='lat' dir='ltr'>uti</span> <span class='ocrx_word' id='word_1_472' title='bbox 3049 2230 3322 2293; x_wconf 82' lang='lat' dir='ltr'>diximus,</span> <span class='ocrx_word' id='word_1_473' title='bbox 3343 2230 3835 2292; x_wconf 65' lang='lat' dir='ltr'>ipsemetRuﬁnus</span> 
     </span>
    </p>
   </div>
   <div class='ocr_carea' id='block_1_69' title="bbox 2227 2300 3837 2364">
    <p class='ocr_par' dir='ltr' id='par_1_69' title="bbox 2227 2300 3837 2364">
     <span class='ocr_line' id='line_1_69' title="bbox 2227 2300 3837 2364; baseline -0.002 -12"><span class='ocrx_word' id='word_1_474' title='bbox 2227 2301 2494 2354; x_wconf 88' lang='lat' dir='ltr'>lectorem</span> <span class='ocrx_word' id='word_1_475' title='bbox 2508 2304 2827 2363; x_wconf 86' lang='lat' dir='ltr'>monuerat,</span> <span class='ocrx_word' id='word_1_476' title='bbox 2843 2312 3095 2363; x_wconf 71' lang='lat' dir='ltr'>qumque</span> <span class='ocrx_word' id='word_1_477' title='bbox 3119 2301 3297 2351; x_wconf 81' lang='lat' dir='ltr'>critici</span> <span class='ocrx_word' id='word_1_478' title='bbox 3311 2300 3441 2364; x_wconf 87' lang='lat' dir='ltr'>plus</span> <span class='ocrx_word' id='word_1_479' title='bbox 3459 2310 3629 2362; x_wconf 58' lang='lat' dir='ltr'>usque</span> <span class='ocrx_word' id='word_1_480' title='bbox 3656 2312 3837 2362; x_wconf 74' lang='lat' dir='ltr'>exag-</span> 
     </span>
    </p>
   </div>
   <div class='ocr_carea' id='block_1_70' title="bbox 2227 2371 3835 2436">
    <p class='ocr_par' dir='ltr' id='par_1_70' title="bbox 2227 2371 3835 2436">
     <span class='ocr_line' id='line_1_70' title="bbox 2227 2371 3835 2436; baseline -0.002 -12"><span class='ocrx_word' id='word_1_481' title='bbox 2227 2379 2446 2435; x_wconf 80' lang='lat' dir='ltr'>gerant,</span> <span class='ocrx_word' id='word_1_482' title='bbox 2486 2374 2752 2436; x_wconf 88' lang='lat' dir='ltr'>interque</span> <span class='ocrx_word' id='word_1_483' title='bbox 2782 2373 2888 2423; x_wconf 90' lang='lat' dir='ltr'>hos</span> <span class='ocrx_word' id='word_1_484' title='bbox 2934 2372 3197 2423; x_wconf 82' lang='lat' dir='ltr'>Valesius</span> <span class='ocrx_word' id='word_1_485' title='bbox 3220 2374 3280 2423; x_wconf 87' lang='lat' dir='ltr'>in</span> <span class='ocrx_word' id='word_1_486' title='bbox 3320 2372 3444 2423; x_wconf 78' lang='lat' dir='ltr'>Vita</span> <span class='ocrx_word' id='word_1_487' title='bbox 3477 2371 3754 2429; x_wconf 85' lang='lat' dir='ltr'>Socratis,</span> <span class='ocrx_word' id='word_1_488' title='bbox 3783 2374 3835 2420; x_wconf 86' lang='lat' dir='ltr'>et</span> 
     </span>
    </p>
   </div>
   <div class='ocr_carea' id='block_1_71' title="bbox 2228 2442 3835 2507">
    <p class='ocr_par' dir='ltr' id='par_1_71' title="bbox 2228 2442 3835 2507">
     <span class='ocr_line' id='line_1_71' title="bbox 2228 2442 3835 2507; baseline -0.002 -13"><span class='ocrx_word' id='word_1_489' title='bbox 2228 2446 2520 2495; x_wconf 76' lang='lat' dir='ltr'>Fabricius</span> <span class='ocrx_word' id='word_1_490' title='bbox 2552 2448 2689 2495; x_wconf 89' lang='lat' dir='ltr'>tom.</span> <span class='ocrx_word' id='word_1_491' title='bbox 2719 2444 2809 2493; x_wconf 93' lang='lat' dir='ltr'><strong>VI.</strong></span> <span class='ocrx_word' id='word_1_492' title='bbox 2842 2456 2970 2507; x_wconf 84' lang='lat' dir='ltr'>pag.</span> <span class='ocrx_word' id='word_1_493' title='bbox 2999 2442 3120 2496; x_wconf 82' lang='grc'>119.</span> <span class='ocrx_word' id='word_1_494' title='bbox 3155 2442 3529 2494; x_wconf 82' lang='lat' dir='ltr'>Postmodum</span> <span class='ocrx_word' id='word_1_495' title='bbox 3566 2444 3835 2493; x_wconf 79' lang='lat' dir='ltr'>Socrates</span> 
     </span>
    </p>
   </div>
   <div class='ocr_carea' id='block_1_72' title="bbox 2228 2514 3836 2577">
    <p class='ocr_par' dir='ltr' id='par_1_72' title="bbox 2228 2514 3836 2577">
     <span class='ocr_line' id='line_1_72' title="bbox 2228 2514 3836 2577; baseline -0.002 -10"><span class='ocrx_word' id='word_1_496' title='bbox 2228 2516 2819 2567; x_wconf 87' lang='lat' dir='ltr'>melioradocumenta</span> <span class='ocrx_word' id='word_1_497' title='bbox 2832 2520 3057 2575; x_wconf 88' lang='lat' dir='ltr'>nactus,</span> <span class='ocrx_word' id='word_1_498' title='bbox 3080 2514 3290 2566; x_wconf 90' lang='lat' dir='ltr'>librum</span> <span class='ocrx_word' id='word_1_499' title='bbox 3306 2516 3346 2565; x_wconf 94' lang='lat' dir='ltr'>l.</span> <span class='ocrx_word' id='word_1_500' title='bbox 3372 2519 3423 2565; x_wconf 88' lang='lat' dir='ltr'>et</span> <span class='ocrx_word' id='word_1_501' title='bbox 3455 2515 3521 2564; x_wconf 92' lang='lat' dir='ltr'>Il.</span> <span class='ocrx_word' id='word_1_502' title='bbox 3550 2514 3836 2577; x_wconf 84' lang='lat' dir='ltr'>posterio—</span> 
     </span>
    </p>
   </div>
   <div class='ocr_carea' id='block_1_73' title="bbox 2229 2585 3835 2638">
    <p class='ocr_par' dir='ltr' id='par_1_73' title="bbox 2229 2585 3835 2638">
     <span class='ocr_line' id='line_1_73' title="bbox 2229 2585 3835 2638; baseline -0.004 0"><span class='ocrx_word' id='word_1_503' title='bbox 2229 2588 2388 2638; x_wconf 82' lang='lat' dir='ltr'>ribus</span> <span class='ocrx_word' id='word_1_504' title='bbox 2414 2587 2566 2638; x_wconf 85' lang='lat' dir='ltr'>curis</span> <span class='ocrx_word' id='word_1_505' title='bbox 2588 2600 2662 2638; x_wconf 75' lang='lat' dir='ltr'>ex</span> <span class='ocrx_word' id='word_1_506' title='bbox 2698 2591 2815 2637; x_wconf 88' lang='lat' dir='ltr'>toto</span> <span class='ocrx_word' id='word_1_507' title='bbox 2839 2585 3075 2637; x_wconf 75' lang='lat' dir='ltr'>dictavit</span> <span class='ocrx_word' id='word_1_508' title='bbox 3101 2601 3113 2636; x_wconf 85' lang='lat'><strong>:</strong></span> <span class='ocrx_word' id='word_1_509' title='bbox 3135 2586 3207 2637; x_wconf 91' lang='lat' dir='ltr'>ad</span> <span class='ocrx_word' id='word_1_510' title='bbox 3231 2586 3445 2635; x_wconf 72' lang='lat' dir='ltr'>retentis</span> <span class='ocrx_word' id='word_1_511' title='bbox 3461 2585 3835 2633; x_wconf 84' lang='lat' dir='ltr'>nihilominus</span> 
     </span>
    </p>
   </div>
   <div class='ocr_carea' id='block_1_74' title="bbox 2230 2656 3833 2722">
    <p class='ocr_par' dir='ltr' id='par_1_74' title="bbox 2230 2656 3833 2722">
     <span class='ocr_line' id='line_1_74' title="bbox 2230 2656 3833 2722; baseline -0.002 -15"><span class='ocrx_word' id='word_1_512' title='bbox 2230 2660 2391 2722; x_wconf 84' lang='lat' dir='ltr'>iis,in</span> <span class='ocrx_word' id='word_1_513' title='bbox 2409 2658 2602 2722; x_wconf 78' lang='lat' dir='ltr'>quibus</span> <span class='ocrx_word' id='word_1_514' title='bbox 2625 2660 2855 2719; x_wconf 78' lang='lat' dir='ltr'>Ruﬁnus</span> <span class='ocrx_word' id='word_1_515' title='bbox 2879 2674 2913 2705; x_wconf 83' lang='lat' dir='ltr'>a</span> <span class='ocrx_word' id='word_1_516' title='bbox 2932 2659 3149 2707; x_wconf 68' lang='lat' dir='ltr'>veritate</span> <span class='ocrx_word' id='word_1_517' title='bbox 3161 2658 3387 2706; x_wconf 84' lang='lat' dir='ltr'>minime</span> <span class='ocrx_word' id='word_1_518' title='bbox 3414 2656 3707 2705; x_wconf 76' lang='lat' dir='ltr'>aberravit.</span> <span class='ocrx_word' id='word_1_519' title='bbox 3726 2660 3833 2703; x_wconf 66' lang='lat' dir='ltr'>l&#39;ost</span> 
     </span>
    </p>
   </div>
   <div class='ocr_carea' id='block_1_75' title="bbox 2228 2726 3833 2794">
    <p class='ocr_par' dir='ltr' id='par_1_75' title="bbox 2228 2726 3833 2794">
     <span class='ocr_line' id='line_1_75' title="bbox 2228 2726 3833 2794; baseline -0.003 -12"><span class='ocrx_word' id='word_1_520' title='bbox 2228 2731 2353 2791; x_wconf 84' lang='lat' dir='ltr'>hos,</span> <span class='ocrx_word' id='word_1_521' title='bbox 2402 2730 2591 2793; x_wconf 78' lang='lat' dir='ltr'>Ruﬁni</span> <span class='ocrx_word' id='word_1_522' title='bbox 2637 2730 2935 2780; x_wconf 84' lang='lat' dir='ltr'>historiam</span> <span class='ocrx_word' id='word_1_523' title='bbox 2987 2730 3183 2782; x_wconf 73' lang='lat' dir='ltr'>Grmce</span> <span class='ocrx_word' id='word_1_524' title='bbox 3235 2730 3527 2794; x_wconf 87' lang='lat' dir='ltr'>scriptam,</span> <span class='ocrx_word' id='word_1_525' title='bbox 3572 2726 3833 2781; x_wconf 83' lang='lat' dir='ltr'>laudavit</span> 
     </span>
    </p>
   </div>
   <div class='ocr_carea' id='block_1_76' title="bbox 2229 2801 3449 2866">
    <p class='ocr_par' dir='ltr' id='par_1_76' title="bbox 2229 2801 3449 2866">
     <span class='ocr_line' id='line_1_76' title="bbox 2229 2801 3449 2866; baseline -0.002 -12"><span class='ocrx_word' id='word_1_526' title='bbox 2229 2802 2608 2865; x_wconf 86' lang='lat' dir='ltr'>Theophanes</span> <span class='ocrx_word' id='word_1_527' title='bbox 2633 2801 2693 2850; x_wconf 92' lang='lat' dir='ltr'>in</span> <span class='ocrx_word' id='word_1_528' title='bbox 2716 2801 3183 2865; x_wconf 63' lang='lat' dir='ltr'>Chronograpliia</span> <span class='ocrx_word' id='word_1_529' title='bbox 3206 2814 3334 2866; x_wconf 82' lang='lat' dir='ltr'>pag.</span> <span class='ocrx_word' id='word_1_530' title='bbox 3365 2801 3449 2855; x_wconf 82' lang='grc'>19.</span> 
     </span>
    </p>
   </div>
   <div class='ocr_carea' id='block_1_77' title="bbox 2291 2872 3836 2935">
    <p class='ocr_par' dir='ltr' id='par_1_77' title="bbox 2291 2872 3836 2935">
     <span class='ocr_line' id='line_1_77' title="bbox 2291 2872 3836 2935; baseline -0.001 -12"><span class='ocrx_word' id='word_1_531' title='bbox 2291 2874 2383 2923; x_wconf 89' lang='lat' dir='ltr'>Vl.</span> <span class='ocrx_word' id='word_1_532' title='bbox 2415 2875 2523 2925; x_wconf 65' lang='lat' dir='ltr'>Sed</span> <span class='ocrx_word' id='word_1_533' title='bbox 2546 2875 2739 2934; x_wconf 85' lang='lat' dir='ltr'>Ruﬁno</span> <span class='ocrx_word' id='word_1_534' title='bbox 2764 2874 3056 2924; x_wconf 75' lang='lat' dir='ltr'>maximus</span> <span class='ocrx_word' id='word_1_535' title='bbox 3088 2876 3268 2924; x_wconf 82' lang='lat' dir='ltr'>honor</span> <span class='ocrx_word' id='word_1_536' title='bbox 3289 2872 3528 2935; x_wconf 86' lang='lat' dir='ltr'>accedit,</span> <span class='ocrx_word' id='word_1_537' title='bbox 3553 2875 3692 2934; x_wconf 89' lang='lat' dir='ltr'>quod</span> <span class='ocrx_word' id='word_1_538' title='bbox 3706 2875 3836 2921; x_wconf 87' lang='lat' dir='ltr'>Con-</span> 
     </span>
    </p>
   </div>
   <div class='ocr_carea' id='block_1_78' title="bbox 2230 2945 3830 3009">
    <p class='ocr_par' dir='ltr' id='par_1_78' title="bbox 2230 2945 3830 3009">
     <span class='ocr_line' id='line_1_78' title="bbox 2230 2945 3830 3009; baseline -0.001 -13"><span class='ocrx_word' id='word_1_539' title='bbox 2230 2946 2422 2996; x_wconf 85' lang='lat' dir='ltr'>cilium</span> <span class='ocrx_word' id='word_1_540' title='bbox 2435 2947 2500 2995; x_wconf 93' lang='lat' dir='ltr'>ll.</span> <span class='ocrx_word' id='word_1_541' title='bbox 2518 2947 2815 2996; x_wconf 62' lang='lat' dir='ltr'>Nicasnum</span> <span class='ocrx_word' id='word_1_542' title='bbox 2829 2946 3066 2996; x_wconf 81' lang='lat' dir='ltr'>Actione</span> <span class='ocrx_word' id='word_1_543' title='bbox 3081 2945 3275 3009; x_wconf 80' lang='lat' dir='ltr'>Lapud</span> <span class='ocrx_word' id='word_1_544' title='bbox 3288 2945 3586 2996; x_wconf 88' lang='lat' dir='ltr'>Labbeum</span> <span class='ocrx_word' id='word_1_545' title='bbox 3600 2947 3830 2995; x_wconf 77' lang='lat' dir='ltr'>tom.\°ll.</span> 
     </span>
    </p>
   </div>
   <div class='ocr_carea' id='block_1_79' title="bbox 2230 3015 3831 3080">
    <p class='ocr_par' dir='ltr' id='par_1_79' title="bbox 2230 3015 3831 3080">
     <span class='ocr_line' id='line_1_79' title="bbox 2230 3015 3831 3080; baseline -0.003 -12"><span class='ocrx_word' id='word_1_546' title='bbox 2230 3030 2357 3080; x_wconf 78' lang='lat' dir='ltr'>pag.</span> <span class='ocrx_word' id='word_1_547' title='bbox 2383 3016 2465 3069; x_wconf 85' lang='grc'>79.</span> <span class='ocrx_word' id='word_1_548' title='bbox 2482 3016 2552 3066; x_wconf 86' lang='lat' dir='ltr'>de</span> <span class='ocrx_word' id='word_1_549' title='bbox 2586 3016 2887 3080; x_wconf 85' lang='lat' dir='ltr'>episcopis,</span> <span class='ocrx_word' id='word_1_550' title='bbox 2906 3018 2977 3067; x_wconf 86' lang='lat' dir='ltr'>ab</span> <span class='ocrx_word' id='word_1_551' title='bbox 3000 3016 3208 3067; x_wconf 72' lang='lat' dir='ltr'>hmresi</span> <span class='ocrx_word' id='word_1_552' title='bbox 3225 3016 3296 3066; x_wconf 89' lang='lat' dir='ltr'>ad</span> <span class='ocrx_word' id='word_1_553' title='bbox 3315 3015 3657 3067; x_wconf 89' lang='lat' dir='ltr'>catholicam</span> <span class='ocrx_word' id='word_1_554' title='bbox 3684 3019 3831 3064; x_wconf 80' lang='lat' dir='ltr'>tidem</span> 
     </span>
    </p>
   </div>
   <div class='ocr_carea' id='block_1_80' title="bbox 2221 3088 3832 3153">
    <p class='ocr_par' dir='ltr' id='par_1_80' title="bbox 2221 3088 3832 3153">
     <span class='ocr_line' id='line_1_80' title="bbox 2221 3088 3832 3153; baseline -0.001 -12"><span class='ocrx_word' id='word_1_555' title='bbox 2221 3088 2612 3151; x_wconf 85' lang='lat' dir='ltr'>redeuntibus,</span> <span class='ocrx_word' id='word_1_556' title='bbox 2639 3094 2696 3139; x_wconf 90' lang='lat' dir='ltr'>et</span> <span class='ocrx_word' id='word_1_557' title='bbox 2732 3090 2925 3140; x_wconf 86' lang='lat' dir='ltr'>statim</span> <span class='ocrx_word' id='word_1_558' title='bbox 2950 3088 3309 3152; x_wconf 85' lang='lat' dir='ltr'>recipiendis,</span> <span class='ocrx_word' id='word_1_559' title='bbox 3334 3100 3534 3153; x_wconf 86' lang='lat' dir='ltr'>agens,</span> <span class='ocrx_word' id='word_1_560' title='bbox 3567 3089 3832 3140; x_wconf 86' lang='lat' dir='ltr'>testimo—</span> 
     </span>
    </p>
   </div>
   <div class='ocr_carea' id='block_1_81' title="bbox 2223 3158 3833 3224">
    <p class='ocr_par' dir='ltr' id='par_1_81' title="bbox 2223 3158 3833 3224">
     <span class='ocr_line' id='line_1_81' title="bbox 2223 3158 3833 3224; baseline -0.001 -13"><span class='ocrx_word' id='word_1_561' title='bbox 2223 3162 2385 3211; x_wconf 82' lang='lat' dir='ltr'>nium</span> <span class='ocrx_word' id='word_1_562' title='bbox 2419 3158 2723 3210; x_wconf 78' lang='lat' dir='ltr'>adduxerit</span> <span class='ocrx_word' id='word_1_563' title='bbox 2746 3175 2812 3208; x_wconf 66' lang='lat' dir='ltr'>ea;</span> <span class='ocrx_word' id='word_1_564' title='bbox 2834 3160 3179 3208; x_wconf 82' lang='lat' dir='ltr'>ecclesiastica</span> <span class='ocrx_word' id='word_1_565' title='bbox 3202 3160 3443 3208; x_wconf 77' lang='lat' dir='ltr'>Historia</span> <span class='ocrx_word' id='word_1_566' title='bbox 3465 3160 3654 3221; x_wconf 65' lang='lat' dir='ltr'>[itu/ini</span> <span class='ocrx_word' id='word_1_567' title='bbox 3680 3176 3833 3224; x_wconf 74' lang='lat' dir='ltr'>prcs-</span> 
     </span>
    </p>
   </div>
   <div class='ocr_carea' id='block_1_82' title="bbox 528 3231 3832 3320">
    <p class='ocr_par' dir='ltr' id='par_1_82' title="bbox 528 3231 3832 3320">
     <span class='ocr_line' id='line_1_82' title="bbox 528 3231 3832 3320; baseline -0.002 -31"><span class='ocrx_word' id='word_1_568' title='bbox 528 3251 696 3320; x_wconf 44' lang='lat' dir='ltr'>sec‘us</span> <span class='ocrx_word' id='word_1_569' title='bbox 710 3249 843 3289; x_wconf 87' lang='lat' dir='ltr'>vero</span> <span class='ocrx_word' id='word_1_570' title='bbox 857 3236 1013 3320; x_wconf 63' lang='lat' dir='ltr'>apud</span> <span class='ocrx_word' id='word_1_571' title='bbox 1036 3234 2124 3320; x_wconf 34' lang='lat' dir='ltr'>ﬁrsecosLNaminL‘atalogoGraecorum}</span> <span class='ocrx_word' id='word_1_572' title='bbox 2154 3245 2204 3320; x_wconf 63' lang='grc' dir='ltr'><strong><em>ε</em></strong></span> <span class='ocrx_word' id='word_1_573' title='bbox 2234 3232 2623 3320; x_wconf 42' lang='grc' dir='ltr'>ίζῌίθνίἶιΐωηειί,</span> <span class='ocrx_word' id='word_1_574' title='bbox 2657 3232 2810 3320; x_wconf 67' lang='lat' dir='ltr'>quod</span> <span class='ocrx_word' id='word_1_575' title='bbox 2836 3237 2933 3320; x_wconf 40' lang='lat' dir='ltr'>est,</span> <span class='ocrx_word' id='word_1_576' title='bbox 2956 3232 3033 3320; x_wconf 38' lang='lat' dir='ltr'>in.</span> <span class='ocrx_word' id='word_1_577' title='bbox 3059 3231 3160 3320; x_wconf 50' lang='lat' dir='ltr'>lib.‘</span> <span class='ocrx_word' id='word_1_578' title='bbox 3182 3232 3250 3282; x_wconf 84' lang='lat' dir='ltr'><strong>X.</strong></span> <span class='ocrx_word' id='word_1_579' title='bbox 3291 3243 3413 3294; x_wconf 86' lang='lat' dir='ltr'>cap.</span> <span class='ocrx_word' id='word_1_580' title='bbox 3459 3232 3720 3320; x_wconf 46' lang='lat' dir='ltr'>xiiyllnl.</span> <span class='ocrx_word' id='word_1_581' title='bbox 3752 3234 3832 3283; x_wconf 73' lang='lat' dir='ltr'>Ne</span> 
     </span>
    </p>
   </div>
   <div class='ocr_carea' id='block_1_83' title="bbox 528 3304 2127 3368">
    <p class='ocr_par' dir='ltr' id='par_1_83' title="bbox 528 3304 2127 3368">
     <span class='ocr_line' id='line_1_83' title="bbox 528 3304 2127 3368; baseline -0.002 -9"><span class='ocrx_word' id='word_1_582' title='bbox 528 3309 792 3361; x_wconf 89' lang='lat' dir='ltr'>codicum</span> <span class='ocrx_word' id='word_1_583' title='bbox 857 3306 1224 3357; x_wconf 69' lang='lat' dir='ltr'>Bibliothecas</span> <span class='ocrx_word' id='word_1_584' title='bbox 1270 3304 1911 3368; x_wconf 72' lang='lat' dir='ltr'>Constantinopolitantc</span> <span class='ocrx_word' id='word_1_585' title='bbox 1976 3306 2127 3367; x_wconf 87' lang='lat' dir='ltr'>apud</span> 
     </span>
    </p>
   </div>
   <div class='ocr_carea' id='block_1_84' title="bbox 530 3376 2130 3441">
    <p class='ocr_par' dir='ltr' id='par_1_84' title="bbox 530 3376 2130 3441">
     <span class='ocr_line' id='line_1_84' title="bbox 530 3376 2130 3441; baseline -0.003 -9"><span class='ocrx_word' id='word_1_586' title='bbox 530 3379 901 3432; x_wconf 87' lang='lat' dir='ltr'>Lambecium</span> <span class='ocrx_word' id='word_1_587' title='bbox 930 3381 1062 3430; x_wconf 89' lang='lat' dir='ltr'>tom.</span> <span class='ocrx_word' id='word_1_588' title='bbox 1089 3379 1135 3428; x_wconf 92' lang='grc' dir='ltr'>Ι.</span> <span class='ocrx_word' id='word_1_589' title='bbox 1180 3390 1307 3441; x_wconf 86' lang='lat' dir='ltr'>pag.</span> <span class='ocrx_word' id='word_1_590' title='bbox 1345 3376 1467 3441; x_wconf 76' lang='grc'>149,</span> <span class='ocrx_word' id='word_1_591' title='bbox 1494 3381 1689 3428; x_wconf 81' lang='lat' dir='ltr'>extare</span> <span class='ocrx_word' id='word_1_592' title='bbox 1713 3377 1920 3429; x_wconf 88' lang='lat' dir='ltr'>dicitur</span> <span class='ocrx_word' id='word_1_593' title='bbox 1942 3379 2130 3441; x_wconf 78' lang='lat' dir='ltr'>Ruﬁni</span> 
     </span>
    </p>
   </div>
   <div class='ocr_carea' id='block_1_85' title="bbox 528 3448 2127 3516">
    <p class='ocr_par' dir='ltr' id='par_1_85' title="bbox 528 3448 2127 3516">
     <span class='ocr_line' id='line_1_85' title="bbox 528 3448 2127 3516; baseline 0.002 -17"><span class='ocrx_word' id='word_1_594' title='bbox 528 3450 819 3516; x_wconf 79' lang='lat' dir='ltr'>presbyteri</span> <span class='ocrx_word' id='word_1_595' title='bbox 882 3464 1095 3512; x_wconf 68' lang='lat' dir='ltr'>magnae</span> <span class='ocrx_word' id='word_1_596' title='bbox 1159 3448 1399 3498; x_wconf 54' lang='lat' dir='ltr'>Ecclesia</span> <span class='ocrx_word' id='word_1_597' title='bbox 1455 3450 1700 3497; x_wconf 80' lang='lat' dir='ltr'>Historia</span> <span class='ocrx_word' id='word_1_598' title='bbox 1767 3450 2127 3502; x_wconf 79' lang='lat' dir='ltr'>ecclesiastica.</span> 
     </span>
    </p>
   </div>
   <div class='ocr_carea' id='block_1_86' title="bbox 531 3519 2131 3575">
    <p class='ocr_par' dir='ltr' id='par_1_86' title="bbox 531 3519 2131 3575">
     <span class='ocr_line' id='line_1_86' title="bbox 531 3519 2131 3575; baseline -0.003 -2"><span class='ocrx_word' id='word_1_599' title='bbox 531 3525 811 3575; x_wconf 68' lang='lat' dir='ltr'>Prmterea</span> <span class='ocrx_word' id='word_1_600' title='bbox 832 3521 894 3573; x_wconf 87' lang='lat' dir='ltr'>in</span> <span class='ocrx_word' id='word_1_601' title='bbox 917 3519 1267 3572; x_wconf 88' lang='lat' dir='ltr'>Bibliotheca</span> <span class='ocrx_word' id='word_1_602' title='bbox 1287 3519 1442 3569; x_wconf 87' lang='lat' dir='ltr'>Juris</span> <span class='ocrx_word' id='word_1_603' title='bbox 1455 3519 1711 3571; x_wconf 86' lang='lat' dir='ltr'>canonici</span> <span class='ocrx_word' id='word_1_604' title='bbox 1734 3522 1941 3572; x_wconf 86' lang='lat' dir='ltr'>veteris</span> <span class='ocrx_word' id='word_1_605' title='bbox 1960 3524 2131 3570; x_wconf 86' lang='lat' dir='ltr'>Chris-</span> 
     </span>
    </p>
   </div>
   <div class='ocr_carea' id='block_1_87' title="bbox 533 3590 2132 3658">
    <p class='ocr_par' dir='ltr' id='par_1_87' title="bbox 533 3590 2132 3658">
     <span class='ocr_line' id='line_1_87' title="bbox 533 3590 2132 3658; baseline -0.002 -12"><span class='ocrx_word' id='word_1_606' title='bbox 533 3594 756 3658; x_wconf 89' lang='lat' dir='ltr'>tophori</span> <span class='ocrx_word' id='word_1_607' title='bbox 790 3591 1013 3644; x_wconf 85' lang='lat' dir='ltr'>Justelli</span> <span class='ocrx_word' id='word_1_608' title='bbox 1059 3596 1194 3643; x_wconf 90' lang='lat' dir='ltr'>tom.</span> <span class='ocrx_word' id='word_1_609' title='bbox 1243 3593 1284 3641; x_wconf 94' lang='grc' dir='ltr'>Ι.</span> <span class='ocrx_word' id='word_1_610' title='bbox 1331 3603 1459 3655; x_wconf 86' lang='lat' dir='ltr'>pag.</span> <span class='ocrx_word' id='word_1_611' title='bbox 1501 3590 1622 3644; x_wconf 77' lang='grc'>405.</span> <span class='ocrx_word' id='word_1_612' title='bbox 1667 3596 1858 3643; x_wconf 83' lang='lat' dir='ltr'>exstat</span> <span class='ocrx_word' id='word_1_613' title='bbox 1892 3593 2132 3656; x_wconf 88' lang='lat' dir='ltr'>epistola</span> 
     </span>
    </p>
   </div>
   <div class='ocr_carea' id='block_1_88' title="bbox 534 3662 2133 3729">
    <p class='ocr_par' dir='ltr' id='par_1_88' title="bbox 534 3662 2133 3729">
     <span class='ocr_line' id='line_1_88' title="bbox 534 3662 2133 3729; baseline -0.002 -13"><span class='ocrx_word' id='word_1_614' title='bbox 534 3666 722 3729; x_wconf 57' lang='grc' dir='ltr'>(λδ-’11111</span> <span class='ocrx_word' id='word_1_615' title='bbox 752 3663 1145 3723; x_wconf 83' lang='lat' dir='ltr'>Alexandrini,</span> <span class='ocrx_word' id='word_1_616' title='bbox 1171 3662 1244 3714; x_wconf 91' lang='lat' dir='ltr'>ad</span> <span class='ocrx_word' id='word_1_617' title='bbox 1271 3663 1562 3726; x_wconf 81' lang='lat' dir='ltr'>Synodum</span> <span class='ocrx_word' id='word_1_618' title='bbox 1582 3663 1923 3723; x_wconf 79' lang='lat' dir='ltr'>Africanam,</span> <span class='ocrx_word' id='word_1_619' title='bbox 1952 3667 2133 3725; x_wconf 74' lang='lat' dir='ltr'>scripta</span> 
     </span>
    </p>
   </div>
   <div class='ocr_carea' id='block_1_89' title="bbox 532 3734 2129 3799">
    <p class='ocr_par' dir='ltr' id='par_1_89' title="bbox 532 3734 2129 3799">
     <span class='ocr_line' id='line_1_89' title="bbox 532 3734 2129 3799; baseline 0 -12"><span class='ocrx_word' id='word_1_620' title='bbox 532 3740 598 3788; x_wconf 82' lang='lat' dir='ltr'>A.</span> <span class='ocrx_word' id='word_1_621' title='bbox 627 3738 691 3787; x_wconf 92' lang='lat' dir='ltr'><strong>D.</strong></span> <span class='ocrx_word' id='word_1_622' title='bbox 720 3735 843 3790; x_wconf 76' lang='grc'>419.</span> <span class='ocrx_word' id='word_1_623' title='bbox 869 3735 1135 3798; x_wconf 89' lang='lat' dir='ltr'>adquam</span> <span class='ocrx_word' id='word_1_624' title='bbox 1160 3734 2129 3799; x_wconf 65' lang='lat' dir='ltr'>CyrillusmittitexeniplarNiczuuee</span> 
     </span>
    </p>
   </div>
   <div class='ocr_carea' id='block_1_90' title="bbox 535 3806 2129 3872">
    <p class='ocr_par' dir='ltr' id='par_1_90' title="bbox 535 3806 2129 3872">
     <span class='ocr_line' id='line_1_90' title="bbox 535 3806 2129 3872; baseline -0.002 -12"><span class='ocrx_word' id='word_1_625' title='bbox 535 3807 790 3872; x_wconf 71' lang='lat' dir='ltr'>Synodi:</span> <span class='ocrx_word' id='word_1_626' title='bbox 829 3806 1001 3869; x_wconf 80' lang='lat' dir='ltr'>Quod,</span> <span class='ocrx_word' id='word_1_627' title='bbox 1026 3806 1237 3869; x_wconf 83' lang='lat' dir='ltr'>inquit,</span> <span class='ocrx_word' id='word_1_628' title='bbox 1277 3810 1321 3853; x_wconf 88' lang='lat' dir='ltr'>cl</span> <span class='ocrx_word' id='word_1_629' title='bbox 1365 3806 1423 3853; x_wconf 82' lang='lat' dir='ltr'>in</span> <span class='ocrx_word' id='word_1_630' title='bbox 1461 3806 1827 3855; x_wconf 74' lang='lat' dir='ltr'>Ecclesiaslica</span> <span class='ocrx_word' id='word_1_631' title='bbox 1869 3809 2129 3872; x_wconf 73' lang='lat' dir='ltr'>Historia,</span> 
     </span>
    </p>
   </div>
   <div class='ocr_carea' id='block_1_91' title="bbox 532 3877 2128 3944">
    <p class='ocr_par' dir='ltr' id='par_1_91' title="bbox 532 3877 2128 3944">
     <span class='ocr_line' id='line_1_91' title="bbox 532 3877 2128 3944; baseline 0.004 -17"><span class='ocrx_word' id='word_1_632' title='bbox 532 3881 876 3943; x_wconf 74' lang='lat' dir='ltr'>requirentes,</span> <span class='ocrx_word' id='word_1_633' title='bbox 924 3878 1221 3928; x_wconf 84' lang='lat' dir='ltr'>invenietis.</span> <span class='ocrx_word' id='word_1_634' title='bbox 1253 3877 1534 3928; x_wconf 88' lang='lat' dir='ltr'>Justellus</span> <span class='ocrx_word' id='word_1_635' title='bbox 1576 3878 1635 3929; x_wconf 86' lang='lat' dir='ltr'>in</span> <span class='ocrx_word' id='word_1_636' title='bbox 1658 3880 1810 3929; x_wconf 88' lang='lat' dir='ltr'>notis</span> <span class='ocrx_word' id='word_1_637' title='bbox 1834 3894 1967 3944; x_wconf 86' lang='lat' dir='ltr'>pag.</span> <span class='ocrx_word' id='word_1_638' title='bbox 2005 3882 2128 3936; x_wconf 74' lang='grc'>443.</span> 
     </span>
    </p>
   </div>
   <div class='ocr_carea' id='block_1_92' title="bbox 531 3948 2128 4016">
    <p class='ocr_par' dir='ltr' id='par_1_92' title="bbox 531 3948 2128 4016">
     <span class='ocr_line' id='line_1_92' title="bbox 531 3948 2128 4016; baseline 0 -15"><span class='ocrx_word' id='word_1_639' title='bbox 531 3953 720 4013; x_wconf 79' lang='lat' dir='ltr'>Ruﬁni</span> <span class='ocrx_word' id='word_1_640' title='bbox 748 3951 1064 4002; x_wconf 84' lang='lat' dir='ltr'>Historiam</span> <span class='ocrx_word' id='word_1_641' title='bbox 1085 3964 1117 4000; x_wconf 89' lang='lat' dir='ltr'>a</span> <span class='ocrx_word' id='word_1_642' title='bbox 1140 3949 1342 4014; x_wconf 75' lang='lat' dir='ltr'>Cyrillo</span> <span class='ocrx_word' id='word_1_643' title='bbox 1364 3948 1490 4000; x_wconf 90' lang='lat' dir='ltr'>heic</span> <span class='ocrx_word' id='word_1_644' title='bbox 1512 3950 1797 4014; x_wconf 84' lang='lat' dir='ltr'>designari</span> <span class='ocrx_word' id='word_1_645' title='bbox 1812 3966 1919 4002; x_wconf 88' lang='lat' dir='ltr'>nos</span> <span class='ocrx_word' id='word_1_646' title='bbox 1944 3960 2128 4016; x_wconf 83' lang='lat' dir='ltr'>mouet,</span> 
     </span>
    </p>
   </div>
   <div class='ocr_carea' id='block_1_93' title="bbox 532 4022 2129 4088">
    <p class='ocr_par' dir='ltr' id='par_1_93' title="bbox 532 4022 2129 4088">
     <span class='ocr_line' id='line_1_93' title="bbox 532 4022 2129 4088; baseline -0.002 -13"><span class='ocrx_word' id='word_1_647' title='bbox 532 4024 740 4088; x_wconf 89' lang='lat' dir='ltr'>quippe</span> <span class='ocrx_word' id='word_1_648' title='bbox 765 4036 899 4086; x_wconf 70' lang='lat' dir='ltr'>qua:</span> <span class='ocrx_word' id='word_1_649' title='bbox 925 4022 1078 4087; x_wconf 89' lang='lat' dir='ltr'>apud</span> <span class='ocrx_word' id='word_1_650' title='bbox 1105 4024 1514 4083; x_wconf 64' lang='lat' dir='ltr'>Graecoszeque</span> <span class='ocrx_word' id='word_1_651' title='bbox 1531 4035 1597 4072; x_wconf 85' lang='lat' dir='ltr'>ac</span> <span class='ocrx_word' id='word_1_652' title='bbox 1618 4023 1852 4073; x_wconf 85' lang='lat' dir='ltr'>Latinos</span> <span class='ocrx_word' id='word_1_653' title='bbox 1873 4031 1989 4072; x_wconf 86' lang='lat' dir='ltr'>tunc</span> <span class='ocrx_word' id='word_1_654' title='bbox 2004 4032 2129 4073; x_wconf 80' lang='lat' dir='ltr'>esset</span> 
     </span>
    </p>
   </div>
   <div class='ocr_carea' id='block_1_94' title="bbox 532 4091 2125 4158">
    <p class='ocr_par' dir='ltr' id='par_1_94' title="bbox 532 4091 2125 4158">
     <span class='ocr_line' id='line_1_94' title="bbox 532 4091 2125 4158; baseline 0 -13"><span class='ocrx_word' id='word_1_655' title='bbox 532 4096 785 4145; x_wconf 80' lang='lat' dir='ltr'>maxime</span> <span class='ocrx_word' id='word_1_656' title='bbox 804 4094 1157 4158; x_wconf 87' lang='lat' dir='ltr'>pervulgata,</span> <span class='ocrx_word' id='word_1_657' title='bbox 1171 4091 1446 4143; x_wconf 89' lang='lat' dir='ltr'>decennio</span> <span class='ocrx_word' id='word_1_658' title='bbox 1461 4093 1757 4143; x_wconf 85' lang='lat' dir='ltr'>scilicetab</span> <span class='ocrx_word' id='word_1_659' title='bbox 1773 4095 1957 4157; x_wconf 80' lang='lat' dir='ltr'>[tu/ini</span> <span class='ocrx_word' id='word_1_660' title='bbox 1970 4098 2125 4146; x_wconf 88' lang='lat' dir='ltr'>obitu.</span> 
     </span>
    </p>
   </div>
   <div class='ocr_carea' id='block_1_95' title="bbox 529 4163 2126 4228">
    <p class='ocr_par' dir='ltr' id='par_1_95' title="bbox 529 4163 2126 4228">
     <span class='ocr_line' id='line_1_95' title="bbox 529 4163 2126 4228; baseline -0.001 -11"><span class='ocrx_word' id='word_1_661' title='bbox 529 4168 621 4228; x_wconf 81' lang='lat' dir='ltr'>At,</span> <span class='ocrx_word' id='word_1_662' title='bbox 642 4177 842 4227; x_wconf 67' lang='lat' dir='ltr'>quaeso</span> <span class='ocrx_word' id='word_1_663' title='bbox 869 4171 942 4226; x_wconf 90' lang='lat' dir='ltr'>te,</span> <span class='ocrx_word' id='word_1_664' title='bbox 967 4164 1162 4227; x_wconf 89' lang='lat' dir='ltr'>lector,</span> <span class='ocrx_word' id='word_1_665' title='bbox 1180 4164 1274 4213; x_wconf 86' lang='lat' dir='ltr'>hic</span> <span class='ocrx_word' id='word_1_666' title='bbox 1292 4176 1494 4227; x_wconf 89' lang='lat' dir='ltr'>parum</span> <span class='ocrx_word' id='word_1_667' title='bbox 1521 4163 1677 4214; x_wconf 87' lang='lat' dir='ltr'>siste.</span> <span class='ocrx_word' id='word_1_668' title='bbox 1698 4166 1839 4215; x_wconf 81' lang='lat' dir='ltr'>Nam</span> <span class='ocrx_word' id='word_1_669' title='bbox 1861 4166 2126 4228; x_wconf 69' lang='lat' dir='ltr'>Cyrillum</span> 
     </span>
    </p>
   </div>
   <div class='ocr_carea' id='block_1_96' title="bbox 531 4233 2129 4295">
    <p class='ocr_par' dir='ltr' id='par_1_96' title="bbox 531 4233 2129 4295">
     <span class='ocr_line' id='line_1_96' title="bbox 531 4233 2129 4295; baseline 0.002 -10"><span class='ocrx_word' id='word_1_670' title='bbox 531 4236 995 4295; x_wconf 69' lang='lat' dir='ltr'>Alexandrinum,</span> <span class='ocrx_word' id='word_1_671' title='bbox 1026 4234 1306 4295; x_wconf 84' lang='lat' dir='ltr'>Theophili</span> <span class='ocrx_word' id='word_1_672' title='bbox 1330 4234 1519 4284; x_wconf 82' lang='lat' dir='ltr'>fratris</span> <span class='ocrx_word' id='word_1_673' title='bbox 1539 4233 1721 4284; x_wconf 80' lang='lat' dir='ltr'>lilium</span> <span class='ocrx_word' id='word_1_674' title='bbox 1752 4240 1808 4285; x_wconf 85' lang='lat' dir='ltr'>et</span> <span class='ocrx_word' id='word_1_675' title='bbox 1832 4250 2129 4288; x_wconf 78' lang='lat' dir='ltr'>successo-</span> 
     </span>
    </p>
   </div>
   <div class='ocr_carea' id='block_1_97' title="bbox 529 4306 2127 4371">
    <p class='ocr_par' dir='ltr' id='par_1_97' title="bbox 529 4306 2127 4371">
     <span class='ocr_line' id='line_1_97' title="bbox 529 4306 2127 4371; baseline -0.001 -11"><span class='ocrx_word' id='word_1_676' title='bbox 529 4320 670 4371; x_wconf 87' lang='lat' dir='ltr'>rem,</span> <span class='ocrx_word' id='word_1_677' title='bbox 703 4308 800 4370; x_wconf 89' lang='lat' dir='ltr'>qui</span> <span class='ocrx_word' id='word_1_678' title='bbox 832 4307 1052 4370; x_wconf 89' lang='lat' dir='ltr'>primus</span> <span class='ocrx_word' id='word_1_679' title='bbox 1086 4308 1436 4363; x_wconf 67' lang='lat' dir='ltr'>ercorutn,</span> <span class='ocrx_word' id='word_1_680' title='bbox 1469 4306 1657 4368; x_wconf 83' lang='lat' dir='ltr'>Ruﬁni</span> <span class='ocrx_word' id='word_1_681' title='bbox 1696 4307 2022 4368; x_wconf 81' lang='lat' dir='ltr'>Historiam,</span> <span class='ocrx_word' id='word_1_682' title='bbox 2062 4313 2127 4360; x_wconf 90' lang='lat' dir='ltr'>ut</span> 
     </span>
    </p>
   </div>
   <div class='ocr_carea' id='block_1_98' title="bbox 527 4376 2125 4442">
    <p class='ocr_par' dir='ltr' id='par_1_98' title="bbox 527 4376 2125 4442">
     <span class='ocr_line' id='line_1_98' title="bbox 527 4376 2125 4442; baseline -0.001 -11"><span class='ocrx_word' id='word_1_683' title='bbox 527 4381 798 4431; x_wconf 87' lang='lat' dir='ltr'>omnibus</span> <span class='ocrx_word' id='word_1_684' title='bbox 821 4381 1038 4441; x_wconf 88' lang='lat' dir='ltr'>notam,</span> <span class='ocrx_word' id='word_1_685' title='bbox 1057 4376 1317 4428; x_wconf 85' lang='lat' dir='ltr'>laudavit</span> <span class='ocrx_word' id='word_1_686' title='bbox 1334 4389 1475 4437; x_wconf 88' lang='lat' dir='ltr'>;non</span> <span class='ocrx_word' id='word_1_687' title='bbox 1490 4390 1625 4427; x_wconf 86' lang='lat' dir='ltr'>vero</span> <span class='ocrx_word' id='word_1_688' title='bbox 1646 4376 1840 4439; x_wconf 89' lang='lat' dir='ltr'>alium,</span> <span class='ocrx_word' id='word_1_689' title='bbox 1866 4380 2125 4442; x_wconf 84' lang='lat' dir='ltr'>ejusdem</span> 
     </span>
    </p>
   </div>
   <div class='ocr_carea' id='block_1_99' title="bbox 522 4449 2127 4517">
    <p class='ocr_par' dir='ltr' id='par_1_99' title="bbox 522 4449 2127 4517">
     <span class='ocr_line' id='line_1_99' title="bbox 522 4449 2127 4517; baseline 0 -15"><span class='ocrx_word' id='word_1_690' title='bbox 522 4453 900 4517; x_wconf 75' lang='lat' dir='ltr'>interpretem</span> <span class='ocrx_word' id='word_1_691' title='bbox 924 4450 1103 4501; x_wconf 81' lang='lat' dir='ltr'>fuisse</span> <span class='ocrx_word' id='word_1_692' title='bbox 1128 4449 1393 4500; x_wconf 89' lang='lat' dir='ltr'>arbitror:</span> <span class='ocrx_word' id='word_1_693' title='bbox 1422 4461 1595 4511; x_wconf 88' lang='lat' dir='ltr'>quem</span> <span class='ocrx_word' id='word_1_694' title='bbox 1612 4449 1838 4498; x_wconf 76' lang='grc' dir='ltr'>ΡΙιοιιιιε</span> <span class='ocrx_word' id='word_1_695' title='bbox 1852 4451 2127 4515; x_wconf 79' lang='lat' dir='ltr'>homony-</span> 
     </span>
    </p>
   </div>
   <div class='ocr_carea' id='block_1_100' title="bbox 528 4520 2122 4587">
    <p class='ocr_par' dir='ltr' id='par_1_100' title="bbox 528 4520 2122 4587">
     <span class='ocr_line' id='line_1_100' title="bbox 528 4520 2122 4587; baseline 0.001 -14"><span class='ocrx_word' id='word_1_696' title='bbox 528 4524 951 4587; x_wconf 87' lang='lat' dir='ltr'>miadeceptus,</span> <span class='ocrx_word' id='word_1_697' title='bbox 964 4535 1072 4573; x_wconf 89' lang='lat' dir='ltr'>nec</span> <span class='ocrx_word' id='word_1_698' title='bbox 1089 4522 1396 4573; x_wconf 80' lang='lat' dir='ltr'>observato</span> <span class='ocrx_word' id='word_1_699' title='bbox 1414 4520 1611 4571; x_wconf 89' lang='lat' dir='ltr'>ordine</span> <span class='ocrx_word' id='word_1_700' title='bbox 1628 4524 1966 4585; x_wconf 83' lang='lat' dir='ltr'>temporum,</span> <span class='ocrx_word' id='word_1_701' title='bbox 1989 4537 2122 4574; x_wconf 90' lang='lat' dir='ltr'>cum</span> 
     </span>
    </p>
   </div>
   <div class='ocr_carea' id='block_1_101' title="bbox 533 4592 2120 4657">
    <p class='ocr_par' dir='ltr' id='par_1_101' title="bbox 533 4592 2120 4657">
     <span class='ocr_line' id='line_1_101' title="bbox 533 4592 2120 4657; baseline 0.001 -13"><span class='ocrx_word' id='word_1_702' title='bbox 533 4594 734 4657; x_wconf 77' lang='lat' dir='ltr'>Cyritlo</span> <span class='ocrx_word' id='word_1_703' title='bbox 759 4592 1273 4657; x_wconf 74' lang='lat' dir='ltr'>Hierosolymitano</span> <span class='ocrx_word' id='word_1_704' title='bbox 1295 4592 1631 4643; x_wconf 78' lang='lat' dir='ltr'>confuderit.</span> <span class='ocrx_word' id='word_1_705' title='bbox 1666 4593 1846 4645; x_wconf 88' lang='lat' dir='ltr'>Photii</span> <span class='ocrx_word' id='word_1_706' title='bbox 1873 4608 2120 4646; x_wconf 87' lang='lat' dir='ltr'>errorem</span> 
     </span>
    </p>
   </div>
   <div class='ocr_carea' id='block_1_102' title="bbox 527 4664 2119 4730">
    <p class='ocr_par' dir='ltr' id='par_1_102' title="bbox 527 4664 2119 4730">
     <span class='ocr_line' id='line_1_102' title="bbox 527 4664 2119 4730; baseline 0.001 -13"><span class='ocrx_word' id='word_1_707' title='bbox 527 4679 710 4730; x_wconf 86' lang='lat' dir='ltr'>nuper</span> <span class='ocrx_word' id='word_1_708' title='bbox 734 4666 1059 4719; x_wconf 87' lang='lat' dir='ltr'>viditetiam</span> <span class='ocrx_word' id='word_1_709' title='bbox 1090 4664 1647 4715; x_wconf 88' lang='lat' dir='ltr'>&#39;I‘outteeusDissert.</span> <span class='ocrx_word' id='word_1_710' title='bbox 1668 4667 1733 4715; x_wconf 91' lang='lat' dir='ltr'>ll.</span> <span class='ocrx_word' id='word_1_711' title='bbox 1763 4666 1833 4716; x_wconf 88' lang='lat' dir='ltr'>ad</span> <span class='ocrx_word' id='word_1_712' title='bbox 1851 4666 2119 4729; x_wconf 70' lang='lat' dir='ltr'>Cyrillum</span> 
     </span>
    </p>
   </div>
   <div class='ocr_carea' id='block_1_103' title="bbox 529 4734 2121 4801">
    <p class='ocr_par' dir='ltr' id='par_1_103' title="bbox 529 4734 2121 4801">
     <span class='ocr_line' id='line_1_103' title="bbox 529 4734 2121 4801; baseline 0.002 -14"><span class='ocrx_word' id='word_1_713' title='bbox 529 4750 651 4801; x_wconf 89' lang='lat' dir='ltr'>cap.</span> <span class='ocrx_word' id='word_1_714' title='bbox 688 4738 736 4790; x_wconf 89' lang='grc'>1.</span> <span class='ocrx_word' id='word_1_715' title='bbox 770 4738 820 4800; x_wconf 82' lang='lat'>§.</span> <span class='ocrx_word' id='word_1_716' title='bbox 856 4736 906 4789; x_wconf 72' lang='grc' dir='ltr'>ὅ.</span> <span class='ocrx_word' id='word_1_717' title='bbox 949 4749 1074 4800; x_wconf 86' lang='lat' dir='ltr'>pag.</span> <span class='ocrx_word' id='word_1_718' title='bbox 1116 4734 1207 4789; x_wconf 79' lang='grc'>95.</span> <span class='ocrx_word' id='word_1_719' title='bbox 1239 4735 1425 4799; x_wconf 81' lang='lat' dir='ltr'>Cyrilli</span> <span class='ocrx_word' id='word_1_720' title='bbox 1452 4737 1645 4800; x_wconf 87' lang='lat' dir='ltr'>verba,</span> <span class='ocrx_word' id='word_1_721' title='bbox 1675 4738 2121 4790; x_wconf 88' lang='lat' dir='ltr'>ecclesiasticam</span> 
     </span>
    </p>
   </div>
   <div class='ocr_carea' id='block_1_104' title="bbox 528 4807 2125 4871">
    <p class='ocr_par' dir='ltr' id='par_1_104' title="bbox 528 4807 2125 4871">
     <span class='ocr_line' id='line_1_104' title="bbox 528 4807 2125 4871; baseline 0.001 -11"><span class='ocrx_word' id='word_1_722' title='bbox 528 4808 826 4860; x_wconf 87' lang='lat' dir='ltr'>historiam</span> <span class='ocrx_word' id='word_1_723' title='bbox 875 4821 994 4859; x_wconf 88' lang='lat' dir='ltr'>non</span> <span class='ocrx_word' id='word_1_724' title='bbox 1029 4807 1217 4857; x_wconf 88' lang='lat' dir='ltr'>solum</span> <span class='ocrx_word' id='word_1_725' title='bbox 1264 4807 1474 4867; x_wconf 67' lang='lat' dir='ltr'>G-rzecis,</span> <span class='ocrx_word' id='word_1_726' title='bbox 1506 4807 1607 4858; x_wconf 83' lang='lat' dir='ltr'>sed</span> <span class='ocrx_word' id='word_1_727' title='bbox 1641 4808 1869 4871; x_wconf 81' lang='lat' dir='ltr'>Latin-is,</span> <span class='ocrx_word' id='word_1_728' title='bbox 1911 4810 2125 4861; x_wconf 85' lang='lat' dir='ltr'>scilicet</span> 
     </span>
    </p>
   </div>
   <div class='ocr_carea' id='block_1_105' title="bbox 528 4879 2121 4946">
    <p class='ocr_par' dir='ltr' id='par_1_105' title="bbox 528 4879 2121 4946">
     <span class='ocr_line' id='line_1_105' title="bbox 528 4879 2121 4946; baseline 0.002 -15"><span class='ocrx_word' id='word_1_729' title='bbox 528 4881 832 4943; x_wconf 82' lang='lat' dir='ltr'>Africanis,</span> <span class='ocrx_word' id='word_1_730' title='bbox 857 4880 930 4930; x_wconf 87' lang='lat' dir='ltr'>ad</span> <span class='ocrx_word' id='word_1_731' title='bbox 954 4892 1100 4942; x_wconf 90' lang='lat' dir='ltr'>quos</span> <span class='ocrx_word' id='word_1_732' title='bbox 1126 4884 1263 4930; x_wconf 90' lang='lat' dir='ltr'>tunc</span> <span class='ocrx_word' id='word_1_733' title='bbox 1300 4879 1600 4939; x_wconf 89' lang='lat' dir='ltr'>scribebat,</span> <span class='ocrx_word' id='word_1_734' title='bbox 1625 4882 1876 4933; x_wconf 79' lang='lat' dir='ltr'>maxime</span> <span class='ocrx_word' id='word_1_735' title='bbox 1906 4888 2121 4946; x_wconf 88' lang='lat' dir='ltr'>notam,</span> 
     </span>
    </p>
   </div>
   <div class='ocr_carea' id='block_1_106' title="bbox 527 4950 2121 5016">
    <p class='ocr_par' dir='ltr' id='par_1_106' title="bbox 527 4950 2121 5016">
     <span class='ocr_line' id='line_1_106' title="bbox 527 4950 2121 5016; baseline 0.001 -12"><span class='ocrx_word' id='word_1_736' title='bbox 527 4951 1263 5004; x_wconf 86' lang='lat' dir='ltr'>antonomasticeindicant.</span> <span class='ocrx_word' id='word_1_737' title='bbox 1286 4951 1423 5002; x_wconf 79' lang='lat' dir='ltr'>Haec</span> <span class='ocrx_word' id='word_1_738' title='bbox 1449 4950 1555 5002; x_wconf 81' lang='lat' dir='ltr'>fuit</span> <span class='ocrx_word' id='word_1_739' title='bbox 1580 4954 1902 5016; x_wconf 63' lang='lat' dir='ltr'>ltuiiniana,</span> <span class='ocrx_word' id='word_1_740' title='bbox 1929 4956 2121 5006; x_wconf 71' lang='lat' dir='ltr'>GI‘EBCB</span> 
     </span>
    </p>
   </div>
   <div class='ocr_carea' id='block_1_107' title="bbox 526 5023 2123 5087">
    <p class='ocr_par' dir='ltr' id='par_1_107' title="bbox 526 5023 2123 5087">
     <span class='ocr_line' id='line_1_107' title="bbox 526 5023 2123 5087; baseline 0.001 -13"><span class='ocrx_word' id='word_1_741' title='bbox 526 5027 581 5075; x_wconf 91' lang='lat' dir='ltr'>et</span> <span class='ocrx_word' id='word_1_742' title='bbox 597 5024 796 5075; x_wconf 86' lang='lat' dir='ltr'>Latine</span> <span class='ocrx_word' id='word_1_743' title='bbox 820 5023 1177 5087; x_wconf 83' lang='lat' dir='ltr'>conscripta;</span> <span class='ocrx_word' id='word_1_744' title='bbox 1210 5028 1418 5086; x_wconf 61' lang='lat' dir='ltr'>praeter</span> <span class='ocrx_word' id='word_1_745' title='bbox 1448 5023 1597 5073; x_wconf 85' lang='lat' dir='ltr'>lianc</span> <span class='ocrx_word' id='word_1_746' title='bbox 1621 5024 1794 5075; x_wconf 88' lang='lat' dir='ltr'>nulla.</span> <span class='ocrx_word' id='word_1_747' title='bbox 1840 5026 2123 5077; x_wconf 86' lang='lat' dir='ltr'>Henricus</span> 
     </span>
    </p>
   </div>
   <div class='ocr_carea' id='block_1_108' title="bbox 529 5093 2121 5155">
    <p class='ocr_par' dir='ltr' id='par_1_108' title="bbox 529 5093 2121 5155">
     <span class='ocr_line' id='line_1_108' title="bbox 529 5093 2121 5155; baseline 0.003 -11"><span class='ocrx_word' id='word_1_748' title='bbox 529 5095 855 5147; x_wconf 78' lang='lat' dir='ltr'>Dodwellus</span> <span class='ocrx_word' id='word_1_749' title='bbox 901 5098 1190 5147; x_wconf 80' lang='lat' dir='ltr'>Socratem</span> <span class='ocrx_word' id='word_1_750' title='bbox 1227 5093 1413 5155; x_wconf 81' lang='lat' dir='ltr'>Ruﬁni</span> <span class='ocrx_word' id='word_1_751' title='bbox 1435 5096 1693 5147; x_wconf 83' lang='lat' dir='ltr'>versione</span> <span class='ocrx_word' id='word_1_752' title='bbox 1729 5099 1928 5148; x_wconf 63' lang='lat' dir='ltr'>tirazca</span> <span class='ocrx_word' id='word_1_753' title='bbox 1952 5111 2121 5148; x_wconf 90' lang='lat' dir='ltr'>usum</span> 
     </span>
    </p>
   </div>
   <div class='ocr_carea' id='block_1_109' title="bbox 527 5166 2117 5233">
    <p class='ocr_par' dir='ltr' id='par_1_109' title="bbox 527 5166 2117 5233">
     <span class='ocr_line' id='line_1_109' title="bbox 527 5166 2117 5233; baseline 0.001 -15"><span class='ocrx_word' id='word_1_754' title='bbox 527 5168 932 5219; x_wconf 84' lang='lat' dir='ltr'>animadvertit</span> <span class='ocrx_word' id='word_1_755' title='bbox 958 5167 1017 5217; x_wconf 89' lang='lat' dir='ltr'>in</span> <span class='ocrx_word' id='word_1_756' title='bbox 1068 5166 1209 5217; x_wconf 89' lang='lat' dir='ltr'>libro</span> <span class='ocrx_word' id='word_1_757' title='bbox 1243 5166 1312 5217; x_wconf 90' lang='lat' dir='ltr'>de</span> <span class='ocrx_word' id='word_1_758' title='bbox 1354 5169 1488 5217; x_wconf 86' lang='lat' dir='ltr'>Jure</span> <span class='ocrx_word' id='word_1_759' title='bbox 1538 5168 1839 5219; x_wconf 89' lang='lat' dir='ltr'>Laicorum</span> <span class='ocrx_word' id='word_1_760' title='bbox 1874 5182 1995 5233; x_wconf 88' lang='lat' dir='ltr'>cap.</span> <span class='ocrx_word' id='word_1_761' title='bbox 2024 5172 2117 5220; x_wconf 90' lang='lat' dir='ltr'>IV.</span> 
     </span>
    </p>
   </div>
   <div class='ocr_carea' id='block_1_110' title="bbox 528 5238 2119 5304">
    <p class='ocr_par' dir='ltr' id='par_1_110' title="bbox 528 5238 2119 5304">
     <span class='ocr_line' id='line_1_110' title="bbox 528 5238 2119 5304; baseline 0.001 -14"><span class='ocrx_word' id='word_1_762' title='bbox 528 5254 652 5304; x_wconf 80' lang='lat' dir='ltr'>pag.</span> <span class='ocrx_word' id='word_1_763' title='bbox 681 5239 802 5293; x_wconf 66' lang='lat'>“278.</span> <span class='ocrx_word' id='word_1_764' title='bbox 831 5239 1236 5291; x_wconf 88' lang='lat' dir='ltr'>Theodoritum</span> <span class='ocrx_word' id='word_1_765' title='bbox 1267 5238 1533 5289; x_wconf 83' lang='lat' dir='ltr'>Petavius</span> <span class='ocrx_word' id='word_1_766' title='bbox 1557 5238 1615 5289; x_wconf 91' lang='lat' dir='ltr'>in</span> <span class='ocrx_word' id='word_1_767' title='bbox 1647 5240 1899 5291; x_wconf 84' lang='lat' dir='ltr'>Diatriba</span> <span class='ocrx_word' id='word_1_768' title='bbox 1924 5240 1994 5290; x_wconf 90' lang='lat' dir='ltr'>de</span> <span class='ocrx_word' id='word_1_769' title='bbox 2018 5254 2119 5304; x_wconf 90' lang='lat' dir='ltr'>po-</span> 
     </span>
    </p>
   </div>
   <div class='ocr_carea' id='block_1_111' title="bbox 525 5308 2119 5376">
    <p class='ocr_par' dir='ltr' id='par_1_111' title="bbox 525 5308 2119 5376">
     <span class='ocr_line' id='line_1_111' title="bbox 525 5308 2119 5376; baseline -0.002 -13"><span class='ocrx_word' id='word_1_770' title='bbox 525 5316 731 5364; x_wconf 88' lang='lat' dir='ltr'>testate</span> <span class='ocrx_word' id='word_1_771' title='bbox 744 5312 1117 5364; x_wconf 87' lang='lat' dir='ltr'>cousecrandi</span> <span class='ocrx_word' id='word_1_772' title='bbox 1131 5324 1250 5373; x_wconf 83' lang='lat' dir='ltr'>cap.</span> <span class='ocrx_word' id='word_1_773' title='bbox 1272 5312 1363 5360; x_wconf 92' lang='lat' dir='ltr'>Ill.</span> <span class='ocrx_word' id='word_1_774' title='bbox 1380 5308 1596 5373; x_wconf 81' lang='lat' dir='ltr'>pag.83.</span> <span class='ocrx_word' id='word_1_775' title='bbox 1614 5312 1729 5361; x_wconf 89' lang='lat' dir='ltr'>Nec</span> <span class='ocrx_word' id='word_1_776' title='bbox 1742 5324 1881 5362; x_wconf 88' lang='lat' dir='ltr'>sane</span> <span class='ocrx_word' id='word_1_777' title='bbox 1893 5314 2119 5376; x_wconf 85' lang='lat' dir='ltr'>aliunde,</span> 
     </span>
    </p>
   </div>
   <div class='ocr_carea' id='block_1_112' title="bbox 525 5382 2119 5448">
    <p class='ocr_par' dir='ltr' id='par_1_112' title="bbox 525 5382 2119 5448">
     <span class='ocr_line' id='line_1_112' title="bbox 525 5382 2119 5448; baseline 0 -13"><span class='ocrx_word' id='word_1_778' title='bbox 525 5397 697 5448; x_wconf 88' lang='lat' dir='ltr'>quam</span> <span class='ocrx_word' id='word_1_779' title='bbox 723 5397 795 5435; x_wconf 80' lang='lat' dir='ltr'>ex</span> <span class='ocrx_word' id='word_1_780' title='bbox 819 5386 1035 5447; x_wconf 87' lang='lat' dir='ltr'>Ruﬁno,</span> <span class='ocrx_word' id='word_1_781' title='bbox 1063 5383 1357 5434; x_wconf 74' lang='lat' dir='ltr'>histoxiam</span> <span class='ocrx_word' id='word_1_782' title='bbox 1375 5382 1691 5433; x_wconf 85' lang='lat' dir='ltr'>Frumentii</span> <span class='ocrx_word' id='word_1_783' title='bbox 1716 5387 1959 5446; x_wconf 87' lang='lat' dir='ltr'>uterque</span> <span class='ocrx_word' id='word_1_784' title='bbox 1982 5384 2119 5435; x_wconf 87' lang='lat' dir='ltr'>hau-</span> 
     </span>
    </p>
   </div>
   <div class='ocr_carea' id='block_1_113' title="bbox 524 5452 2120 5520">
    <p class='ocr_par' dir='ltr' id='par_1_113' title="bbox 524 5452 2120 5520">
     <span class='ocr_line' id='line_1_113' title="bbox 524 5452 2120 5520; baseline -0.005 -13"><span class='ocrx_word' id='word_1_785' title='bbox 524 5457 633 5508; x_wconf 80' lang='lat' dir='ltr'>rire</span> <span class='ocrx_word' id='word_1_786' title='bbox 660 5456 862 5520; x_wconf 89' lang='lat' dir='ltr'>potuit,</span> <span class='ocrx_word' id='word_1_787' title='bbox 890 5455 1028 5505; x_wconf 91' lang='lat' dir='ltr'>dum</span> <span class='ocrx_word' id='word_1_788' title='bbox 1051 5467 1179 5505; x_wconf 90' lang='lat' dir='ltr'>eam</span> <span class='ocrx_word' id='word_1_789' title='bbox 1210 5466 1363 5504; x_wconf 82' lang='lat' dir='ltr'>unus</span> <span class='ocrx_word' id='word_1_790' title='bbox 1390 5457 1446 5503; x_wconf 89' lang='lat' dir='ltr'>et</span> <span class='ocrx_word' id='word_1_791' title='bbox 1468 5452 1684 5514; x_wconf 88' lang='lat' dir='ltr'>primus</span> <span class='ocrx_word' id='word_1_792' title='bbox 1716 5458 1943 5502; x_wconf 80' lang='lat' dir='ltr'>omnium</span> <span class='ocrx_word' id='word_1_793' title='bbox 1970 5456 2120 5517; x_wconf 79' lang='lat' dir='ltr'>Ruﬁ—</span> 
     </span>
    </p>
   </div>
   <div class='ocr_carea' id='block_1_114' title="bbox 526 5524 2118 5591">
    <p class='ocr_par' dir='ltr' id='par_1_114' title="bbox 526 5524 2118 5591">
     <span class='ocr_line' id='line_1_114' title="bbox 526 5524 2118 5591; baseline 0 -16"><span class='ocrx_word' id='word_1_794' title='bbox 526 5543 629 5576; x_wconf 86' lang='lat' dir='ltr'>nus</span> <span class='ocrx_word' id='word_1_795' title='bbox 652 5528 829 5579; x_wconf 87' lang='lat' dir='ltr'>literis</span> <span class='ocrx_word' id='word_1_796' title='bbox 851 5528 1293 5591; x_wconf 85' lang='lat' dir='ltr'>consignaverat</span> <span class='ocrx_word' id='word_1_797' title='bbox 1321 5525 1422 5575; x_wconf 90' lang='lat' dir='ltr'>lib.</span> <span class='ocrx_word' id='word_1_798' title='bbox 1450 5524 1521 5574; x_wconf 84' lang='grc' dir='ltr'>Χ.</span> <span class='ocrx_word' id='word_1_799' title='bbox 1548 5537 1669 5588; x_wconf 90' lang='lat' dir='ltr'>cap.</span> <span class='ocrx_word' id='word_1_800' title='bbox 1696 5526 1791 5575; x_wconf 77' lang='lat' dir='ltr'><strong>IX.</strong></span> <span class='ocrx_word' id='word_1_801' title='bbox 1828 5527 1899 5576; x_wconf 88' lang='lat' dir='ltr'>ab</span> <span class='ocrx_word' id='word_1_802' title='bbox 1921 5530 2118 5575; x_wconf 67' lang='grc' dir='ltr'>Λειὶρεὶο</span> 
     </span>
    </p>
   </div>
   <div class='ocr_carea' id='block_1_115' title="bbox 528 5596 2118 5662">
    <p class='ocr_par' dir='ltr' id='par_1_115' title="bbox 528 5596 2118 5662">
     <span class='ocr_line' id='line_1_115' title="bbox 528 5596 2118 5662; baseline 0.001 -14"><span class='ocrx_word' id='word_1_803' title='bbox 528 5599 657 5661; x_wconf 81' lang='lat' dir='ltr'>&#39;I‘yri</span> <span class='ocrx_word' id='word_1_804' title='bbox 682 5600 1013 5662; x_wconf 67' lang='lat' dir='ltr'>presbytero</span> <span class='ocrx_word' id='word_1_805' title='bbox 1040 5599 1145 5648; x_wconf 87' lang='lat' dir='ltr'>sibi</span> <span class='ocrx_word' id='word_1_806' title='bbox 1164 5602 1474 5659; x_wconf 73' lang='lat' dir='ltr'>narratam,</span> <span class='ocrx_word' id='word_1_807' title='bbox 1501 5596 1655 5647; x_wconf 88' lang='lat' dir='ltr'>unde</span> <span class='ocrx_word' id='word_1_808' title='bbox 1676 5598 1820 5644; x_wconf 74' lang='lat' dir='ltr'>celeri</span> <span class='ocrx_word' id='word_1_809' title='bbox 1849 5600 2118 5657; x_wconf 75' lang='lat' dir='ltr'>Scriptores</span> 
     </span>
    </p>
   </div>
   <div class='ocr_carea' id='block_1_116' title="bbox 525 5666 2116 5732">
    <p class='ocr_par' dir='ltr' id='par_1_116' title="bbox 525 5666 2116 5732">
     <span class='ocr_line' id='line_1_116' title="bbox 525 5666 2116 5732; baseline -0.003 -11"><span class='ocrx_word' id='word_1_810' title='bbox 525 5682 651 5721; x_wconf 86' lang='lat' dir='ltr'>eam</span> <span class='ocrx_word' id='word_1_811' title='bbox 676 5670 1015 5731; x_wconf 88' lang='lat' dir='ltr'>didicerunt,</span> <span class='ocrx_word' id='word_1_812' title='bbox 1034 5681 1322 5732; x_wconf 75' lang='lat' dir='ltr'>quantque</span> <span class='ocrx_word' id='word_1_813' title='bbox 1345 5666 1674 5720; x_wconf 86' lang='lat' dir='ltr'>Dodwcllus</span> <span class='ocrx_word' id='word_1_814' title='bbox 1690 5669 1917 5732; x_wconf 85' lang='lat' dir='ltr'>egregie</span> <span class='ocrx_word' id='word_1_815' title='bbox 1936 5676 2116 5729; x_wconf 80' lang='lat' dir='ltr'>tuetur,</span> 
     </span>
    </p>
   </div>
   <div class='ocr_carea' id='block_1_117' title="bbox 528 5739 2116 5805">
    <p class='ocr_par' dir='ltr' id='par_1_117' title="bbox 528 5739 2116 5805">
     <span class='ocr_line' id='line_1_117' title="bbox 528 5739 2116 5805; baseline -0.001 -12"><span class='ocrx_word' id='word_1_816' title='bbox 528 5744 788 5793; x_wconf 88' lang='lat' dir='ltr'>Socrates</span> <span class='ocrx_word' id='word_1_817' title='bbox 816 5742 1046 5805; x_wconf 88' lang='lat' dir='ltr'>quidem</span> <span class='ocrx_word' id='word_1_818' title='bbox 1077 5740 1173 5791; x_wconf 88' lang='lat' dir='ltr'>lib.</span> <span class='ocrx_word' id='word_1_819' title='bbox 1211 5741 1253 5791; x_wconf 93' lang='grc' dir='ltr'>Ι.</span> <span class='ocrx_word' id='word_1_820' title='bbox 1289 5754 1411 5805; x_wconf 88' lang='lat' dir='ltr'>cap.</span> <span class='ocrx_word' id='word_1_821' title='bbox 1439 5741 1551 5792; x_wconf 85' lang='lat' dir='ltr'><strong>XII.</strong></span> <span class='ocrx_word' id='word_1_822' title='bbox 1576 5739 1637 5790; x_wconf 91' lang='lat' dir='ltr'>in</span> <span class='ocrx_word' id='word_1_823' title='bbox 1660 5740 1790 5803; x_wconf 86' lang='lat' dir='ltr'>ﬁne,</span> <span class='ocrx_word' id='word_1_824' title='bbox 1815 5740 1885 5791; x_wconf 90' lang='lat' dir='ltr'>de</span> <span class='ocrx_word' id='word_1_825' title='bbox 1910 5742 2116 5793; x_wconf 83' lang='lat' dir='ltr'>Sancto</span> 
     </span>
    </p>
   </div>
   <div class='ocr_carea' id='block_1_118' title="bbox 527 5812 2115 5878">
    <p class='ocr_par' dir='ltr' id='par_1_118' title="bbox 527 5812 2115 5878">
     <span class='ocr_line' id='line_1_118' title="bbox 527 5812 2115 5878; baseline 0.001 -14"><span class='ocrx_word' id='word_1_826' title='bbox 527 5812 860 5877; x_wconf 86' lang='lat' dir='ltr'>Spiridione,</span> <span class='ocrx_word' id='word_1_827' title='bbox 883 5813 1051 5878; x_wconf 81' lang='lat' dir='ltr'>Cypri</span> <span class='ocrx_word' id='word_1_828' title='bbox 1066 5812 1344 5877; x_wconf 87' lang='lat' dir='ltr'>Episcopo</span> <span class='ocrx_word' id='word_1_829' title='bbox 1370 5825 1565 5877; x_wconf 88' lang='lat' dir='ltr'>agens,</span> <span class='ocrx_word' id='word_1_830' title='bbox 1591 5813 1781 5877; x_wconf 82' lang='lat' dir='ltr'>Ruﬁni</span> <span class='ocrx_word' id='word_1_831' title='bbox 1803 5813 2115 5865; x_wconf 85' lang='lat' dir='ltr'>Historiam</span> 
     </span>
    </p>
   </div>
   <div class='ocr_carea' id='block_1_119' title="bbox 524 5882 2113 5951">
    <p class='ocr_par' dir='ltr' id='par_1_119' title="bbox 524 5882 2113 5951">
     <span class='ocr_line' id='line_1_119' title="bbox 524 5882 2113 5951; baseline 0.001 -13"><span class='ocrx_word' id='word_1_832' title='bbox 524 5883 739 5949; x_wconf 86' lang='lat' dir='ltr'>laudat,</span> <span class='ocrx_word' id='word_1_833' title='bbox 775 5883 877 5938; x_wconf 90' lang='lat' dir='ltr'>sed</span> <span class='ocrx_word' id='word_1_834' title='bbox 920 5884 1109 5934; x_wconf 81' lang='lat' dir='ltr'>Latine</span> <span class='ocrx_word' id='word_1_835' title='bbox 1132 5882 1354 5938; x_wconf 87' lang='lat' dir='ltr'>videtur</span> <span class='ocrx_word' id='word_1_836' title='bbox 1384 5884 1619 5937; x_wconf 79' lang='lat' dir='ltr'>innuero</span> <span class='ocrx_word' id='word_1_837' title='bbox 1652 5897 1714 5937; x_wconf 89' lang='lat' dir='ltr'>se</span> <span class='ocrx_word' id='word_1_838' title='bbox 1736 5896 1863 5937; x_wconf 85' lang='lat' dir='ltr'>eam</span> <span class='ocrx_word' id='word_1_839' title='bbox 1884 5884 2113 5951; x_wconf 81' lang='lat' dir='ltr'>legisse,</span> 
     </span>
    </p>
   </div>
   <div class='ocr_carea' id='block_1_120' title="bbox 2234 3302 3829 3366">
    <p class='ocr_par' dir='ltr' id='par_1_120' title="bbox 2234 3302 3829 3366">
     <span class='ocr_line' id='line_1_120' title="bbox 2234 3302 3829 3366; baseline -0.001 -12"><span class='ocrx_word' id='word_1_840' title='bbox 2234 3303 2527 3354; x_wconf 87' lang='lat' dir='ltr'>discedam</span> <span class='ocrx_word' id='word_1_841' title='bbox 2550 3304 2622 3352; x_wconf 91' lang='lat' dir='ltr'>ab</span> <span class='ocrx_word' id='word_1_842' title='bbox 2656 3302 2904 3353; x_wconf 83' lang='lat' dir='ltr'>Ecclesia</span> <span class='ocrx_word' id='word_1_843' title='bbox 2916 3303 3133 3366; x_wconf 88' lang='lat' dir='ltr'>Latina,</span> <span class='ocrx_word' id='word_1_844' title='bbox 3146 3304 3272 3354; x_wconf 67' lang='lat' dir='ltr'>base</span> <span class='ocrx_word' id='word_1_845' title='bbox 3295 3308 3543 3363; x_wconf 86' lang='lat' dir='ltr'>semperet</span> <span class='ocrx_word' id='word_1_846' title='bbox 3561 3304 3829 3366; x_wconf 79' lang='lat' dir='ltr'>Ruﬁnum</span> 
     </span>
    </p>
   </div>
   <div class='ocr_carea' id='block_1_121' title="bbox 2231 3374 3831 3438">
    <p class='ocr_par' dir='ltr' id='par_1_121' title="bbox 2231 3374 3831 3438">
     <span class='ocr_line' id='line_1_121' title="bbox 2231 3374 3831 3438; baseline 0.001 -11"><span class='ocrx_word' id='word_1_847' title='bbox 2231 3378 2286 3427; x_wconf 88' lang='lat' dir='ltr'>et</span> <span class='ocrx_word' id='word_1_848' title='bbox 2310 3376 2433 3438; x_wconf 90' lang='lat' dir='ltr'>ejus</span> <span class='ocrx_word' id='word_1_849' title='bbox 2466 3374 2781 3425; x_wconf 80' lang='lat' dir='ltr'>Historiam</span> <span class='ocrx_word' id='word_1_850' title='bbox 2820 3374 3049 3438; x_wconf 89' lang='lat' dir='ltr'>plurimi</span> <span class='ocrx_word' id='word_1_851' title='bbox 3080 3375 3230 3438; x_wconf 80' lang='lat' dir='ltr'>fecit,</span> <span class='ocrx_word' id='word_1_852' title='bbox 3257 3388 3430 3438; x_wconf 87' lang='lat' dir='ltr'>quam</span> <span class='ocrx_word' id='word_1_853' title='bbox 3457 3377 3685 3426; x_wconf 89' lang='lat' dir='ltr'>tantum</span> <span class='ocrx_word' id='word_1_854' title='bbox 3712 3390 3831 3428; x_wconf 88' lang='lat' dir='ltr'>non</span> 
     </span>
    </p>
   </div>
   <div class='ocr_carea' id='block_1_122' title="bbox 2231 3446 3831 3510">
    <p class='ocr_par' dir='ltr' id='par_1_122' title="bbox 2231 3446 3831 3510">
     <span class='ocr_line' id='line_1_122' title="bbox 2231 3446 3831 3510; baseline 0 -14"><span class='ocrx_word' id='word_1_855' title='bbox 2231 3446 2458 3510; x_wconf 89' lang='lat' dir='ltr'>publica</span> <span class='ocrx_word' id='word_1_856' title='bbox 2477 3446 2721 3497; x_wconf 90' lang='lat' dir='ltr'>lectione</span> <span class='ocrx_word' id='word_1_857' title='bbox 2733 3446 2969 3509; x_wconf 78' lang='lat' dir='ltr'>dignam</span> <span class='ocrx_word' id='word_1_858' title='bbox 2995 3447 3324 3498; x_wconf 88' lang='lat' dir='ltr'>declaravit.</span> <span class='ocrx_word' id='word_1_859' title='bbox 3344 3448 3481 3509; x_wconf 81' lang='lat' dir='ltr'>Ejus</span> <span class='ocrx_word' id='word_1_860' title='bbox 3504 3448 3661 3497; x_wconf 89' lang='lat' dir='ltr'>enim</span> <span class='ocrx_word' id='word_1_861' title='bbox 3673 3449 3831 3496; x_wconf 74' lang='lat' dir='ltr'>Mar-</span> 
     </span>
    </p>
   </div>
   <div class='ocr_carea' id='block_1_123' title="bbox 2232 3517 3833 3581">
    <p class='ocr_par' dir='ltr' id='par_1_123' title="bbox 2232 3517 3833 3581">
     <span class='ocr_line' id='line_1_123' title="bbox 2232 3517 3833 3581; baseline 0.002 -15"><span class='ocrx_word' id='word_1_862' title='bbox 2232 3518 2498 3581; x_wconf 76' lang='lat' dir='ltr'>tyrologia</span> <span class='ocrx_word' id='word_1_863' title='bbox 2521 3517 2711 3580; x_wconf 78' lang='lat' dir='ltr'>Ruﬁni</span> <span class='ocrx_word' id='word_1_864' title='bbox 2726 3518 2884 3569; x_wconf 87' lang='lat' dir='ltr'>libris</span> <span class='ocrx_word' id='word_1_865' title='bbox 2909 3524 3237 3580; x_wconf 89' lang='lat' dir='ltr'>creverunt,</span> <span class='ocrx_word' id='word_1_866' title='bbox 3257 3522 3316 3569; x_wconf 91' lang='lat' dir='ltr'>et</span> <span class='ocrx_word' id='word_1_867' title='bbox 3337 3519 3658 3581; x_wconf 71' lang='lat' dir='ltr'>praesertim</span> <span class='ocrx_word' id='word_1_868' title='bbox 3684 3535 3833 3569; x_wconf 80' lang='lat' dir='ltr'>vene-</span> 
     </span>
    </p>
   </div>
   <div class='ocr_carea' id='block_1_124' title="bbox 2230 3589 3827 3654">
    <p class='ocr_par' dir='ltr' id='par_1_124' title="bbox 2230 3589 3827 3654">
     <span class='ocr_line' id='line_1_124' title="bbox 2230 3589 3827 3654; baseline 0.005 -23"><span class='ocrx_word' id='word_1_869' title='bbox 2230 3590 2395 3638; x_wconf 50' lang='lat' dir='ltr'>raﬂitc</span> <span class='ocrx_word' id='word_1_870' title='bbox 2410 3589 2545 3640; x_wconf 74' lang='lat' dir='ltr'>illud</span> <span class='ocrx_word' id='word_1_871' title='bbox 2558 3590 3032 3654; x_wconf 72' lang='lat' dir='ltr'>etperantiquum,</span> <span class='ocrx_word' id='word_1_872' title='bbox 3046 3602 3079 3640; x_wconf 72' lang='lat' dir='ltr'>Et</span> <span class='ocrx_word' id='word_1_873' title='bbox 3092 3591 3534 3654; x_wconf 85' lang='lat' dir='ltr'>Hieronymiano</span> <span class='ocrx_word' id='word_1_874' title='bbox 3547 3593 3827 3644; x_wconf 80' lang='lat' dir='ltr'>diversum.</span> 
     </span>
    </p>
   </div>
   <div class='ocr_carea' id='block_1_125' title="bbox 2230 3660 3829 3726">
    <p class='ocr_par' dir='ltr' id='par_1_125' title="bbox 2230 3660 3829 3726">
     <span class='ocr_line' id='line_1_125' title="bbox 2230 3660 3829 3726; baseline 0.001 -14"><span class='ocrx_word' id='word_1_875' title='bbox 2230 3660 2383 3725; x_wconf 88' lang='lat' dir='ltr'>quod</span> <span class='ocrx_word' id='word_1_876' title='bbox 2407 3660 2539 3712; x_wconf 89' lang='lat' dir='ltr'>olim</span> <span class='ocrx_word' id='word_1_877' title='bbox 2559 3660 2827 3713; x_wconf 70' lang='lat' dir='ltr'>Ecclesia:</span> <span class='ocrx_word' id='word_1_878' title='bbox 2840 3665 3113 3714; x_wconf 57' lang='lat' dir='ltr'>Romanae</span> <span class='ocrx_word' id='word_1_879' title='bbox 3136 3662 3443 3726; x_wconf 88' lang='lat' dir='ltr'>proprium,</span> <span class='ocrx_word' id='word_1_880' title='bbox 3454 3676 3693 3725; x_wconf 73' lang='lat' dir='ltr'>parvum</span> <span class='ocrx_word' id='word_1_881' title='bbox 3717 3676 3829 3726; x_wconf 83' lang='lat' dir='ltr'>que</span> 
     </span>
    </p>
   </div>
   <div class='ocr_carea' id='block_1_126' title="bbox 2229 3732 3829 3797">
    <p class='ocr_par' dir='ltr' id='par_1_126' title="bbox 2229 3732 3829 3797">
     <span class='ocr_line' id='line_1_126' title="bbox 2229 3732 3829 3797; baseline -0.001 -15"><span class='ocrx_word' id='word_1_882' title='bbox 2229 3732 2595 3796; x_wconf 66' lang='lat' dir='ltr'>appellatum,</span> <span class='ocrx_word' id='word_1_883' title='bbox 2617 3746 2734 3784; x_wconf 87' lang='lat' dir='ltr'>una</span> <span class='ocrx_word' id='word_1_884' title='bbox 2755 3746 2887 3783; x_wconf 90' lang='lat' dir='ltr'>cum</span> <span class='ocrx_word' id='word_1_885' title='bbox 2910 3734 3211 3785; x_wconf 84' lang='lat' dir='ltr'>Adoniano</span> <span class='ocrx_word' id='word_1_886' title='bbox 3229 3734 3457 3797; x_wconf 89' lang='lat' dir='ltr'>publica.</span> <span class='ocrx_word' id='word_1_887' title='bbox 3477 3734 3606 3784; x_wconf 92' lang='lat' dir='ltr'>luce</span> <span class='ocrx_word' id='word_1_888' title='bbox 3621 3736 3829 3782; x_wconf 69' lang='lat' dir='ltr'>donavit</span> 
     </span>
    </p>
   </div>
   <div class='ocr_carea' id='block_1_127' title="bbox 2230 3805 3824 3869">
    <p class='ocr_par' dir='ltr' id='par_1_127' title="bbox 2230 3805 3824 3869">
     <span class='ocr_line' id='line_1_127' title="bbox 2230 3805 3824 3869; baseline 0.001 -15"><span class='ocrx_word' id='word_1_889' title='bbox 2230 3805 2563 3855; x_wconf 89' lang='lat' dir='ltr'>Ileribertus</span> <span class='ocrx_word' id='word_1_890' title='bbox 2602 3806 2976 3869; x_wconf 69' lang='lat' dir='ltr'>Rosweydus.</span> <span class='ocrx_word' id='word_1_891' title='bbox 3034 3807 3155 3856; x_wconf 88' lang='lat' dir='ltr'>Hoc</span> <span class='ocrx_word' id='word_1_892' title='bbox 3188 3806 3339 3855; x_wconf 88' lang='lat' dir='ltr'>idem</span> <span class='ocrx_word' id='word_1_893' title='bbox 3372 3805 3824 3869; x_wconf 76' lang='lat' dir='ltr'>martyrologium</span> 
     </span>
    </p>
   </div>
   <div class='ocr_carea' id='block_1_128' title="bbox 2230 3874 3827 3928">
    <p class='ocr_par' dir='ltr' id='par_1_128' title="bbox 2230 3874 3827 3928">
     <span class='ocr_line' id='line_1_128' title="bbox 2230 3874 3827 3928; baseline 0.001 -3"><span class='ocrx_word' id='word_1_894' title='bbox 2230 3875 2426 3926; x_wconf 88' lang='lat' dir='ltr'>multis</span> <span class='ocrx_word' id='word_1_895' title='bbox 2451 3876 2511 3925; x_wconf 88' lang='lat' dir='ltr'>in</span> <span class='ocrx_word' id='word_1_896' title='bbox 2538 3874 2677 3925; x_wconf 87' lang='lat' dir='ltr'>locis</span> <span class='ocrx_word' id='word_1_897' title='bbox 2708 3889 2778 3927; x_wconf 81' lang='lat' dir='ltr'>ex</span> <span class='ocrx_word' id='word_1_898' title='bbox 2802 3878 3007 3927; x_wconf 67' lang='lat' dir='ltr'>lintino</span> <span class='ocrx_word' id='word_1_899' title='bbox 3032 3877 3345 3928; x_wconf 77' lang='lat' dir='ltr'>conﬂatum</span> <span class='ocrx_word' id='word_1_900' title='bbox 3369 3877 3667 3928; x_wconf 89' lang='lat' dir='ltr'>otenderat</span> <span class='ocrx_word' id='word_1_901' title='bbox 3691 3881 3827 3926; x_wconf 68' lang='grc'>11011-</span> 
     </span>
    </p>
   </div>
   <div class='ocr_carea' id='block_1_129' title="bbox 2227 3947 3826 4011">
    <p class='ocr_par' dir='ltr' id='par_1_129' title="bbox 2227 3947 3826 4011">
     <span class='ocr_line' id='line_1_129' title="bbox 2227 3947 3826 4011; baseline 0.002 -14"><span class='ocrx_word' id='word_1_902' title='bbox 2227 3948 2380 3997; x_wconf 89' lang='lat' dir='ltr'>ricus</span> <span class='ocrx_word' id='word_1_903' title='bbox 2405 3947 2669 3997; x_wconf 81' lang='lat' dir='ltr'>Valesius</span> <span class='ocrx_word' id='word_1_904' title='bbox 2703 3948 2763 3997; x_wconf 90' lang='lat' dir='ltr'>in</span> <span class='ocrx_word' id='word_1_905' title='bbox 2786 3948 3216 4007; x_wconf 79' lang='lat' dir='ltr'>Dissertatione,</span> <span class='ocrx_word' id='word_1_906' title='bbox 3248 3960 3425 4010; x_wconf 81' lang='lat' dir='ltr'>quam</span> <span class='ocrx_word' id='word_1_907' title='bbox 3449 3948 3719 4011; x_wconf 77' lang='lat' dir='ltr'>Eusebio,</span> <span class='ocrx_word' id='word_1_908' title='bbox 3756 3950 3826 4000; x_wconf 90' lang='lat' dir='ltr'>ab</span> 
     </span>
    </p>
   </div>
   <div class='ocr_carea' id='block_1_130' title="bbox 2229 4018 3826 4083">
    <p class='ocr_par' dir='ltr' id='par_1_130' title="bbox 2229 4018 3826 4083">
     <span class='ocr_line' id='line_1_130' title="bbox 2229 4018 3826 4083; baseline 0.003 -15"><span class='ocrx_word' id='word_1_909' title='bbox 2229 4031 2289 4068; x_wconf 89' lang='lat' dir='ltr'>se</span> <span class='ocrx_word' id='word_1_910' title='bbox 2319 4018 2588 4081; x_wconf 63' lang='lat' dir='ltr'>praeclare</span> <span class='ocrx_word' id='word_1_911' title='bbox 2614 4018 2896 4071; x_wconf 88' lang='lat' dir='ltr'>illustrato</span> <span class='ocrx_word' id='word_1_912' title='bbox 2936 4020 3197 4083; x_wconf 87' lang='lat' dir='ltr'>subjecit.</span> <span class='ocrx_word' id='word_1_913' title='bbox 3237 4021 3433 4083; x_wconf 85' lang='lat' dir='ltr'>Neque</span> <span class='ocrx_word' id='word_1_914' title='bbox 3466 4019 3522 4069; x_wconf 91' lang='lat' dir='ltr'>id</span> <span class='ocrx_word' id='word_1_915' title='bbox 3548 4020 3826 4072; x_wconf 85' lang='lat' dir='ltr'>dillitetur</span> 
     </span>
    </p>
   </div>
   <div class='ocr_carea' id='block_1_131' title="bbox 2229 4090 3823 4155">
    <p class='ocr_par' dir='ltr' id='par_1_131' title="bbox 2229 4090 3823 4155">
     <span class='ocr_line' id='line_1_131' title="bbox 2229 4090 3823 4155; baseline 0 -14"><span class='ocrx_word' id='word_1_916' title='bbox 2229 4092 2291 4141; x_wconf 67' lang='grc' dir='ltr'>ν.</span> <span class='ocrx_word' id='word_1_917' title='bbox 2328 4093 2384 4139; x_wconf 74' lang='lat' dir='ltr'>U.</span> <span class='ocrx_word' id='word_1_918' title='bbox 2428 4092 2513 4139; x_wconf 86' lang='lat' dir='ltr'>Jo.</span> <span class='ocrx_word' id='word_1_919' title='bbox 2542 4090 2795 4153; x_wconf 69' lang='lat' dir='ltr'>Baptista</span> <span class='ocrx_word' id='word_1_920' title='bbox 2838 4091 3125 4155; x_wconf 76' lang='lat' dir='ltr'>Sollerius,</span> <span class='ocrx_word' id='word_1_921' title='bbox 3152 4091 3413 4155; x_wconf 88' lang='lat' dir='ltr'>ejusdem</span> <span class='ocrx_word' id='word_1_922' title='bbox 3436 4090 3823 4155; x_wconf 79' lang='lat' dir='ltr'>Martyrologii</span> 
     </span>
    </p>
   </div>
   <div class='ocr_carea' id='block_1_132' title="bbox 2226 4160 3822 4226">
    <p class='ocr_par' dir='ltr' id='par_1_132' title="bbox 2226 4160 3822 4226">
     <span class='ocr_line' id='line_1_132' title="bbox 2226 4160 3822 4226; baseline 0.002 -15"><span class='ocrx_word' id='word_1_923' title='bbox 2226 4160 2463 4212; x_wconf 81' lang='lat' dir='ltr'>Romani</span> <span class='ocrx_word' id='word_1_924' title='bbox 2489 4164 2649 4224; x_wconf 70' lang='lat' dir='ltr'>parvi</span> <span class='ocrx_word' id='word_1_925' title='bbox 2691 4166 2960 4213; x_wconf 88' lang='lat' dir='ltr'>strenuus</span> <span class='ocrx_word' id='word_1_926' title='bbox 3007 4164 3241 4226; x_wconf 80' lang='lat' dir='ltr'>vindex,</span> <span class='ocrx_word' id='word_1_927' title='bbox 3292 4162 3353 4213; x_wconf 91' lang='lat' dir='ltr'>in</span> <span class='ocrx_word' id='word_1_928' title='bbox 3390 4162 3731 4226; x_wconf 59' lang='lat' dir='ltr'>praefatione</span> <span class='ocrx_word' id='word_1_929' title='bbox 3753 4164 3822 4214; x_wconf 89' lang='lat' dir='ltr'>ad</span> 
     </span>
    </p>
   </div>
   <div class='ocr_carea' id='block_1_133' title="bbox 2227 4232 3825 4295">
    <p class='ocr_par' dir='ltr' id='par_1_133' title="bbox 2227 4232 3825 4295">
     <span class='ocr_line' id='line_1_133' title="bbox 2227 4232 3825 4295; baseline 0.001 -11"><span class='ocrx_word' id='word_1_930' title='bbox 2227 4233 2552 4285; x_wconf 89' lang='lat' dir='ltr'>Usuardum</span> <span class='ocrx_word' id='word_1_931' title='bbox 2584 4244 2711 4295; x_wconf 87' lang='lat' dir='ltr'>pag.</span> <span class='ocrx_word' id='word_1_932' title='bbox 2759 4232 2842 4286; x_wconf 74' lang='grc'>34.</span> <span class='ocrx_word' id='word_1_933' title='bbox 2876 4234 2925 4295; x_wconf 61' lang='grc' dir='ltr'>ξ.</span> <span class='ocrx_word' id='word_1_934' title='bbox 2971 4236 3051 4287; x_wconf 74' lang='grc'>811.</span> <span class='ocrx_word' id='word_1_935' title='bbox 3089 4233 3189 4285; x_wconf 89' lang='lat' dir='ltr'>ubi</span> <span class='ocrx_word' id='word_1_936' title='bbox 3214 4237 3413 4285; x_wconf 88' lang='lat' dir='ltr'>contra</span> <span class='ocrx_word' id='word_1_937' title='bbox 3442 4232 3741 4285; x_wconf 88' lang='lat' dir='ltr'>Valesium</span> <span class='ocrx_word' id='word_1_938' title='bbox 3770 4240 3825 4286; x_wconf 88' lang='lat' dir='ltr'>et</span> 
     </span>
    </p>
   </div>
   <div class='ocr_carea' id='block_1_134' title="bbox 2226 4303 3820 4370">
    <p class='ocr_par' dir='ltr' id='par_1_134' title="bbox 2226 4303 3820 4370">
     <span class='ocr_line' id='line_1_134' title="bbox 2226 4303 3820 4370; baseline -0.002 -16"><span class='ocrx_word' id='word_1_939' title='bbox 2226 4305 2422 4354; x_wconf 71' lang='lat' dir='ltr'>Roma:</span> <span class='ocrx_word' id='word_1_940' title='bbox 2445 4303 2585 4354; x_wconf 87' lang='lat' dir='ltr'>illud</span> <span class='ocrx_word' id='word_1_941' title='bbox 2607 4303 2931 4355; x_wconf 81' lang='lat' dir='ltr'>confectum</span> <span class='ocrx_word' id='word_1_942' title='bbox 2957 4306 3103 4355; x_wconf 88' lang='lat' dir='ltr'>circa</span> <span class='ocrx_word' id='word_1_943' title='bbox 3118 4308 3185 4355; x_wconf 90' lang='lat' dir='ltr'>A.</span> <span class='ocrx_word' id='word_1_944' title='bbox 3214 4306 3279 4356; x_wconf 92' lang='lat' dir='ltr'>D.</span> <span class='ocrx_word' id='word_1_945' title='bbox 3301 4304 3404 4358; x_wconf 81' lang='lat'>770</span> <span class='ocrx_word' id='word_1_946' title='bbox 3426 4308 3486 4355; x_wconf 90' lang='lat' dir='ltr'>et</span> <span class='ocrx_word' id='word_1_947' title='bbox 3508 4305 3820 4370; x_wconf 77' lang='lat' dir='ltr'>Aquilejum</span> 
     </span>
    </p>
   </div>
   <div class='ocr_carea' id='block_1_135' title="bbox 2224 4376 3824 4439">
    <p class='ocr_par' dir='ltr' id='par_1_135' title="bbox 2224 4376 3824 4439">
     <span class='ocr_line' id='line_1_135' title="bbox 2224 4376 3824 4439; baseline 0.003 -13"><span class='ocrx_word' id='word_1_948' title='bbox 2224 4389 2257 4426; x_wconf 91' lang='lat' dir='ltr'>a</span> <span class='ocrx_word' id='word_1_949' title='bbox 2281 4378 2538 4426; x_wconf 75' lang='lat' dir='ltr'>Romano</span> <span class='ocrx_word' id='word_1_950' title='bbox 2566 4376 2832 4428; x_wconf 86' lang='lat' dir='ltr'>Pontitice</span> <span class='ocrx_word' id='word_1_951' title='bbox 2857 4377 3123 4439; x_wconf 89' lang='lat' dir='ltr'>missum,</span> <span class='ocrx_word' id='word_1_952' title='bbox 3147 4381 3212 4428; x_wconf 90' lang='lat' dir='ltr'>ut</span> <span class='ocrx_word' id='word_1_953' title='bbox 3235 4380 3525 4428; x_wconf 86' lang='lat' dir='ltr'>nostrates</span> <span class='ocrx_word' id='word_1_954' title='bbox 3550 4377 3687 4429; x_wconf 86' lang='lat' dir='ltr'>ritui</span> <span class='ocrx_word' id='word_1_955' title='bbox 3713 4380 3824 4430; x_wconf 84' lang='lat' dir='ltr'>Ro-</span> 
     </span>
    </p>
   </div>
   <div class='ocr_carea' id='block_1_136' title="bbox 2223 4446 3824 4511">
    <p class='ocr_par' dir='ltr' id='par_1_136' title="bbox 2223 4446 3824 4511">
     <span class='ocr_line' id='line_1_136' title="bbox 2223 4446 3824 4511; baseline 0 -14"><span class='ocrx_word' id='word_1_956' title='bbox 2223 4460 2395 4497; x_wconf 90' lang='lat' dir='ltr'>mano</span> <span class='ocrx_word' id='word_1_957' title='bbox 2421 4459 2482 4497; x_wconf 89' lang='lat' dir='ltr'>se</span> <span class='ocrx_word' id='word_1_958' title='bbox 2500 4446 2935 4511; x_wconf 85' lang='lat' dir='ltr'>conformarent,</span> <span class='ocrx_word' id='word_1_959' title='bbox 2948 4454 3006 4500; x_wconf 89' lang='lat' dir='ltr'>et</span> <span class='ocrx_word' id='word_1_960' title='bbox 3024 4460 3059 4499; x_wconf 90' lang='lat' dir='ltr'>a</span> <span class='ocrx_word' id='word_1_961' title='bbox 3081 4451 3288 4499; x_wconf 87' lang='lat' dir='ltr'>Sancto</span> <span class='ocrx_word' id='word_1_962' title='bbox 3302 4448 3490 4497; x_wconf 85' lang='lat' dir='ltr'>Adone</span> <span class='ocrx_word' id='word_1_963' title='bbox 3505 4448 3824 4500; x_wconf 86' lang='lat' dir='ltr'>Viennensi</span> 
     </span>
    </p>
   </div>
   <div class='ocr_carea' id='block_1_137' title="bbox 2224 4519 3822 4583">
    <p class='ocr_par' dir='ltr' id='par_1_137' title="bbox 2224 4519 3822 4583">
     <span class='ocr_line' id='line_1_137' title="bbox 2224 4519 3822 4583; baseline 0.001 -15"><span class='ocrx_word' id='word_1_964' title='bbox 2224 4519 2517 4569; x_wconf 55' lang='lat' dir='ltr'>Ravenna</span> <span class='ocrx_word' id='word_1_965' title='bbox 2540 4524 2677 4570; x_wconf 90' lang='lat' dir='ltr'>ante</span> <span class='ocrx_word' id='word_1_966' title='bbox 2700 4522 2768 4570; x_wconf 86' lang='lat' dir='ltr'><strong>A.</strong></span> <span class='ocrx_word' id='word_1_967' title='bbox 2783 4522 2845 4570; x_wconf 90' lang='grc' dir='ltr'>Ι).</span> <span class='ocrx_word' id='word_1_968' title='bbox 2869 4521 2988 4574; x_wconf 59' lang='lat' dir='ltr'>alio.</span> <span class='ocrx_word' id='word_1_969' title='bbox 3004 4520 3359 4583; x_wconf 73' lang='lat' dir='ltr'>exscriptum</span> <span class='ocrx_word' id='word_1_970' title='bbox 3376 4519 3603 4583; x_wconf 87' lang='lat' dir='ltr'>egregie</span> <span class='ocrx_word' id='word_1_971' title='bbox 3621 4523 3822 4569; x_wconf 85' lang='lat' dir='ltr'>demou-</span> 
     </span>
    </p>
   </div>
   <div class='ocr_carea' id='block_1_138' title="bbox 2225 4589 3816 4655">
    <p class='ocr_par' dir='ltr' id='par_1_138' title="bbox 2225 4589 3816 4655">
     <span class='ocr_line' id='line_1_138' title="bbox 2225 4589 3816 4655; baseline 0 -16"><span class='ocrx_word' id='word_1_972' title='bbox 2225 4594 2385 4640; x_wconf 87' lang='lat' dir='ltr'>strat.</span> <span class='ocrx_word' id='word_1_973' title='bbox 2401 4589 2545 4651; x_wconf 83' lang='lat' dir='ltr'>Quid</span> <span class='ocrx_word' id='word_1_974' title='bbox 2563 4592 2859 4653; x_wconf 88' lang='lat' dir='ltr'>speciatim</span> <span class='ocrx_word' id='word_1_975' title='bbox 2876 4591 3054 4655; x_wconf 90' lang='lat' dir='ltr'>hujus</span> <span class='ocrx_word' id='word_1_976' title='bbox 3069 4590 3449 4654; x_wconf 75' lang='lat' dir='ltr'>Martyrologii</span> <span class='ocrx_word' id='word_1_977' title='bbox 3462 4594 3681 4653; x_wconf 84' lang='lat' dir='ltr'>auctor,</span> <span class='ocrx_word' id='word_1_978' title='bbox 3697 4594 3816 4652; x_wconf 85' lang='lat' dir='ltr'>quid</span> 
     </span>
    </p>
   </div>
   <div class='ocr_carea' id='block_1_139' title="bbox 2138 4632 3821 4725">
    <p class='ocr_par' dir='ltr' id='par_1_139' title="bbox 2138 4632 3821 4725">
     <span class='ocr_line' id='line_1_139' title="bbox 2138 4632 3821 4725; baseline 0.004 -17"><span class='ocrx_word' id='word_1_979' title='bbox 2138 4632 2198 4708; x_wconf 86' lang='lat' dir='ltr'><strong>D</strong></span> <span class='ocrx_word' id='word_1_980' title='bbox 2222 4662 2359 4722; x_wconf 83' lang='lat' dir='ltr'>Ado,</span> <span class='ocrx_word' id='word_1_981' title='bbox 2385 4632 2524 4723; x_wconf 69' lang='lat' dir='ltr'>qiiid</span> <span class='ocrx_word' id='word_1_982' title='bbox 2557 4632 2853 4724; x_wconf 50' lang='grc' dir='ltr'>(μίξιιιινίιιιε,</span> <span class='ocrx_word' id='word_1_983' title='bbox 2879 4632 3047 4725; x_wconf 64' lang='lat' dir='ltr'>cujus</span> <span class='ocrx_word' id='word_1_984' title='bbox 3079 4632 3540 4725; x_wconf 40' lang='lat' dir='ltr'>Mart§rolo§gium</span> <span class='ocrx_word' id='word_1_985' title='bbox 3568 4632 3821 4714; x_wconf 63' lang='lat' dir='ltr'>Ecclesia</span> 
     </span>
    </p>
   </div>
   <div class='ocr_carea' id='block_1_140' title="bbox 2222 4733 3819 4798">
    <p class='ocr_par' dir='ltr' id='par_1_140' title="bbox 2222 4733 3819 4798">
     <span class='ocr_line' id='line_1_140' title="bbox 2222 4733 3819 4798; baseline 0.002 -16"><span class='ocrx_word' id='word_1_986' title='bbox 2222 4733 2477 4784; x_wconf 85' lang='lat' dir='ltr'>Romana</span> <span class='ocrx_word' id='word_1_987' title='bbox 2489 4734 2856 4796; x_wconf 88' lang='lat' dir='ltr'>postmodum</span> <span class='ocrx_word' id='word_1_988' title='bbox 2881 4734 3193 4798; x_wconf 86' lang='lat' dir='ltr'>adoptavit,</span> <span class='ocrx_word' id='word_1_989' title='bbox 3220 4733 3501 4795; x_wconf 67' lang='lat' dir='ltr'>exitu/inc</span> <span class='ocrx_word' id='word_1_990' title='bbox 3525 4733 3819 4785; x_wconf 85' lang='lat' dir='ltr'>desumse—</span> 
     </span>
    </p>
   </div>
   <div class='ocr_carea' id='block_1_141' title="bbox 2221 4803 3820 4868">
    <p class='ocr_par' dir='ltr' id='par_1_141' title="bbox 2221 4803 3820 4868">
     <span class='ocr_line' id='line_1_141' title="bbox 2221 4803 3820 4868; baseline 0.001 -15"><span class='ocrx_word' id='word_1_991' title='bbox 2221 4803 2517 4867; x_wconf 84' lang='lat' dir='ltr'>rint,idctn</span> <span class='ocrx_word' id='word_1_992' title='bbox 2537 4804 2811 4864; x_wconf 74' lang='lat' dir='ltr'>Sollerius,</span> <span class='ocrx_word' id='word_1_993' title='bbox 2838 4804 3049 4868; x_wconf 88' lang='lat' dir='ltr'>aliique</span> <span class='ocrx_word' id='word_1_994' title='bbox 3084 4804 3383 4868; x_wconf 85' lang='lat' dir='ltr'>IIagiologi</span> <span class='ocrx_word' id='word_1_995' title='bbox 3407 4804 3637 4856; x_wconf 88' lang='lat' dir='ltr'>abunde</span> <span class='ocrx_word' id='word_1_996' title='bbox 3667 4806 3820 4856; x_wconf 84' lang='lat' dir='ltr'>indi-</span> 
     </span>
    </p>
   </div>
   <div class='ocr_carea' id='block_1_142' title="bbox 2223 4876 3817 4941">
    <p class='ocr_par' dir='ltr' id='par_1_142' title="bbox 2223 4876 3817 4941">
     <span class='ocr_line' id='line_1_142' title="bbox 2223 4876 3817 4941; baseline 0.001 -17"><span class='ocrx_word' id='word_1_997' title='bbox 2223 4880 2441 4939; x_wconf 89' lang='lat' dir='ltr'>carunt,</span> <span class='ocrx_word' id='word_1_998' title='bbox 2466 4879 2529 4926; x_wconf 89' lang='lat' dir='ltr'>ut</span> <span class='ocrx_word' id='word_1_999' title='bbox 2546 4876 2666 4939; x_wconf 89' lang='lat' dir='ltr'>jam</span> <span class='ocrx_word' id='word_1_1000' title='bbox 2682 4880 2869 4927; x_wconf 83' lang='lat' dir='ltr'>actum</span> <span class='ocrx_word' id='word_1_1001' title='bbox 2884 4889 3053 4939; x_wconf 86' lang='lat' dir='ltr'>agere</span> <span class='ocrx_word' id='word_1_1002' title='bbox 3082 4890 3199 4928; x_wconf 89' lang='lat' dir='ltr'>non</span> <span class='ocrx_word' id='word_1_1003' title='bbox 3216 4876 3291 4927; x_wconf 86' lang='lat' dir='ltr'>sit</span> <span class='ocrx_word' id='word_1_1004' title='bbox 3309 4890 3475 4941; x_wconf 90' lang='lat' dir='ltr'>opus.</span> <span class='ocrx_word' id='word_1_1005' title='bbox 3496 4876 3602 4928; x_wconf 88' lang='lat' dir='ltr'>Pro</span> <span class='ocrx_word' id='word_1_1006' title='bbox 3617 4876 3817 4939; x_wconf 81' lang='lat' dir='ltr'>Ruﬁno</span> 
     </span>
    </p>
   </div>
   <div class='ocr_carea' id='block_1_143' title="bbox 2220 4946 3817 5013">
    <p class='ocr_par' dir='ltr' id='par_1_143' title="bbox 2220 4946 3817 5013">
     <span class='ocr_line' id='line_1_143' title="bbox 2220 4946 3817 5013; baseline 0.002 -16"><span class='ocrx_word' id='word_1_1007' title='bbox 2220 4946 2329 4997; x_wconf 91' lang='lat' dir='ltr'>hoc</span> <span class='ocrx_word' id='word_1_1008' title='bbox 2354 4952 2579 4998; x_wconf 88' lang='lat' dir='ltr'>tantum</span> <span class='ocrx_word' id='word_1_1009' title='bbox 2590 4947 2759 5012; x_wconf 87' lang='lat' dir='ltr'>addo,</span> <span class='ocrx_word' id='word_1_1010' title='bbox 2775 4962 2999 5013; x_wconf 71' lang='lat' dir='ltr'>nzevos,</span> <span class='ocrx_word' id='word_1_1011' title='bbox 3017 4950 3115 5012; x_wconf 89' lang='lat' dir='ltr'>qui</span> <span class='ocrx_word' id='word_1_1012' title='bbox 3146 4950 3272 5010; x_wconf 89' lang='lat' dir='ltr'>ejus</span> <span class='ocrx_word' id='word_1_1013' title='bbox 3287 4949 3536 4997; x_wconf 72' lang='lat' dir='ltr'>Historiae</span> <span class='ocrx_word' id='word_1_1014' title='bbox 3558 4948 3817 5000; x_wconf 90' lang='lat' dir='ltr'>tribuun-</span> 
     </span>
    </p>
   </div>
   <div class='ocr_carea' id='block_1_144' title="bbox 2224 5019 3814 5083">
    <p class='ocr_par' dir='ltr' id='par_1_144' title="bbox 2224 5019 3814 5083">
     <span class='ocr_line' id='line_1_144' title="bbox 2224 5019 3814 5083; baseline 0.003 -16"><span class='ocrx_word' id='word_1_1015' title='bbox 2224 5022 2332 5081; x_wconf 90' lang='lat' dir='ltr'>tur,</span> <span class='ocrx_word' id='word_1_1016' title='bbox 2348 5020 2652 5082; x_wconf 88' lang='lat' dir='ltr'>plerosque</span> <span class='ocrx_word' id='word_1_1017' title='bbox 2675 5034 2707 5070; x_wconf 89' lang='lat' dir='ltr'>a</span> <span class='ocrx_word' id='word_1_1018' title='bbox 2730 5019 3101 5071; x_wconf 88' lang='lat' dir='ltr'>multitudine</span> <span class='ocrx_word' id='word_1_1019' title='bbox 3123 5019 3537 5083; x_wconf 78' lang='lat' dir='ltr'>exemplarium</span> <span class='ocrx_word' id='word_1_1020' title='bbox 3553 5021 3814 5079; x_wconf 80' lang='lat' dir='ltr'>ﬂuxisse,</span> 
     </span>
    </p>
   </div>
   <div class='ocr_carea' id='block_1_145' title="bbox 2219 5091 3811 5155">
    <p class='ocr_par' dir='ltr' id='par_1_145' title="bbox 2219 5091 3811 5155">
     <span class='ocr_line' id='line_1_145' title="bbox 2219 5091 3811 5155; baseline -0.001 -13"><span class='ocrx_word' id='word_1_1021' title='bbox 2219 5091 2489 5142; x_wconf 88' lang='lat' dir='ltr'>nimirum</span> <span class='ocrx_word' id='word_1_1022' title='bbox 2508 5105 2579 5142; x_wconf 80' lang='lat' dir='ltr'>ex</span> <span class='ocrx_word' id='word_1_1023' title='bbox 2604 5094 2801 5155; x_wconf 85' lang='lat' dir='ltr'>pretio,</span> <span class='ocrx_word' id='word_1_1024' title='bbox 2827 5094 2884 5143; x_wconf 88' lang='lat' dir='ltr'>in</span> <span class='ocrx_word' id='word_1_1025' title='bbox 2909 5106 3023 5155; x_wconf 90' lang='lat' dir='ltr'>quo</span> <span class='ocrx_word' id='word_1_1026' title='bbox 3041 5092 3239 5143; x_wconf 87' lang='lat' dir='ltr'>eadem</span> <span class='ocrx_word' id='word_1_1027' title='bbox 3264 5093 3499 5143; x_wconf 79' lang='lat' dir='ltr'>historia</span> <span class='ocrx_word' id='word_1_1028' title='bbox 3519 5092 3715 5144; x_wconf 88' lang='lat' dir='ltr'>habita</span> <span class='ocrx_word' id='word_1_1029' title='bbox 3730 5100 3811 5141; x_wconf 81' lang='lat' dir='ltr'>est.</span> 
     </span>
    </p>
   </div>
   <div class='ocr_carea' id='block_1_146' title="bbox 2221 5164 3813 5228">
    <p class='ocr_par' dir='ltr' id='par_1_146' title="bbox 2221 5164 3813 5228">
     <span class='ocr_line' id='line_1_146' title="bbox 2221 5164 3813 5228; baseline 0 -15"><span class='ocrx_word' id='word_1_1030' title='bbox 2221 5166 2405 5224; x_wconf 84' lang='lat' dir='ltr'>Quare</span> <span class='ocrx_word' id='word_1_1031' title='bbox 2438 5177 2570 5214; x_wconf 79' lang='lat' dir='ltr'>cum</span> <span class='ocrx_word' id='word_1_1032' title='bbox 2598 5165 2917 5228; x_wconf 87' lang='lat' dir='ltr'>majoribus</span> <span class='ocrx_word' id='word_1_1033' title='bbox 2954 5164 3170 5215; x_wconf 87' lang='lat' dir='ltr'>nostris</span> <span class='ocrx_word' id='word_1_1034' title='bbox 3193 5169 3384 5227; x_wconf 85' lang='lat' dir='ltr'>grates</span> <span class='ocrx_word' id='word_1_1035' title='bbox 3412 5164 3631 5227; x_wconf 84' lang='lat' dir='ltr'>Ruﬁno,</span> <span class='ocrx_word' id='word_1_1036' title='bbox 3662 5164 3813 5227; x_wconf 90' lang='lat' dir='ltr'>quod</span> 
     </span>
    </p>
   </div>
   <div class='ocr_carea' id='block_1_147' title="bbox 2220 5236 3813 5300">
    <p class='ocr_par' dir='ltr' id='par_1_147' title="bbox 2220 5236 3813 5300">
     <span class='ocr_line' id='line_1_147' title="bbox 2220 5236 3813 5300; baseline -0.002 -14"><span class='ocrx_word' id='word_1_1037' title='bbox 2220 5236 2489 5286; x_wconf 60' lang='lat' dir='ltr'>Ecclesiae</span> <span class='ocrx_word' id='word_1_1038' title='bbox 2514 5236 2731 5287; x_wconf 62' lang='lat' dir='ltr'>Latinae</span> <span class='ocrx_word' id='word_1_1039' title='bbox 2754 5237 2973 5300; x_wconf 89' lang='lat' dir='ltr'>primus</span> <span class='ocrx_word' id='word_1_1040' title='bbox 2997 5236 3256 5287; x_wconf 87' lang='lat' dir='ltr'>omnium</span> <span class='ocrx_word' id='word_1_1041' title='bbox 3276 5238 3572 5283; x_wconf 68' lang='lat' dir='ltr'>Christianae</span> <span class='ocrx_word' id='word_1_1042' title='bbox 3594 5238 3813 5284; x_wconf 70' lang='lat' dir='ltr'>historiae</span> 
     </span>
    </p>
   </div>
   <div class='ocr_carea' id='block_1_148' title="bbox 2220 5307 3808 5371">
    <p class='ocr_par' dir='ltr' id='par_1_148' title="bbox 2220 5307 3808 5371">
     <span class='ocr_line' id='line_1_148' title="bbox 2220 5307 3808 5371; baseline -0.003 -14"><span class='ocrx_word' id='word_1_1043' title='bbox 2220 5307 2405 5358; x_wconf 79' lang='lat' dir='ltr'>fontes</span> <span class='ocrx_word' id='word_1_1044' title='bbox 2426 5308 2788 5370; x_wconf 84' lang='lat' dir='ltr'>reseraverit,</span> <span class='ocrx_word' id='word_1_1045' title='bbox 2814 5320 2929 5358; x_wconf 90' lang='lat' dir='ltr'>non</span> <span class='ocrx_word' id='word_1_1046' title='bbox 2952 5307 3601 5371; x_wconf 71' lang='lat' dir='ltr'>injurimrependendae,</span> <span class='ocrx_word' id='word_1_1047' title='bbox 3621 5312 3687 5358; x_wconf 91' lang='lat' dir='ltr'>ut</span> <span class='ocrx_word' id='word_1_1048' title='bbox 3702 5324 3808 5355; x_wconf 82' lang='lat' dir='ltr'>cuni</span> 
     </span>
    </p>
   </div>
   <div class='ocr_carea' id='block_1_149' title="bbox 2218 5379 3809 5430">
    <p class='ocr_par' dir='ltr' id='par_1_149' title="bbox 2218 5379 3809 5430">
     <span class='ocr_line' id='line_1_149' title="bbox 2218 5379 3809 5430; baseline -0.003 -1"><span class='ocrx_word' id='word_1_1049' title='bbox 2218 5379 2342 5429; x_wconf 88' lang='lat' dir='ltr'>aliis</span> <span class='ocrx_word' id='word_1_1050' title='bbox 2367 5380 2781 5430; x_wconf 87' lang='lat' dir='ltr'>recentioribus</span> <span class='ocrx_word' id='word_1_1051' title='bbox 2806 5380 3011 5429; x_wconf 81' lang='lat' dir='ltr'>iecisse</span> <span class='ocrx_word' id='word_1_1052' title='bbox 3036 5379 3203 5430; x_wconf 85' lang='lat' dir='ltr'>video</span> <span class='ocrx_word' id='word_1_1053' title='bbox 3230 5379 3598 5430; x_wconf 65' lang='lat' dir='ltr'>tiuillelmum</span> <span class='ocrx_word' id='word_1_1054' title='bbox 3612 5384 3737 5427; x_wconf 66' lang='lat' dir='ltr'>Cave</span> <span class='ocrx_word' id='word_1_1055' title='bbox 3764 5380 3809 5425; x_wconf 91' lang='lat' dir='ltr'>iu</span> 
     </span>
    </p>
   </div>
   <div class='ocr_carea' id='block_1_150' title="bbox 2219 5450 3811 5514">
    <p class='ocr_par' dir='ltr' id='par_1_150' title="bbox 2219 5450 3811 5514">
     <span class='ocr_line' id='line_1_150' title="bbox 2219 5450 3811 5514; baseline 0 -13"><span class='ocrx_word' id='word_1_1056' title='bbox 2219 5452 2468 5502; x_wconf 84' lang='lat' dir='ltr'>Historia</span> <span class='ocrx_word' id='word_1_1057' title='bbox 2492 5451 2739 5501; x_wconf 82' lang='lat' dir='ltr'>literaria</span> <span class='ocrx_word' id='word_1_1058' title='bbox 2776 5454 2842 5502; x_wconf 84' lang='lat' dir='ltr'>A.</span> <span class='ocrx_word' id='word_1_1059' title='bbox 2868 5453 2937 5501; x_wconf 90' lang='lat' dir='ltr'>D.</span> <span class='ocrx_word' id='word_1_1060' title='bbox 2966 5452 3088 5514; x_wconf 81' lang='grc'>390,</span> <span class='ocrx_word' id='word_1_1061' title='bbox 3122 5452 3241 5513; x_wconf 91' lang='lat' dir='ltr'>ubi,</span> <span class='ocrx_word' id='word_1_1062' title='bbox 3268 5451 3339 5501; x_wconf 89' lang='lat' dir='ltr'>de</span> <span class='ocrx_word' id='word_1_1063' title='bbox 3368 5451 3564 5514; x_wconf 84' lang='lat' dir='ltr'>Ruﬁno</span> <span class='ocrx_word' id='word_1_1064' title='bbox 3590 5450 3811 5513; x_wconf 85' lang='lat' dir='ltr'>discep—</span> 
     </span>
    </p>
   </div>
   <div class='ocr_carea' id='block_1_151' title="bbox 2218 5521 3809 5587">
    <p class='ocr_par' dir='ltr' id='par_1_151' title="bbox 2218 5521 3809 5587">
     <span class='ocr_line' id='line_1_151' title="bbox 2218 5521 3809 5587; baseline -0.003 -13"><span class='ocrx_word' id='word_1_1065' title='bbox 2218 5527 2367 5584; x_wconf 87' lang='lat' dir='ltr'>tans,</span> <span class='ocrx_word' id='word_1_1066' title='bbox 2392 5523 2452 5573; x_wconf 90' lang='lat' dir='ltr'>in</span> <span class='ocrx_word' id='word_1_1067' title='bbox 2468 5522 2666 5573; x_wconf 87' lang='lat' dir='ltr'>multis</span> <span class='ocrx_word' id='word_1_1068' title='bbox 2699 5526 2867 5586; x_wconf 89' lang='lat' dir='ltr'>errat,</span> <span class='ocrx_word' id='word_1_1069' title='bbox 2894 5528 2952 5574; x_wconf 90' lang='lat' dir='ltr'>et</span> <span class='ocrx_word' id='word_1_1070' title='bbox 2974 5523 3258 5587; x_wconf 70' lang='lat' dir='ltr'>praecipue</span> <span class='ocrx_word' id='word_1_1071' title='bbox 3280 5522 3422 5575; x_wconf 90' lang='lat' dir='ltr'>dum</span> <span class='ocrx_word' id='word_1_1072' title='bbox 3457 5521 3687 5571; x_wconf 81' lang='lat' dir='ltr'>sublesta</span> <span class='ocrx_word' id='word_1_1073' title='bbox 3713 5522 3809 5585; x_wconf 77' lang='lat' dir='ltr'>ﬁde</span> 
     </span>
    </p>
   </div>
   <div class='ocr_carea' id='block_1_152' title="bbox 2215 5594 3808 5658">
    <p class='ocr_par' dir='ltr' id='par_1_152' title="bbox 2215 5594 3808 5658">
     <span class='ocr_line' id='line_1_152' title="bbox 2215 5594 3808 5658; baseline -0.003 -14"><span class='ocrx_word' id='word_1_1074' title='bbox 2215 5596 2511 5645; x_wconf 78' lang='lat' dir='ltr'>versionem</span> <span class='ocrx_word' id='word_1_1075' title='bbox 2535 5595 2780 5658; x_wconf 79' lang='lat' dir='ltr'>Eusebii,</span> <span class='ocrx_word' id='word_1_1076' title='bbox 2797 5596 2869 5646; x_wconf 73' lang='lat' dir='ltr'>al)</span> <span class='ocrx_word' id='word_1_1077' title='bbox 2894 5594 2988 5647; x_wconf 88' lang='lat' dir='ltr'>illo</span> <span class='ocrx_word' id='word_1_1078' title='bbox 3004 5597 3341 5647; x_wconf 86' lang='lat' dir='ltr'>adornatam</span> <span class='ocrx_word' id='word_1_1079' title='bbox 3356 5596 3587 5656; x_wconf 85' lang='lat' dir='ltr'>appellat,</span> <span class='ocrx_word' id='word_1_1080' title='bbox 3612 5602 3808 5655; x_wconf 81' lang='lat' dir='ltr'>propter</span> 
     </span>
    </p>
   </div>
   <div class='ocr_carea' id='block_1_153' title="bbox 2216 5665 3807 5730">
    <p class='ocr_par' dir='ltr' id='par_1_153' title="bbox 2216 5665 3807 5730">
     <span class='ocr_line' id='line_1_153' title="bbox 2216 5665 3807 5730; baseline -0.002 -12"><span class='ocrx_word' id='word_1_1081' title='bbox 2216 5668 2439 5730; x_wconf 87' lang='lat' dir='ltr'>eaquod</span> <span class='ocrx_word' id='word_1_1082' title='bbox 2476 5665 2655 5717; x_wconf 82' lang='lat' dir='ltr'>multa</span> <span class='ocrx_word' id='word_1_1083' title='bbox 2684 5669 3051 5727; x_wconf 84' lang='lat' dir='ltr'>contraxerit,</span> <span class='ocrx_word' id='word_1_1084' title='bbox 3088 5666 3270 5719; x_wconf 90' lang='lat' dir='ltr'>multa</span> <span class='ocrx_word' id='word_1_1085' title='bbox 3306 5666 3606 5727; x_wconf 86' lang='lat' dir='ltr'>addiderit,</span> <span class='ocrx_word' id='word_1_1086' title='bbox 3632 5668 3807 5717; x_wconf 86' lang='lat' dir='ltr'>multa</span> 
     </span>
    </p>
   </div>
   <div class='ocr_carea' id='block_1_154' title="bbox 2215 5738 3805 5804">
    <p class='ocr_par' dir='ltr' id='par_1_154' title="bbox 2215 5738 3805 5804">
     <span class='ocr_line' id='line_1_154' title="bbox 2215 5738 3805 5804; baseline -0.003 -14"><span class='ocrx_word' id='word_1_1087' title='bbox 2215 5738 2662 5803; x_wconf 65' lang='lat' dir='ltr'>praetermiserit.</span> <span class='ocrx_word' id='word_1_1088' title='bbox 2688 5742 2789 5791; x_wconf 89' lang='lat' dir='ltr'>Sed</span> <span class='ocrx_word' id='word_1_1089' title='bbox 2816 5753 2996 5804; x_wconf 89' lang='lat' dir='ltr'>quum</span> <span class='ocrx_word' id='word_1_1090' title='bbox 3021 5742 3252 5804; x_wconf 87' lang='lat' dir='ltr'>Ruﬁnus</span> <span class='ocrx_word' id='word_1_1091' title='bbox 3267 5740 3393 5791; x_wconf 67' lang='lat' dir='ltr'>hinc</span> <span class='ocrx_word' id='word_1_1092' title='bbox 3404 5751 3524 5789; x_wconf 89' lang='lat' dir='ltr'>non</span> <span class='ocrx_word' id='word_1_1093' title='bbox 3552 5742 3805 5789; x_wconf 63' lang='grc'>1116111111-</span> 
     </span>
    </p>
   </div>
   <div class='ocr_carea' id='block_1_155' title="bbox 2214 5809 3803 5876">
    <p class='ocr_par' dir='ltr' id='par_1_155' title="bbox 2214 5809 3803 5876">
     <span class='ocr_line' id='line_1_155' title="bbox 2214 5809 3803 5876; baseline -0.003 -14"><span class='ocrx_word' id='word_1_1094' title='bbox 2214 5811 2449 5863; x_wconf 87' lang='lat' dir='ltr'>matista</span> <span class='ocrx_word' id='word_1_1095' title='bbox 2464 5810 2564 5863; x_wconf 90' lang='lat' dir='ltr'>uni</span> <span class='ocrx_word' id='word_1_1096' title='bbox 2584 5810 2763 5866; x_wconf 76' lang='lat' dir='ltr'>literae</span> <span class='ocrx_word' id='word_1_1097' title='bbox 2775 5812 3099 5876; x_wconf 68' lang='lat' dir='ltr'>adhairens,</span> <span class='ocrx_word' id='word_1_1098' title='bbox 3114 5811 3429 5864; x_wconf 87' lang='lat' dir='ltr'>sententias</span> <span class='ocrx_word' id='word_1_1099' title='bbox 3442 5823 3514 5875; x_wconf 90' lang='lat' dir='ltr'>po</span> <span class='ocrx_word' id='word_1_1100' title='bbox 3522 5809 3601 5861; x_wconf 89' lang='lat' dir='ltr'>tiu</span> <span class='ocrx_word' id='word_1_1101' title='bbox 3609 5822 3803 5873; x_wconf 86' lang='lat' dir='ltr'>s,qua1n</span> 
     </span>
    </p>
   </div>
   <div class='ocr_carea' id='block_1_156' title="bbox 2216 5883 3802 5952">
    <p class='ocr_par' dir='ltr' id='par_1_156' title="bbox 2216 5883 3802 5952">
     <span class='ocr_line' id='line_1_156' title="bbox 2216 5883 3802 5952; baseline -0.006 -10"><span class='ocrx_word' id='word_1_1102' title='bbox 2216 5888 2389 5942; x_wconf 87' lang='lat' dir='ltr'>verba</span> <span class='ocrx_word' id='word_1_1103' title='bbox 2412 5892 2667 5952; x_wconf 89' lang='lat' dir='ltr'>secutus,</span> <span class='ocrx_word' id='word_1_1104' title='bbox 2692 5887 2902 5942; x_wconf 84' lang='lat' dir='ltr'>additis</span> <span class='ocrx_word' id='word_1_1105' title='bbox 2937 5892 2994 5941; x_wconf 91' lang='lat' dir='ltr'>et</span> <span class='ocrx_word' id='word_1_1106' title='bbox 3022 5885 3334 5941; x_wconf 85' lang='lat' dir='ltr'>decurtatis</span> <span class='ocrx_word' id='word_1_1107' title='bbox 3362 5895 3481 5937; x_wconf 89' lang='lat' dir='ltr'>non</span> <span class='ocrx_word' id='word_1_1108' title='bbox 3500 5883 3722 5947; x_wconf 83' lang='lat' dir='ltr'>paucis,</span> <span class='ocrx_word' id='word_1_1109' title='bbox 3752 5887 3802 5933; x_wconf 85' lang='lat' dir='ltr'>et</span> 
     </span>
    </p>
   </div>
  </div>
