3894 6402
534 360 635 414 231

1821 356 2064 408 RUFINI
2101 355 2531 407 PRESBYTER]

3731 348 3840 403 233

537 473 707 535 cujus
726 475 927 523 auctor
937 470 1107 523 homo
1122 470 1297 522 solus.
1320 467 1652 546 Illapublice
1671 468 1727 519 in
1746 469 2129 531 Ecclesiamwe
2154 473 2210 546 Α
2231 468 2647 517 vetustissimum
2658 465 3198 546 (vocat-.InUCatalogo
3211 464 3841 546 codicumidssnngliir

537 556 652 595 non
676 544 775 604 ita,
800 541 908 606 legi
922 546 1161 605 poterat.
1182 543 1365 601 Quare
1380 539 1591 589 librum
1604 541 1983 603 apocryplium
2001 554 2125 600 esse,

540 615 690 666 idem
718 618 1007 676 censetur,
1035 616 1205 674 atque
1221 609 1557 661 auctoritate
1574 623 1781 673 carere,
1801 623 1917 673 qua
1931 610 2133 673 publica

540 686 862 744 inli'cclcsia,
881 688 945 735 ut
960 684 1221 731 canonica
1244 680 1532 745 leguntur,
1555 682 1668 744 legi
1690 682 1890 745 possit.
1908 683 2131 740 Duplicis

539 758 710 808 etiam
734 757 958 820 generis
982 753 1308 817 apocrypha
1330 752 1591 803 Gelasius
1607 755 1919 813 enumerat,
1947 752 2131 800 ortho-

542 829 806 877 doasorum
850 832 905 877 et
939 826 1327 873 litercticorum.
1358 826 1498 876 Haec
1522 825 1755 875 omnino
1779 824 2128 886 rejiciuntur,

540 898 633 949 illa
670 898 958 949 canonicis
1002 900 1394 961 opponuntur,
1436 900 1494 947 et
1527 894 1751 959 publica
1785 899 2030 953 tantum,
2058 894 2131 943 ob

535 980 735 1019 naevos
780 967 1078 1030 quosdam,
1126 967 1187 1016 in
1230 965 1483 1016 Ecclesia
1533 967 1772 1015 lectione
1817 964 2127 1028 privantur.

535 1042 737 1090 Exstat
774 1040 926 1089 enim
958 1042 1155 1089 Canon
1186 1038 1340 1100 apud
1384 1037 1736 1087 Ferrandum
1761 1037 1817 1086 in
1848 1036 2129 1087 Breviario

530 1124 688 1163 num.
737 1110 860 1163 Q33.
913 1110 974 1159 Ut
1017 1114 1210 1173 praeter
1252 1110 1550 1173 scripturas
1587 1110 1875 1157 canonicas
1902 1108 2044 1155 nihil
2070 1108 2127 1155 in

534 1183 767 1232 Ecclesia
792 1182 1017 1245 legatur.
1053 1184 1138 1231 Ila
1172 1193 1402 1244 quoque
1428 1181 1603 1232 sentit
1625 1182 1825 1231 Petrus
1850 1182 1919 1230 de
1949 1183 2128 1229 Marca

531 1254 627 1305 lib.
656 1256 745 1304 III.
776 1265 897 1316 cap.
927 1255 993 1302 II.
1020 1252 1054 1315 §
1080 1252 1128 1303 7.
1168 1252 1238 1302 de
1282 1252 1609 1313 concordia,
1636 1256 1691 1301 et
1728 1254 1929 1301 Petrus
1952 1254 2129 1301 Fran-

536 1324 1055 1375 ciscusChillletius
1072 1323 1145 1373 ad
1177 1323 1444 1385 Vigilium
1472 1324 1824 1385 Tapsensem
1848 1335 1975 1385 pag.
2004 1320 2122 1373 147.

531 1397 669 1446 Ilaec
681 1394 1012 1457 ostendunt,
1029 1394 1255 1444 Eusebii
1271 1393 1578 1443 llistoriam
1593 1392 1817 1457 publica
1836 1398 2057 1442 tantum
2074 1395 2124 1439 in

536 1466 793 1517 Ecclesia
814 1466 1058 1516 lectione
1071 1477 1170 1527 per
1195 1465 1485 1515 Gelasium
1502 1466 1731 1527 privari,
1750 1465 1889 1514 dum
1907 1479 2126 1527 apocry-

531 1539 643 1601 pha
670 1536 992 1587 declaratur
1026 1550 1037 1586 :
1072 1538 1129 1586 in
1154 1548 1326 1599 quem
1379 1548 1616 1587 sensum
1662 1537 1734 1586 ob
1766 1549 1903 1587 suos
1928 1547 2124 1587 naevos

532 1608 771 1659 veniunt
796 1608 1151 1670 Lactantius,
1177 1612 1421 1658 Severus
1444 1608 1745 1670 Sulpicius,
1773 1607 2126 1658 comniodia-

528 1690 659 1736 nus,
683 1680 990 1740 Arnobius,
1004 1680 1265 1729 Clemens
1279 1678 1727 1740 Alexandrinus,
1742 1679 1952 1741 aliique
1966 1692 2122 1738 pries-

530 1750 839 1800 lantissimi
875 1754 1154 1800 auctores.
1194 1751 1375 1800 Immo
1400 1750 1660 1801 Gelasius
1692 1764 1810 1813 cap.
1839 1753 1932 1800 lll.
1966 1749 2119 1812 quod

525 1826 617 1872 est
641 1822 702 1869 de
723 1821 991 1884 opusculis
1014 1822 1351 1883 recipiendis,
1387 1834 1503 1872 non
1530 1821 1713 1872 solum
1741 1822 1963 1871 Eusebii
1987 1822 2119 1870 llis-

530 1892 751 1954 toriam,
776 1894 872 1942 sed
901 1896 957 1942 et
980 1893 1301 1943 Ghromcon
1322 1908 1355 1942 a
1378 1894 1727 1955 Hieronymo
1762 1892 2117 1954 translatum,

525 1968 846 2024 etauctum,
860 1971 1076 2027 propter
1089 1980 1288 2024 rerum,
1304 1967 1473 2024 utait,
1487 1965 1831 2027 singularum
1852 1966 2119 2028 notitiam,

527 2049 645 2097 quae
669 2035 741 2083 ad
765 2036 1171 2084 instructio-nem
1194 2038 1865 2099 pertinent,usqucqitaque
1889 2051 2121 2083 renuen-

527 2108 639 2168 dos,
665 2118 699 2156 a
734 2120 795 2156 se
845 2119 962 2157 non
994 2107 1125 2169 dici,
1169 2108 1355 2170 palam
1404 2114 1662 2160 testatur.
1710 2110 1812 2157 llis
1846 2108 2120 2158 refellitur

530 2178 686 2227 Beati
702 2178 959 2228 Rhenani
977 2178 1399 2241 impudentiam
1412 2180 1669 2242 epistola,
1690 2181 1899 2226 Eusebio
1921 2179 2119 2239 Rufini

525 2250 780 2313 prailixa,
802 2250 897 2299 ubi
914 2249 1223 2311 Gelasium,
1242 2252 1337 2311 ait,
1361 2252 1697 2301 interdicere
1710 2252 1875 2301 nobis
1894 2254 2116 2298 Voluisse

525 2322 754 2371 Eusebii
794 2320 1057 2383 lectione,
1106 2323 1179 2369 vel
1208 2322 1273 2369 ab
1297 2324 1480 2385 aliquo
1512 2323 1668 2369 asino
1714 2324 1981 2384 adjectum
2006 2337 2119 2384 ejus

521 2393 741 2455 decreto,
756 2392 1055 2440 Historiam
1074 2394 1286 2441 Eusebii
1299 2396 1690 2457 apocrypliam,
1709 2405 1857 2455 esse,
1885 2392 1975 2445 vel
1994 2398 2114 2443 tan—

521 2464 654 2513 dem
701 2462 1011 2523 Gelasium,
1062 2464 1170 2513 sibi
1220 2464 1328 2527 ipsi
1372 2466 1741 2527 contrarium,
1795 2466 2115 2527 improbare

519 2534 729 2584 librum
746 2533 878 2584 alibi
896 2547 930 2585 a
947 2548 1008 2585 se
1030 2538 1348 2597 probatum.
1363 2536 1501 2586 Haac
1524 2536 1838 2586 Rhenanus
1858 2550 2112 2595 perperam

520 2605 766 2669 scripsit,
792 2617 925 2655 vero
952 2619 1127 2657 sensu
1168 2608 1615 2670 upoc-rypharum
1648 2620 1765 2656 non
1801 2607 2111 2656 intellecto.

519 2676 723 2726 Libros
748 2681 941 2726 tamen
965 2679 1128 2735 duos,
1147 2680 1360 2739 quibus
1384 2678 1696 2727 Eusebium
1723 2678 1962 2737 [lu/mus
1988 2690 2117 2739 pro-

520 2747 679 2808 sequi
690 2752 798 2810 tur,
813 2750 883 2796 ab
895 2748 1146 2799 Ecclesia
1158 2750 1415 2798 Romana
1427 2746 1694 2809 Catalogo
1708 2749 2110 2805 recipiendorum

518 2818 781 2881 adscribi,
800 2818 963 2869 testis
987 2824 1075 2869 est
1096 2821 1444 2869 Hincmarus
1461 2820 1780 2880 Hemensis,
1808 2830 1842 2867 a
1856 2830 1945 2867 me
1963 2833 2020 2865 su
2028 2835 2115 2877 pe-

519 2890 637 2939 rius
660 2890 980 2952 adductus;
1018 2890 1170 2941 unde
1208 2890 1479 2940 refellitur
1505 2890 1749 2951 Algerus
1783 2890 1841 2938 in
1876 2888 2018 2939 libro
2044 2890 2113 2940 de

519 2961 899 3011 Misericordia
923 2968 978 3011 et
996 2961 1224 3024 iustitia
1266 2973 1389 3023 cap.
1422 2962 1516 3010 Ill.
1543 2962 1657 3011 LII.
1682 2961 1831 3023 apud
1860 2962 2113 3012 Edmun-

517 3032 654 3082 dum
673 3032 1013 3084 Martenium
1030 3033 1089 3082 in
1111 3033 1403 3082 Thesauro
1423 3036 1558 3083 tom.
1590 3034 1651 3084 V.
1677 3045 1804 3095 pag.
1842 3034 1989 3085 1045.
2016 3034 2113 3083 ubi

520 3104 673 3165 quod
700 3104 939 3165 [iu/inus
963 3105 1133 3153 refert
1165 3104 1235 3151 de
1276 3104 1467 3165 pueris
1491 3104 1563 3153 ab
1595 3105 1910 3153 Athanasio
1934 3117 2109 3167 puero

516 3175 836 3237 baptizatis,
850 3179 1142 3237 propterea
1155 3173 1455 3237 improbat,
1469 3175 1620 3237 quod
1650 3175 1840 3224 ltullni
1860 3176 1907 3222 11
1918 3177 2101 3223 istoria

512 3245 879 3295 Ecclesiastica
908 3248 1094 3292 minus
1109 3244 1393 3307 judicatur
1422 3247 1873 3297 aut/tentica.Scd
1886 3259 2001 3297 non
2024 3247 2102 3297 ita

511 3316 737 3366 censuit
760 3317 1007 3366 Sanctus
1037 3317 1342 3379 Gregorius
1368 3318 1629 3380 Magnus,
1655 3319 1752 3379 qui
1778 3318 1837 3366 in
1860 3319 2105 3380 Itegesto

510 3386 611 3437 lib.
664 3388 761 3437 IV.
805 3387 976 3450 epist.
1022 3389 1227 3438 XXXI.
1275 3390 1347 3438 ad
1396 3389 1730 3440 Mauricium
1774 3392 2103 3452 Augustum

510 3457 707 3519 Rufini
729 3458 1064 3522 Historiam,
1100 3464 1163 3510 ut
1190 3461 1581 3517 aut/icnticam,
1607 3465 1664 3511 et
1685 3464 2001 3523 generatim
2018 3475 2104 3513 re-

509 3533 735 3592 ceptam
771 3530 863 3580 his
915 3533 1101 3581 verbis
1154 3532 1446 3583 laudavit:
1485 3532 1849 3581 Ecclesiastica
1893 3548 2102 3597 quoque

510 3606 730 3649 testatur
742 3602 1002 3663 Historia,
1015 3604 1147 3667 quia
1163 3619 1333 3667 quum
1350 3605 1449 3666 piae
1466 3606 1733 3653 memoriae
1747 3607 1816 3653 Ue
1828 3612 2099 3653 ιιειαηιιηυ

507 3673 776 3736 Principi,
793 3674 987 3736 scripto
1020 3676 1201 3723 oblata:
1225 3677 1587 3723 accusationes
1608 3682 1795 3724 contra
1832 3678 2097 3740 episcopos

505 3744 753 3806 fuissent,
767 3744 961 3793 libellos
976 3762 1045 3809 qu
1054 3748 1191 3794 idem
1216 3750 1578 3796 accusationes
1588 3749 1803 3811 accepit,
1818 3755 1861 3796 et
1873 3750 2094 3809 eosdem,

511 3817 608 3877 qui
626 3817 863 3864 accusati
885 3817 1128 3878 fuerant,
1164 3820 1431 3881 episcopos
1476 3835 1788 3881 convocans,
1820 3822 1875 3867 in
1910 3836 2097 3869 eorum

503 3893 780 3949 conspectu
804 3888 1015 3949 libellos,
1048 3904 1179 3953 quos
1196 3896 1480 3956 acceperat,
1512 3893 1887 3953 incendit,etc.
1907 3894 2094 3943 Locus

501 3963 590 4009 est
615 3959 769 4022 apud
792 3960 1170 4021 Rufinumlib.
1192 3964 1259 4012 X.
1287 3975 1409 4025 cap.
1436 3963 1503 4013 II.
1522 3976 1690 4025 quem
1710 3964 1899 4013 innuit
1921 3966 2093 4015 etiam

500 4029 792 4080 Johannes
807 4032 1168 4082 Diaconusm
1190 4034 1313 4083 Vita
1336 4033 1531 4095 magni
1557 4034 1846 4083 Pontiﬁcis
1859 4046 1979 4097 cap.
1996 4037 2089 4086 lll.

499 4104 723 4160 Quanta
738 4114 869 4152 vero
888 4104 1057 4154 fuerit
1071 4104 1222 4165 apud
1238 4117 1439 4154 omnes
1456 4107 1630 4167 hujus
1643 4107 1963 4156 Rulinianaa
1979 4109 2092 4154 llis-

499 4173 660 4221 toriai
678 4173 1005 4236 aestimatio,
1025 4176 1385 4225 manifestius
1407 4176 1599 4225 adhuc
1614 4177 2089 4236 redduntplui-iina

495 4242 646 4292 illius
670 4244 1014 4307 exemplaria
1036 4258 1134 4308 per
1159 4260 1390 4296 omnem
1416 4250 1696 4309 Europam
1714 4248 2085 4313 oliiiidillusa,

494 4326 736 4376 quorum
762 4328 879 4366 non
904 4329 1087 4378 pauca
1111 4331 1168 4367 in
1194 4320 1367 4368 variis
1393 4319 1750 4369 bibliothecis
1769 4321 2083 4374 etiamnum

494 4396 820 4449 supersunt.
851 4390 922 4439 Ut
954 4402 989 4438 a
1031 4390 1387 4441 nostratibus
1413 4391 1696 4453 incipiam,
1740 4392 2083 4449 bibliotheca

492 4461 759 4509 Ecclesia:
788 4460 1056 4523 principis
1082 4462 1140 4511 in
1163 4463 1474 4525 municipio
1492 4466 1679 4512 sancti
1696 4466 1945 4515 Uaiuelis
1970 4472 2083 4520 ele-

491 4537 720 4591 gantem
734 4534 1055 4583 Rullniaiiie
1079 4535 1344 4584 llistoi'ia:
1363 4535 1617 4584 codiceni
1635 4544 1837 4586 servat.
1856 4540 1921 4588 lii
1940 4544 2084 4589 uibu-

489 4601 628 4649 lario
653 4602 1067 4652 Ganonicoruiii
1102 4606 1358 4657 Givitatis
1409 4606 1580 4655 liorivJ
1594 4605 1689 4656 ulii
1713 4608 1859 4658 alius
1884 4618 2078 4665 exstat

488 4684 756 4743 egregius
781 4674 961 4723 codex
1005 4678 1405 4725 inembraneus
1432 4676 1489 4726 iu
1516 4678 1662 4737 tolio,
1688 4654 2077 4743 ceiiiplecteiis
2102 4654 2159 4727 Ι)

486 4742 797 4792 Historiam
823 4745 1038 4805 Rufini,
1074 4750 1131 4795 et
1153 4747 1327 4796 etiam
1360 4748 1584 4796 Victoris
1606 4742 1836 4813 cpiscoiii
1880 4754 2079 4806 Patria:

499 4813 719 4862 Vitem-is
750 4815 809 4861 de
830 4818 1188 4877 persecutione
1226 4818 1535 4880 Vandalica,
1562 4824 1773 4883 qmbus
1798 4826 2079 4881 accedunt

486 4884 812 4957 Hieronymi
838 4890 894 4936 ct
914 4888 1184 4936 Gennudii
1209 4893 1456 4952 Uutalogi
1494 4904 1625 4942 cum
1649 4894 1862 4957 Regula
1885 4900 2076 4951 Sancti

487 4956 793 5005 Pacliomii.
831 4963 1083 5017 Quatuor
1105 4961 1245 5011 alios
1292 4961 1349 5010 in
1386 4956 1749 5014 bibliothecis
1786 4968 2074 5024 Patavmis

486 5034 785 5078 exstantes
810 5036 1071 5081 recenset
1094 5033 1343 5084 Jacobus
1368 5035 1660 5098 Philippus
1688 5038 2071 5096 ’l'hoinasinus

484 5113 610 5177 pag.
635 5099 801 5177 7.17.
835 5101 918 5153 45.
1053 5110 1195 5155 διωι
1218 5106 1276 5154 in
1312 5108 1561 5157 Ecclesia
1576 5111 1903 5173 episcopali,
1920 5119 2071 5177 apud

486 5174 797 5248 Ganonicos
819 5174 1106 5236 regulares
1132 5178 1319 5227 Sancti
1332 5179 1611 5229 Johannis
1623 5181 1685 5229 in
1704 5182 1743 5229 V
1754 5184 1852 5231 irid
1862 5174 1996 5248 ario,
2019 5192 2069 5239 in

483 5246 753 5321 Gceiiobio
779 5248 1003 5297 Sanctae
1019 5250 1282 5312 JUstllla},
1302 5255 1355 5300 et
1380 5251 1531 5313 apud
1550 5253 1826 5303 Eremitas
1850 5246 2073 5321 Augus-

483 5316 743 5366 tinianos.
772 5320 928 5368 Duos
949 5326 1229 5371 numerat
1254 5325 1577 5372 Bernartius
1595 5316 2001 5379 lloiiietuleonius
2017 5337 2068 5382 in

479 5386 667 5439 Diario
680 5391 873 5441 italico
886 5404 1013 5454 pag.
1033 5392 1155 5443 377.
1171 5398 1226 5442 ct
1250 5394 1371 5446 392.
1390 5394 1641 5443 Primum
1659 5396 1718 5445 in
1736 5400 1941 5449 Abbaiia
1958 5407 2065 5453 Flo-

475 5460 956 5519 rentina,alteruiii
972 5477 1030 5513 in
1044 5465 1343 5514 Γθδυὶωιει.
1354 5467 1505 5515 Duos
1524 5468 1719 5517 Romae
1734 5472 1941 5531 pariter
1955 5490 2066 5525 ser-

476 5534 801 5594 vantplutei
818 5536 1072 5585 Vaticani
1090 5549 1248 5586 num.
1268 5536 1424 5588 1078.
1449 5536 1866 5592 οι5089.Α11υω
1887 5548 2067 5596 biblio-

475 5600 639 5652 theca
661 5606 1311 5681 etiamGapranicensis.
1337 5609 1595 5662 Valesius
1611 5612 1672 5661 in
1703 5615 2063 5681 testimoniis,

474 5684 597 5747 suae
622 5676 857 5728 editioni
881 5691 980 5742 pro
1012 5681 1257 5731 Eusebio
1291 5681 1565 5747 praefixis,
1588 5676 1785 5737 laudat
1809 5676 2063 5743 codicem

473 5746 742 5798 Ecclesiae
779 5750 1115 5803 Parisiensis
1160 5756 1293 5804 ante
1327 5753 1448 5817 800,
1497 5768 1682 5808 annos
1726 5766 2057 5820 exaratum;

475 5828 666 5896 quem,
691 5823 791 5871 aut
812 5822 1006 5888 alium,
1028 5825 1090 5877 in
1126 5826 1283 5878 notis
1316 5827 1389 5879 ad
1417 5827 1513 5880 lib.
1536 5830 1630 5881 IV.
1656 5842 1777 5896 cap.
1806 5835 1981 5889 XXII.
2006 5847 2064 5894 et

470 5894 650 5945 adlib.
666 5897 809 5949 Vili.
834 5912 954 5963 cap.
974 5904 1014 5952 ι.
1033 5906 1091 5955 et
1108 5903 1257 5955 xw.
1289 5904 1348 5954 in
1370 5904 1697 5958 subsidium
1720 5894 1976 5978 adducit,
2002 5919 2059 5970 et

2233 545 2374 590 tom.
2408 541 2473 589 II.
2503 551 2629 601 pag.
2656 536 2742 589 ‘21.
2789 539 2847 587 et
2878 534 2963 588 ‘25.
2988 541 3401 588 enumerantur
3436 534 3841 599 Vigorniensis

2232 611 2354 663 87:2.
2384 614 2439 660 ct
2485 608 2919 659 Sarisberiensis
2968 607 3121 661 1001.
3164 609 3266 658 His
3295 608 3443 659 alius
3477 607 3844 669 adjungatur

2232 682 2476 732 cirnobii
2496 680 2892 735 Einsidlensis,
2919 680 3085 741 cujus
3109 680 3381 730 indicium
3408 679 3596 729 debeo
3620 680 3841 737 amplis-

2231 754 2374 803 simo
2392 752 2833 813 Archiepiscgpo
2848 750 3216 811 Ephesiorum
3232 750 3531 801 Dominico
3547 752 3842 808 Passioneo,

2228 826 2455 875 Sancta:
2483 822 2643 871 Sedis
2662 820 3005 884 Apostohcie
3033 822 3412 883 Apocrisiario
3430 820 3588 883 apud
3614 822 3843 877 Rempu-

2229 896 2435 946 blicam
2462 895 2870 944 Helvetiorum.
2904 893 3179 955 Georgius
3204 893 3571 943 Golvenerius
3597 891 3661 940 in
3685 890 3841 940 notis

2231 968 2301 1016 ad
2349 968 2557 1016 librum
2605 966 2670 1014 II.
2697 976 2819 1026 cap.
2853 964 3029 1012 XXII.
3056 967 3105 1025 ᾗ.
3132 963 3181 1015 ‘2.
3226 964 3295 1014 de
3330 963 3539 1025 Apibus
3580 972 3718 1025 pag.
3746 960 3836 1013 33.

2229 1039 2367 1088 citat
2413 1048 2584 1086 suum
2621 1041 2873 1085 veterem
2898 1035 3152 1083 codicem
3187 1036 3288 1083 Ms.
3318 1034 3589 1083 Historias
3616 1032 3835 1083 Rufini.

2227 1110 2327 1161 ubi
2344 1108 2657 1170 legiturlib.
2678 1109 2765 1155 IlI.
2784 1118 2905 1168 cap.
2932 1107 2971 1155 ἰ.
3003 1105 3459 1153 Barlhotomaeum
3481 1102 3835 1167 Apostolum

2227 1182 2283 1228 in
2313 1181 2534 1227 Indiam
2578 1178 2888 1226 interiorem
2918 1189 3019 1239 pro
3049 1178 3289 1225 citeriore
3311 1176 3504 1237 ivisse,
3526 1180 3592 1225 ut
3617 1173 3835 1224 ibidem

2226 1252 2399 1303 habet
2416 1250 2857 1313 Gantipratanus
2887 1260 3013 1311 pag.
3040 1247 3162 1301 244.
3183 1247 3524 1299 Edmundus
3554 1249 3838 1294 Mai-lenius

2225 1324 2284 1374 in
2309 1323 2600 1374 ltinerario
2618 1324 2658 1372 I.
2674 1323 2853 1372 Parte.
2872 1322 2937 1369 II.
2958 1333 3089 1383 pag.
3124 1318 3245 1373 2208.
3264 1320 3405 1370 alios
3418 1320 3621 1380 Ru/ini
3633 1320 3835 1366 codices

2227 1396 2362 1445 Mss.
2390 1405 2689 1457 superesse
2714 1392 2794 1442 ait
2821 1392 2881 1441 in
2913 1393 3159 1442 Abbatia
3181 1390 3596 1442 Gambronensi
3625 1402 3835 1441 mona-

2225 1467 2464 1517 chorum
2489 1463 2950 1515 Cisterciensium
2974 1464 3032 1514 in
3048 1464 3379 1526 episcopatu
3404 1462 3831 1514 Cameracensi.

2286 1538 2379 1587 IX.
2398 1539 2526 1587 Jam
2541 1536 2769 1587 tandem
2781 1535 2969 1597 Rufini
2991 1535 3243 1583 Historiae
3265 1535 3566 1594 editiones,
3594 1540 3832 1594 typogra-

2224 1609 2407 1673 phicis
2426 1609 2622 1658 formis
2636 1619 2961 1669 expressas,
2975 1619 3391 1669 percurramus.
3406 1607 3601 1655 Prima
3613 1607 3833 1652 debetur

2221 1682 2403 1728 Johan
2416 1680 2472 1727 ni
2491 1679 2748 1742 Philippo
2763 1678 2824 1725 de
2838 1678 3009 1739 Ligna
3020 1678 3165 1725 mine
3182 1677 3538 1729 Messanensi
3550 1676 3731 1739 Xysti
3749 1678 3828 1726 iV.

2220 1752 2435 1802 summi
2448 1752 2737 1802 Pontificis
2749 1750 3176 1800 Archiatrorum
3189 1750 3632 1808 comiti,equesiri
3651 1749 3831 1805 digni-

2147 1847 2201 1921 B
2225 1828 2559 1921 tateﬂoriia‘to
2584 1824 2656 1872 ab
2672 1835 2738 1921 eo
2760 1833 2937 1921 quem
2962 1823 3104 1884 ipse,
3133 1822 3830 1921 E’Gntmglfnc'oﬂiﬁisgari‘us

2222 1897 2372 1958 apud
2390 1896 2651 1945 Vellitras
2676 1898 2732 1943 et
2760 1894 2978 1943 Vallem
3003 1895 3284 1943 montium
3308 1895 3631 1954 exceperat.
3647 1892 3826 1937 Ferui-

2220 1969 2410 2016 nando
2436 1966 2638 2016 Sicilia:
2661 1967 2829 2027 Rege,
2866 1970 2924 2014 et
2946 1972 3092 2011 terra:
3114 1966 3249 2011 citra
3276 1965 3546 2025 Pharum,
3568 1974 3691 2025 quo
3720 1974 3827 2012 no-

2221 2039 2376 2089 mine
2395 2040 2661 2100 Regnum
2672 2037 2915 2087 alterum
2931 2036 3173 2099 Apuliae,
3192 2034 3631 2099 Neapolitanum
3648 2033 3827 2095 vulgo

2221 2109 2460 2163 dictum.
2476 2110 2729 2159 Ecclesia
2752 2110 3009 2159 Romana
3025 2108 3305 2171 appellare
3328 2106 3656 2157 consuevit.
3677 2107 3824 2157 Item

2218 2181 2457 2230 Joannes
2512 2182 2801 2243 Philippus
2845 2193 2917 2231 ex
2946 2182 3172 2229 olllcina
3216 2179 3601 2242 iuipressoria,
3640 2190 3823 2240 quam

2219 2255 2415 2304 Romae
2441 2254 2499 2303 in
2524 2252 2749 2303 aedibus
2775 2252 2896 2302 suis
2924 2250 3619 2312 insuuxerat,llistoriam
3636 2251 3827 2300 Euse-

2217 2326 2467 2381 bianam,
2514 2336 2548 2373 a
2580 2325 2779 2384 [tu/ina
2814 2324 3170 2384 translatam,
3209 2323 3393 2384 deque
3433 2334 3538 2372 suo
3561 2326 3822 2377 auctam.

2216 2398 2568 2459 vulgandam
2594 2396 2815 2447 curavit
2830 2399 2894 2444 A.
2918 2396 2984 2444 D.
3011 2394 3168 2447 1470.
3190 2393 3505 2457 lnscriptio,
3525 2404 3661 2457 qum
3677 2406 3822 2454 non,

2215 2476 2273 2518 ut
2313 2470 2452 2519 alias
2494 2467 2556 2517 in
2580 2467 2761 2530 prima
2806 2467 3032 2529 pagina,
3080 2464 3181 2516 sed
3206 2470 3337 2529 post
3358 2464 3719 2527 Lignaminei
3746 2467 3821 2515 ad

2216 2541 2466 2603 Xystum
2488 2540 2816 2602 pontificem
2840 2538 3315 2599 nuncupatoriam
3340 2537 3662 2599 epistolam,
3676 2536 3819 2598 legi-

2217 2616 2326 2670 tur,
2370 2612 2497 2662 haec
2539 2616 2663 2660 est:
2712 2610 2866 2657 Liber
2908 2610 3155 2657 Historiae
3190 2608 3559 2657 Ecclesiasticae
3592 2607 3821 2656 Eusebii

2215 2683 2577 2741 Caesariensis,
2596 2696 2761 2745 quam
2787 2685 2985 2729 Biantis
3009 2682 3249 2741 [tu/inus
3274 2678 3618 2742 presbyterde
3640 2682 3821 2727 Graece

2216 2755 2271 2801 in
2300 2756 2559 2802 Latinum
2598 2754 2893 2800 transtulit.
2923 2754 2984 2802 1n
3030 2753 3142 2802 line
3168 2752 3357 2815 aperis
3385 2752 3443 2801 in
3482 2751 3667 2801 forma
3686 2750 3819 2811 folii

2212 2826 2622 2876 adscribuntur
2642 2824 2765 2875 hinc
2799 2824 2997 2875 verba:
3021 2824 3303 2871 Millesimo
3320 2837 3585 2871 occepxxVi
3609 2823 3698 2870 die
3724 2822 3815 2874 13).

2212 2897 2351 2945 Maii
2376 2899 2436 2946 Ι).
2463 2897 2535 2945 Μ.
2574 2895 2717 2944 Sia‘ti
2751 2896 2934 2958 quarti
2960 2910 3108 2944 anno
3132 2895 3245 2957 ejus
3275 2895 3464 2958 quinto
3488 2894 3817 2958 completum

2212 2976 2281 3016 est
2310 2970 2405 3016 hoc
2429 2982 2578 3029 opus.
2604 2969 2667 3017 In
2683 2967 2921 3029 epistola
2940 2968 3123 3030 Xysto
3136 2968 3229 3017 IV.
3248 2968 3557 3017 Historiam
3581 2978 3817 3017 nuncu-

2212 3052 2373 3103 pans,
2392 3054 2524 3089 eum
2541 3039 2886 3101 laudatquod
2910 3040 3050 3086 inter
3069 3053 3268 3102 paucos
3280 3040 3575 3086 admodum
3586 3038 3816 3087 Princi-

2210 3126 2299 3175 pes
2323 3112 2505 3174 Italiae,
2535 3112 2772 3173 ingeniis
2794 3112 2989 3173 faveat,
3014 3111 3158 3157 viros
3181 3110 3414 3159 literatos
3437 3116 3481 3157 et
3505 3111 3683 3159 doctos
3708 3111 3813 3159 ho-

2211 3182 2434 3231 noribus
2458 3189 2501 3230 et
2522 3180 2762 3244 praemiis
2796 3182 2978 3243 dignis
2999 3182 3203 3229 attollat
3225 3187 3273 3230 et
3296 3181 3529 3244 nutriat,
3553 3182 3615 3229 in
3640 3196 3807 3245 quem

2209 3272 2333 3304 omn
2347 3257 2387 3302 is
2411 3257 2749 3303 eruditorum
2768 3256 2923 3301 turba
2940 3254 3178 3316 suspirat
3204 3260 3247 3301 et
3270 3254 3486 3303 clamat.
3505 3254 3676 3304 Aitse
3692 3264 3809 3312 post

2202 3326 2465 3390 plurima,
2491 3340 2595 3376 suo
2614 3328 2784 3388 jussu
2814 3325 2966 3388 typis
2990 3326 3292 3389 impressa,
3319 3330 3375 3375 et
3399 3324 3586 3375 eidem
3610 3325 3807 3387 Xysto

2203 3399 2408 3460 dicata,
2434 3398 2689 3447 animum
2718 3396 3071 3447 convertisse
3083 3396 3156 3446 ad
3179 3396 3514 3458 Historiam,
3539 3397 3687 3447 etab
3706 3399 3806 3446 hac

2202 3470 2504 3520 Rufiniana
2526 3469 2908 3531 auspicatum.
2944 3468 3130 3519 Editio
3167 3468 3365 3530 paucis
3388 3469 3573 3532 obvia,
3600 3480 3805 3531 quam,

2201 3545 2265 3592 ut
2284 3542 2740 3593 vetustissimam
2762 3540 3170 3591 laudatmerite
3194 3540 3377 3590 Janus
3402 3539 3805 3591 Getbhardus:

2199 3619 2287 3663 est
2307 3613 2556 3677 elegans,
2579 3611 2758 3663 literis
2792 3616 2980 3661 tamen
2996 3612 3186 3674 paullo
3203 3611 3604 3674 crassioribus,
3618 3614 3676 3663 et
3686 3612 3804 3675 syl-

2196 3683 2363 3748 labis,
2394 3697 2463 3735 ex
2497 3685 2697 3735 sieculi
2741 3685 2908 3746 genio
2947 3695 3102 3746 saepe
3140 3683 3462 3734 contractis.
3489 3682 3706 3747 Gopula
3737 3689 3803 3735 et

2197 3756 2418 3819 vulgari
2450 3768 2690 3807 numero
2725 3756 3043 3819 septenario
3082 3756 3254 3805 ferme
3298 3755 3625 3819 respondet,
3650 3767 3801 3818 quo-

2194 3835 2365 3877 modo
2390 3828 2446 3877 in
2473 3830 2606 3877 Mss.
2635 3840 2669 3876 a
2693 3832 2909 3877 smculo
2934 3839 3011 3875 XI.
3035 3827 3325 3877 interdum
3357 3826 3620 3876 occurrit.
3650 3827 3797 3879 Vide

2196 3898 2509 3949 Mabillonii
2532 3911 2652 3949 rem
2679 3900 2732 3948 di
2740 3898 3103 3961 plomaticam
3128 3910 3257 3961 pag.
3283 3896 3406 3951 423.
3419 3902 3476 3948 et
3508 3897 3631 3951 4‘29.
3650 3899 3789 3951 edit.

2194 3972 2259 4020 II.
2285 3975 2340 4021 et
2368 3973 2454 4022 Jo.
2488 3972 2816 4021 Michaelem
2842 3970 3207 4021 Heineccium
3231 3973 3292 4019 in
3318 3972 3696 4033 Syntagmate
3720 3975 3791 4024 de

2194 4043 2392 4105 sigillis
2410 4042 2670 4107 pag.2l9.
2691 4045 2901 4105 quibus
2925 4042 3070 4093 adde
3094 4047 3356 4093 auctores
3382 4045 3787 4093 Adnotationum

2190 4118 2261 4166 ad
2285 4118 2309 4164 J
2321 4129 2371 4165 ο.
2391 4116 2635 4165 Boccatii
2653 4117 3094 4165 becameronem
3107 4126 3234 4177 pag.
3252 4114 3337 4167 04.
3353 4118 3410 4165 et
3421 4116 3786 4169 Leonardum

2190 4187 2495 4237 Salviatum
2512 4188 2568 4236 in
2580 4187 2822 4236 Aniinad
2832 4201 2859 4235 γ
2869 4186 3186 4237 ersionibus
3200 4186 3319 4236 suis
3332 4186 3403 4237 de
3428 4188 3651 4249 Lingua
3673 4191 3788 4239 Ita-

2186 4258 2296 4308 lica
2321 4263 2455 4308 tom.
2482 4260 2523 4306 l.
2562 4260 2659 4307 lib.
2695 4259 2787 4307 lll.
2822 4272 2944 4321 cap.
2984 4259 3127 4308 VIII.
3163 4259 3257 4307 IX.
3288 4259 3354 4307 Χ.
3378 4258 3788 4323 Adstipulatur

2185 4329 2330 4392 lapis
2364 4330 2623 4380 Βάδὶιὶοω
2658 4330 2849 4379 Sancti
2887 4328 3069 4379 Paulli
3101 4330 3159 4378 in
3206 4329 3309 4379 Via
3340 4330 3594 4380 Ostiensi
3625 4334 3782 4396 apud

2188 4404 2571 4464 Itlargarinum
2608 4414 2734 4463 pag.
2774 4401 2857 4454 19.
2895 4413 3053 4451 num.
3085 4398 3207 4452 252.
3234 4402 3441 4451 Charta
3466 4408 3555 4452 est
3578 4405 3782 4469 nitida,

2186 4474 2368 4524 solida
2380 4476 2769 4535 etmagiia,cuj
2782 4473 3117 4535 usmargine
3128 4484 3219 4522 ain
3229 4475 3318 4535 plo
3330 4480 3375 4519 el
3390 4477 3619 4532 spacioso
3631 4480 3782 4524 totius

2183 4549 2493 4595 contextus
2511 4548 2693 4595 forma
2710 4547 3165 4607 circumquaque
3184 4544 3443 4596 vallatur.
3461 4548 3780 4608 Typogrnplii

2176 4618 2456 4679 juniores,
2481 4618 2539 4667 in
2556 4617 2681 4667 aliis
2703 4617 2992 4679 ceteroqui
3010 4628 3125 4667 non
3144 4618 3344 4679 paucis
3371 4623 3780 4679 supraseniores

2184 4688 2311 4739 illos
2334 4696 2699 4752 praestantes,
2724 4693 2875 4739 certe
2897 4690 3043 4739 hanc
3068 4688 3429 4751 splendidam
3452 4693 3509 4739 et
3536 4698 3778 4753 magnifi-

2178 4773 2303 4810 cam
2327 4761 2690 4823 imprimendi
2713 4763 2951 4811 formam
2985 4760 3395 4820 dedidicerunt,
3422 4762 3513 4811 vel
3534 4769 3774 4829 assequi

2176 4832 2397 4883 nolunt.
2422 4835 2605 4895 llujus
2621 4832 2888 4883 editionis
2903 4831 3147 4895 singulis
3164 4831 3404 4895 capitula
3419 4838 3771 4899 praefiguntur,

2175 4916 2305 4967 quin
2327 4903 2421 4954 alii
2459 4905 2639 4951 titulos
2675 4908 2902 4967 vocant,
2929 4916 3001 4955 ex
3038 4904 3250 4967 quibus
3274 4903 3517 4955 lectores
3546 4910 3690 4969 quid
3716 4911 3773 4962 in

2172 4978 2332 5026 libris
2350 4980 2614 5039 lactetur,
2646 4988 2766 5027 uno
2787 4976 2957 5039 quasi
2981 4976 3194 5027 intuitu
3212 4983 3562 5039 agnoscunt.
3587 4983 3690 5030 Hoc
3708 4987 3771 5029 ab

2173 5049 2420 5098 Eusebio
2445 5048 2587 5111 ipso,
2615 5062 2731 5098 non
2752 5050 2824 5099 ab
2852 5049 2981 5110 alio,
3007 5048 3224 5099 factum
3250 5050 3520 5101 observat
3536 5053 3768 5104 Valesius

2172 5122 2231 5171 in
2255 5122 2408 5171 notis
2434 5120 2505 5171 ad
2530 5125 2700 5184 caput
2728 5123 2770 5171 Ι.
2809 5122 3079 5183 Rufinum
3102 5132 3213 5183 que
3241 5121 3301 5171 in
3325 5133 3430 5192 sup
3454 5126 3769 5189 exemplari

2172 5192 2373 5243 eadem
2417 5193 2729 5256 reperisse:
2779 5193 2953 5255 idque
2998 5204 3269 5256 apparere
3311 5206 3382 5243 ex
3417 5195 3552 5245 Mss.
3576 5197 3769 5261 Rufini

2170 5265 2483 5327 codicibus,
2518 5277 2763 5327 quorum
2819 5277 3022 5323 unum,
3074 5270 3139 5315 ut
3175 5268 3295 5327 jam
3334 5265 3470 5329 dixi,
3498 5274 3633 5320 ante
3661 5270 3765 5325 700

2168 5349 2352 5387 annos
2378 5338 2725 5399 descriptum
2750 5348 2927 5398 penes
2953 5350 3014 5387 se
3038 5336 3259 5388 habuit.
3283 5338 3422 5388 Haec
3444 5342 3763 5395 ostendunt

2167 5408 2607 5471 Lignamineum
2631 5420 2863 5470 quoque
2888 5421 3056 5458 suam
3088 5407 3397 5460 editionem
3418 5422 3493 5460 ex
3532 5418 3761 5468 vetusto

2168 5480 2360 5530 codice
2376 5481 2750 5542 expressisse.
2770 5482 2849 5530 lle
2872 5480 3209 5544 hujusmodi
3230 5480 3408 5531 titulis
3424 5483 3513 5545 egi
3538 5484 3637 5536 lib.
3666 5490 3754 5539 Ill.

2165 5552 2212 5612 ξ.
2242 5550 2292 5603 5,
2337 5551 2588 5600 Primam
2635 5551 2784 5601 hanc
2826 5552 3054 5602 Eusebii
3089 5552 3380 5602 Rullniani
3423 5556 3756 5617 editionem,

2164 5634 2264 5685 per
2298 5622 2740 5686 Lignamineum
2770 5629 3047 5686 curatam,
3085 5624 3226 5675 tanti
3251 5637 3454 5676 omnes
3478 5627 3754 5690 fecerunt,

2164 5699 2227 5745 ut
2247 5695 2340 5745 vix
2368 5696 2540 5758 edita,
2567 5695 2761 5746 statim
2786 5696 3390 5748 distractal‘uerit.Hoc
3412 5699 3547 5751 inde
3572 5701 3751 5767 Iltpa-

2162 5769 2295 5828 lam,
2315 5767 2466 5831 quod
2482 5780 2620 5818 mox
2632 5768 2831 5823 eodem
2843 5781 2996 5820 anno
3012 5782 3205 5817 rursus
3227 5769 3381 5819 illam
3400 5770 3589 5821 iterari
3611 5790 3752 5835 opor-

2164 5842 2336 5896 tuerit
2353 5842 2559 5893 iisdem
2574 5844 2727 5894 notis
2752 5847 2807 5894 et
2832 5843 3033 5908 signis,
3059 5842 3272 5907 quibus
3300 5843 3453 5907 prior
3475 5845 3536 5897 in
3552 5848 3747 5898 lucem

2158 5916 2461 5983 prodierat,
2493 5918 2543 5967 si
2571 5930 2745 5970 unam
2767 5918 3066 5983 epistolam
3094 5920 3575 5983 nuncupatoriam
3599 5925 3659 5973 et
3681 5921 3748 5971 li—
