3894 6402
53 361 175 419 233
1356 354 1551 406 VITA.
1588 351 1725 404 LIB.
1756 351 1827 402 II.
1861 349 2018 402 CAP.
2050 349 2149 402 XI.
3276 348 3383 405 234

39 481 232 531 brum
258 475 519 543 Primum
542 475 919 549 excipiamus.
948 472 1047 549 ‘1!“
1086 470 1752 549 n°Y°3l¥19°°JYP°SA
1781 469 1982 549 ροειεει
2010 462 2425 549 Ρωδέβέεὲῑὲἓῖ
2439 461 2704 549 ειΞΨΡΞὲξὲθ
2729 462 3379 549 ἓίοξβοίὲθφιθρῖιυω

33 533 351 611 ειὼίὶιηύι
367 560 498 601 eam
513 559 648 601 cum
666 533 852 613 priore
866 533 1178 598 conferenti
1203 533 1436 615 patebit.
1476 533 1679 591 Secun-
1695 533 1752 549 “
1779 548 1986 615 genere
2018 548 2111 615 hac
2172 533 2428 615 superior
2467 533 2691 615 prodiit
2728 534 3195 615 Puggu.ni,napud
3214 537 3382 588 Bene-

32 601 181 671 dam
204 601 362 672 lianc
406 601 714 682 editionem,
762 631 798 671 a
823 617 994 683 priori
1020 601 1323 681 perparum
1361 614 1678 686 diversam,
1780 608 1985 686 dictum
2007 606 2242 686 Bonpitn
2268 606 2333 655 Α-
2369 601 2617 686 9-3591!-
2643 602 2974 686 8915331‘111
3006 605 3081 686 8"-
3118 607 3381 686 Bottssar-

28 692 475 758 Lignamineus
494 676 768 755 apparere
788 676 975 742 voluit
989 676 1051 739 in
1065 676 1298 739 nomine
1317 684 1681 758 Guille‘lmi‘de
1779 677 1890 758 dlis
1905 678 1966 728 in
1989 676 2320 754 Pmratipne
2342 676 2414 724 ad
2433 676 2814 758 Polntfbe‘rium‘
2833 676 2933 739 ait,
2952 689 3015 728 se
3031 677 3182 758 hanc
3194 679 3383 732 Histo-

31 744 448 815 Es‘toutavilla
471 744 723 826 episcopi
747 759 1052 822 Ostiensis,
1076 759 1130 809 S.
1153 760 1217 809 R.
1269 758 1329 808 Ε.
1368 754 1679 807 Cardinalis
1776 748 1921 826 riam
1965 759 2147 826 quum
2185 744 2308 808 jam
2365 744 2515 823 apud
2551 744 2894 826 bibliopolae
2926 747 3111 825 peride
3153 763 3229 826 ac
3268 763 3381 797 non

25 816 871 897 Rotomagensismuncupati,
895 843 1010 895 quo
1033 816 1273 893 dignum
1287 840 1449 891 opus,
1468 826 1680 900 prmdi-
1777 822 2082 900 wstarefgjl
2090 830 2319 900 £1893“???
2327 816 2560 900 Ϊερῗΐῆζξ
2574 816 3267 900 V_if19t'f3t,.i'tnprim.endam
3288 832 3382 900 cu-

30 911 158 966 cat,
212 887 531 957 exurerum
560 887 831 968 gestarum
855 887 1174 965 cognitione,
1197 906 1245 949 et
1268 887 1504 948 auctoris
1536 912 1680 961 proe-
1776 887 2403 968 rassediligentissime
2416 887 2771 968 castigatam.
2880 888 2928 968 si
2966 889 3131 968 enim,
3166 891 3373 968 inquit,

22 956 273 1036 stantia,
318 982 364 1025 et
392 956 663 1040 quoniam
682 956 1051 1039 disciplinam
1071 956 1495 1025 Ecclesiasticam
1516 956 1657 1033 sapit

1775 958 2145 1024 superioribus
2167 956 2332 1004 annis
2361 956 2621 1040 impressa
2641 956 2827 1040 fuisset
2843 958 3196 1022 (“gentium
3211 964 3278 1012 Α,
3301 962 3369 1012 Β,

25 1026 355 1110 ϐαι-αἰτέω,
404 1026 585 1111 quem
628 1026 879 1098 laudat-8.
916 1056 977 1097 re
992 1044 1208 1109 paratis
1238 1041 1463 1106 templis
1488 1026 1680 1092 Sancti
1782 1030 1951 1112 1514-)
1997 1029 2211 1108 mendae.
2248 1031 2444 1112 ιαιηξη»
2495 1026 2933 1112 ςιιιίριιειαὸιιηάᾴ,
2956 1044 3228 1112 respersus
3252 1035 3374 1112 .crqt

24 1101 384 1185 Augustini,
409 1101 469 1170 et
490 1118 724 1170 Sanctis
744 1118 941 1169 Maria
958 1101 1215 1180 majoris,
1231 1101 1486 1178 quinque
1502 1111 1658 1163 millia

1775 1101 1958 1161 codex,
1982 1114 2156 1163 quum
2194 1101 2253 1146 in
2278 1101 2433 1156 notis,
2457 1101 2628 1161 signis
2664 1104 2710 1147 et
2743 1101 2976 1162 punctis,
3013 1105 3129 1148 tum
3156 1101 3217 1149 in
3241 1102 3375 1166 ipsis

774 1169 1067 1241 volumina
1095 1189 1155 1237 in
1176 1169 1318 1235 hanc
1344 1169 1439 1249 usq
1450 1200 1510 1233 ue
1534 1184 1658 1233 dien

1775 1170 2042 1219 vocabulis
2079 1176 2131 1249 ἐι
2175 1169 2399 1249 integris
2447 1169 2737 1249 sententiis,
2768 1169 3044 1233 plerosque
3088 1171 3374 1221 literarum

25 1261 138 1328 (15.
172 1262 316 1314 Maii
337 1260 517 1325 1476.)
550 1274 657 1313 suo
676 1262 851 1326 jussu
873 1262 1158 1325 impressa
1181 1258 1487 1323 significat.
1521 1258 1675 1307 Inter

36 1339 176 1391 hac
214 1336 524 1401 speciatim
565 1337 825 1389 nominat
852 1335 1130 1401 opuscula
1152 1334 1295 1386 Sixti
1315 1333 1406 1383 IV.
1442 1332 1504 1381 de
1529 1331 1675 1381 San-

36 1411 219 1473 guine
245 1409 478 1472 Christi,
500 1408 565 1458 de
589 1410 833 1474 potentia
852 1409 966 1470 Dei,
982 1408 1105 1457 etde
1125 1407 1333 1471 futuris
1359 1405 1673 1468 contingen-

33 1481 184 1531 ibus.
211 1482 458 1533 Ceteras
483 1485 754 1533 auctores
777 1482 850 1533 ab
869 1480 1076 1533 eodem
1091 1490 1361 1539 excusos,
1390 1489 1539 1541 quos
1565 1488 1673 1540 ego

40 1552 513 1614 observaverim,
536 1553 596 1605 in
616 1553 861 1618 gratiam
877 1552 1342 1618 bibliophilorum
1362 1549 1456 1602 hic
1490 1548 1673 1601 obiter

40 1624 385 1678 adnotabo.

107 1695 162 1751 1.
184 1694 409 1749 Iliados
432 1695 665 1748 Homeri
678 1695 772 1747 lib.
800 1698 894 1747 III.
921 1695 1016 1748 IV.
1040 1695 1109 1747 V.
1130 1694 1277 1745 XIII.
1296 1693 1497 1743 XVIII.
1515 1692 1667 1743 XIX.

1776 1247 2019 1291 amantes
2059 1240 2187 1304 jure
2231 1240 2296 1289 ab
2340 1239 2454 1303 ejus
2486 1240 2703 1288 lectione
2732 1245 2991 1290 deterrere
3021 1247 3286 1305 poterant,
3329 1249 3375 1292 et

1773 1316 1994 1378 tegentes
2017 1326 2130 1362 non
2161 1326 2366 1376 parum
2388 1310 2670 1375 offendere.
2693 1312 2871 1370 Quare
2896 1312 3004 1376 ipse
3034 1314 3376 1364 Boussardus

1773 1385 1959 1434 multis
1981 1383 2376 1449 exemplaribus
2398 1391 2443 1432 et
2468 1384 2791 1447 archetypis,
2828 1399 2960 1447 quos
2984 1399 3052 1433 ea:
3087 1386 3258 1434 variis
3290 1386 3372 1434 bi-

1773 1458 2043 1507 bliothecis
2079 1456 2459 1519 conquisierat,
2499 1470 2619 1503 eam
2652 1456 2935 1518 castigavit
2956 1460 3006 1504 ct
3052 1457 3370 1517 emendavit,

1771 1544 1940 1595 quam
1959 1529 2133 1593 potuit
2158 1527 2576 1586 accuratissime,
2602 1542 2716 1576 non
2745 1528 3034 1576 sententias
3066 1528 3244 1587 modo,
3280 1530 3371 1578 sed

1768 1602 2014 1665 singulas
2029 1614 2162 1665 pene
2184 1599 2433 1663 syllabas.
2463 1601 2531 1650 In
2552 1599 2741 1661 Rufini
2763 1600 3026 1651 versione
3048 1598 3373 1651 laudatser-

1772 1673 1951 1721 monis
1995 1671 2287 1733 culturam,
2332 1685 2449 1733 quae
2501 1675 2654 1717 tanta
2677 1673 2765 1729 est,
2793 1674 2851 1717 ut
2876 1684 3050 1732 quum
3080 1673 3264 1720 Greca
3298 1673 3368 1721 sit

1771 1744 2035 1801 Historia,
2071 1744 2279 1790 mirum
2314 1746 2382 1789 Sit
2426 1744 2638 1789 tantam
2672 1740 2732 1788 in
2760 1742 3007 1789 vertendo
3042 1747 3369 1791 venustatem

42 1768 234 1819 latino
251 1766 510 1819 carmine
526 1767 785 1832 expressi
799 1779 833 1819 a
850 1766 1078 1819 Nicolao
1090 1766 1162 1818 de
1180 1763 1356 1828 Vaile,
1373 1768 1477 1816 eta
1493 1762 1664 1816 Latio

46 1843 224 1905 patre
243 1838 485 1904 vulgati.
503 1838 682 1890 Romae
706 1840 766 1888 in
790 1839 948 1889 domo
961 1839 1027 1889 Jo
1050 1837 1301 1902 Philippi
1334 1836 1396 1886 de
1418 1836 1664 1900 Lingua-

46 1912 206 1960 mine
234 1909 399 1964 1474.
421 1908 583 1964 ἱιι-4’.

112 1982 171 2036 2.
209 1982 467 2035 Terentii
490 1980 798 2034 Commdise
820 1981 1003 2033 instar
1024 1992 1213 2046 prosa
1228 1979 1392 2033 in-i'.

117 2053 178 2108 3°
215 2054 351 2106 Joh.
388 2052 630 2118 Philippi
665 2052 737 2105 de
773 2052 1113 2117 Lignamine
1150 2051 1470 2103 Chronicon
1492 2049 1663 2103 Sum-

60 2138 302 2177 morum
325 2125 668 2177 Pontiﬁcum
691 2126 1221 2190 Imperatorumque
1235 2121 1562 2177 1474.1n-4'.

115 2197 195 2251 4⁸.
236 2198 284 2246 ιι
308 2196 691 2261 Pungilingua
713 2196 1068 2247 diDomenico
1087 2195 1319 2248 Cavalca
1340 2195 1413 2245 da
1442 2194 1562 2246 Vico
1572 2193 1663 2243 Pi-

47 2284 190 2317 sano
214 2267 373 2323 1472.
398 2268 640 2320 in-folio.

115 2342 185 2391 In
212 2340 546 2404 prmratione
566 2339 639 2392 ad
658 2339 970 2393 Mathmum
981 2339 1153 2392 Marci
1169 2339 1452 2391 Abbatem
1467 2338 1659 2391 Sancti

52 2410 295 2474 Placidi,
320 2412 417 2474 ait,
444 2423 510 2464 se
537 2411 823 2464 abiennio
852 2423 967 2476 quo
982 2414 1181 2465 Roma
1211 2414 1487 2475 moratur,
1517 2411 1661 2463 sub-

59 2488 385 2548 sequentes
410 2483 588 2536 libros
616 2483 883 2538 edidisse.

149 2554 590 2618 Quintilianum.

148 2626 511 2679 Suetonium.

148 2691 428 2742 Leonem.

150 2761 536 2813 Lactantium.

149 2833 528 2885 Ambrosium
550 2831 622 2884 de
650 2831 871 2885 oﬂlciis.

156 2904 452 2957 Laurentii
476 2903 653 2957 Valla
672 2902 1035 2969 elegantiam.

154 2976 381 3028 Horatii
406 2974 702 3040 opuscula.

122 3045 175 3100 5.
190 3048 395 3100 Proba
406 3051 572 3100 cento
590 3058 722 3099 cum
734 3045 1027 3111 opusculis
1043 3045 1281 3113 Philippi
1300 3044 1660 3098 Dominicani

61 3121 281 3178 Romae,
312 3118 468 3185 apud
499 3118 821 3184 Philippum
848 3119 919 3170 de
949 3119 1283 3184 Lignamine
1315 3117 1473 3173 1481.
1504 3116 1659 3170 in-l".

1689 1798 1744 1875 B
1770 1829 2001 1865 servasse
2022 1798 2304 1876 Rufinum.
2334 1812 2565 1874 Ruﬁnus
2594 1812 2758 1859 etiam
2784 1810 3142 1874 Aquilejensis
3154 1812 3369 1878 presby-

1769 1893 1862 1950 ter,
1890 1885 2171 1947 utriusque
2200 1884 2403 1946 linguae
2430 1883 2786 1945 peritissimus
2804 1884 3047 1930 (ii-(ecum
3075 1883 3370 1932 Eusebium

1765 1960 2030 2008 Latinum
2038 1956 2162 2017 fecit
2170 1991 2180 2014 ,
2192 1953 2509 2018 jacemlcmq
2518 1968 2579 2002 ue
2590 1959 2903 2001 nostrorum
2920 1954 3147 2003 auribus
3160 1961 3369 2006 contra-

1766 2030 1924 2078 didit.
1950 2029 2057 2077 Nec
2089 2027 2146 2075 id
2169 2028 2323 2074 modo
2343 2027 2432 2074 sed
2461 2030 2507 2073 et
2531 2040 2717 2074 novem
2740 2024 2890 2073 illius
2913 2028 3046 2075 duos
3053 2027 3370 2090 posteriores

1766 2102 1981 2151 addidit
2004 2099 2181 2158 libros,
2211 2100 2416 2161 partim
2436 2112 2503 2146 ea:
2526 2097 3218 2161 majorumtraditionibus,
3239 2113 3370 2163 par-

1769 2174 1868 2222 tim
1900 2187 1967 2220 ca:
1984 2170 2087 2231 his,
2106 2184 2226 2233 quae
2236 2183 2421 2217 rerum
2433 2170 2739 2232 experimen
2747 2174 2795 2216 to
2808 2168 3086 2233 didicerat,
3101 2169 3166 2218 ab
3176 2185 3228 2218 se
3238 2171 3369 2235 pari

1768 2244 1987 2293 cultura
2006 2242 2338 2305 compositos.
2360 2241 2467 2291 Tot
2481 2242 2705 2291 labores
2728 2252 2763 2289 a
2783 2241 3090 2290 Boussardo
3107 2242 3367 2293 exantla-

1771 2320 1861 2367 tos
1884 2326 1999 2365 non
2019 2313 2361 2364 inconcinne
2382 2312 2641 2362 laudavit
2663 2310 2888 2359 Publius
2906 2313 3137 2361 Faustus
3158 2314 3367 2362 Andre-

1770 2387 1918 2436 linus
1942 2385 2392 2436 Foro-Liviansxs
2421 2386 2590 2447 poeta
2616 2384 2928 2434 laureatus.
2953 2384 3092 2445 Ejus
3134 2395 3367 2438 carmen

1770 2457 2054 2511 adscribo.

1829 2550 2022 2608 Inclyta
2044 2547 2088 2595 si
2109 2545 2300 2606 quaeris
2323 2548 2613 2592 Sanctorum
2639 2548 2774 2605 gesta
2806 2545 3052 2608 virorum,

1894 2612 2075 2658 Umnia
2100 2616 2195 2657 tam
2218 2610 2410 2656 cultum
2433 2610 2617 2668 scripta
2646 2611 2885 2657 volumen
2912 2611 3076 2657 habet.

1831 2676 2000 2722 Obsita
2022 2686 2137 2732 quae
2172 2672 2381 2731 fuerant,
2408 2684 2692 2729 magnoque
2726 2684 2962 2731 oppressa
2993 2678 3216 2732 veterno,

1895 2735 2163 2784 Boussardi
2186 2736 2333 2793 potiit
2367 2737 2491 2781 lima
2515 2735 2701 2781 diserta
2724 2737 2851 2783 mei:

1831 2800 2097 2847 Boussarui
2120 2808 2339 2848 wternos
2358 2798 2498 2862 digni
2527 2799 2717 2862 vixisse
2739 2809 2827 2855 per
2849 2810 3030 2862 annos,

1890 2864 1997 2918 Quo
2019 2863 2215 2920 reliqua
2240 2875 2267 2908 e
2296 2867 2428 2918 turpi
2455 2861 2673 2906 vindicet
2697 2865 2804 2906 acta
2826 2864 2945 2910 situ.

1827 2927 1883 2972 Et
1905 2927 2127 2988 positum
2150 2930 2222 2970 est
2241 2926 2440 2988 cuneus
2461 2928 2593 2988 certo
2615 2928 2765 2981 caput
2787 2923 2963 2988 ordine
2986 2924 3155 2988 rebus,

1892 2989 1947 3035 Ut
1975 2986 2140 3033 facilis
2164 2986 2371 3033 brevius
2394 2986 2571 3031 semita
2597 2987 2784 3044 pandat
2805 2987 2916 3033 iter.

1827 3050 1957 3104 Quid
1982 3062 2083 3096 non
2115 3052 2291 3106 longas
2313 3050 2421 3094 dies
2443 3050 2616 3092 multis
2638 3048 2885 3095 oblitteret
2907 3048 3058 3095 annis
3072 3050 3095 3096 ‘l

1888 3113 1981 3158 Sed
2005 3113 2136 3157 nihil
2162 3122 2251 3172 est,
2277 3113 2413 3168 quod
2438 3122 2539 3156 non
2562 3109 2740 3156 sedula
2764 3121 2885 3156 cura
2908 3117 3075 3157 novet'

124 3190 177 3246 6.
215 3177 371 3241 Dellr
398 3177 753 3241 immortaliter.
792 3189 908 3240 dell"
932 3177 1143 3253 anima,
1162 3190 1375 3254 dialogo
1396 3189 1467 3261 fdi
1502 3190 1658 3261 Frate

1764 3202 1923 3253 Hanc
1951 3198 2248 3249 Boussardi
2276 3198 2587 3249 editionem
2607 3198 3355 3261 iterumexpressitPar-isiis

60 3264 259 3329 Jocopo
274 3261 515 3326 Can/‘aro
530 3262 1105 3314 DomenicanoJiomz
1131 3268 1237 3315 etc.
1269 3260 1423 3316 1475.
1452 3260 1627 3312 in-fol.

128 3334 179 3388 7.
206 3335 386 3387 Flavii
406 3333 606 3387 Blondi
634 3333 795 3386 Italia
817 3337 875 3387 et
892 3336 1074 3387 Roma
1115 3335 1436 3387 instaurata
1460 3334 1658 3394 Romae,

63 3408 172 3459 etc.
196 3406 357 3461 1474.
380 3406 571 3459 in—fol.

117 3476 169 3533 3.
201 3478 474 3543 Epistolas
497 3480 693 3546 magmi
711 3478 901 3541 Turci,
927 3477 1144 3531 editma
1169 3478 1450 3531 Laudivio
1466 3477 1660 3542 equite

68 3551 604 3614 Hierosolymitano.
635 3552 832 3616 Romae,
854 3555 961 3604 etc.
989 3549 1144 3605 1473.
1160 3551 1222 3602 in
1245 3550 1322 3605 4⁸.
1352 3550 1526 3600 Tertia
1549 3551 1661 3601 Eu-

69 3623 214 3675 sebii
234 3623 426 3686 editio,
450 3624 669 3688 pariter
692 3623 946 3688 elegans,
970 3624 1268 3687 geminam
1303 3623 1662 3685 subsequuta

68 3707 202 3759 qum
237 3706 355 3747 una
383 3698 579 3747 tamen
606 3695 823 3748 censeri
874 3698 1081 3759 potest,
1128 3694 1307 3747 alium
1350 3693 1657 3754 medicum,

67 3770 361 3819 auctorem
377 3767 599 3823 habuit.
609 3767 938 3819 Johannem
951 3765 1239 3819 Schallum
1258 3766 1551 3818 Herosteld
1559 3779 1662 3818 en-

70 3851 215 3903 sem,
248 3840 415 3904 cujus
434 3851 570 3891 cura
585 3844 643 3891 et
658 3841 812 3904 typis
830 3840 1084 3892 Mantum
1099 3838 1382 3903 prodiitA.
1402 3839 1466 3889 D.
1502 3836 1659 3893 1479.

62 3912 132 3963 «in
170 3910 323 3975 folio,
346 3912 603 3963 Romana
625 3910 875 3963 editione
897 3911 1177 3975 ignorata.
1216 3912 1356 3963 Eam
1401 3911 1660 3963 Schallus

72 3984 285 4037 dicavit
317 3983 603 4036 Friderico
636 3985 921 4048 Gonzagaa
948 3985 1199 4037 Mantua)
1237 3984 1566 4049 Marchioni,
1602 3984 1661 4036 in

75 4056 188 4108 fine
219 4056 407 4121 operis
425 4054 536 4107 hoc
555 4055 964 4121 epigrammate
984 4054 1282 4121 adjuncto:

134 4147 406 4196 Transtulit
423 4150 673 4197 Ausonias
685 4149 822 4196 istud
846 4149 1057 4198 Ruﬁnus
1076 4149 1140 4197 sd
1162 4162 1310 4198 aures

195 4218 593 4269 Eusebiiclarum
618 4221 936 4269 Caesariensis
954 4234 1100 4282 opus.

136 4292 366 4339 Schallus
384 4292 598 4340 Joannes
619 4291 805 4340 celebri
824 4293 1148 4341 Germanicus
1169 4296 1276 4341 arte

197 4363 308 4411 Ere
328 4364 524 4423 premit,
552 4364 745 4411 Mantus
766 4364 997 4424 Principe
1018 4364 1286 4415 Fmderico.

139 4436 299 4489 Quum
320 4436 470 4485 datus
491 4440 563 4484 est
587 4436 721 4494 finis,
746 4435 985 4484 referebat
1004 4436 1170 4485 Julius
1190 4449 1349 4485 annos

197 4506 331 4554 mlle
353 4511 533 4566 quater
550 4512 750 4555 centum
779 4508 1094 4568 septuaginta
1115 4521 1315 4558 novem.

139 4578 282 4626 Hunc
307 4591 413 4626 eme
431 4580 521 4638 qui
546 4576 683 4628 docti
706 4592 908 4638 nomen,
931 4580 1022 4639 qui
1047 4579 1201 4630 limen
1229 4580 1430 4640 Olympi

200 4649 408 4705 Quietis.
431 4651 585 4698 Habet
606 4663 830 4711 praesens
851 4663 1039 4700 munus
1064 4656 1331 4712 utrumque
1361 4653 1491 4701 liber

142 4720 268 4768 Hinc
293 4721 488 4770 caleste
510 4722 699 4770 bonum
723 4728 1016 4783 sanctosque
1037 4724 1275 4772 docebam
1289 4736 1470 4787 mores,

202 4792 257 4838 Et
278 4793 509 4851 prodesse
529 4795 692 4855 magis
714 4792 859 4844 lectio
875 4794 1016 4842 nulla
1038 4799 1213 4855 potest.

155 4861 357 4920 Quarta
405 4862 578 4915 editio
630 4862 826 4917 lucem
862 4863 1014 4917 vidit
1048 4864 1296 4931 Parisiis,
1323 4864 1477 4931 typis
1515 4867 1664 4919 Petri

86 4952 261 5003 Lovet
276 4953 340 5003 A.
364 4953 430 5004 D.
456 4951 615 5007 1497.
641 4953 701 5005 in
727 4952 799 5007 4ο.
822 4953 1029 5012 Quinta
1051 4954 1223 5008 editio
1242 4955 1304 5006 in
1332 4956 1513 5009 forma
1547 4955 1663 5008 folii

86 5022 331 5084 minoris,
358 5024 507 5089 typis
528 5036 674 5088 quos
691 5025 939 5075 Gothicae
953 5030 1181 5090 vocant,
1202 5031 1259 5078 et
1274 5028 1447 5080 tacito
1474 5028 1663 5079 nomi-

84 5106 154 5145 ne
177 5094 426 5158 ‘artiilcis,
457 5094 605 5147 facta
632 5100 724 5149 est
764 5097 1097 5161 Argentinw
1134 5101 1197 5149 Α.
1234 5099 1301 5149 D.
1344 5098 1499 5153 1514.
1530 5111 1663 5150 cum

90 5165 252 5217 Beda:
265 5166 508 5219 Historia
524 5167 923 5220 Ecclesiastica
938 5169 1129 5233 gentis
1148 5168 1482 5234 Anglorum.
1503 5172 1664 5222 Hanc

88 5242 149 5289 ut
176 5238 538 5298 rarissimam,
563 5244 620 5292 et
640 5240 749 5292 sibi
779 5252 896 5292 non
914 5241 1098 5292 visam
1111 5243 1446 5294 memoravit
1464 5243 1664 5294 Petrus

88 5310 411 5361 Franciscus
423 5308 737 5363 Chiiiletius
752 5311 811 5362 in
830 5312 983 5363 notis
996 5311 1068 5363 ad
1081 5312 1250 5364 Beda;
1275 5317 1333 5364 et
1343 5313 1664 5379 Fredegarii

89 5379 433 5433 concordiam
458 5394 584 5447 pag.
609 5382 896 5446 3i9.apud
914 5395 1085 5447 quem
1100 5384 1394 5436 Jobannes
1422 5386 1665 5437 Gravius

90 5462 209 5517 eam
222 5451 383 5504 Bedaa
398 5451 725 5517 editionem,
746 5454 1281 5517 depravatissimam
1297 5460 1355 5506 et
1380 5458 1665 5505 mondosis-

93 5514 284 5566 simam
307 5520 483 5567 vocat.
513 5515 675 5565 Sexta
712 5514 886 5567 editio
921 5516 1163 5568 debetur
1194 5518 1463 5581 Gaufrido
1492 5519 1666 5568 Βουθ-

90 5586 257 5649 sardo,
277 5586 560 5652 Theologo
583 5587 904 5640 Paris'iensi.
930 5589 1033 5639 Hic
1068 5588 1222 5641 enim
1252 5593 1662 5650 Argentinensem

95 5657 306 5709 Eusebii
319 5658 630 5710 editionem
648 5659 815 5712 Beda
837 5659 1125 5711 adnexam
1155 5672 1338 5723 quum
1362 5662 1664 5715 immensis

94 5729 358 5782 erroribus
386 5733 605 5783 scatere
630 5730 1123 5797 deprehendisset,
1143 5734 1217 5784 ab
1234 5744 1297 5784 se
1311 5735 1664 5797 recognitum

98 5799 272 5853 denuo
305 5801 656 5867 vulgandam
699 5802 927 5856 curavit
954 5802 1189 5853 Parisiis
1231 5804 1293 5855 in
1314 5802 1389 5865 8°,
1415 5805 1517 5856 sed
1540 5806 1665 5859 sine

106 5873 421 5939 typographi
433 5874 665 5927 nomine
675 5878 734 5928 et
744 5874 1017 5940 temporis
1030 5879 1185 5939 nota,
1196 5876 1665 5941 nuncupavitque

102 5945 366 6012 Stephano
387 5945 698 6002 Poncherio
727 5948 977 6002 Senatus
1006 5946 1318 6005 Galliarum
1344 5947 1585 6002 Prasidi
1611 5954 1666 6002 et

358 6036 650 6096 Parma.
688 6037 859 6098 XXI.

1759 3272 2077 3322 Franciscus
2105 3270 2373 3334 Regnautt
2407 3274 2474 3320 A.
2500 3272 2565 3319 1).
2584 3268 2741 3322 1525.
2765 3272 2921 3322 ιιι-δ’.
2947 3272 3089 3321 Haec
3112 3272 3352 3335 septima:

1758 3344 2025 3397 editionis
2042 3342 2167 3393 loco
2196 3354 2324 3393 esse
2354 3347 2558 3405 potest.
2587 3347 2838 3391 Octavam
2865 3341 3176 3394 editionem
3195 3354 3355 3396 accu~

1759 3420 1910 3469 ravit
1947 3418 2154 3468 Beatus
2192 3426 2565 3478 praenomine,
2608 3425 2728 3464 non
2769 3414 2990 3472 merito,
3043 3416 3357 3468 Rhenanus

1759 3489 1980 3538 Basin
2028 3486 2183 3551 apud
2212 3485 2341 3533 Joh.
2383 3484 2707 3533 Frobeniam
2742 3488 2811 3535 Δ.
2852 3486 2921 3536 D.
2946 3484 3184 3539 1523.in
3205 3487 3357 3540 folio.

1758 3563 1963 3612 'l‘otam
1985 3558 2113 3609 libri
2134 3557 2569 3621 inscriptionem
2590 3557 2908 3620 adponam:
2941 3560 3197 3606 Auctores
3235 3560 3358 3608 His-

1761 3634 1914 3681 toriae
1936 3631 2313 3680 Ecclesiastica:
2349 3628 2567 3676 Eusebii
2596 3630 2876 3693 Pamphili
2917 3630 3260 3679 Cwsariensis
3297 3630 3360 3678 li-

1761 3708 1844 3753 bri
1862 3707 1881 3753 Ι
1889 3704 1950 3753 Χ.
1967 3706 2166 3765 Rufino
2184 3705 2483 3765 interprete,
2498 3702 2686 3763 Rufini
2698 3702 3359 3766 p1~esbyteriAquilejensis

1760 3777 1885 3827 libri
1908 3778 2034 3840 duo,
2057 3774 2318 3838 recogniti
2336 3775 2407 3822 ad
2423 3775 2653 3837 antiqua
2670 3774 3007 3837 exemplaria
3031 3777 3233 3825 Latina
3263 3788 3361 3837 per

1757 3851 1988 3900 Beatum
2011 3848 2360 3896 Rhenanum.
2379 3848 2507 3895 Item
2530 3861 2597 3894 ea:
2626 3846 2937 3895 Theodorito
2983 3847 3224 3909 episcopo
3261 3848 3359 3910 (ιύ-

1758 3923 1923 3980 rcnsi,
1951 3921 2237 3970 Sosoaueno
2261 3926 2310 3969 ct
2348 3921 2563 3969 Socrate
2602 3919 3203 3981 Constantinopolitano
3235 3917 3360 3966 libri

1760 3996 1874 4046 XII.
1914 3993 2051 4043 versi
2091 3994 2159 4041 ab
2190 3992 2511 4055 Epiphanio
2557 3990 2904 4051 Scholastico,
2930 3990 3228 4039 adbreuiati
3259 4004 3358 4052 per

1764 4068 2142 4121 Cassiodorum
2166 4065 2643 4127 Senatorem,unde
2658 4062 2766 4112 illis
2792 4062 3357 4126 'l'ripartitceHistoriw

1762 4142 2081 4195 vocabulum
2096 4158 2114 4203 ;
2131 4140 2403 4192 emendati
2422 4144 2467 4188 et
2483 4139 2542 4187 hi
2557 4138 2742 4187 multis
2757 4138 2902 4197 locis,
2936 4138 3137 4188 additis
3148 4140 3358 4203 passim

1764 4217 1963 4267 Grecis
1987 4214 2220 4280 epistolis
2238 4213 2510 4278 plerisque
2523 4212 2872 4275 Synodorum
2886 4225 2950 4260 ac
2962 4211 3358 4275 lmperatorum

1761 4305 1786 4339 e
1808 4289 1966 4339 tomis
1994 4287 2314 4346 Theodoriti,
2338 4300 2462 4335 cum
2492 4289 2538 4333 et
2563 4284 2770 4333 Latinae
2792 4284 3023 4333 versiom
3045 4298 3113 4332 ea:
3143 4284 3228 4332 his
3241 4298 3357 4333 suc-

1765 4367 2046 4425 curratur,
2073 4365 2191 4411 tum
2210 4365 2268 4409 ut
2290 4360 2427 4409 velut
2446 4357 3015 4421 mnimentaquwdam
3028 4356 3359 4407 Christiana:

1764 4434 2112 4499 antiquitatis
2120 4437 2515 4489 conserventur,
2531 4436 2578 4481 et
2594 4429 2953 4479 habeatlector
2961 4429 3185 4493 φιλέλλην
3211 4433 3358 4493 quod

1769 4524 1886 4558 non
1916 4508 2033 4557 sine
2058 4507 2243 4570 fructu
2260 4504 2520 4566 conferat.
2547 4503 2861 4555 Rhenanus
2888 4503 3106 4567 passim
3126 4504 3358 4557 notulas

1769 4593 1908 4632 suas
1945 4578 2189 4643 margini
2229 4576 2548 4641 adscripsit.
2584 4575 2837 4625 Octavam
2868 4575 3019 4627 hanc
3048 4578 3361 4631 editionem

1682 4663 1740 4739 D
1768 4647 2481 4739 f‘rzt€?§?3,é:_B-J§f%§-_
2501 4647 2790 4739 £93131
2803 4649 3078 4739 sui:
3096 4650 3361 4739 iis???

1766 4722 2201 4790 prmiationibus
2217 4721 2444 4773 iteravit
2468 4734 2481 4771 :
2499 4719 2654 4783 quod
2679 4724 2873 4773 tamen
2886 4721 3122 4776 minime
3142 4723 3359 4777 factum

1764 4796 1825 4847 in
1850 4796 2100 4848 editione
2122 4795 2210 4845 IIl.
2234 4805 2271 4845 a
2291 4794 2568 4845 Rhenano
2598 4794 2891 4858 recognita
2903 4795 3129 4846 Basilea:
3149 4798 3359 4862 pariter

1764 4868 1918 4934 apud
1942 4866 2269 4918 Frobem'um
2294 4869 2361 4918 Α.
2398 4867 2466 4917 Ι).
2499 4864 2657 4920 1539.
2690 4865 2752 4918 in
2778 4865 2928 4928 folio,
2959 4867 3105 4919 Huic
3123 4869 3358 4923 editioni

1763 4951 1900 5005 qua
1921 4940 2130 4990 decima
2139 4944 2245 5001 est,
2264 4939 2510 4990 accessit
2532 4938 2723 4991 Victor
2739 4938 2991 4991 Vitensis
3008 4938 3080 4991 de
3091 4941 3360 4994 Persecu-

1764 5014 1919 5066 tione
1931 5010 2259 5070 Vandalica,
2289 5014 2350 5063 et
2374 5010 2518 5063 liber
2539 5010 2604 5061 V.
2631 5009 2976 5075 Theodoriti,
2991 5024 3309 5065 conversus
3326 5024 3363 5064 a

1761 5083 2058 5137 Joachimo
2092 5082 2427 5134 Camerario.
2452 5080 2708 5133 Eandem
2730 5084 3016 5147 expressit
3036 5084 3306 5137 Galeotus
3328 5097 3364 5137 a

1764 5159 1930 5208 Prato
1967 5154 2201 5204 Parisiis
2223 5156 2291 5204 Α.
2342 5152 2408 5203 D.
2445 5156 2580 5204 1541.
2619 5153 2682 5205 in
2715 5152 2865 5206 folio.
2896 5154 3112 5206 Deinde
3144 5156 3364 5207 inserta

1762 5227 1873 5280 fuit
1900 5232 2056 5279 tomo
2080 5225 2156 5276 lll.
2182 5225 2433 5289 Operam
2454 5224 2688 5276 Eusebii
2716 5226 2916 5278 Latine
2936 5227 3219 5278 editorum
3252 5227 3363 5275 Ba-

1762 5299 1899 5349 silete
1936 5296 2089 5363 apud
2131 5296 2569 5360 Henricpetrum
2606 5298 2673 5347 A.
2717 5296 2785 5347 Ι).
2821 5300 2961 5348 1542.
2998 5299 3059 5349 in
3090 5296 3241 5349 folio.
3276 5299 3361 5349 Ex

1763 5372 1971 5421 decima
1991 5368 2248 5421 Rhenani
2273 5367 2519 5419 editione
2538 5367 2824 5417 undecim
2846 5368 2996 5420 facta
3017 5372 3107 5420 est
3126 5370 3363 5421 Antuer-

1763 5446 1876 5507 pia)
1907 5441 2059 5507 apud
2090 5440 2219 5492 Joh.
2247 5439 2555 5491 Steelsium
2578 5441 2645 5490 A.
2686 5441 2752 5490 D.
2784 5443 2917 5491 1548.
2945 5445 3079 5492 tom.
3117 5439 3174 5491 ll.
3200 5441 3261 5492 in
3284 5440 3360 5494 8°.

1765 5514 1961 5566 addita
1979 5513 2107 5564 Vita
2128 5511 2505 5569 Constantini,
2535 5513 2839 5574 interprete
2865 5511 2995 5563 Joh.
3021 5512 3291 5576 Portesio,
3305 5518 3365 5566 et

1766 5586 2091 5640 Tbeodoriti
2107 5583 2370 5636 Historia.
2389 5584 2535 5635 Huic
2552 5585 2813 5633 decimam
2828 5584 3040 5634 tertiam
3053 5585 3366 5650 subiunga-

1763 5672 1897 5711 mus
1919 5671 2052 5710 cum
2076 5656 2348 5710 brevibus
2372 5656 2601 5707 scholiis
2619 5658 2900 5708 Johannis
2922 5658 3119 5723 Jacobi
3135 5658 3365 5722 Grynmi

1764 5735 1920 5784 tomo
1941 5732 2007 5781 II.
2025 5729 2358 5783 eorumdem
2381 5728 2613 5780 Eusebii
2635 5726 2885 5792 Operam
2901 5729 3138 5782 Basileaa
3159 5730 3366 5795 pariter

1764 5807 1822 5856 et
1842 5802 2127 5856 editorum
2150 5800 2303 5867 apud
2325 5801 2760 5867 Henricpetrum
2778 5806 2847 5854 Α.
2872 5803 2939 5854 D.
2966 5801 3123 5858 1570.
3141 5803 3202 5856 in
3216 5803 3364 5866 folio,

1761 5874 1864 5929 ubi
1882 5878 2078 5930 tamen
2098 5875 2241 5929 liber
2258 5875 2311 5928 X
2340 5878 2431 5928 est
2451 5887 2525 5929 ex
2542 5877 2806 5929 versione
2826 5876 3109 5929 Johannis
3128 5877 3367 5930 Christo-

1763 5947 2051 6013 phorsoni,
2073 5946 2218 6002 liber
2237 5959 2374 6003 vero
2399 5949 2497 6001 XI.
2526 5960 2601 6002 ex
2617 5947 2844 6002 Ruﬁno.
2862 5949 3097 6003 Eusebii
3116 5948 3367 6003 Historia

3079 6039 3116 6096 8
