3894 6410
508 375 615 432 235

1806 363 2050 414 RUFINI
2080 354 2518 417 PRESBYTERI

3684 354 3807 417 836

507 480 1286 554 aChristophorsonoLat_i_ne
1300 477 1520 554 reddita
1544 489 1676 554 cum
1690 476 1892 554 ceteris
1906 476 2103 554 Histo-
2122 481 2179 554 Α
2204 479 2332 554 ipso
2364 475 2840 554 Latinisaurlbus
2873 478 3357 554 accominodatos.
3400 481 3595 540 Quare
3640 476 3805 530 nullo

506 560 605 613 riae
628 546 1043 610 Ecclesiasticm
1059 549 1446 605 conditoribus
1464 546 1671 612 prodiit
1688 546 1916 595 Lovanii
1928 546 2102 611 apud-

510 630 816 681 Servatium
842 627 941 676 Sas
952 638 1140 673 senum
1163 623 1228 672 A.
1259 618 1492 672 D1569.
1520 616 1692 669 tomis
1709 616 1937 667 duobus
1952 617 2011 666 in
2025 621 2098 668 8’.

511 701 743 753 Colonia:
771 697 919 763 apud
956 694 1261 745 Arnoldum
1296 690 1731 763 Birckmanuum
1749 688 1917 763 A.__D.
1950 686 2099 763 1,570.

506 772 569 824 in
585 772 734 835 folio,
759 758 1005 830 cumque
1030 763 1267 835 Scholiis
1294 760 1573 835 Johannis
1598 758 1865 835 Curterii,
1882 764 1937 809 et
1960 759 2103 835 duo-

517 844 626 894 bus
645 828 805 893 libris
827 828 1018 889 Ruﬁni
1039 833 1271 884 Parisiis
1288 831 1438 896 apud
1450 829 1740 878 Nicolaum
1767 828 2015 877 Chesnau
2031 828 2099 878 A.

514 915 579 963 D.
607 911 762 966 157i.
793 911 853 959 in
884 906 1031 958 folio.
1058 907 1321 956 Ceterum
1350 905 1481 965 post
1502 900 1608 951 has
1633 898 1959 962 quindecim
1982 897 2103 949 edi-

516 984 699 1034 tiones
720 978 985 1031 Historia:
1013 973 1448 1034 Ecclesiasticm,
1476 971 1787 1035 Scriptores
1831 970 2103 1020 Graeciex

513 1051 972 1118 interpretatione
982 1038 2103 1118 WolfgangiMusculiprodieruutBasiteje

510 1137 631 1176 non
647 1109 825 1175 semel
842 1120 991 1187 apud
1004 1109 1328 1168 Frobenium
1369 1116 1431 1187 A.
1459 1116 1533 1187 Di.
1565 1112 1725 1187 155.9.
1758 1110 1914 1187 1554ἶ
1944 1109 2102 1187 1557.

510 1196 738 1255 infolio,
754 1194 854 1245 ubi
874 1182 1016 1256 post
1038 1188 1352 1240 Eusebium
1376 1185 1447 1237 de
1471 1184 1600 1235 Vita
1624 1182 1982 1256 Constantini
2006 1192 2112 1232 ex:

510 1272 668 1319 stant
681 1253 809 1317 libri
830 1253 900 1315 II:
921 1262 1189 1313 Historia;
1203 1258 1416 1310 Ruﬁni.
1450 1256 1570 1307 Hos
1596 1260 1789 1305 tamen
1809 1253 2103 1304 Johannes

514 1339 792 1393 Dadrseus
814 1335 1013 1399 rejecit
1046 1335 1118 1384 ab
1152 1329 1383 1382 Eusebii
1405 1328 1695 1399 operibus,
1735 1336 1875 1399 qum,
1902 1325 2105 1399 Latina

516 1394 931 1464 ediditParisiis
944 1404 1094 1469 apud
1120 1402 1432 1451 Michaelem
1463 1398 1736 1469 Somnium
1760 1399 1829 1447 A.
1855 1398 1922 1469 n.
1940 1394 2101 1469 issi.

513 1484 575 1534 in
598 1481 743 1543 folio,
776 1490 920 1529 usus
945 1466 1207 1527 versione
1236 1468 1759 1543 Sbristophorsoni,
1782 1471 1838 1517 et
1862 1466 2103 1543 Scholiis

512 1537 765 1605 Curterii.
779 1547 1023 1601 Musculi
1034 1545 1204 1597 editio
1215 1543 1369 1596 varie
1382 1546 1569 1602 aucta,
1582 1544 1637 1590 et
1648 1537 2106 1602 Chronographia

509 1617 1163 1677 AbrahamiBucholzeri
1190 1618 1466 1667 exornata
1488 1610 1694 1675 prodiit
1722 1610 1940 1658 Basiteae
1956 1608 2107 1672 apud

514 1694 712 1745 Sebast.
744 1691 1154 1752 Henricpetrum
1175 1688 1242 1737 A.
1284 1687 1347 1734 D.
1376 1682 1531 1736 1611.
1567 1682 1629 1732 in
1665 1680 1813 1731 folio.
1842 1681 2106 1730 Postmo-

408 1764 411 1769 ’
514 1767 656 1817 dum
679 1765 938 1814 Renatus
966 1761 1208 1810 Barreus
1232 1754 1423 1806 Ruﬁni
1445 1753 1652 1803 librum
1678 1752 1749 1802 X.
1772 1754 1830 1802 et
1853 1752 1945 1802 XI.
1970 1762 2005 1801 a
2025 1762 2109 1800 ce-

2202 551 2374 602 modo
2396 551 2608 616 ambigi
2634 552 2838 615 potest,
2865 551 3007 614 quin
3023 550 3253 613 Ruﬁnus
3276 550 3346 601 de
3369 549 3678 609 Monachis,
3701 562 3804 601 seu

2212 622 2343 672 Vitis
2368 623 2595 671 Patrum
2637 621 2940 686 scripserit,
2968 634 3082 672 non
3127 621 3378 684 quidem,
3407 625 3470 672 ut
3513 622 3807 685 interpres,

2206 692 2306 743 sed
2351 699 2416 744 ut
2456 695 2761 758 primarius
2779 692 3204 756 quodammodo
3228 698 3439 755 auctor,
3466 696 3692 743 comtra
3735 705 3803 744 ac

2204 765 2466 811 Erasmus
2496 764 2849 815 existimavit
2866 764 2925 814 in
2948 764 3101 814 notis
3130 764 3203 814 ad
3227 763 3562 827 Hieronymi
3583 763 3818 827 Episto-

2204 834 2397 885 lamad
2419 836 2859 899 Ctesiphontem,
2898 835 2992 884 ubi
3015 840 3217 898 suopte
3234 836 3462 885 arbitrio
3486 833 3798 897 Evagrium

2202 904 2489 954 Ponticum
2515 906 2689 957 totius
2712 907 2896 969 operis
2926 904 3301 964 conditorem,
3334 905 3607 966 Ruﬁnum
3634 906 3802 956 inter-

2203 981 2439 1039 pretem,
2480 976 2628 1028 fecit.
2668 978 2878 1027 Verum
2913 980 2968 1027 et
3006 976 3102 1026 alii
3125 975 3331 1027 eruditi
3358 976 3461 1027 viri
3499 976 3612 1027 bas
3656 976 3806 1024 Vitas

2204 1049 2450 1107 Patrum,
2467 1060 2597 1111 quae
2610 1049 2769 1110 Ruﬁn
2781 1048 2796 1094 i
2810 1050 2961 1108 sunt,
2976 1047 3213 1110 Evagrio
3226 1049 3569 1098 tribuerunt.
3591 1048 3815 1099 Horum

2205 1121 2519 1169 sententias
2544 1122 2799 1170 recenset
2820 1119 3152 1169 Heribertus
3170 1119 3607 1182 Rosweydusin
3632 1120 3811 1183 prole-

2204 1202 2446 1253 gomeno
2465 1194 2555 1242 IV.
2583 1203 2709 1256 pag.
2726 1190 2812 1243 17.
2827 1190 3092 1241 Historize
3106 1192 3424 1241 eremeticae
3439 1190 3721 1241 editionis
3748 1191 3814 1240 II.

2207 1260 2575 1341 Plautinianm
2618 1266 2684 1312 A.
2818 1258 2974 1341 19:28.
3003 1263 3173 1341 cujus
3211 1261 3421 1341 librum
3444 1263 3517 1341 II.
3545 1260 3811 1313 instituit

2206 1331 2355 1382 idem
2369 1334 2556 1396 Ruﬁni
2580 1345 2725 1396 opus
2743 1331 2814 1382 de
2838 1333 3121 1379 Monachis
3149 1344 3251 1382 seu
3286 1332 3416 1381 Vitis
3434 1333 3695 1394 Patrum,
3719 1331 3813 1383 ad-

2207 1407 2616 1471 stipulautibus
2628 1406 2799 1456 etiam
2811 1404 3065 1466 antiquis
3083 1404 3382 1454 codicibus
3397 1404 3535 1464 Mss,
3549 1403 3819 1469 complu-

2205 1482 2381 1541 ribus,
2407 1482 2473 1529 ut
2505 1475 3167 1539 AudomarensiOptimaa
3185 1480 3338 1527 notua
3360 1475 3512 1539 apud
3534 1477 3818 1539 Roswey—

2204 1552 2361 1613 dum,
2380 1552 2779 1614 prolegomeno
2802 1548 3007 1597 XXIV.
3039 1559 3167 1610 pag.
3194 1546 3282 1599 77.
3322 1549 3464 1598 Item
3505 1547 3638 1598 aliis
3663 1547 3817 1611 apud

2206 1624 2511 1673 Henricum
2528 1620 2800 1671 Gravium
2814 1619 2874 1668 in
2888 1617 3042 1668 notis
3059 1620 3131 1668 ad
3151 1618 3451 1681 epistolam
3474 1619 3819 1683 Hieronymi

2205 1696 2278 1745 ad
2302 1693 2730 1755 Ctesiphontem
2754 1690 2994 1752 ;quibus
3021 1701 3204 1738 unum
3223 1688 3314 1752 adj
3327 1701 3481 1753 ungo
3503 1700 3578 1741 ex
3611 1690 3819 1741 Biblio-

2212 1767 2375 1817 theca
2399 1761 2696 1827 Bigotiana
2720 1773 2847 1825 pag.
2885 1758 2968 1812 20.
2993 1762 3091 1821 qui
3118 1772 3271 1809 nunc
3295 1761 3459 1811 estin
3484 1760 3645 1825 regia
3664 1762 3819 1812 Pari-

516 1837 659 1922 nteris
672 1819 2098 1922 ξγῈιξυξίηλεξξξὶιςῇξδιρβξξοιιιξῇΡωίεὶίξὶδῐλιξξξ
2121 1850 2173 1922 Β
2207 1819 2507 1893 εἱθῑιεὶ.Αἷ1
2566 1833 2695 1884 hinc
2720 1819 3147 1922 ipsmetARuﬁn
3160 1846 3218 1877 us
3252 1844 3373 1895 cap.
3422 1819 3636 1883 XXIX.
3677 1844 3814 1896 pag.

1325 1910 1354 1922 ι.
1382 1908 1433 1922 ,η
1523 1906 1623 1922 ..ρο
1666 1905 1848 1922 man
1956 1905 1987 1922 ιι
2364 1920 2409 1922 η
2449 1904 2694 1922 μανι-..
2723 1902 2920 1922 ωηεν.
2988 1916 3011 1922 ,_
3040 1902 3422 1922 ..,,,_,n,.____
3463 1904 3810 1922 _-_,_.-_-”

512 1905 793 1961 Sonnium
815 1905 883 1953 A.
910 1903 979 1952 D.
1018 1897 1174 1953 1580.
1208 1898 1270 1947 in
1302 1894 1452 1946 folio.
1477 1893 1853 1944 Eusebianam
1906 1890 2096 1942 Ruﬁni

510 1977 821 2030 Historiam
853 1975 913 2024 in
944 1973 1201 2034 linguam
1246 1966 1499 2019 Italicam
1540 1965 1712 2015 vertit
1761 1963 2103 2014 Benedictus

512 2049 742 2113 Egieus
760 2045 1097 2110 Spoletinus.
1119 2037 1563 2113 InTeutonicam
1581 2034 1875 2113 transtulit
1890 2038 2101 2113 Caspar

514 2105 768 2178 He'uion,
791 2105 1154 2179 Argentorati
1179 2119 1456 2161 excusam
1467 2105 1619 2171 apud
1633 2107 1660 2156 J
1669 2106 1959 2157 ohannem
1993 2108 2109 2153 ller

513 2192 754 2255 vagium
767 2190 835 2239 A.
860 2189 931 2237 υ.
962 2182 1116 2239 1545.
1142 2183 1205 2233 in
1234 2180 1385 2231 folio.

1121 2296 1356 2350 CAPUT
1384 2296 1507 2347 XII.

512 2424 553 2477 Ι.
569 2420 757 2486 Rufini
772 2416 1016 2469 Historia
1038 2415 1325 2464 eremitica.
1354 2414 1421 2462 ΙΙ.
1441 2409 1757 2486 Aliquando
1775 2408 2106 2470 Hieronymo

572 2484 862 2556 adscripta.
892 2489 989 2537 111.
1028 2488 1260 2548 Rufinus
1283 2490 1506 2556 enarrat
1549 2484 1788 2543 alterius,
1814 2494 1926 2528 non
1949 2491 2109 2526 suam

575 2551 857 2615 historiam
886 2560 1149 2608 itinerum
1181 2572 1277 2620 per
1309 2555 1621 2605 solitudines
1650 2551 2107 2601 monasteriorum

571 2634 813 2701 JEgypti.
837 2631 867 2681 1
880 2632 922 2680 ν
923 2667 937 2681 .
959 2632 1011 2679 Is
1025 2634 1097 2678 est
1113 2628 1401 2701 Petronius
1416 2625 1789 2701 Bononiensis,
1809 2637 1925 2701 lion
1941 2621 2102 2701 alius.

586 2692 812 2759 Vfldem
834 2702 1018 2752 multis
1040 2698 1341 2749 rationibus
1366 2695 1760 2759 comprobatur.
1809 2693 1892 2743 V1.
1929 2692 2107 2755 Deque

576 2780 673 2829 hoc
685 2774 1023 2839 difﬁcultates
1057 2770 1338 2821 tolluntur.
1373 2769 1466 2820 V11
1472 2803 1483 2817 .
1506 2770 1616 2818 Cur
1629 2764 1824 2831 opusH
1828 2764 1975 2813 ieron
1982 2776 2105 2827 ymo

574 2851 929 2933 adscriptum.

576 2979 617 3028 Ι.
643 2975 732 3027 Ab
782 2968 1170 3025 ecclesiastica
1203 2965 1277 3019 ad
1319 2963 1668 3018 eremiticam
1695 2961 1886 3024 Ruﬁni
1910 2961 2105 3013 Histo-

512 3050 652 3102 riam
674 3042 1085 3098 recensendam
1109 3039 1464 3091 devenimus.
1490 3036 1727 3099 Antiqui
1749 3040 1808 3087 et
1825 3034 2102 3099 juniores.

516 3122 615 3184 qui
632 3122 702 3170 de
725 3130 786 3169 re
808 3116 1056 3167 literaria‘
1078 3109 1520 3184 commentarios
1535 3108 1863 3184 ediderunt,
1891 3118 2016 3156 eam
2034 3106 2107 3184 ob

514 3176 885 3244 difﬁcultates
897 3186 1116 3248 quibus
1129 3181 1465 3244 involvitur,
1492 3179 1590 3231 vix
1608 3183 1838 3239 tactam,
1861 3182 1917 3228 et
1938 3189 2011 3228 ne
2035 3176 2108 3228 le-

2209 1910 2327 1967 482.
2358 1920 2417 1958 se
2441 1904 2701 1969 ejusdem
2723 1902 2850 1952 libri
2872 1904 2920 1951 II
2943 1900 3012 1951 de
3040 1902 3430 1953 VitisPatrum
3460 1904 3815 1967 scriptorem

2208 1980 2507 2047 perspicue
2542 1973 2745 2038 prodit.
2774 1974 2916 2047 Nam
2938 1971 3183 2047 loquens
3212 1974 3285 2023 de
3300 1974 3543 2047 Macario
3571 1975 3820 2026 Alexan-

2206 2044 2391 2113 drino,
2418 2051 2687 2099 lectorem
2708 2056 2775 2095 eo
2811 2044 3001 2103 mittit,
3032 2044 3125 2093 ubi
3172 2049 3305 2094 ante
3328 2044 3399 2095 de
3428 2045 3528 2096 illo
3570 2048 3821 2110 scripse-

2206 2128 2309 2185 rat,
2347 2121 2619 2172 nimirum
2650 2116 2724 2167 ad
2770 2126 2938 2165 suam
2984 2114 3291 2185 Historiam
3339 2115 3816 2169 ecclesiasticam.

2207 2184 2353 2246 Sunt
2374 2192 2547 2243 verba
2569 2188 2692 2250 ejus
2716 2200 2729 2235 :
2763 2186 2865 2234 Sed
2886 2192 2931 2233 et
2962 2184 3153 2245 multa,
3180 2191 3239 2233 ut
3276 2185 3549 2250 diximus,
3591 2187 3732 2251 alia,
3758 2188 3820 2237 de

2206 2264 2450 2330 operibus
2464 2261 2645 2311 Sancti
2656 2258 2888 2330 Macarii
2899 2256 3265 2330 Alexandrini
3280 2258 3816 2323 mirabiliafuerunt,

2205 2328 2271 2385 eo:
2307 2334 2500 2400 quibus
2544 2330 2819 2379 nonnutla
2850 2329 2909 2375 in
2946 2328 3229 2375 undecimo
3263 2328 3397 2377 libro
3431 2330 3815 2379 Ecclesiasticae

2205 2406 2455 2457 Historiae
2472 2405 2695 2463 inserta,
2707 2401 2803 2464 qui
2822 2414 2907 2463 req
2918 2400 3064 2462 utrit,
3086 2400 3331 2450 inveniet.
3353 2401 3613 2453 Inveniet
3630 2409 3810 2454 autem

2205 2480 2264 2530 in
2288 2478 2430 2529 libro
2455 2476 2551 2525 XI.
2577 2486 2699 2537 cap.
2721 2473 2815 2534 IV,
2831 2483 2965 2534 quae
2988 2470 3200 2522 desunt
3238 2471 3298 2523 in
3323 2472 3432 2523 hoc
3470 2471 3615 2525 libro
3652 2477 3724 2537 II,
3745 2473 3818 2525 de

2214 2550 2346 2599 Vitis
2378 2549 2626 2608 Patrum,
2650 2543 2929 2594 videlicet.

2269 2628 2313 2671 t.
2342 2622 2419 2669 De
2442 2629 2595 2669 casco
2615 2615 2951 2677 illuminato,
2978 2616 3075 2679 qui
3092 2613 3329 2679 pulvere
3355 2627 3427 2666 ex
3449 2613 3595 2667 cella
3616 2615 3817 2667 Maca-

2205 2693 2273 2744 rii
2293 2692 2536 2751 deterso,
2569 2691 2625 2738 et
2667 2698 2818 2749 aqua
2843 2688 3020 2750 putei,
3046 2698 3160 2750 quo
3186 2686 3378 2739 bibere
3400 2690 3812 2750 consueverat,

2205 2766 2514 2821 macerato,
2550 2757 2748 2809 oculos
2774 2759 2964 2808 tinxit.

2268 2832 2321 2894 2,
2352 2834 2433 2882 De
2456 2830 2660 2881 lemma
2684 2827 2889 2879 catulis
2914 2829 3045 2879 visu
3073 2828 3316 2880 donatis.

2207 2907 2501 2957 Postremo
2526 2902 2649 2950 loco
2664 2898 2737 2949 ad
2754 2900 3212 2950 conﬁrmandum
3230 2900 3403 2963 hujus
3419 2898 3547 2951 libri
3565 2898 3820 2964 scripto-

2204 2989 2324 3028 rem
2339 2986 2467 3025 esse
2482 2972 2765 3033 Rufinum,
2782 2970 2922 3021 illud
2937 2970 3178 3030 accedit,
3198 2970 3353 3034 quod
3372 2971 3569 3022 statim
3590 2982 3626 3020 a
3647 2971 3821 3035 βραβ-

2207 3048 2435 3106 ratione,
2457 3044 2685 3095 initium
2708 3042 2896 3105 operis
2929 3041 3071 3093 illud
3095 3046 3206 3103 est,
3232 3042 3386 3105 quod
3421 3042 3816 3107 Hieronymus

2206 3115 2529 3183 epistolaad
2553 3113 2859 3177 Ctesiphon
2875 3120 3007 3176 tem,
3029 3126 3159 3165 esse
3183 3114 3558 3165 adnotaverat
3583 3115 3637 3163 in
3662 3111 3819 3165 libro

2208 3190 2377 3253 cujus
2395 3188 2661 3238 Ruﬁnum
2706 3192 3000 3236 auctorem
3033 3185 3293 3237 facitvita
3326 3185 3595 3237 nimirum
3614 3186 3819 3238 Sancti

517 3262 661 3339 vitor
709 3259 942 3339 quidem
975 3265 1287 3339 excussam
1318 3250 1629 3339 prasteriise
1661 3249 2102 3312 comperiuntur.

2212 3249 2492 3339 Johannis
2502 3259 2686 3339 Ἐπιθφὶ
2697 3261 2799 3337 ιῳτ.
2814 3256 3163 3320 Unum,inqui
3173 3265 3202 3321 ι,
3221 3257 3532 3305 Johannem
3550 3256 3611 3304 in
3626 3256 3819 3321 ipsius

514 3333 626 3395 Huj
636 3318 865 3382 usmodi
876 3339 1022 3390 opus
1039 3326 1271 3387 Ruﬁnus
1288 3334 1466 3385 quum
1479 3322 1786 3395 Historiam
1800 3331 1967 3371 suam
1979 3318 2106 3369 scri-

515 3391 692 3465 beret,
718 3402 829 3452 sub
858 3410 1035 3449 manu
1057 3397 1267 3447 habere
1300 3406 1362 3445 se
1396 3391 1703 3465 innuitlib.
1861 3403 1983 3455 cap.
2009 3391 2105 3442 IV.

517 3463 744 3527 Etenim
771 3474 1111 3522 Sanctorum
1139 3470 1386 3524 Patrum,
1412 3477 1559 3528 quos
1590 3463 1652 3514 in
1697 3464 1893 3514 Nitriae
1917 3474 2107 3514 eremo

517 3549 717 3600 ﬂorere
751 3546 1117 3607 cognoverat,
1156 3539 1307 3589 facta
1336 3537 1645 3597 mentione,
1682 3536 1864 3587 obiter
1899 3536 1997 3597 ait,
2055 3547 2119 3585 se

517 3618 740 3685 proprio
761 3629 914 3679 opere
925 3614 1109 3665 iusius
1129 3610 1441 3685 eorundem
1456 3614 1620 3671 gesta
1633 3611 2105 3659 enuarraturum:

530 3677 726 3742 Verum
748 3677 1161 3749 sisingulorum
1184 3681 1525 3730 mirabitium
1552 3685 1693 3743 gesta
1713 3680 1966 3743 prosequi
1983 3677 2111 3726 veli-

521 3778 664 3824 mus,
685 3759 1030 3811 excludimur
1045 3772 1079 3805 a
1102 3754 1381 3820 proposita
1396 3752 1660 3815 brevitate,
1677 3751 1918 3800 mawime
1941 3766 2012 3814 qu
2022 3764 2112 3798 um

523 3840 1114 3888 HECNARRATIONBM
1127 3837 1370 3878 PROPR”
1392 3835 1605 3876 OPBRIS
1637 3829 1965 3872 mereantur.
1993 3825 2112 3870 ltum

520 3908 892 3973 postmodum
901 3901 1279 3951 narrationem
1288 3898 1504 3962 proprii
1516 3899 1733 3961 Operisa
1746 3897 1949 3945 Ruﬁno
1971 3906 2117 3945 seor-

537 3966 666 4032 sum
680 3978 1017 4040 confectam,
1044 3987 1117 4025 ex
1141 3974 1488 4034 Hieronymo
1512 3971 1825 4033 perspicue,
1850 3966 2117 4029 intelligi-

539 4068 692 4117 mus,
714 4053 811 4116 qui
831 4053 892 4101 in
906 4046 1148 4113 epistola
1165 4045 1359 4106 XLIII,
1374 4043 1447 4117 ad
1457 4042 1901 4117 Ctesiphontem,
1926 4050 2118 4117 mona-

523 4111 767 4190 chorum
782 4111 990 4176 Vitasa
1003 4121 1200 4181 Ruﬁno
1216 4115 1533 4190 descriptas
1549 4113 1779 4190 sugillat
1789 4111 2087 4190 bisverbis
2104 4124 2117 4160 :

530 4183 719 4268 Euius
741 4192 1004 4263 (Evagrii)
1042 4190 1202 4268 libros
1233 4185 1697 4268 (Sententiarum)
1853 4183 2119 4268 Orieptem

521 4253 1229 4333 ᾱνέοοεέιμτῖιενρνειαηιο
1254 4258 1517 4333 discipulo
1550 4256 1663 4333 ejus
1702 4256 1920 4333 Ruﬁno,
1963 4254 2058 4302 Lat
2081 4253 2122 4300 i-

520 4327 640 4413 nos,
656 4327 900 4412 plerique
931 4327 1001 4385 in,
1020 4333 1291 4386 Occidente
1319 4331 1571 4412 lectitant.
1597 4331 1709 4390 QUI
1727 4327 1996 4413 (Ruﬁnus)
2034 4337 2121 4376 ιι.

700 4397 912 4483 quoque
923 4416 1209 4483 SCRIPSIT,
1226 4404 1384 4468 quasi
1395 4410 1810 4483 DE‘MONACHis,
1824 4397 2123 4483 multosque

679 4470 961 4540 enumerat
1001 4482 1097 4548 qui
1130 4493 1424 4543 nunquam
1451 4476 1695 4539 fuerunt.
1742 4474 1909 4548 Hunc
1934 4470 2125 4548 locum

522 4563 955 4616 subobscurum
975 4542 1124 4608 intra
1159 4542 1474 4617 explicabo,
1504 4549 1576 4600 ad
1600 4559 1772 4611 quem
1791 4543 1969 4596 critici
1997 4542 2119 4594 hsc-

523 4636 671 4698 rent,
696 4631 864 4697 quasi
886 4628 1403 4698 Hieronymuseos.
1422 4621 1668 4698 traderet
1681 4631 1716 4671 a
1736 4618 1934 4681 Ruﬁno
1968 4626 2111 4698 enu-

520 4688 747 4768 morari,
785 4701 887 4766 qui
930 4688 1236 4762 nunquam
1268 4695 1516 4747 fuissent
1557 4692 1629 4768 in,
1662 4702 1855 4768 rerum
1887 4688 2110 4768 natura,

526 4788 713 4842 quum
736 4758 942 4826 tamen
974 4770 1048 4823 ad
1078 4758 1487 4842 unumomnes
1524 4767 1678 4816 certo
1699 4762 1913 4842 certius
1938 4758 2115 4842 fuisse

529 4830 772 4902 constet.
827 4842 1197 4904 Prosequitur
1232 4838 1653 4899 Hieronymus:
1688 4832 1757 4881 Et
1801 4845 1934 4896 quos
1950 4830 2116 4893 fuisse

519 4920 721 4982 scribit,
757 4916 1085 4981 Origenistas
1123 4912 1188 4962 ab
1223 4912 1482 4977 episcopis
1517 4910 1828 4982 damnatos,
1864 4921 1966 4955 esse
2000 4917 2115 4982 non

525 4977 753 5043 dubium
785 4977 877 5052 est,
914 4986 1272 5038 Ammonium
1303 4982 1537 5033 videlicet
1568 4986 1615 5029 et
1635 4978 1943 5052 Eusebium,
1961 4981 2011 5052 et
2026 4977 2114 5052 ip—

523 5081 591 5116 su
600 5078 653 5113 m
674 5047 996 5125 Evagrium.
1019 5058 1092 5108 0r
1111 5071 1322 5121 quoque
1332 5060 1379 5104 et
1389 5054 1658 5104 lsidorum
1673 5057 1727 5125 et
1737 5048 1950 5125 Amultos
1958 5047 2112 5125 alios,

522 5150 656 5202 quos
689 5118 1007 5184 enumerare
1031 5118 1251 5179 taedium
1285 5132 1373 5179 est.
1398 5127 1465 5177 Et
1486 5125 1653 5191 juxta
1690 5121 1827 5174 illud
1861 5118 2111 5181 Lucretii,

521 5209 790 5263 libIV.v.
819 5205 916 5262 ‘19:

648 5329 707 5377 Et
727 5327 886 5377 veluti
909 5324 1076 5386 pueris
1096 5321 1350 5370 absinthia
1370 5324 1491 5367 tetra
1514 5318 1764 5366 medentes

651 5404 815 5458 Quum
838 5401 957 5447 dare
979 5401 1239 5453 conantur,
1264 5394 1407 5453 prius
1440 5404 1552 5438 oras
1576 5389 1756 5449 pocula
1778 5386 1967 5434 circum

650 5474 957 5532 Contingunt
979 5469 1120 5517 dulci
1146 5466 1314 5514 mellis
1342 5464 1569 5523 ﬂavoque
1590 5461 1804 5520 liquore.

526 5591 608 5638 Ita
658 5588 748 5637 ille
786 5583 1063 5651 (Ruﬁnus)
1119 5596 1297 5632 unum
1336 5578 1647 5628 Johannem
1671 5568 2021 5651 (Eremitam)
2053 5569 2115 5651 in

524 5660 695 5725 ipsius
732 5642 856 5707 libri
884 5642 1065 5722 posuit
1093 5651 1369 5725 principio
1394 5664 1406 5699 :
1434 5663 1593 5713 quem
1623 5651 1671 5694 et
1710 5642 2055 5725 catholicum,
2069 5645 2117 5689 ct

523 5713 772 5780 sanctum
794 5713 957 5792 fuisse
998 5713 1113 5776 non
1130 5713 1357 5774 dubium
1388 5726 1478 5781 est,
1498 5724 1556 5767 ut
1582 5732 1678 5783 per
1700 5716 1847 5765 illius
1880 5713 2116 5763 occasio-

528 5817 652 5852 nem
669 5784 875 5862 ceteros,
888 5814 1019 5864 quos
1032 5793 1575 5865 posuerathaereticos,
1596 5788 1835 5839 Ecclesia:
1858 5784 2118 5865 inlauda-

530 5880 683 5925 ceret.
696 5871 786 5924 Ad
808 5856 937 5924 huic
950 5856 1335 5934 Hieronymus
1357 5864 1469 5918 alia
1480 5862 1668 5927 Ruﬁm
1691 5871 1859 5934 opera
1873 5856 2115 5934 vellicat,

528 5947 603 6000 ob
626 5944 950 6009 Euagrium,
981 5926 1228 6006 Xystum,
1252 5926 1611 6002 Pamphilum
1637 5936 1697 5988 et
1722 5931 2024 5997 Origenem,
2045 5926 2118 5980 ab

2135 4645 2192 4719 D

2211 3333 2333 3383 libri
2353 3331 2532 3396 posuit
2556 3329 2849 3394 principio,
2873 3343 3032 3392 quem
3066 3334 3111 3376 et
3141 3328 3467 3377 catholicum
3496 3332 3541 3376 et
3557 3333 3819 3377 sanctum

2204 3406 2372 3469 fuisse
2399 3418 2509 3450 non
2532 3400 2759 3449 dubium
2799 3406 2889 3449 est.
2931 3403 3149 3462 Atquet
3192 3399 3327 3450 hinc
3352 3402 3605 3463 apparet,
3632 3411 3815 3461 quam

2213 3478 2398 3542 spisse
2430 3473 2703 3525 erraverit
2723 3472 3017 3522 Johannes
3068 3470 3435 3522 Martianmus
3461 3471 3522 3521 in
3555 3473 3716 3523 notis
3739 3472 3817 3523 ad

2210 3541 2459 3599 eundem
2480 3544 2671 3595 locum
2716 3544 3180 3605 Hieronymianm
3214 3541 3474 3604 epistolae
3518 3546 3656 3592 tom.
3712 3544 3811 3604 IV,

2211 3620 2456 3683 Operuiu
2476 3628 2599 3679 pag.
2614 3612 2736 3667 476.
2756 3614 2853 3663 ubi
2869 3614 3053 3663 verbis
3066 3614 3186 3675 jam
3203 3613 3470 3662 adductis
3486 3612 3812 3662 Johannem

2216 3698 2655 3756 Chrysostomum
2673 3690 2957 3752 designari
2975 3689 3230 3739 credidit.
3247 3689 3368 3738 Hoc
3392 3693 3545 3739 certe
3569 3688 3820 3741 credidit

2214 3762 2540 3819 inconsulto
2566 3760 2789 3819 Ruﬁno,
2816 3760 2911 3822 qui
2938 3771 2973 3809 a
2994 3760 3248 3808 Johanne
3274 3758 3608 3822 Lycopolita,
3636 3773 3759 3811 non
3779 3774 3815 3812 a

2221 3840 2615 3903 Chrysostomo,
2646 3832 3249 3895 Constantinopolitano
3280 3831 3559 3896 Episcopo,
3585 3832 3819 3884 initium

2215 3902 2351 3963 libri
2372 3907 2717 3971 auspicatur.
2737 3906 2846 3955 Cur
2856 3904 3011 3954 enim
3022 3905 3436 3953 monachorum
3448 3902 3669 3966 agmini
3695 3904 3819 3968 cpt-

2220 3993 2459 4046 scopum
2483 3974 3091 4043 prmposuissettldem
3103 3975 3332 4037 Ruﬁnus
3342 3973 3411 4024 de
3432 3974 3669 4046 reliquis
3686 3975 3820 4026 sub-

2218 4045 2351 4107 inde
2381 4056 2520 4116 agit,
2549 4051 2620 4102 de
2648 4049 2861 4112 quibus
2878 4046 3280 4110 Hieronymus,
3307 4047 3380 4096 ab
3392 4056 3459 4096 eo
3479 4045 3698 4096 inlibro
3713 4058 3818 4097 suo

2220 4128 2333 4192 agi,
2367 4124 2688 4188 scripserat.
2713 4121 2803 4182 Hi,
2829 4120 3148 4171 secundum
3167 4116 3502 4181 Hieronymi
3533 4117 3816 4179 ordinem,

2222 4204 2377 4251 sunt.
2605 4249 2610 4251 _
3196 4230 3203 4237 .

2285 4273 2334 4327 1.
2366 4263 2997 4328 Ammonius,‘Eusebius,
3023 4266 3081 4315 et
3102 4260 3459 4326 Euthymius,
3470 4273 3594 4326 cap.
3610 4262 3815 4313 XXIII.

2224 4361 2632 4475 pagfigﬁtus
2653 4407 2909 4459 Ponticus
2928 4417 3049 4470 cap.
3076 4404 3307 4469 XXVII,
3331 4417 3459 4470 pag.
3487 4404 3612 4459 479.

2289 4489 2339 4544 3.
2368 4487 2443 4537 ον
2467 4486 2590 4535 sive
2612 4482 2729 4530 Hor
2750 4491 2870 4542 cap.
2898 4479 2967 4529 II.
2993 4488 3119 4541 pag.
3139 4475 3262 4530 457.

2280 4562 2331 4616 4.
2359 4556 2599 4610 Isidorus
2631 4564 2751 4617 cap.
2782 4551 2954 4602 XVII.
2974 4562 3103 4615 pag.
3130 4548 3253 4603 475.

2219 4636 2327 4687 Tot
2338 4642 2473 4695 ergo
2486 4628 2774 4689 tantisque
2786 4623 3009 4675 caussis
3023 4618 3818 4695 suadentibuscertissimum

2218 4708 2301 4770 ﬁt,
2327 4691 2639 4770 Historiam
2655 4695 3091 4770 monachorum,
3122 4706 3295 4770 quam
3314 4692 3517 4745 Ruﬁno
3539 4691 3820 4755 mel-(my.

2214 4766 2345 4830 mus
2371 4772 2587 4833 tribuit,
2612 4769 2760 4821 hanc
2783 4767 3027 4818 eandem
3056 4766 3288 4817 omnino
3311 4776 3458 4823 esse,
3503 4774 3639 4826 quae
3664 4774 3822 4814 nunc

2212 4848 2366 4914 apud
2408 4840 2803 4914 Rosweydum
2827 4837 3134 4914 constituit
3163 4836 3389 4914 _librum
3426 4836 3493 4914 I_I.
3546 4833 3821 4914 Historia

2214 4905 2536 4973 Eremiticie
2547 4913 2618 4965 de
2632 4911 2763 4963 vitis
2775 4911 2943 4961 Patru
2951 4916 3022 4959 ω’.
3038 4907 3361 4970 Quidquam
3376 4905 3530 4957 enim
3555 4905 3822 4973 luculenf

2213 4966 2678 5053 t—iu'qu—uidquam
2693 4983 2893 5034 fortius
2916 4986 2972 5053 et
2994 4966 3397 5053 disertius,_pro
3423 4979 3578 5053 certo
3592 4978 3656 5053 et
3678 4966 3824 5053 legi-1

2214 5046 2354 5116 timo
2379 5046 2506 5112 libri
2519 5046 2794 5120 scriptore
2809 5052 3015 5104 Ruilno
3027 5049 3365 5110 evincendo,
3379 5046 3699 5111 excogitari
3721 5046 3823 5097 vix

2213 5136 2450 5199 poterat.
2485 5130 2598 5179 Nec
2622 5138 2762 5199 sane
2786 5122 2992 5199 minori
3023 5124 3500 5199 argumentorum
3538 5122 3825 5199 apparatu

2212 5187 2269 5257 et
2303 5202 2554 5269 pondere
2596 5198 2670 5250 ad
2701 5196 2760 5248 id
2813 5191 3325 5269 demonstrandum
3365 5190 3698 5269 opusderat,
3749 5187 3824 5239 ob

2218 5258 2399 5329 dubia
2421 5274 2586 5326 nobis
2617 5270 2826 5332 exipso
2846 5264 3039 5317 Ruﬁni
3070 5262 3212 5314 libro
3233 5258 3595 5313 adversantia
3619 5273 3645 5332 εγ
3662 5270 3827 5332 νᾳιιοο

2214 5362 2342 5401 rum
2371 5348 2491 5399 vim
2534 5330 2789 5408 plerique
2812 5350 3014 5397 omnes
3037 5335 3194 5408 haud
3229 5335 3499 5408 aliteruse
3528 5330 3823 5408 declinare

2214 5400 2383 5485 posse
2429 5400 2799 5472 censuerunt,
2826 5420 3013 5485 quum
3043 5407 3091 5458 si
3123 5406 3365 5485 eundem
3402 5404 3614 5455 librum
3660 5400 3827 5453 Ruﬁ-

2212 5476 2288 5543 no
2310 5488 2722 5552 abjudicarent,
2753 5480 2845 5532 vel
2874 5479 3147 5531 Ruﬁnum
3164 5479 3545 5552 interpretem
3570 5476 3819 5552 tantum,

2212 5576 2331 5615 non
2355 5546 2713 5612 conditorem
2734 5557 3072 5606 asserereut.
3106 5551 3252 5601 Hinc
3284 5548 3379 5600 alii
3413 5546 3664 5597 Palladio
3685 5556 3819 5596 eum

2215 5636 2581 5687 tribuerunt.
2648 5627 2757 5679 Alii
2815 5626 3053 5688 Evagrio
3100 5624 3365 5684 episcopo
3418 5616 3818 5679 Antiocheno,

2214 5710 2283 5759 ut
2306 5703 2582 5755 Martinus
2616 5698 2836 5751 Delrius
2857 5697 2921 5747 in
2960 5694 3111 5746 notis
3162 5692 3236 5744 ad
3278 5690 3818 5759 Octaviamtragm-

2215 5758 2390 5839 diam,
2434 5776 2666 5826 Senecm
2711 5769 3059 5831 adscriptam
3097 5760 3391 5839 pagos“).
3423 5761 3533 5839 Alii
3566 5758 3819 5839 denique

2216 5851 2348 5916 post
2369 5831 2674 5899 Erasmum
2688 5841 2926 5916 Evagrio
2945 5838 3265 5916 Pontico_._ut
3281 5831 3579 5916 Conradus
3602 5832 3821 5916 Gesne-

2216 5900 2318 5976 i'us
2350 5920 2415 5974 in
2444 5900 2828 5978 Bibliotheca;
2854 5909 3133 5974 Georgius
3164 5906 3439 5961 Wicelius
3470 5904 3534 5958 in
3575 5900 3819 5968 epistola
