3894 6404
48 380 142 438 237
1264 385 1457 439 VlT-A.
1494 387 1629 439 LIB.

48 509 169 558 ante
188 503 502 577 Historiam
523 504 815 577 Divorum,
833 505 1126 577 Johannes
1148 506 1407 560 Molanus
1436 509 1499 562 in
1508 522 1634 577 cap.

49 577 181 628 XIII.
216 575 287 628 de
330 575 766 643 Mairtyrologiis,
805 576 1111 631 Goldastus
1146 579 1207 631 in
1228 580 1382 633 notis
1410 581 1483 633 ad
1521 575 1635 634 Va-

48 648 311 701 lerianum
337 648 735 701 Cemelensem
760 649 830 702 de
853 652 1008 702 Bono
1035 651 1354 715 disciplinae
1377 666 1501 717 pag.
1544 652 1631 707 89.

50 727 99 772 et
121 720 398 772 Baronius
419 721 480 772 in
499 721 653 773 notis
682 721 754 773 ad
772 722 896 774 dies
939 721 1005 777 15
1043 727 1102 775 et
1145 723 1229 777 17.
1272 726 1548 779 Januarii.
1579 728 1636 777 et

49 792 125 845 '37.
169 792 371 843 Martii.
413 794 477 843 In
517 793 839 846 Annalibus
874 795 1047 846 etiam
1070 797 1135 846 A.
1156 796 1225 847 D.
1252 794 1374 850 393.
1406 798 1454 861 ἓ.
1486 795 1554 851 ’29
1578 800 1636 850 et

52 862 125 917 35.
153 865 215 914 Α.
242 864 308 926 D,
336 862 459 918 394.
488 864 539 928 §.
564 863 659 919 20.
688 869 747 917 et
768 865 903 917 alibi
941 879 1355 930 saepenumero.
1403 870 1514 919 Nec
1538 869 1637 921 de-

53 940 174 986 sunt
188 934 416 987 codices
433 936 569 989 MSS.
586 936 686 1000 qui
709 939 1121 987 Postumianum
1153 940 1494 991 monachum
1519 943 1635 989 libri

52 1010 321 1057 auctorem
350 1006 582 1060 faciant.
603 1009 867 1073 Singulas
904 1010 1110 1061 horum
1158 1012 1475 1063 sententias
1509 1011 1638 1063 dili-

52 1082 233 1139 genter
255 1080 517 1131 excussit
539 1081 896 1143 Rosweydus
919 1082 979 1132 in
1017 1081 1420 1146 prolegomene
1444 1084 1494 1137 4.

106 1151 165 1199 II.
189 1149 295 1200 Sed
321 1149 483 1202 nulla
503 1164 576 1202 ex
602 1152 804 1216 viginti
823 1152 1006 1217 ipsius
1043 1154 1228 1218 operis
1270 1154 1634 1217 editionibus,

51 1222 113 1270 ab
134 1220 324 1272 eodem
363 1222 487 1274 viro
521 1222 689 1275 docto
719 1224 1091 1287 enumeratis,
1118 1225 1295 1277 alium
1322 1231 1631 1286 auctorem,

54 1304 206 1354 quam
230 1293 627 1357 Hieronymum
647 1296 897 1353 praefert:
925 1296 1022 1358 qui
1041 1297 1146 1349 hoc
1172 1299 1476 1361 pactoejus
1503 1299 1636 1348 His-

52 1363 209 1427 toria,
227 1365 663 1430 quamsugillavc
684 1380 714 1419 r
730 1367 845 1420 itin
864 1367 1105 1432 epistola
1125 1369 1196 1421 ad
1211 1370 1636 1432 Ctesiphontem

56 1438 235 1486 auctor
268 1438 479 1498 evasit,
511 1437 900 1502 adstipulante
927 1439 1190 1491 Johanne
1229 1440 1540 1493 Trilhemio
1575 1444 1634 1491 in

56 1504 298 1571 Catalogo
330 1520 460 1572 cap.
505 1509 568 1560 C.
601 1510 699 1560 ubi
722 1509 874 1561 hunc
907 1509 1114 1561 librum
1140 1510 1211 1563 de
1240 1513 1359 1562 Vita
1382 1513 1631 1571 Patrum,

55 1577 395 1642 incipientem
421 1594 435 1630 :
455 1580 773 1630 Benedictus
790 1582 949 1641 Deus,
967 1582 1301 1647 Hieronymi
1319 1595 1447 1635 esse
1461 1584 1633 1636 tradi-

57 1648 140 1699 dit.
165 1650 304 1702 Hinc
329 1651 615 1716 Rosweyd
626 1665 714 1715 us,
743 1654 825 1703 tot
850 1653 1170 1718 sententiis,
1191 1655 1390 1717 Ruﬁno
1416 1667 1634 1718 nequa-

57 1733 208 1782 quam
220 1721 566 1785 faventibus,
586 1722 737 1775 haud
751 1736 954 1788 parum
969 1730 1239 1787 vexatus,
1255 1726 1483 1777 tandem
1499 1725 1632 1777 illuc

57 1791 227 1843 animo
248 1792 489 1846 inclinat
505 1793 906 1859 prolegomene
923 1796 1015 1847 IV.
1028 1795 1081 1860 §.
1098 1795 1184 1850 10.
1198 1808 1327 1860 pag.
1345 1795 1430 1850 28.
1452 1798 1630 1849 utRu-

56 1864 210 1922 ﬁnum
220 1877 333 1916 non
348 1866 685 1930 primarium
700 1866 1127 1926 libriauctorem,
1155 1868 1259 1919 sed
1291 1873 1626 1933 tnterprelem

58 1935 240 1988 credat.
266 1938 433 1989 Hunc
446 1950 587 1990 vero
598 1938 745 1990 duas
769 1940 843 1990 ob
856 1952 1088 1991 caussas
1100 1940 1391 2004 proprium
1411 1953 1627 1993 nomen

58 2019 156 2058 non
166 2007 539 2074 adscripsisse
550 2009 1015 2063 comminiscitur.
1029 2014 1069 2062 I.
1085 2012 1240 2075 quod
1253 2025 1370 2064 non
1392 2013 1628 2065 auderet

59 2081 260 2132 nomine
293 2080 398 2134 su‘o
427 2081 642 2134 librum
668 2082 990 2143 extrudere,
1019 2095 1134 2147 quo
1146 2084 1407 2136 nonnulli
1431 2085 1628 2149 Orige-

59 2150 204 2204 nistte
230 2153 680 2205 continerentur.
723 2155 789 2205 II.
816 2154 972 2218 quod
1001 2168 1117 2208 non
1162 2161 1270 2208 tam
1295 2161 1451 2208 esset
1499 2156 1627 2209 libri

61 2223 306 2288 conditor,
330 2237 509 2288 quam
526 2238 718 2277 merus
743 2226 1040 2290 interpres,
1068 2239 1250 2291 quum
1264 2240 1409 2293 pene
1433 2229 1628 2282 omnia

61 2294 108 2345 in
132 2294 216 2346 illo
245 2299 494 2361 narrata,
517 2298 669 2361 apud
694 2297 1006 2348 Palladium
1029 2302 1086 2350 et
1109 2300 1447 2350 Heraclidem
1470 2299 1624 2367 lege-

62 2371 245 2418 rentur.
263 2369 446 2429 Quare
465 2368 808 2421 alterutrum
834 2369 922 2421 vel
934 2374 1258 2436 quempiam
1269 2372 1466 2429 alium.
1485 2385 1625 2439 sup-

64 2450 232 2500 presso
280 2440 536 2505 nomine,
582 2440 745 2492 illum
790 2443 985 2493 Greece
1017 2442 1267 2495 edidisse
1299 2444 1624 2504 arbitratur,

64 2521 209 2571 quem
227 2510 455 2575 Ruﬁnus
474 2517 673 2575 postea
684 2512 738 2562 iu
751 2513 1019 2565 Latinum
1034 2526 1358 2566 sermonem
1372 2519 1627 2567 transtu-

63 2578 176 2631 lerit.
198 2582 275 2632 Ita
306 2583 486 2635 ferme
515 2583 894 2646 Rosweydus.
936 2586 1149 2636 Verum
1192 2585 1283 2636 his
1326 2585 1489 2638 facile
1519 2588 1622 2638 ob-

67 2649 195 2721 viam
233 2653 358 2704 itur.
403 2654 662 2717 Utraque
707 2655 973 2715 Historia,
1008 2660 1124 2707 tam
1163 2656 1423 2720 Palladii,
1449 2670 1625 2721 quam

66 2720 350 2784 Heraclidis,
376 2736 516 2788 quae
534 2737 713 2777 unum
740 2728 893 2789 sunt,
919 2738 1039 2778 non
1059 2729 1211 2789 ante,
1240 2729 1335 2778 sed
1360 2720 1492 2792 post
1513 2729 1626 2778 Ru-

66 2793 149 2849 ﬁni
168 2794 376 2847 obitum
408 2796 473 2848 in
518 2796 707 2848 lucem
741 2796 963 2860 prodiit.
1018 2798 1136 2849 IIoc
1163 2798 1296 2850 inde
1321 2798 1626 2853 manifeste

66 2864 328 2928 evincitur,
353 2867 515 2932 quod
545 2868 605 2919 in
625 2870 868 2930 utraque
889 2868 1122 2931 Ruﬁnus
1144 2874 1509 2933 memoratur,
1535 2877 1624 2924 ut-

66 2937 174 3008 pote
203 2936 385 3001 homo,
426 2938 531 3002 qui
559 2938 904 2998 jamdudum
942 2940 1212 2991 floruerit.
1237 2942 1363 2993 Non
1395 2943 1624 3008 ergoius

68 3006 189 3059 hanc
203 3010 435 3062 eandem
472 3010 790 3074 Historiam,
806 3015 937 3076 post
960 3024 1024 3064 se
1045 3012 1255 3065 editam
1280 3017 1337 3065 et
1358 3006 1627 3066 concina-

71 3084 174 3148 tam,
220 3080 572 3147 interpretari
615 3080 733 3133 ullo
788 3082 958 3134 modo
989 3083 1191 3148 potuit.
1240 3084 1462 3136 Editam
1490 3099 1624 3137 vero

68 3146 235 3213 fuisse,
265 3153 329 3204 A.
364 3146 429 3204 D.
460 3151 579 3208 420.
608 3153 856 3217 ipsemet
878 3146 1164 3204 Palladius
1188 3160 1387 3208 auctor
1410 3156 1621 3209 diserte

65 3233 149 3272 nos
162 3222 315 3276 decet
330 3225 387 3277 in
410 3224 830 3289 ptmtationead
843 3227 1115 3291 Lausum,
1137 3227 1236 3279 ubi
1258 3228 1356 3292 ait,
1384 3241 1447 3280 se
1472 3244 1620 3278 anno

61 3292 266 3343 vicesimo
288 3297 651 3361 Fpiscopatus,
682 3297 804 3346 vitae
834 3312 943 3346 sitae
982 3297 1433 3361 quinquagesimo
1469 3299 1621 3349 tertio

65 3362 120 3413 ad
141 3365 487 3419 scribendam
512 3367 810 3417 Historiam
825 3380 993 3421 suam
1012 3368 1350 3421 Lausiacam
1363 3370 1624 3422 animum

64 3433 329 3499 adpulisse.
366 3438 545 3502 Atqui
568 3438 853 3489 Palladius
887 3443 954 3490 A.
992 3442 1057 3491 D.
1079 3439 1194 3494 400.
1231 3440 1306 3493 ad
1330 3442 1623 3507 episcopa-

67 3507 164 3577 tum
186 3508 707 3576 Helenopolitanum
721 3510 1039 3577 adscendit,
1058 3517 1117 3564 et
1126 3524 1324 3564 mense
1337 3514 1420 3563 Ma
1422 3514 1481 3577 jo
1494 3517 1537 3574 ej
1547 3529 1624 3563 us-

64 3576 169 3629 dem
188 3582 314 3634 anni
338 3581 597 3635 interfult
612 3582 857 3635 Concilio
888 3576 1537 3649 ConStantinopolitauo,
1562 3584 1622 3636 in

65 3659 156 3710 quo
178 3653 496 3706 Antoninus
508 3654 716 3718 Ephesi
727 3655 1034 3720 episcopus
1045 3654 1116 3708 de
1133 3654 1376 3707 simonia
1387 3667 1624 3708 accusa-

67 3724 142 3772 tus
173 3728 268 3776 est.
312 3724 418 3777 Adi
466 3725 893 3778 Tillemontium
942 3730 1097 3779 tomo
1142 3728 1223 3778 XI
1266 3727 1327 3778 in
1372 3728 1621 3778 Palladio

66 3793 268 3849 articulo
289 3796 338 3851 6.
361 3810 493 3863 pag.
528 3796 644 3852 514.
687 3798 918 3860 Ruﬁnus
961 3801 1155 3852 autem
1186 3798 1464 3851 decennio
1487 3804 1623 3852 ante

67 3864 318 3930 vulgatam
331 3868 569 3919 Palladii
580 3868 890 3922 Historiam
901 3872 963 3919 ed
975 3870 1168 3935 plures
1182 3872 1545 3935 migraverat,
1569 3877 1624 3921 ut

68 3941 235 3997 postea
274 3941 615 3994 videbimus.
653 3940 743 3993 Ad
766 3941 893 3995 hmo
927 3942 1081 4005 apud
1104 3942 1521 4007 Hieronymum
1557 3942 1619 3994 in

68 4008 271 4070 epistola
295 4011 366 4065 ad
401 4012 831 4078 Ctesiphontem
861 4015 1093 4078 Ruﬁnus
1122 4014 1269 4066 male
1292 4014 1473 4078 audit,
1504 4026 1622 4066 non

69 4079 119 4129 ut
132 4080 385 4149 interpres,
416 4085 520 4138 sed
548 4088 611 4136 ut
626 4084 930 4148 primarius
951 4086 1199 4135 conditor
1211 4085 1478 4138 Historiae
1498 4097 1624 4137 mo-

67 4151 358 4206 nachorum.
385 4157 472 4207 Ex
519 4155 610 4207 his
639 4154 839 4220 liquet,
864 4162 1217 4221 quantopere
1229 4156 1456 4209 fallatur
1478 4158 1625 4208 Bos-

66 4223 269 4285 weydus
295 4226 489 4291 alium,
528 4239 704 4290 quam
725 4228 1007 4291 Ruﬁnum,
1022 4228 1150 4280 libri
1172 4233 1466 4281 auctorem
1481 4240 1625 4280 con-

67 4292 294 4365 s_t_i_tuens.
338 4299 483 4363 Ergo
524 4298 633 4349 alia
678 4298 772 4350 via
810 4300 980 4351 nobis
1014 4299 1283 4365 ineunda,
1333 4300 1399 4351 ut
1420 4311 1624 4351 omnes

67 4361 434 4433 difﬁcultates;
450 4382 589 4434 quae
633 4382 740 4421 nec
782 4382 1000 4436 paucae,
1028 4384 1135 4424 nec
1160 4361 1353 4436 parvae
1376 4376 1532 4435 sunt,
1555 4370 1625 4422 de

68 4437 224 4508 medio
237 4440 515 4495 tollamus.
530 4440 696 4493 Istud
711 4455 845 4494 vero
856 4447 1120 4495 accurate
1133 4441 1251 4494 fieri
1270 4455 1390 4496 non
1399 4442 1622 4508 poterit,

67 4506 157 4559 nisi
194 4522 284 4563 eas
326 4525 396 4565 ex
434 4513 563 4578 ipso
606 4512 799 4575 Ruﬁni
846 4513 989 4566 libro
1017 4515 1222 4579 petitas
1263 4513 1337 4566 ad
1377 4506 1625 4565 examen

67 4585 485 4699 rcvoctaverimus
533 4598 546 4635 :
587 4584 743 4649 quod
778 4586 1135 4651 Rosweydus
1194 4588 1471 4652 praestare
1516 4598 1620 4638 ne-

67 4660 190 4699 nexi
220 4691 232 4699 .

66 4651 232 4711 glexit.

114 4722 191 4774 III.
224 4727 412 4791 Itaque
445 4729 687 4793 scriptor
720 4728 844 4782 libri
879 4728 950 4781 de
986 4729 1118 4781 Vitis
1157 4729 1408 4789 Patrum,
1443 4740 1618 4792 quem

68 4800 167 4867 139$,
191 4807 312 4850 cum
332 4800 694 4867 Hieronymo,
719 4802 983 4863 Ruﬁnum
993 4800 1228 4853 omnino
1244 4814 1369 4853 esse
1380 4803 1617 4852 conten-

70 4860 247 4933 dimus,
277 4875 515 4925 testatur
540 4860 606 4925 in
642 4860 895 4938 prologo,
928 4874 1100 4936 inque
1121 4872 1245 4937 ipso
1264 4872 1450 4936 operis
1477 4882 1617 4923 con-

71 4937 221 5002 textu,
234 4953 291 4995 se
302 4943 617 4997 describere
641 4937 940 4995 Historiam
966 4945 1241 5007 itinerum,
1261 4956 1392 5008 qum
1405 4944 1620 4993 diversis

73 5010 382 5073 temporibus
403 5016 470 5079 is,
494 5017 593 5081 qui
613 5017 673 5069 in
698 5015 843 5069 libro
861 5016 1129 5081 loquitur,
1155 5029 1255 5080 per
1278 5013 1617 5068 solitudines

71 5089 502 5156 monasteriorum
534 5090 762 5156 Egypti
804 5092 939 5142 ante
973 5093 1322 5154 susceperat,
1349 5092 1407 5139 et
1428 5098 1619 5143 rerum

72 5152 259 5227 ἓθτίθων
272 5169 411 5222 quas
422 5171 523 5227 pro
529 5152 661 5226 priis
672 5152 854 5215 oculis
865 5161 1106 5226 viderat,
1121 5152 1360 5224 suisque
1383 5158 1620 5211 auribus

73 5218 319 5299 hauserat.
335 5218 463 5285 Jam
487 5218 622 5286 vero
633 5246 705 5287 ex
727 5234 910 5299 primo
932 5233 1060 5284 libri
1077 5218 1511 5297 capiteplanum
1532 5228 1617 5291 ﬂt,

73 5292 233 5369 θηβηο
282 5316 348 5357 ea
385 5305 691 5359 convenire
727 5292 845 5357 non
881 5316 1072 5369 posse,
1116 5292 1249 5369 quae
1278 5292 1365 5356 'de
1408 5304 1619 5354 Sancto

72 5364 293 5443 ίοδξωιὶϐ
309 5376 630 5443 Lycopolita
642 5379 828 5428 ibidem
843 5364 1621 5439 narrantur._Quandoquidem

74 5435 296 5508 Ruﬁnus,
321 5435 404 5500 uti
446 5435 565 5502 dixi
585 5448 682 5501 lib.
713 5450 806 5501 1v.
848 5461 971 5513 cap.
1018 5450 1086 5500 ιι.
1129 5435 1261 5513 post
1290 5449 1358 5498 A.
1395 5435 1459 5497 1').
1493 5444 1615 5500 385.

74 5518 164 5570 quo
178 5513 482 5583 Theophilus
492 5520 830 5573 Cathedram
846 5520 1297 5573 Alexandrinam
1314 5516 1616 5578 inscendit,

74 5587 328 5657 9}!“qu
352 5589 457 5643 fuit
477 5592 537 5644 in
566 5593 826 5657 Egypto.
855 5596 929 5643 At
951 5596 1152 5645 contra
1174 5590 1273 5655 qui
1284 5588 1539 5653 loquitur
1560 5588 1621 5639 in

80 5649 288 5730 Eustoria
313 5661 404 5715 lib.
431 5665 497 5716 II.
522 5649 699 5730 capri.
868 5663 984 5719 457.
1010 5675 1126 5716 una
1147 5649 1279 5715 cum
1299 5649 1508 5715 Sancto
1531 5661 1617 5713 Jo.

81 5719 361 5787 LI'OODOIita
392 5733 451 5786 in
473 5719 761 5789 Thebaide
785 5719 1123 5789 versabatur
1135 5734 1244 5787 sub
1264 5734 1520 5787 tlnemA.
1550 5733 1617 5784 D.

81 5790 174 5875 394..
197 5812 254 5854 se
280 5804 347 5857 de
370 5805 750 5872 Hierosolymis
768 5808 841 5857 ad
863 5822 988 5857 eum
1006 5807 1259 5857 utilitatis
1282 5811 1328 5856 et
1355 5803 1622 5870 profectus

84 5878 245 5943 Tm}:
254 5889 436 5928 caussa
446 5879 671 5932 venisse
685 5882 952 5943 testatus,
965 5879 1107 5932 dum
1127 5876 1403 5929 Theodosii
1428 5875 1621 5941 Magni

82 5931 136 5990 de
169 5940 394 6008 Eugenio
437 5954 679 6017 tyranno
694 5931 951 6007 victoria,
976 5931 1329 6006 Alexandria
1344 5931 1621 6011 nuncii“:

1662 389 1733 441 ιι.
1770 388 1924 441 CAP.
1963 390 2085 441 x11.
3228 401 3333 459 238

1660 506 1843 579 Aest.
1866 511 2300 592 AtquiRuﬁnus
2341 512 2763 592 h9c___temp9re,
2784 530 2928 592 non
2970 520 3031 571 in
3078 521 3332 592 ΑΞρῃῃιο,

1734 596 1920 661 neque
1944 583 1999 634 in
2020 582 2293 661 Thebaide,
2304 584 2410 661 sed
2430 586 2818 661 Hierosolymis
2832 589 3046 654 aderat,
3074 582 3336 661 interque

1736 667 1798 732 se
1808 654 2220 732 altercantibus
2230 656 2493 732 Johanne
2508 658 2664 732 urbis
2675 660 2997 728 epoiscopo,
3016 654 3335 732 Epiphanio

1734 729 1792 798 et
1822 727 2181 790 Hieronymo,
2206 726 2329 791 ipse
2351 727 2628 780 Johannis
2644 735 2835 794 partes
2862 726 3110 798 fovebat,
3121 726 3192 790 iit
3214 739 3335 793 dixi

1734 796 1827 874 lib.
1855 799 2097 874 IV._cap.
2124 799 2216 874 III.
2246 800 2441 874 {teque
2477 798 2570 851 hic
2590 800 2730 874 linis
2770 796 3196 874 difficultatum.
3224 812 3334 874 Qui

1734 869 1884 945 enim
1909 868 1982 919 ad
1993 867 2239 919 eundem
2254 870 2526 921 Sanctum
2546 872 2731 923 virum
2748 873 3063 928 Johannem
3078 867 3331 945 Lycope-

1733 939 1893 990 litam
1933 943 2310 1014 accesserant,
2343 946 2535 1014 septem
2563 946 3031 1003 numerabantur.
3073 939 3325 1014 quorum

1734 1025 1896 1074 unus,
1926 1011 2107 1059 celeris
2145 1012 2542 1073 adolescentior,
2577 1019 2699 1065 erat
2734 1014 3011 1079 dignitate
3042 1011 3321 1073 Diaconus

1733 1080 1933 1145 reliqui
1976 1081 2145 1158 Caici.
2192 1083 2299 1158 Hic
2350 1087 2408 1135 et
2442 1083 2713 1158 Diaconus
2744 1087 3117 1158 etadotescens,
3155 1106 3328 1158 quem

1734 1165 1854 1217 pra:
1888 1152 2168 1205 modestia
2200 1153 2374 1206 latere
2418 1155 2724 1217 volentem,
2771 1157 2999 1210 Sanctus
3046 1152 3328 1216 Johannes

1734 1224 1970 1287 detexit,
1983 1226 2056 1276 ab
2067 1237 2153 1287 eo,
2174 1226 2271 1289 qui
2282 1224 2536 1290 loquitur
2547 1226 2607 1278 in
2620 1228 2887 1293 Historia,
2906 1232 3045 1284 mihi
3062 1232 3327 1289 diversus

1733 1309 1853 1347 non
1875 1300 1981 1348 est.
2010 1297 2119 1348 Sed
2130 1297 2199 1347 de
2225 1297 2331 1348 hoc
2345 1298 2731 1361 postmodum.
2761 1301 2995 1363 Ruﬁnus
3016 1310 3167 1357 certe
3186 1309 3323 1361 A.D.

1733 1366 1856 1422 394.
1886 1380 2074 1442 neque
2107 1368 2430 1442 adolescens,
2448 1382 2635 1442 neque
2658 1371 2934 1442 Diaconus
2955 1373 3066 1427 dici
3087 1382 3328 1442 poterat,

1733 1452 1903 1504 quem
1919 1439 2268 1504 Epiphanius
2279 1440 2338 1490 in
2348 1440 2692 1505 epistolatad
2715 1445 2802 1494 Jo.
2818 1439 3234 1509 Hierosolymitan
3243 1439 3326 1501 nm

1728 1511 1838 1563 hoc
1853 1509 2055 1589 ecdem
2166 1512 2230 1561 D.
2256 1509 2376 1564 394.
2411 1511 2637 1589 scripta,
2678 1525 2797 1589 non
2817 1514 2916 1565 diu
2938 1521 3069 1589 post
3089 1520 3326 1589 Pascha,

1729 1581 1908 1635 semel
1928 1586 2023 1645 atq
2031 1595 2100 1633 ue
2119 1582 2325 1634 iterum
2334 1582 2627 1647 presbyteri
2638 1585 2869 1638 nomine
2881 1588 3145 1652 appellat.
3164 1581 3328 1653 Quod

1730 1654 1803 1729 ad
1824 1652 1965 1706 alios
1988 1653 2324 1729 piosviros,
2339 1653 2416 1729 _in
2440 1654 2712 1729 Historia
2728 1663 3073 1712 memoratos
3104 1652 3326 1729 attinet,

1732 1725 2001 1798 itinerum
2011 1726 2208 1798 auctor
2219 1724 2448 1798 duobus
2461 1725 2632 1778 sociis
2644 1726 2889 1791 stipatus
2902 1731 3099 1780 heatum
3113 1724 3329 1798 Apollo;

1732 1798 1889 1846 nium
1898 1797 1970 1849 ab
1983 1809 2046 1848 se
2059 1796 2250 1848 visum
2260 1797 2357 1859 ait,
2370 1812 2648 1847 annorum
2658 1798 2767 1862 fere
2778 1802 3048 1864 octoginta
3058 1796 3200 1867 cap}:
3216 1808 3326 1858 V11.

1651 1876 1706 1950 B
1726 1881 1857 1950 pag.
1882 1866 2003 1950 460.
2044 1867 2302 1950 Eundem
2473 1880 2656 1950 annos
2693 1874 2897 1923 natum
2920 1872 3074 1950 dicit,
3097 1874 3327 1950 Juliano

1728 1942 1971 2013 Augusto
1990 1940 2104 2013 qui
2127 1941 2194 1992 A.
2229 1940 2308 2013 lc).
2322 1937 2443 1995 361.
2474 1939 2756 2004 imperare
2792 1943 2964 2007 cmpit
2996 1944 3328 2013 interiitque

1729 2015 1791 2063 A.
1819 2013 1883 2062 D.
1908 2011 2031 2067 363.
2055 2013 2237 2074 Quare
2251 2010 2518 2063 itinerum
2539 2016 2740 2065 auctor
2760 2013 3112 2078 Apollonium
3123 2010 3328 2072 allocu-

1726 2088 1821 2135 tus
1855 2088 1943 2135 est
1967 2083 2116 2157 circa
2138 2085 2204 2157 A_.
2229 2084 2291 2157 I).
2319 2080 2442 2138 388.
2484 2083 2679 2157 Ruﬁno
2703 2084 2899 2149 procul
2928 2087 2987 2138 in
3018 2090 3331 2144 Palmstina

1724 2159 1999 2211 morante.
2015 2154 2171 2207 Idem
2182 2155 2453 2207 itinerum
2468 2154 2668 2208 auctor
2683 2168 2806 2222 cap.
2826 2158 3031 2211 XXIII.
3045 2173 3173 2226 pag.
3198 2160 3319 2218 478.

1725 2241 1841 2292 quo
1866 2232 2116 2292 tempore
2139 2228 2519 2289 Ammonium,
2550 2227 2846 2282 Eusebium
2875 2235 2933 2283 et
2954 2231 3322 2298 Euthymium

1724 2300 1937 2363 invisit,
1988 2300 2313 2350 Dioscorum
2368 2300 2597 2352 illorum
2640 2301 2891 2371 fratrem,
2943 2303 3321 2371 Hermopoleos

1723 2372 2054 2437 Episcopum
2075 2375 2257 2423 vocat.
2285 2371 2462 2434 Atqui
2496 2373 2545 2423 A
2602 2373 2658 2421 D-
2683 2370 2805 2427 390-
2833 2371 2884 2424 is
2913 2374 3174 2427 nondum
3202 2381 3325 2430 erat

1726 2443 2037 2509 Episcopus,
2064 2455 2138 2493 ex
2152 2441 2513 2494 Tillemontio
2535 2443 2596 2494 in
2611 2442 2920 2508 'I‘heophilo
2938 2444 3325 2502 Alexandrino

1725 2519 1845 2568 tom
1870 2515 1964 2566 XI.
1990 2514 2095 2565 art.
2121 2512 2172 2568 3.
2212 2526 2337 2578 pag.
2388 2512 2510 2568 447.
2557 2513 2701 2566 adeo
2731 2519 2797 2567 ut
2824 2514 3093 2569 itinerum
3123 2523 3326 2573 auctor

1723 2592 1857 2640 ante
1880 2587 2035 2638 hunc
2070 2589 2133 2636 Α.
2152 2588 2216 2637 D.
2244 2585 2364 2640 390.
2379 2586 2737 2636 Ammonium
2763 2588 3109 2641 convenisse
3126 2589 3325 2645 dicen-

1725 2659 1836 2711 dus
1859 2670 1976 2709 non
2000 2656 2094 2708 sit.
2139 2656 2298 2708 Idem
2325 2669 2489 2721 porro
2528 2656 2817 2708 Dioscorus
2855 2662 2922 2712 A.
2957 2659 3023 2709 D.
3047 2657 3173 2715 394.
3196 2667 3321 2716 erat

1724 2732 2038 2796 Episcopus.
2063 2730 2223 2780 Tunc
2239 2730 2390 2780 enim
2407 2727 2498 2780 die
2508 2726 2595 2784 29.
2610 2730 2960 2793 Septembris
2983 2732 3327 2799 subscripsit

1725 2800 1971 2854 Concilio
1988 2798 2619 2865 Constantinopolitano
2642 2800 2793 2865 apud
2812 2801 3100 2855 Labbeum
3120 2798 3237 2856 tom
3256 2806 3323 2858 II.

1724 2886 1852 2938 pag.
1869 2868 2025 2926 1151.
2040 2872 2262 2922 Rursus
2280 2870 2549 2923 itinerum
2561 2873 2763 2923 auctor
2776 2883 2897 2936 cap.
2920 2873 3175 2926 XXVIII.
3192 2887 3321 2940 pag.

1726 2944 1842 2999 479.
1869 2944 1937 2994 de
1954 2943 2220 3005 Euagrio,
2257 2946 2533 3007 tanquam
2571 2942 2643 2994 de
2674 2943 2973 3009 monacho,
3002 2949 3140 2997 tunc
3173 2947 3326 3000 fama

1723 3016 1840 3068 noti
1850 3014 2046 3075 ssimo,
2061 3025 2385 3064 sermonem
2396 3012 2660 3083 instituit.
2670 3014 2944 3083 Euagrius
2958 3020 3151 3067 tamen
3161 3017 3325 3083 Egy.

1722 3086 1900 3151 ptiam
1913 3083 2279 3135 solitudinem
2295 3088 2428 3135 ante
2445 3085 2510 3135 A.
2540 3084 2603 3133 D.
2624 3082 2746 3138 382.
2773 3083 3221 3149 haudquaquam
3237 3082 3324 3140 in-

1721 3156 1912 3219 travit,
1949 3155 2201 3218 obiitque
2251 3156 2316 3204 A.
2349 3155 2415 3206 D.
2455 3152 2577 3208 399.
2604 3155 2700 3206 Ait
2726 3154 2898 3207 etiam
2921 3161 3147 3221 auctor,
3173 3159 3321 3211 Eva-

1728 3227 1915 3292 grium
1936 3241 2080 3291 pane
2108 3225 2324 3290 penitus
2340 3224 2675 3289 abstinuisse,
2695 3237 2886 3289 quem,
2917 3229 3061 3279 teste
3077 3228 3324 3283 Palladio

1729 3301 1857 3363 ejus
1877 3297 2174 3361 discipulo,
2200 3309 2320 3360 cap.
2359 3296 2664 3347 LXXXVI.
2690 3309 2816 3361 pag.
2844 3295 2965 3352 764.
2998 3310 3116 3350 non
3135 3312 3326 3353 come-

1723 3369 1822 3433 dit,
1850 3369 1957 3420 nisi
1986 3372 2119 3433 post
2147 3369 2210 3418 A.
2247 3368 2308 3417 D.
2332 3365 2453 3421 397.
2486 3366 2824 3431 Deniquede
2850 3367 3331 3421 duobusMacariis

1722 3440 1973 3506 loquitur
1995 3452 2117 3505 cap.
2138 3439 2395 3489 XXVIII.
2423 3451 2547 3503 pag.
2574 3438 2695 3493 479.
2716 3438 2827 3491 Sed
2858 3444 3022 3492 verut
3038 3440 3109 3493 de
3130 3454 3332 3496 mena.

1722 3512 1846 3565 chis
1875 3512 1948 3564 ab
1974 3523 2036 3563 se
2061 3510 2297 3562 minime
2329 3509 2486 3573 visis,
2502 3514 2701 3574 utpote
2721 3509 2992 3563 extinctis
3015 3514 3330 3577 antequam

1721 3583 1846 3649 ipse
1861 3583 1922 3635 in
1949 3582 2191 3634 Nitriam
2204 3580 2440 3634 veniret.
2462 3580 2616 3632 Prior
2639 3580 2857 3635 obierat
2872 3582 3021 3635 circa
3034 3586 3098 3634 A.
3118 3584 3182 3635 D.
3206 3582 3330 3640 390.

1721 3655 1881 3709 Alter
1905 3656 2054 3707 circa
2084 3656 2151 3707 A.
2172 3655 2233 3705 D.
2259 3651 2380 3708 395.
2407 3653 2643 3713 Ruﬁnus
2663 3654 2880 3717 contra,
2898 3655 3077 3707 semel
3100 3655 3327 3717 iterum,

1722 3735 1780 3783 et
1804 3729 2034 3782 tertium
2046 3740 2108 3779 se
2131 3732 2443 3789 utrumque
2474 3726 2782 3776 Macarium
2804 3728 3037 3778 novisse
3062 3731 3328 3782 testatur.

1721 3803 1872 3853 Dum
1904 3800 2035 3852 vide
2050 3800 2145 3851 lib.
2174 3799 2239 3850 Il.
2267 3798 2325 3849 in
2338 3797 2771 3863 Hieronymum,
2804 3802 2861 3851 et
2881 3798 3206 3853 inHistoria
3227 3800 3326 3853 lib.

1722 3874 1818 3925 x1.
1846 3883 1966 3935 cap.
1994 3872 2088 3922 1v.
2117 3874 2175 3921 et
2198 3870 2342 3920 vm.

1785 3945 1879 3996 IV.
1900 3944 2040 3994 Haec
2064 3940 2189 3992 fuse
2214 3938 2479 4004 prosequi
2492 3939 2760 4001 onortuit,
2784 3944 3084 3995 utnostra
3094 3946 3322 4007 senten-

1652 3252 1701 3327 C

1724 4016 1820 4068 tiae
1835 4013 2207 4066 fundamenta
2218 4012 2685 4063 substrueremus
2700 4025 2714 4073 ;
2732 4010 2899 4073 unde,
2915 4010 3085 4075 sicut,
3104 4012 3195 4064 vel
3207 4025 3325 4065 uno

1722 4088 2086 4151 Hieronymo,
2100 4083 2284 4135 instar
2303 4082 2560 4134 omnium
2588 4086 2751 4145 teste,
2775 4085 3021 4147 constat,
3045 4082 3327 4146 Rufinum

1721 4159 1850 4211 libri
1893 4157 2247 4221 scriptorem,
2295 4154 2377 4206 sic
2419 4153 2628 4218 pariter
2660 4158 2904 4218 constat,
2943 4154 3219 4209 itinerum
3268 4160 3327 4209 et

1722 4243 1913 4285 rerum
1938 4241 2070 4295 quas
2092 4228 2151 4280 in
2183 4227 2328 4279 libro
2353 4226 2741 4290 exponuntur,
2778 4231 3073 4280 auctorem
3111 4226 3327 4280 ibidem

1721 4302 2071 4367 loquentem,
2093 4312 2210 4352 non
2243 4311 2372 4351 esse
2400 4298 2692 4361 Rufinum,
2731 4298 2834 4351 sed
2858 4298 3097 4351 omnino
3129 4298 3326 4363 alium,

1726 4376 1863 4426 tunc
1886 4373 1947 4425 in
1958 4373 2201 4438 Egypto
2212 4373 2526 4432 versatum,
2541 4368 2683 4422 dum
2694 4369 3003 4433 Rufinusln
3017 4369 3328 4423 Palmstina

1724 4445 1985 4511 degebat.
2035 4448 2218 4507 Quare
2252 4440 2399 4493 alius
2422 4442 2530 4493 erit
2557 4442 2726 4493 nobis
2749 4440 2872 4505 libr}
2896 4441 3145 4505 scriptor,
3176 4438 3325 4493 alius

1722 4532 1909 4566 rerum
1951 4516 2282 4580 scriptarum
2319 4518 2525 4563 auctor.
2559 4513 2626 4563 Se
2662 4511 2793 4564 licet
2834 4513 3066 4575 Ruﬁnus
3086 4512 3328 4566 alterius

1722 4587 2023 4641 itineribus
2034 4582 2427 4637 describendis
2453 4594 2689 4634 manum
2703 4587 2759 4635 et
2769 4582 3057 4635 calamum
3069 4596 3325 4639 commo-

1649 4622 1707 4696 D
1722 4622 2338 4721 Héiii‘fﬁBESEA‘riier
2367 4653 2622 4716 contigit,
2659 4656 2720 4707 ut
2742 4666 2838 4707 ore
2885 4654 3068 4708 alieno
3090 4655 3151 4709 in
3182 4622 3331 4712 uuFo

1721 4744 1827 4784 suo
1864 4730 2124 4794 loquens,
2168 4738 2336 4778 suam
2379 4724 2712 4788 Historiam,
2755 4738 2872 4779 non
2904 4731 2970 4779 ut
3010 4740 3157 4792 opus
3191 4741 3328 4794 pro-

1715 4804 1921 4869 prium,
1950 4799 2050 4852 sed
2076 4799 2239 4865 plane
2258 4797 2511 4850 alienum
2535 4796 2869 4869 laudaverit.
2900 4800 3049 4864 Ergo
3078 4799 3222 4852 liber
3243 4798 3317 4852 ad

1715 4868 1862 4927 duos
1892 4872 2157 4939 pertinet,
2196 4870 2270 4923 ad
2293 4869 2423 4922 libri
2461 4868 2816 4935 scriptorem,
2841 4874 2900 4922 et
2923 4869 2998 4923 ad
3042 4883 3236 4924 rerum
3266 4869 3329 4923 in

1715 4945 1810 4998 illo
1864 4948 2222 4996 narratarum
2289 4943 2603 4995 auctorem.
2665 4942 2815 4993 Hinc
2843 4942 2894 4994 ei
2916 4945 3119 4995 neuter
3150 4955 3326 4996 suum

1716 5029 1929 5071 nomen
1952 5016 2044 5077 ad,
2059 5014 2253 5082 posuit
2268 5026 2341 5066 ne
2365 5014 2614 5078 quisque
2639 5013 2747 5066 sibi
2772 5012 2891 5073 uni,
2917 5025 3069 5078 opus
3081 5012 3237 5077 quod
3249 5012 3324 5067 ad

1718 5093 2028 5152 utrumque
2045 5087 2383 5151 pertinebat,
2413 5086 2702 5139 tribueret.
2720 5084 3008 5137 Hocidem
3026 5085 3088 5137 in
3108 5096 3320 5138 caussa

1716 5161 1841 5225 fuit,
1854 5172 1955 5212 cur
1966 5157 2281 5209 Gennadius
2293 5157 2363 5209 de
2377 5158 2572 5218 Ruﬁno
2591 5169 2793 5222 agens,
2806 5168 2928 5221 cap.
2950 5156 3045 5207 XI.
3076 5156 3325 5209 eundem

1716 5232 1944 5294 librum,
1970 5242 2145 5294 quem
2163 5233 2360 5280 tamen
2383 5227 2597 5286 optime
2613 5227 2794 5292 novit,
2813 5239 2931 5279 una
2941 5239 3073 5279 cum
3087 5225 3321 5288 reliquis

1717 5303 1905 5367 Rufini
1926 5300 2153 5365 scriptis
2173 5312 2292 5351 non
2304 5300 2668 5362 recensuerit,
2689 5300 2885 5364 utpote
2904 5311 3049 5363 opus
3065 5296 3317 5349 alienum

1715 5389 1789 5429 ex
1818 5379 1994 5447 parte,
2020 5385 2140 5447 non
2165 5375 2350 5447 totum
2374 5371 2594 5436 Ruﬁni:
2619 5370 2775 5436 quod
2810 5374 3003 5447 tamen
3018 5368 3322 5447 Amet-09y-

1717 5437 1849 5498 inus
1872 5450 1938 5497 ut
1953 5443 2137 5505 Ruﬁni
2160 5441 2449 5506 proprium
2469 5445 2854 5494 recensuerat.
2871 5438 2978 5493 Sed
3007 5437 3322 5490 Gennadius

1715 5519 1785 5571 de
1808 5518 2015 5570 Sancto
2048 5514 2300 5565 Petronio
2341 5512 2691 5566 Bononiensi
2716 5513 2890 5565 verba
2915 5510 3149 5573 faciens,
3174 5507 3314 5561 illud

1714 5591 1891 5657 probe
1921 5585 2207 5662 recensuit
2233 5585 2506 5662 cap_._XLI,
2532 5582 2689 5662 unde
2711 5582 2815 5662 lus
2844 5581 3013 5662 ncbis
3036 5579 3314 5662 adfulget,

1718 5651 1854 5727 qua
1882 5670 2110 5713 omnem
2128 5655 2537 5709 obscuritatem
2562 5653 3008 5727 dispellatzHinc
3042 5651 3317 5727 siparium

1715 5724 1947 5794 tollitur,
1967 5742 2082 5794 quo
2105 5740 2227 5781 rem
2242 5731 2423 5780 totam
2444 5725 2739 5791 perspicue
2768 5724 3085 5778 videamus.
3106 5725 3316 5775 Genna-

1718 5803 1841 5854 dius
1865 5801 2075 5867 ergode
2091 5799 2350 5852 Petronio
2369 5799 2498 5869 haec
2510 5797 2689 5851 literis
2723 5796 2995 5869 consigna
3009 5796 3113 5850 vit:
3136 5797 3321 5847 Petro-

1717 5875 1843 5927 nius
1868 5871 2223 5931 Bovwniensis
2248 5868 2490 5937 Ecclesia
2528 5870 2820 5936 episcopus,
2846 5869 2932 5929 vir
2960 5873 3153 5935 sanctae
3186 5868 3317 5931 vita,

1717 5951 1767 5998 et
1786 5944 2223 6001 MONAGHORUM
2231 5940 2428 6009 studiis
2440 5938 2505 5994 ab
2521 5952 2976 6015 ADOLBSCENTIA
2998 5940 3318 6011 eapercitatus
