3894 6418
490 408 598 467 239

1766 400 2011 453 RUFINI
2065 398 2522 452 PRESBYTERI

3714 398 3816 458 210

490 530 761 597 scripsisse
770 482 1045 581 rerum
1066 524 1211 597 Vitas
1224 522 1447 572 Patrum
1467 515 2087 597 MONACIfORAUH-Egy-
2106 519 2161 593 Α
2190 520 2468 597 tanquam
2483 514 2701 597 dealio,
2724 514 2937 597 ibidem
2960 515 3264 597 loquutum
3280 517 3691 597 agnoscimus.
3708 520 3814 597 Sed

492 589 755 669 pit-quas
776 595 1202 669 velutispeculum
1222 608 1284 669 ac
1304 605 1558 669 nomium
1572 589 1936 669 _gr0f“3i9"53
1956 603 2082 669 Ψῆνν

497 658 757 724 monachi
779 658 1189 733 amplectuntur.
1220 662 1549 716 Gennadius
1572 658 2011 733 libruminnuit
2037 658 2095 708 in

495 744 746 797 Ecclesia
768 728 1076 803 receptum,
1106 740 1163 788 et
1184 735 1395 800 passim
1417 733 1736 798 probatum.
1755 729 1967 803 Similia
1996 728 2093 803 ha-

498 816 597 868 bet
621 814 726 864 Gen
736 799 1229 871 audii—creriptor
1240 804 1528 856 Honorius
1552 803 1613 853 in
1629 801 1886 866 catalogo
1904 800 2000 871 lib.
2024 799 2091 849 II.

499 897 621 948 cap.
637 883 777 933 XLI.
802 869 1148 931 Vencentius
1172 874 1597 948 Bellovacensis
1624 872 1685 924 in
1699 869 2103 948 Speculo‘histo-

496 942 723 1007 rialilib.
738 952 862 1004 xx.
877 962 1003 1014 cap.
1023 948 1199 1000 xxv.
1215 945 1532 997 etBoninus
1547 942 1899 1014 Mombritius
1911 944 1964 990 in
1979 946 2099 990 San-

495 1024 708 1078 ctuario
724 1028 859 1076 tom.
892 1013 962 1073 III
996 1020 1159 1072 litera
1184 1015 1621 1080 P.Rosweydus
1645 1015 1705 1066 in
1739 1013 2095 1079 prolegome-

496 1109 571 1148 no
592 1098 685 1148 IV.
709 1096 733 1158 ﬁ
755 1101 801 1146 '7.
836 1106 963 1159 pag.
1002 1095 1082 1142 21.
1128 1102 1164 1141 a
1197 1088 1476 1140 Gennadio
1515 1086 1755 1151 judicari
1790 1086 2095 1159 arbitratur

418 1160 425 1167 ’
492 1166 701 1218 librum
717 1157 794 1217 ΪΙ.
831 1157 903 1216 de
931 1161 1080 1214 Vitis
1105 1160 1345 1212 Pairum.
1368 1170 1541 1222 quem
1554 1160 1887 1217 Hieronymus
1903 1157 2093 1218 Ruﬁni

494 1249 622 1290 esse
633 1235 960 1289 tradiderat.
976 1235 1044 1284 Ge
1052 1231 1224 1282 nnadi
1230 1245 1290 1280 us
1298 1231 1492 1282 autem
1509 1228 1578 1279 de
1590 1228 1842 1279 Petronio
1857 1227 1953 1290 ait,
1968 1227 2094 1277 scri-

494 1308 655 1374 psisse
666 1318 959 1365 PUTATUR,
975 1304 1107 1369 quia
1125 1318 1224 1353 non
1238 1304 1345 1364 ipse
1361 1301 1456 1353 sed
1475 1300 1645 1362 Rufin
1656 1316 1713 1374 us
1726 1300 1834 1351 sub
1850 1300 2092 1350 Petronii

494 1373 725 1432 nomine
757 1391 955 1431 revera
968 1377 1175 1428 librun
1200 1374 1631 1438 conscripserat.
1660 1373 1843 1431 Quare
1871 1374 2090 1423 certum

491 1452 613 1516 jam
634 1450 907 1509 redditur,
928 1449 1117 1499 Vitam
1147 1448 1391 1508 Patrum,
1410 1456 1541 1508 qum
1556 1443 1624 1495 ‘in
1640 1444 1825 1507 capita
1848 1444 2091 1496 XXXIII

496 1522 770 1587 subjectis
802 1521 1070 1573 itinerum
1080 1517 1346 1584 periculis
1360 1516 1816 1587 distinguuntur,
1839 1517 2089 1579 aRufino

492 1586 619 1646 esse
640 1596 947 1653 enarratas,
973 1603 1092 1642 non
1119 1602 1222 1640 suo
1248 1593 1456 1647 tamen,
1471 1586 1569 1637 sed
1584 1587 1824 1636 Petronii
1849 1590 2086 1654 nomine,

494 1664 596 1730 qui
617 1662 830 1726 ubique
867 1673 1091 1725 semper
1132 1660 1192 1711 in
1222 1659 1365 1711 libro
1405 1658 1670 1730 loquitur,
1683 1670 1904 1730 _resque
1926 1660 1999 1711 ab
2027 1673 2089 1712 se

494 1727 654 1789 visas
664 1734 724 1785 in
733 1731 1096 1785 monasteriis
1116 1729 1358 1794 Egypti,
1385 1728 1550 1780 testis
1574 1727 1832 1782 oculatus
1844 1734 1901 1783 et
1916 1744 2089 1783 verax

492 1818 591 1870 per
612 1816 852 1858 manum
873 1802 1068 1865 Rufini
1090 1802 1354 1852 accurate
1386 1800 1679 1852 describit.
1713 1801 1957 1854 Sanctus
1998 1804 2094 1853 Pe-

2193 587 2331 652 quid
2355 599 2500 652 opus
2522 586 2781 651 pluribus
2795 589 2822 637 ?
2862 586 3177 637 Gennadius
3206 590 3463 653 testatur,
3484 589 3811 640 Petronium

2195 659 2536 722 eloquentiae
2560 657 2725 710 laude
2762 669 3131 722 nequaquam
3162 659 3529 713 exeelluisse.
3567 661 3809 715 Librum

2193 730 2344 782 enim
2380 731 2440 778 de
2465 729 2807 778 ordinatione
2831 730 3078 794 episcopi,
3103 731 3232 794 ejus
3252 732 3485 784 nomine
3502 734 3811 785 circumla.

2196 803 2335 863 tum,
2354 800 2460 852 hac
2490 800 2778 865 praecipua
2792 799 2863 851 de
2886 812 3093 852 caussa
3106 801 3295 854 eidem
3321 802 3411 864 abj
3420 803 3638 866 ndicat,
3654 804 3812 869 quod

2193 872 2477 935 eleganter
2498 877 2655 923 esset
2690 872 3066 936 conscriptus,
3114 888 3294 937 quem,
3324 874 3539 938 inquit,
3577 886 3811 928 LINGUA

2193 944 2807 997 nLeoAN'rlonostendit
2832 954 2951 995 non
2980 954 3129 996 esse
3146 946 3334 1009 ipsius,
3367 946 3552 1005 sed,ut
3578 948 3811 1011 quidam

2192 1016 2386 1067 dicunt
2428 1016 2601 1078 patris
2658 1016 2787 1078 ejus.
2834 1015 2990 1079 Haec,
3022 1014 3256 1079 reliquis
3301 1015 3589 1081 copulata,
3652 1024 3810 1071 certo

2187 1086 2365 1140 veluti
2394 1086 2715 1137 charactere
2732 1085 3052 1151 designant,
3082 1087 3415 1149 Petronium,
3443 1088 3643 1151 paullo
3668 1095 3805 1154 post

2189 1159 2450 1220 Ruﬁnum
2473 1170 2546 1209 ex
2568 1156 2797 1208 Oriente
2814 1156 2870 1207 in
2887 1156 3108 1209 It'tliam
3132 1169 3464 1222 reversum,
3479 1165 3529 1207 et
3548 1162 3809 1209 scribendi

2190 1232 2309 1280 arte
2320 1228 2514 1281 minus
2524 1228 2888 1289 instructum,
2902 1228 3072 1280 amici
3085 1241 3116 1280 c
3128 1228 3304 1281 11amo
3326 1242 3502 1281 usum
3521 1230 3583 1282 in
3599 1231 3804 1283 deseri.

2190 1300 2378 1353 benda
2401 1311 2636 1352 suarum
2661 1299 3183 1364 peregrinationum
3225 1300 3503 1363 Historia,
3531 1313 3688 1365 quas
3712 1315 3811 1367 per

2186 1372 2412 1438 Egypti
2424 1383 2706 1434 secessus,
2719 1383 2790 1421 ex
2804 1382 2921 1423 smc
2930 1370 3003 1421 uli
3022 1383 3199 1433 more,
3233 1378 3587 1437 susceperat.
3607 1376 3801 1437 Cetera,

2181 1444 2253 1497 de
2276 1445 2383 1496 hoc
2407 1443 2615 1505 scripto
2633 1443 2770 1493 verb
2780 1454 2823 1504 ι,
2842 1455 2876 1491 a
2893 1443 3175 1492 Gennadio
3188 1443 3422 1507 prolata,
3439 1456 3564 1496 rem
3588 1444 3805 1509 adhuc,

2187 1516 2435 1581 amplius
2456 1519 2622 1566 extra
2636 1526 2868 1566 omnem
2893 1514 3345 1567 controversiam
3359 1518 3624 1581 ponunt:
3657 1516 3811 1567 Scri-

2184 1588 2348 1653 psisse
2374 1597 2649 1640 PUTATUR
2684 1586 2829 1634 Vitas
2866 1585 3098 1634 Patrum
3128 1588 3527 1637 monachorum
3552 1587 3808 1653 Egglpti.

2187 1660 2375 1720 Quum
2408 1657 2562 1709 enim
2585 1657 2873 1707 Petronius
2898 1657 3019 1707 vita
3042 1669 3148 1709 sua
3170 1657 3374 1723 magis,
3390 1670 3568 1721 quam
3583 1658 3812 1711 calamo

2187 1729 2581 1796 Egyptiorum
2605 1730 2837 1779 Patrum
2877 1741 3071 1781 mores
3104 1729 3423 1794 exprimere
3458 1729 3656 1792 sciret,
3700 1731 3807 1782 hoc

2192 1804 2325 1857 fecit
2344 1814 2445 1866 per
2465 1812 2703 1852 manum
2727 1799 2917 1861 Ruﬁni
2943 1799 3095 1851 unde
3117 1800 3327 1852 librum
3350 1799 3446 1852 alii
3468 1801 3695 1864 Ruﬁno,
3720 1801 3809 1853 alii

496 1876 891 1964 "animaist-ite
916 1871 1214 1964 Εςζιηαάίο,
1239 1870 1870 1964 Ῑιιὶιᾶὶῐριῐὶιξε.1)εέὶνοτῖἱί,
1888 1874 2090 1964 mee:
2115 1890 2170 1964 B
2195 1873 2466 1935 Petronio,
2476 1871 2577 1964 alii
2590 1870 2811 1964 nia-minii
2822 1871 3155 1964 tribuerunt.
3342 1876 3533 1964 ortum
3547 1872 3701 1964 illu'd‘
3719 1873 3808 1925 in-

497 1946 575 1999 cti
600 1945 886 2005 Prmtorio,
925 1943 1095 2001 illius,
1122 1955 1294 2007 quem
1317 1955 1417 2007 pro
1439 1943 1477 1992 Α
1492 1943 1633 1991 nicio
1669 1942 1841 1994 Probo
1876 1947 2092 2011 accepit

495 2018 770 2072 Baronius
795 2016 887 2069 die
906 2027 987 2067 1v.
1018 2014 1301 2066 Octobris.
1339 2013 1447 2065 Sed
1482 2013 1747 2065 diversus
1780 2027 1896 2068 non
1923 2017 2031 2069 fuit
2058 2030 2091 2067 a

496 2088 747 2143 Petronio
790 2086 1061 2139 Prmi’ecto
1106 2084 1372 2137 Prmtorio
1419 2083 1746 2150 Galliarum,
1804 2089 1973 2152 cujus
2027 2088 2094 2139 iit

493 2160 708 2213 mentio
739 2158 799 2211 in
820 2156 1055 2210 Honorii
1068 2155 1434 2208 etTheodosii
1456 2158 1644 2221 Augg.
1678 2158 2093 2211 Constitutione

493 2234 559 2285 A.
586 2233 649 2283 D.
678 2233 783 2283 418.
811 2230 1063 2295 vulgata.
1111 2230 1251 2279 Eam
1285 2226 1442 2279 dedit
1486 2228 1813 2279 Sirmondus
1834 2232 1895 2282 in
1935 2232 2091 2283 notis

492 2304 564 2357 ad
581 2301 875 2355 Sidonium
920 2312 1049 2365 pag.
1100 2303 1210 2351 148.
1258 2298 1526 2350 editionis
1561 2301 1627 2350 II.
1657 2300 1761 2350 Hic
1798 2305 1993 2353 noster
2018 2303 2091 2355 ab

490 2373 768 2429 Eucherio
784 2371 1157 2437 Lugdunensi
1166 2370 1223 2420 in
1235 2368 1474 2434 epistola
1483 2371 1555 2421 de
1581 2371 1883 2424 Contemtu
1896 2374 2093 2425 Mundi

491 2458 667 2512 quam
707 2456 832 2511 pag.
866 2447 947 2495 29.
979 2441 1246 2495 editionis
1283 2441 1588 2504 Rosweydi
1618 2443 1691 2494 ab
1717 2456 1780 2495 se
1819 2444 2091 2509 scriptam

489 2522 732 2571 testatur
754 2516 822 2567 A.
846 2516 912 2567 U.
959 2517 1098 2565 1185.
1135 2512 1227 2564 cui
1270 2514 1579 2577 respondet
1600 2525 1791 2566 annus
1832 2516 2090 2579 vulgaris

492 2593 599 2643 433.
625 2590 863 2640 vocatur
889 2585 951 2633 in
975 2584 1136 2633 Italia
1149 2594 1310 2636 NUNC
1325 2585 1541 2633 antistes
1563 2585 1630 2633 8.2:
1654 2584 1749 2635 illa
1774 2586 2091 2650 plenissima

488 2659 786 2710 mundanae
797 2655 1063 2721 potestatis
1081 2654 1226 2704 Sede.
1242 2654 1553 2706 Eucherius
1566 2656 1760 2708 Gallus
1784 2657 1874 2709 his
1897 2660 2090 2711 verbis

489 2729 682 2784 innuit
696 2727 1005 2780 Galliarum
1020 2724 1418 2789 pmfecturam
1442 2725 1686 2775 Petronii
1704 2728 1893 2792 patris,
1918 2742 2089 2793 quam

492 2801 776 2854 Petronius
798 2798 952 2850 illius
975 2796 1062 2848 vir
1098 2794 1343 2847 Sanctus
1370 2808 1470 2859 pro
1518 2796 1742 2848 Christo
1766 2801 2087 2864 contemsit,

491 2874 598 2927 Hic
610 2885 745 2926 vero
756 2869 1091 2922 Christiana
1111 2867 1489 2932 simplicitatis
1503 2867 1685 2920 multo
1697 2870 1899 2935 magis,
1916 2884 2090 2935 quam

492 2942 851 3008 eloquentiae,
874 2940 979 2992 fuit
1004 2939 1300 2991 studiosus
1324 2950 1338 3001 ;
1363 2938 1516 3003 quod
1529 2939 1668 3003 ipse,
1688 2942 1922 2990 modestia
1933 2955 2092 2995 orna-

490 3015 775 3076 tissimus,
802 3012 1028 3076 fatetur,
1055 3011 1114 3062 in
1136 3009 1370 3076 prologo
1400 3009 1576 3073 hujus
1595 3010 1879 3072 Historiae,
1895 3012 1963 3064 de
1975 3026 2091 3077 qua

489 3082 1271 3150 disceptamus:Adtentarun
1295 3096 1481 3130 verum
1506 3082 1883 3131 narrationem
1906 3086 2090 3135 minus

489 3157 886 3218 idoneisumus,
914 3169 1006 3203 nec
1050 3152 1281 3217 dignum
1326 3152 1535 3201 videtur
1568 3153 1875 3216 ingentium
1903 3172 2088 3205 verum

491 3229 713 3292 exiguos
736 3240 798 3275 ac
819 3239 1014 3290 parvos
1024 3223 1151 3287 fieri
1167 3227 1424 3282 auctores,
1456 3224 1833 3289 praecelsasque
1868 3228 2088 3277 virtutes

2196 1951 2416 1999 certum
2441 1948 2499 1995 et
2513 1943 2750 1994 dubium
2772 1942 3048 1994 Gennadii
3071 1943 3341 2007 scripsisse
3353 1949 3606 2008 putatur.
3638 1944 3803 1997 Idem

2195 2016 2510 2069 Gennadius
2530 2015 2590 2066 in
2607 2014 2802 2067 codice
2820 2015 3096 2065 Vaticano
3120 2013 3191 2064 de
3205 2026 3343 2065 vero
3367 2014 3494 2066 libri
3521 2015 3806 2079 scriptore

2191 2088 2423 2141 omnino
2440 2099 2648 2151 anceps
2664 2098 2787 2150 cap.
2817 2086 2914 2136 Xl.
2945 2098 3087 2147 Opus
3108 2084 3265 2137 nullo
3286 2085 3540 2137 auctoris
3564 2087 3807 2138 nomine

2190 2158 2533 2211 memoravit
2557 2172 2569 2208 :
2597 2157 2886 2221 Euagrius,
2913 2157 3121 2221 inquit,
3141 2157 3458 2221 Monachus,
3488 2158 3805 2221 supradicti

2190 2231 2424 2282 Macarii
2476 2229 2777 2293 familiaris
2798 2229 3110 2294 discipulus,
3157 2229 3350 2278 divina
3408 2234 3455 2278 et
3504 2231 3806 2280 mundana

2191 2305 2476 2355 literatura
2499 2302 2732 2365 insignis
2766 2300 2953 2365 (cujus,
2983 2301 3112 2350 liber
3154 2301 3252 2365 qui
3275 2300 3601 2349 adtitulatur
3653 2312 3805 2355 νιτΑ

2189 2387 2452 2436 ΡΑτιιυΜ,
2472 2374 2610 2423 velut
2646 2373 3098 2423 continentissimi
3142 2373 3268 2432 viri,
3296 2373 3624 2422 mentionem
3647 2373 3801 2438 facit)

2188 2447 2400 2511 scripsit
2424 2444 2614 2493 multa.
2629 2443 2788 2494 Istud
2802 2443 3030 2505 Evagrii
3055 2443 3409 2507 prmconium
3428 2445 3797 2509 exstatapud

2190 2518 2451 2581 Ruﬁnum
2474 2516 2535 2567 in
2566 2516 2689 2564 Vita
2705 2515 2935 2564 Patrum
2951 2514 3045 2565 lib.
3061 2516 3125 2565 II.
3141 2526 3263 2578 cap.
3279 2515 3507 2565 XXVII.
3523 2527 3658 2578 pag.
3677 2515 3801 2570 479.

2189 2588 2455 2640 Proxima
2493 2586 2765 2638 Gennadii
2793 2586 3147 2650 parenthesis
3160 2586 3382 2649 decepit
3396 2586 3710 2639 Baronium
3739 2593 3803 2638 Α.

2189 2661 2257 2711 D.
2292 2660 2410 2714 388.
2460 2661 2501 2723 ξ.
2546 2660 2656 2714 105.
2683 2663 2741 2710 et
2785 2657 3193 2710 Bellarminum
3229 2658 3291 2709 in
3328 2656 3623 2722 Caialogo;
3687 2659 3801 2712 sed

2190 2731 2504 2783 Honorium
2527 2735 2659 2783 ante
2678 2742 2879 2782 omnes
2902 2730 2963 2781 in
2984 2730 3081 2781 lib.
3119 2730 3187 2782 II.
3228 2741 3351 2792 cap.
3377 2730 3475 2781 XI.
3520 2729 3591 2780 Hi
3631 2731 3796 2783 enim

2192 2801 2463 2852 Gennadii
2500 2801 2685 2851 verbis
2726 2799 2874 2851 male
2914 2800 3207 2865 perceptis,
3250 2799 3380 2851 libri
3436 2798 3799 2853 conditorem

2184 2872 2339 2935 Evag
2347 2873 2491 2920 rium
2505 2870 2885 2923 crediderunt.
2903 2870 3125 2922 Scilicet
3138 2871 3438 2935 Eragrium
3449 2875 3566 2923 tam
3586 2882 3800 2936 parum

2188 2944 2516 2997 modestum
2537 2942 2716 2994 fuisse
2735 2942 3013 3008 dicemus,
3047 2947 3112 2994 ut
3132 2954 3265 2995 eum
3288 2942 3349 2994 in
3374 2944 3595 3007 preprio
3619 2956 3800 3008 opere

2190 3021 2275 3068 tot
2296 3014 2565 3067 laudibus
2604 3025 2669 3066 se
2706 3014 2998 3066 cumulare
3019 3026 3135 3065 non
3173 3013 3459 3079 puduerit,
3491 3019 3634 3077 quot
3658 3019 3803 3068 sunt

2188 3099 2295 3151 ese,
2320 3099 2451 3150 quae
2475 3086 2527 3138 ei
2541 3086 2823 3137 tribuntur
2870 3086 2931 3137 in
2968 3085 3168 3137 eodem
3212 3097 3338 3149 cap.
3384 3085 3636 3137 XXVII?
3670 3087 3802 3139 Hoc

2188 3159 2392 3210 merito
2408 3162 2723 3223 pernegant
2744 3158 3035 3209 Aubertus
3059 3157 3296 3209 Miratus
3318 3156 3376 3208 in
3388 3156 3540 3208 notis
3561 3156 3636 3209 ad
3662 3158 3803 3207 Gen-

2189 3231 2440 3289 nadium,
2488 3234 2546 3281 et
2586 3230 2947 3293 Rosweydus
2989 3228 3049 3280 in
3094 3226 3498 3293 prologomeno
3541 3228 3636 3279 IV.
3676 3229 3728 3293 θ.
3772 3231 3804 3279 5

496 3296 693 3379 {inmiti
717 3310 950 3379 narrare
965 3295 1371 3379 tremoris-Mox
1393 3294 1465 3345 ad
1483 3307 1628 3379 opus
1650 3296 2007 3379 vulgandum
2026 3312 2088 3379 se
2115 3303 2163 3379 ρ
2183 3314 2311 3379 pag.
2329 3302 2586 3379 βιαίας
2598 3302 2899 3379 _H_olset_t_tius
2920 3300 3160 3361 innotis,
3186 3300 3325 3379 ltiss.
3354 3300 3442 3379 ab
3470 3299 3803 3379 Bettarmini

493 3367 686 3420 induci
708 3367 804 3427 ait,
829 3366 1094 3438 quoniam
1127 3364 1369 3427 fratrum
1404 3366 1605 3415 caritas
1650 3382 1854 3432 eorum,
1887 3370 1983 3433 qui
2025 3370 2085 3419 in
2120 3364 2163 3379 ’⁸
2184 3364 2736 3438 Catalogum,ubide
2760 3372 3106 3435 Hieronymo
3119 3372 3327 3435 agitur,
3343 3371 3616 3421 Gennadii
3628 3372 3799 3421 locum

493 3445 672 3490 monte
693 3443 874 3489 sancto
905 3437 1087 3487 Oliveti
1109 3442 1468 3502 commanent,
1500 3438 1596 3486 hoc
1619 3453 1651 3487 a
1666 3438 1818 3488 nobis
1840 3455 2094 3497 ηερωε-

488 3527 583 3562 'rsn
611 3511 861 3573 exposcit,
887 3513 941 3557 ut
976 3507 1361 3572 Egyptiorum
1414 3510 1852 3561 MONACHORUM
1886 3523 2093 3572 VITAM,

494 3581 817 3646 virtutesque
832 3579 1029 3641 animi,
1052 3585 1098 3627 et
1114 3578 1319 3627 cultum
1332 3579 1564 3643 pietatis,
1581 3586 1742 3643 atque
1763 3581 2097 3631 abstinentiae

493 3654 680 3716 robur,
701 3651 846 3717 quod
856 3651 916 3700 in
928 3651 1002 3699 eis
1013 3660 1216 3702 CORAM
1234 3661 1487 3702 VIDIMUS
1512 3652 1850 3716 explicemus.
1872 3655 2011 3705 Haec
2034 3653 2096 3705 li-

497 3724 672 3791 quido
709 3722 1039 3784 ostendunt,
1091 3722 1342 3773 Petronio
1380 3722 1440 3774 in
1464 3723 1683 3776 Italiam
1719 3725 1933 3789 reduci,
1964 3740 2097 3780 cum

496 3795 795 3849 monachis
839 3793 1046 3857 Oliveti,
1088 3792 1243 3845 unde
1270 3798 1407 3846 ante
1447 3796 1757 3860 Egyptum
1799 3797 2093 3861 petiverat,

497 3865 1002 3928 necessitudinem,
1021 3866 1079 3917 et
1091 3864 1384 3917 literarum
1401 3866 1810 3920 commercium
1824 3867 2099 3923 interces-

498 3951 663 3992 81886.

560 4012 629 4061 V.
656 4010 905 4071 Ruﬁnus,
932 4008 997 4060 ut
1020 4007 1143 4060 dixi
1163 4007 1260 4060 lib.
1286 4008 1381 4059 IV.
1404 4021 1526 4074 cap.
1552 4010 1619 4061 II.
1642 4023 1775 4063 cum
1799 4012 2098 4065 monachis

500 4080 688 4133 Oliveti
707 4081 809 4133 diu
833 4080 1075 4133 vixerat.
1102 4079 1242 4131 Inde
1266 4079 1411 4143 libri,
1442 4080 1513 4132 ad
1538 4082 1858 4136 monachos
1888 4082 2096 4148 Oliveti,

500 4166 600 4218 per
614 4151 929 4203 Petronium
971 4153 1098 4213 (seu
1131 4150 1421 4215 Ruﬁnum)
1462 4152 1645 4215 missi,
1691 4154 2094 4220 Hieronymus,

500 4223 829 4287 Bethleemi,
846 4222 1040 4272 Oliueto
1052 4222 1312 4287 proximi,
1332 4223 1518 4275 incola
1532 4225 1691 4289 Ruﬁn
1701 4241 1795 4275 um
1804 4232 2099 4279 auctorem

500 4294 791 4359 comperit,
826 4293 958 4346 licet
972 4294 1020 4357 ej
1029 4306 1099 4345 us
1111 4305 1323 4345 nomen
1332 4293 1779 4360 haudquaquam
1790 4299 2095 4362 pmferret.

499 4368 669 4419 Hunc
690 4365 1153 4419 Bethleemiticus
1170 4380 1365 4431 senex,
1384 4367 1517 4419 data
1530 4368 1844 4433 occasione,
1855 4369 1936 4421 rei
1952 4369 2099 4421 noti-

500 4438 636 4490 tiam
659 4436 903 4491 inseruit
943 4436 1199 4499 epistolaa
1245 4438 1317 4489 ad
1364 4438 1808 4504 Ctesiphontem,
1841 4440 1995 4493 unde
2024 4439 2097 4491 ad

498 4513 861 4574 posterorum
884 4507 1218 4560 memoriam
1241 4508 1490 4561 devenit.
1520 4510 1595 4562 Ut
1625 4522 1719 4562 res
1753 4522 1789 4561 a
1815 4511 2013 4571 Ruﬁno
2036 4510 2098 4562 in

498 4580 608 4633 hac
623 4580 876 4632 Historia
898 4579 1212 4645 descriptas
1225 4582 1499 4646 Petronio,
1514 4594 1632 4634 non
1644 4583 1873 4647 Rufino,
1889 4583 2099 4635 tribua-

2191 3444 2261 3497 de
2290 3445 2525 3507 Evagrio
2554 3457 2671 3496 non
2682 3444 2827 3495 bene
2850 3442 3087 3506 intelligi
3112 3442 3529 3494 animadvertit.
3558 3442 3670 3494 Sed
3688 3442 3805 3495 alio

2191 3516 2330 3567 abiit
2341 3514 2623 3567 Gerardus
2634 3517 2665 3567 J
2671 3514 3150 3567 ohannesVosius
3161 3514 3221 3565 in
3244 3513 3341 3564 lib.
3357 3514 3426 3564 II.
3441 3512 3512 3565 de
3539 3515 3805 3565 Historicis

2194 3587 2405 3640 Graecis
2417 3600 2536 3650 cap.
2552 3587 2704 3638 XIX.
2719 3589 2875 3637 ratus
2888 3585 3185 3650 plerasque
3196 3584 3518 3637 Ruﬁnianus
3530 3584 3808 3638 Historia;

2193 3658 2345 3710 vitas
2361 3670 2433 3709 ex
2451 3659 2719 3708 Timotheo
2732 3655 3119 3709 Alexandrino
3131 3655 3332 3708 desum
3343 3658 3430 3708 tas
3449 3693 3463 3718 ,
3482 3667 3653 3719 quem
3664 3655 3805 3708 talia

2196 3729 2495 3793 scripsisse
2536 3734 2729 3781 narrat
2757 3730 3112 3781 Sozomenus
3147 3727 3241 3779 lib.
3285 3728 3380 3777 VI.
3426 3739 3551 3791 cap.
3584 3727 3802 3779 XXIX.

2195 3800 2552 3864 Rosweydus
2576 3800 2634 3851 in
2665 3800 2775 3852 hac
2804 3798 3089 3851 sententia
3113 3797 3319 3851 Vossio
3343 3798 3648 3863 prmiverat
3671 3811 3805 3863 pro-

2194 3872 2492 3937 legomeno
2516 3872 2609 3922 IV.
2641 3872 2683 3935 ς.
2708 3873 2749 3922 I.
2778 3883 2907 3936 pag.
2933 3868 3019 3924 12.
3056 3872 3172 3922 Nec
3203 3868 3606 3922 Tillemontius
3644 3870 3810 3922 refra-

2195 3949 2365 4007 gatur
2379 3945 2515 3996 tom.
2536 3944 2660 3996 XII.
2688 3954 2818 4007 pag.
2848 3941 2968 3996 658.
2989 3953 3129 3993 sane
3174 3942 3453 4005 Ruﬁnum,
3488 3941 3678 4002 aliqua
3706 3940 3809 3993 sal-

2194 4018 2311 4066 tem
2344 4028 2417 4067 ex
2447 4021 2625 4080 parte,
2669 4026 2867 4067 eorum
2903 4014 3127 4077 scriptis
3150 4013 3414 4077 ditatum,
3440 4013 3541 4076 qui
3585 4011 3809 4077 pridem

2195 4085 2529 4151 hujusmodi
2561 4085 3143 4138 commentationibus
3166 4084 3569 4136 inclaruerunt.
3599 4085 3685 4135 Ex
3708 4084 3800 4136 his

2195 4170 2348 4209 unus
2379 4157 2485 4209 fuit
2508 4169 2648 4209 sane
2681 4157 2982 4206 Timotheus
3016 4167 3186 4220 quem
3207 4160 3400 4207 tamen
3430 4155 3727 4204 Petronius
3750 4154 3812 4206 in

2196 4232 2317 4283 toto
2330 4240 2497 4291 opere
2511 4227 2770 4290 loquens,
2782 4228 2854 4279 ab
2870 4240 2931 4278 se
2947 4239 3207 4291 unquam
3227 4227 3419 4278 visum
3435 4238 3812 4291 nequaquam

2194 4299 2396 4364 prodit.
2424 4300 2707 4351 Praeterea
2758 4299 3078 4357 Timotheus,
3105 4298 3204 4362 qui
3229 4300 3292 4349 A.
3330 4298 3395 4349 D.
3433 4301 3541 4349 385.
3572 4297 3637 4349 in
3666 4298 3808 4350 Sede

2196 4368 2582 4421 Alexandrina
2600 4380 2994 4421 successorem
3017 4369 3227 4421 habuit
3243 4368 3617 4433 Theophilum,
3642 4369 3813 4420 dere-

2196 4442 2325 4504 bus,
2340 4453 2472 4504 quas
2496 4440 2749 4490 Petronio
2771 4453 2901 4492 cum
2923 4440 3221 4492 monachis
3232 4440 3459 4505 Egypti
3486 4442 3813 4501 postmodum

2196 4512 2583 4577 contigerunt,
2619 4512 2865 4564 scribere
2887 4524 3004 4564 non
3028 4513 3251 4577 potuit:
3277 4524 3466 4575 neque
3478 4511 3652 4565 hunc
3677 4523 3816 4564 sane

2196 4584 2435 4646 Ruﬁnus
2462 4583 2798 4646 exscribere,
2822 4583 2963 4635 dum
3001 4584 3169 4635 amici
3196 4584 3287 4635 sui
3327 4585 3573 4633 Petronii
3612 4584 3817 4636 itinera

499 4664 652 4749 mus,
680 4650 815 4749 facit
843 4651 1372 4749 etiathGennadius,
1389 4667 1424 4705 a
1449 4666 1562 4718 quo
1586 4654 1870 4704 Petronius
1894 4654 2099 4749 dicitur
2120 4674 2178 4749 ι)
2211 4655 2538 4749 ὀθδαξὶρεὶῐ,
2569 4668 2714 4749 qua:
2737 4658 2955 4720 fratres,
2965 4656 3040 4749 in
3083 4655 3276 4749 υιέυξιο
3295 4662 3715 4717 commanentes,
3745 4658 3816 4709 ab

562 4736 693 4749 nmnn
740 4736 891 4749 Λημυνκ
934 4736 955 4749 ο
978 4738 1013 4749 ..
1057 4723 1124 4749 ..‘.'..
1161 4740 1188 4749 ,-
1277 4733 1408 4749 ..ιιΛιν
1426 4735 1706 4749 “anan-ns.
1765 4724 1989 4749 -..η-..ἔδι-
2019 4739 2079 4749 ....
2198 4724 2320 4749 3.....-
2394 4728 2596 4749 -ι..-..;-
2628 4726 2672 4749 ..ε
2719 4726 2734 4749 :
2769 4738 2957 4749 ...ιιι-υ.
3031 4737 3132 4749 κ..-
3165 4739 3196 4749 ,ς
3226 4730 3461 4749 -..Α-...ιι
3517 4738 3701 4749 an-.."
3741 4735 3785 4749 ι..

500 4721 897 4773 Monachorum
931 4723 1124 4772 studiis
1158 4723 1223 4772 ab
1266 4733 1717 4778 ADOLESCBNTIA
1760 4724 2098 4788 exercitatus,

500 4793 773 4856 idemque
804 4792 1088 4843 Theodosio
1114 4794 1628 4858 (secundo)Arcadii
1667 4795 1788 4859 filio
1812 4801 1861 4845 et
1908 4795 2099 4845 Valen-

508 4864 724 4915 tiniano
756 4862 957 4928 (tertio)
973 4865 1321 4927 regnantibus
1344 4867 1692 4930 excessisse,
1721 4868 1873 4919 inter
1892 4877 2113 4918 annum

505 4934 721 4988 scilicet
744 4938 851 4987 425.
877 4939 934 4987 et
960 4938 1089 4988 450..
1108 4937 1213 4988 Hic
1237 4938 1388 4991 enim
1432 4937 1871 5002 chronologicus
1922 4937 2116 4989 chara-

500 5008 636 5069 cter,
657 5005 789 5058 licet
810 5018 928 5057 non
949 5006 1117 5068 fixus,
1138 5009 1278 5060 satis
1302 5013 1391 5060 est
1415 5012 1627 5071 tamen,
1642 5010 1707 5060 ut
1737 5008 1905 5060 nobis
1927 5009 2114 5060 osten-

501 5076 619 5140 dat,
646 5077 862 5127 Petroni
868 5094 960 5127 um
979 5078 1357 5130 adolescentem
1370 5079 1567 5143 fuisse,
1592 5091 1774 5143 quum
1793 5092 1855 5131 se
1875 5079 1937 5131 in
1949 5081 2088 5145 Egy
2100 5092 2121 5107 ·

503 5151 603 5213 pio
617 5148 1015 5199 Monachorum
1025 5151 1218 5200 studiis
1236 5150 1473 5201 exercuit
1487 5165 1500 5201 :
1514 5150 1711 5214 illique
1727 5151 1962 5204 omnino
1977 5156 2115 5205 oon'

504 5219 748 5272 veniunt
771 5232 903 5284 qum
918 5221 1069 5285 apud
1092 5222 1285 5286 ipsum
1304 5222 1574 5286 leguntur
1592 5234 1710 5286 cap.
1738 5223 1779 5273 Ι.
1806 5222 1878 5275 de
1901 5223 2109 5276 Sancto

501 5291 787 5340 Johoanne
801 5291 1109 5357 Lycopolita
1123 5292 1352 5341 eundem
1364 5292 1683 5341 Petronium
1698 5294 1961 5357 sociosque
1976 5294 2110 5347 reli-

504 5374 649 5426 quos
693 5361 1109 5427 interrogante:
1164 5363 1243 5426 Si,
1283 5362 1407 5426 quis
1442 5361 1629 5427 inquit
1689 5364 1751 5415 in
1796 5365 1947 5416 nobis
1985 5374 2112 5417 esset

497 5432 718 5483 clericus
739 5434 763 5483 ?
780 5436 1083 5498 Quumque
1118 5445 1321 5485 omnes
1341 5439 1633 5500 negarent,
1669 5441 1726 5489 et
1760 5436 1881 5501 ipse
1905 5438 2109 5503 spiritu

499 5503 603 5556 Dei
629 5505 904 5569 monitus,
937 5505 1257 5556 Diaconum
1298 5505 1446 5558 inter
1467 5519 1564 5558 eos
1603 5520 1731 5561 esse
1757 5508 1944 5569 sciret,
1966 5521 2110 5575 prm-

505 5575 785 5628 modestia
811 5576 989 5628 latere
1021 5575 1284 5639 cupiente
1336 5576 1565 5628 Sanctus
1597 5580 1877 5630 Johannes
1897 5585 1958 5630 ut
1986 5594 2108 5630 eum

508 5646 660 5707 vidit,
673 5654 719 5697 et
730 5647 945 5712 quidem
956 5661 1078 5695 cum
1091 5653 1567 5702 csselADOLESCEN
1575 5662 1713 5703 TIOR
1726 5652 1922 5711 ceteris,
1936 5652 2109 5716 digito

501 5717 776 5768 ostendens
799 5730 939 5774 eum,
955 5717 1041 5766 hic
1058 5718 1236 5782 inquit
1257 5721 1520 5770 diaconus
1542 5727 1629 5771 est.
1659 5722 1954 5773 Petronius
1969 5735 2104 5788 ergo

509 5790 576 5860 ᾼ.
600 5790 674 5840 D.
704 5790 813 5839 388.
839 5791 899 5840 et
921 5791 1030 5841 394.
1067 5790 1295 5856 Egypti
1318 5791 1588 5847 solitariis
1629 5791 1951 5860 immixtus,
1981 5796 2111 5847 ado-

510 5858 699 5931 lescens
723 5862 862 5931 erat,
886 5860 1059 5925 atque
1095 5860 1393 5914 diaconus:
1430 5863 1528 5928 qui
1556 5858 2108 5931 postmodumBono-

510 5928 685 5979 ninsis
714 5927 1002 5993 episcOpus.
1034 5933 1121 5985 Ita
1145 5945 1220 5986 ex
1234 5927 1537 5999 Gennadio,
1559 5927 1898 5990 Petronium
1921 5938 1993 5994 de
2016 5951 2098 6006 se,

2198 4725 2322 4792 ipso
2342 4727 2598 4778 Petronio
2628 4726 2737 4778 sibi
2767 4725 3010 4778 enarrari
3031 4726 3483 4790 postulaverant,
3515 4738 3707 4789 quum
3741 4735 3817 4780 ta-

2215 4810 2349 4849 men
2379 4797 2774 4861 Timotheum,
2813 4797 2965 4863 apud
2989 4796 3304 4850 Orientales
3333 4797 3551 4862 passim
3574 4797 3817 4851 obvium

2214 4867 2399 4933 legere
2419 4874 2678 4933 possent.
2744 4884 2749 4889 ’

2277 4941 2371 4991 VI.
2414 4942 2497 4991 Ex
2534 4940 2624 4992 his
2647 4945 2837 5004 patere
2874 4939 3132 5005 arbitror,
3169 4952 3343 5004 quam
3388 4940 3653 5002 inaniter,
3686 4946 3821 5007 post

2216 5010 2621 5077 Rosweydum,
2665 5011 2973 5064 Cotelerius
3018 5011 3077 5062 in
3123 5011 3278 5063 notis
3319 5010 3394 5063 ad
3437 5011 3821 5067 Monumenta

2214 5082 2412 5135 Graeca
2440 5085 2573 5135 tom.
2602 5084 2695 5136 ΙΙΙ.
2725 5096 2853 5149 pag.
2886 5082 3274 5146 566.Ruflnum
3295 5082 3423 5135 libri
3450 5083 3821 5149 interpretem,

2214 5166 2330 5206 non
2344 5161 2613 5205 auctorem
2626 5154 2829 5207 iecerit.
2843 5156 3228 5217 Hieronymus
3238 5153 3392 5205 enim
3403 5155 3467 5205 ut
3473 5154 3762 5218 primaria
3770 5174 3818 5205 m

2214 5231 2504 5289 auctorem,
2542 5237 2659 5277 non
2688 5231 2755 5277 ut
2786 5238 3007 5278 merum
3035 5227 3375 5289 interpretem
3397 5236 3530 5277 eum
3559 5224 3815 5280 vellicat.

2212 5294 2406 5359 illique
2428 5296 2527 5348 uni
2570 5300 2757 5347 totum
2794 5309 2940 5360 opus
2986 5296 3197 5359 tribuit,
3224 5296 3494 5359 vitasque
3537 5296 3818 5361 integras,

2213 5366 2426 5429 quibus
2460 5366 2758 5418 conflatur.
2802 5368 2945 5418 Item
2996 5366 3359 5431 Rosweydus
3405 5366 3817 5431 prolegomene

2213 5438 2306 5488 IV.
2338 5438 2377 5500 ἕ.
2401 5436 2483 5491 10.
2509 5449 2637 5501 pag.
2660 5436 2742 5491 28.
2783 5438 2879 5501 ait,
2909 5450 3051 5503 pene
3073 5439 3283 5495 omnia.
3308 5438 3368 5489 in
3392 5437 3535 5490 libro
3563 5443 3817 5501 narrata,

2211 5516 2364 5581 apud
2386 5515 2703 5567 Palladium
2719 5518 2772 5568 et
2805 5518 3139 5567 Heraclidem
3163 5518 3412 5583 reperiri,
3436 5519 3703 5583 adeoque
3731 5520 3817 5572 al-

2213 5591 2492 5639 terutrum
2513 5588 2661 5647 haec,
2695 5601 2826 5652 qum
2859 5590 3089 5651 Ruﬁnus
3126 5589 3374 5652 verterit,
3411 5591 3607 5641 Greece
3641 5593 3814 5643 antea

2215 5657 2529 5721 scripsisse,
2557 5659 2664 5710 Sed
2705 5671 2778 5711 ex
2806 5659 2898 5710 his
2926 5661 3116 5723 potius
3154 5659 3502 5711 contrarium
3526 5660 3808 5721 educitur,

2213 5728 2320 5780 hoc
2344 5730 2433 5779 est
2454 5728 2575 5792 Rufi
2586 5729 2647 5778 ni
2664 5729 2871 5781 librum
2887 5732 3153 5783 Latinum
3181 5731 3236 5781 in
3250 5731 3515 5782 Graecum
3525 5746 3807 5781 sermonem

2210 5803 2802 5864 postea'conversum,
2830 5801 3174 5865 Palladiique
3203 5802 3471 5855 Historias
3515 5801 3591 5854 ob
3615 5814 3811 5855 rerum

2211 5869 2611 5935 cognationem
2621 5871 2970 5937 immixtum,
2983 5874 3047 5923 ut
3061 5884 3135 5924 ex
3144 5874 3388 5937 utroque
3398 5874 3630 5927 auctore
3646 5889 3808 5925 unum

2215 5953 2421 6008 corpus
2450 5941 2631 5997 ﬂeret.
2669 5943 2891 5998 Etenim
2934 5944 2991 5997 in
3022 5944 3265 5998 Historia
3287 5944 3519 5999 Palladii
3560 5957 3599 6000 a
3622 5945 3807 6012 capite
