3894 6414
0 398 205 458 1241

215 873 379 929 .564.
406 872 532 928 565.
573 875 780 939 quator
814 874 952 925 Mss.
980 873 1207 926 codices
1221 876 1503 940 numerat,
1525 876 1713 939 Ruﬁni

153 945 420 997 istoriam
455 947 655 998 Grace
676 957 1012 997 conversam
1029 945 1386 1008 exhibentes,
1412 959 1529 999 non
1545 947 1714 997 Hera-

0 1050 1 1053 η
98 1016 275 1081 elidis,
298 1022 371 1071 ut
385 1018 527 1083 ipse,
546 1030 665 1069 non
680 1017 940 1083 inspecto
959 1018 1176 1082 Ruﬁno,
1192 1018 1517 1070 arbitratur.
1538 1018 1717 1068 Palla-

99 1089 224 1139 dius
246 1102 416 1153 vero,
446 1090 546 1154 qui
569 1089 772 1141 miram
797 1089 1237 1153 simplicitatem,
1263 1089 1715 1155 ﬂdelitatemque

100 1160 315 1224 ubique
331 1162 578 1226 spirans,
598 1160 949 1225 pracipuam
964 1160 1025 1212 in
1047 1172 1114 1211 eo
1136 1173 1332 1213 curam
1349 1160 1632 1226 adhibuit,
1652 1164 1717 1214 ut

96 1234 357 1295 ingenuo
383 1232 603 1295 pudore
623 1232 907 1291 fateretur,
945 1244 1046 1296 per
1078 1244 1227 1297 quos
1254 1232 1592 1297 profecerat,
1616 1245 1715 1286 ne-

0 1320 1 1329 ‘
99 1316 399 1369 quaquam
425 1303 703 1356 dicendus
729 1307 846 1355 tam
874 1305 1038 1368 turpe
1051 1303 1309 1369 plagium
1331 1304 1716 1369 commisisse,

100 1380 161 1429 ut
186 1377 375 1428 totam
397 1375 594 1439 Ruﬁni
618 1374 944 1438 Historiam,
968 1386 1279 1439 nusquam,
1305 1388 1379 1427 ne
1397 1374 1576 1428 semel
1597 1376 1718 1440 qui-

99 1448 228 1501 dem
245 1447 474 1513 prolato
488 1447 617 1510 ejus
631 1446 880 1507 nomine,
900 1459 1063 1498 suam
1080 1446 1310 1510 faceret,
1328 1459 1513 1511 quum
1527 1447 1717 1500 multa

0 1550 2 1554 ι
100 1522 157 1572 in
169 1520 381 1573 eodem
397 1518 842 1583 comperiantur,
860 1530 991 1582 qua
1003 1517 1252 1571 Palladiu
1261 1531 1288 1569 s
1303 1518 1412 1570 sibi
1426 1518 1714 1572 immerito

100 1591 418 1644 tribuisset.
458 1590 521 1642 Id
537 1589 705 1642 unico
721 1589 985 1654 exemplo
1022 1589 1418 1642 demonstrare
1443 1590 1711 1643 sulllciat.

102 1664 266 1730 Apud
296 1662 621 1714 Palladium
644 1674 763 1727 cap.
786 1662 981 1713 XLIII.
1010 1659 1268 1727 pag.738.
1310 1666 1366 1714 et
1394 1662 1509 1713 sub
1533 1662 1715 1715 ﬁnem

101 1736 304 1801 capitis
342 1735 541 1786 XLVI.
584 1745 711 1798 pag.
733 1732 859 1795 745,
891 1736 1126 1785 exstant
1174 1746 1254 1798 qu
1281 1745 1333 1786 a
1361 1746 1436 1786 ex
1459 1735 1646 1799 capite
1670 1738 1713 1787 Ι.

102 1807 374 1861 Historia
394 1805 586 1869 Ruﬁni
602 1804 860 1857 Petronio
868 1803 1148 1857 accidisse
1158 1804 1712 1866 adnotavimus,dum

0 1906 15 1929 π.
97 1885 247 1934 esset
261 1891 399 1930 cum
413 1877 671 1927 Johanne
695 1875 1037 1941 Lycopolita.
1055 1877 1177 1928 Hoc
1193 1890 1393 1942 unum,
1412 1882 1469 1929 et
1496 1879 1715 1927 nuncius

98 1950 415 2018 praseer
433 1947 689 2001 victoria
702 1946 1117 2000 Theodosiana
1135 1947 1207 2000 de
1233 1948 1480 2013 Eugenio
1499 1955 1714 2010 tyranno

98 2023 236 2076 satis
269 2027 381 2080 est,
410 2024 478 2073 ut
522 2020 840 2085 videamus,
887 2020 960 2071 ab
993 2020 1125 2083 alio,
1176 2032 1354 2084 quam
1388 2033 1422 2071 a
1446 2020 1714 2090 Palladio,

0 2112 1 2125 π
99 2096 283 2160 Ruﬁni
307 2091 625 2146 Historiam
649 2104 781 2144 cum
806 2092 1086 2144 Lausiaca
1105 2092 1242 2144 olim
1267 2093 1596 2155 conﬂatam,
1623 2092 1717 2143 cul

98 2165 348 2221 subinde
380 2164 475 2217 alii
527 2164 780 2223 fortasse,
825 2166 892 2216 ut
924 2176 1047 2215 non
1092 2175 1224 2216 raro
1270 2163 1557 2228 contingit
1606 2163 1717 2215 alia

97 2241 474 2314 miscuerunt,
493 2237 604 2314 H_uj
612 2249 682 2314 us
697 2235 994 2314 mixtionis
1007 2235 1715 2314 alia_quoque_arg_umenta

96 2305 493 2375 ihvestiganti,
524 2307 687 2361 facile
727 2308 1052 2371 suppetent.
1103 2307 1406 2371 Ejusmodi
1429 2305 1571 2359 illud
1601 2308 1711 2363 est,

93 2384 245 2452 quod
260 2384 337 2436 de
353 2383 564 2433 Sancto
577 2380 834 2431 Johanne
847 2379 1077 2431 duobus
1100 2380 1161 2452 in
1184 2379 1347 2452 locis,
1364 2378 1712 2452 demoncchis

0 2500 1 2503 η
92 2451 483 2512 Nitriensibus
499 2452 709 2518 pariter
725 2454 783 2504 et
798 2451 1299 2503 Tabeunensibus.
1315 2451 1544 2503 duobus
1560 2451 1616 2501 in
1632 2451 1710 2505 lo-

89 2531 185 2592 cis,
228 2525 555 2583 disseritur,
612 2523 796 2587 capite
823 2523 1140 2575 XXXVIII.
1175 2536 1302 2588 pag.
1332 2521 1455 2585 736,
1492 2527 1553 2575 et,
1580 2535 1706 2588 cap.

0 2640 1 2643 η
92 2602 311 2655 XLVII.
347 2594 611 2662 pag.746.
650 2596 789 2647 Hac
825 2606 1016 2647 rerum
1050 2593 1310 2646 confusio
1345 2594 1703 2646 eruditorum

0 2684 2 2719 :
90 2675 329 2735 mentes,
344 2670 406 2722 in
428 2668 703 2720 alterutra
719 2666 969 2718 Historia
988 2665 1367 2718 discernenda
1400 2681 1503 2715 non
1521 2681 1699 2727 parum

91 2743 362 2797 turbavit.
394 2739 558 2803 adeo,
583 2742 649 2790 ut
681 2738 852 2791 etiam
880 2737 1216 2802 Cotelerius,
1252 2737 1344 2789 vir
1365 2741 1551 2789 cetera
1573 2751 1702 2802 per-

89 2818 305 2882 spicax,
334 2814 601 2877 Ruﬁnum
624 2823 697 2862 ex
715 2810 824 2862 hoc
851 2808 1015 2882 fonte
1029 2809 1229 2862 Graeco
1250 2821 1421 2861 suum
1440 2821 1586 2873 opus
1611 2809 1703 2862 de-

91 2880 311 2942 rivasse
330 2883 652 2937 crediderit.
672 2884 747 2933 At
761 2886 976 2941 contra,
1001 2880 1063 2932 in
1096 2881 1358 2933 Gracum
1390 2893 1557 2945 opus;
1584 2882 1700 2933 Ru-

92 2961 189 3025 ﬁni
217 2955 631 3011 commentatio
648 2953 933 3019 migravit.
961 2955 1105 3005 Nam
1120 2954 1314 3017 Ruﬁni
1327 2955 1559 3016 Historia,
1576 2956 1696 3002 olim

91 3033 257 3084 Graece
272 3028 501 3082 reddita
517 3026 637 3085 fuit,
655 3029 824 3088 cujus
842 3025 1241 3091 prafationem
1258 3028 1317 3077 et
1332 3028 1553 3090 partem
1587 3025 1699 3077 edi-

94 3103 174 3156 dit
201 3100 524 3155 Cotelerius
539 3102 675 3151 tom.
702 3099 795 3150 III.
831 3110 959 3163 pag.
994 3096 1115 3152 171.
1144 3109 1215 3149 ex
1244 3096 1541 3149 codicibus
1566 3097 1697 3149 Col-

0 3196 5 3207 ’
95 3174 332 3229 bertinis
356 3176 416 3225 et
437 3171 621 3236 regiis,
641 3183 788 3235 quos
822 3168 1020 3222 laudat
1040 3181 1169 3234 pag.
1187 3167 1309 3224 564.
1335 3169 1431 3220 ubi
1448 3170 1503 3218 in
1530 3172 1698 3219 codice

0 3246 3 3290 ξ
95 3245 424 3301 Colbertino
448 3241 606 3299 1213.
630 3243 821 3307 Ruﬁni
848 3241 1158 3294 Historiam
1184 3242 1381 3294 Grace
1404 3241 1694 3306 scriptam,

93 3323 147 3372 et
155 3316 488 3382 Hieronymi
500 3314 791 3381 presbyteri
802 3314 1069 3364 Dalmatae
1078 3325 1291 3365 nomen
1302 3325 1403 3378 pro
1409 3312 1698 3375 ferentem,

89 3395 220 3457 post
234 3388 485 3442 Palladii
500 3386 837 3439 Lausiacam
850 3388 1047 3439 extare
1057 3385 1375 3438 adnotavit.
1390 3386 1513 3437 Hoc
1527 3385 1700 3457 etiam

92 3456 454 3526 Rosweydus
468 3471 538 3510 ex
550 3459 688 3509 Mss.
706 3457 998 3510 codicibus
1013 3457 1249 3510 Venetis
1262 3460 1321 3508 et
1346 3456 1703 3526 Augustanis

92 3525 578 3586 animadverterat
605 3529 666 3580 in
695 3529 1100 3594 prolegomeno
1146 3529 1242 3579 IV.
1269 3529 1312 3591 ξ.
1365 3525 1416 3582 8.
1456 3540 1586 3593 pag.
1610 3525 1699 3583 23.

92 3605 234 3669 Quid
254 3615 399 3668 ergo
422 3601 649 3661 mirum,
686 3600 735 3652 si
748 3613 830 3652 xx
844 3601 1057 3650 Latinae
1080 3600 1336 3650 editiones
1358 3611 1486 3651 eam
1503 3600 1705 3651 Hiero-

89 3688 266 3743 nymo
291 3673 596 3727 tribuunt?
622 3674 771 3725 Pura
789 3676 928 3737 puta
942 3671 1069 3725 hac
1090 3670 1296 3725 eadem
1310 3672 1500 3734 Ruﬁni
1515 3671 1705 3723 Histo-

91 3742 190 3811 ria,
212 3750 415 3800 Grace
425 3757 615 3808 versa,
633 3749 690 3796 et
713 3745 824 3797 sub
850 3742 1015 3796 titulo
1033 3743 1287 3793 Historia
1301 3745 1705 3794 monachorum

0 3846 1 3849 η
92 3820 340 3886 £gypti,
358 3818 705 3882 Hieronymo
720 3815 1023 3881 adscripta,
1054 3819 1243 3868 exstat
1272 3816 1335 3868 in
1357 3814 1706 3886 Bibliotheca

95 3884 463 3953 Coisliniana,
511 3893 659 3941 teste
701 3888 1118 3951 Montefalconio
1160 3890 1357 3940 nostro
1401 3900 1529 3952 pag.
1578 3884 1701 3941 198.

95 3975 269 4029 quem
278 3966 499 4014 tamem
513 3959 662 4025 fugit
675 3960 803 4024 ejus
818 3958 1112 4026 legitimus
1127 3962 1348 4011 auctor.
1372 3958 1577 4024 Fugite
1586 3960 1703 4029 tiam

0 4076 1 4079 η
93 4026 412 4085 Johannem
443 4032 763 4096 Meursium,
805 4032 906 4097 qui
927 4030 989 4082 in
1020 4029 1353 4095 prai‘atione
1375 4029 1450 4081 ad
1475 4026 1707 4081 Palladii

95 4106 414 4159 Historiam
434 4103 792 4165 Lausiacam,
822 4114 999 4166 quam
1031 4102 1234 4155 Grace
1253 4101 1534 4166 vulgavit,
1550 4101 1705 4165 apud

0 4188 1 4219 ἲ
98 4190 161 4231 88
188 4188 323 4230 esse
354 4176 435 4227 ait
469 4175 677 4227 librum
702 4175 765 4224 de
797 4174 929 4225 Vilis
965 4174 1197 4223 Patrum
1219 4172 1462 4239 Egypli,
1490 4173 1707 4226 scilicet

96 4261 133 4301 a
150 4254 355 4301 nostro
376 4257 750 4311 nequaquam
776 4245 1091 4297 diversum.

158 4322 282 4371 VII.
298 4320 499 4382 Neque
512 4322 702 4383 putes,
719 4316 889 4368 hodie
904 4318 1006 4368 aut
1031 4316 1151 4368 heri
1163 4352 1175 4373 ,
1205 4315 1361 4368 istud
1378 4315 1566 4378 Ruﬁni
1581 4329 1709 4376 opus

0 4416 1 4421 π
98 4392 447 4455 Hieronymo
480 4388 657 4442 tribui
696 4392 1045 4453 captum,et
1077 4388 1204 4451 ejus
1218 4388 1450 4441 nomine
1467 4387 1711 4440 circum-

100 4463 405 4516 ierri.Evo
427 4462 583 4515 enim
596 4460 796 4510 Gelasii
817 4461 858 4509 I.
879 4460 989 4511 sub
1027 4459 1201 4511 ﬂnem
1235 4459 1501 4512 saculiV
1529 4463 1634 4520 jam
1660 4461 1708 4509 id

97 4535 430 4587 inoleverat.
448 4533 668 4585 Erroris
691 4544 960 4585 caussam
975 4532 1182 4598 accipe.
1201 4532 1587 4597 Hieronymus
1610 4530 1712 4584 ali-

97 4618 243 4671 quas
256 4607 494 4659 Patrum
508 4605 674 4657 Vitas
696 4609 1079 4657 enarraverat.
1106 4605 1250 4656 Cum
1264 4603 1356 4656 his
1374 4603 1708 4667 Ruﬁnianus,

98 4680 172 4766 ‘3”
183 4676 1477 4766 εὲίὲίὲἒιαξίξὲἓὶῖὲἓῖἕἫίἯξ(³99ἶὲ³ἒῖἱὲθὶἳὲ
1485 4686 1709 4766 Ennii“:
1733 4691 1786 4766 Β

0 4776 1 4781 η
103 4749 375 4816 superius
419 4760 741 4813 expressas,
765 4746 985 4800 nemini
1017 4746 1323 4812 adscripta
1347 4746 1545 4800 statim
1593 4758 1712 4798 una

104 4833 241 4873 cum
289 4819 547 4886 reliquis,
591 4819 663 4871 ad
707 4819 1121 4884 Hieronymum
1166 4819 1450 4885 pertinere
1478 4817 1711 4871 credita

105 4898 263 4946 sunt.
277 4892 447 4957 Apud
462 4892 734 4943 Gelasium
748 4893 809 4944 in
836 4893 1076 4946 Decreto
1099 4903 1223 4956 cap.
1256 4893 1349 4944 III.
1369 4890 1521 4955 quod
1538 4892 1630 4942 est
1650 4888 1713 4938 de

104 4964 400 5030 lepusculis
424 4963 759 5029 recipiendis,
784 4963 912 5017 hac
931 4968 1114 5018 verba
1132 4963 1428 5029 leguntur:
1458 4964 1719 5016 VilasPa-

105 5034 705 5099 rum,Pauli,Anlonii,
723 5034 1030 5087 Hilarionis
1040 5040 1087 5085 el
1099 5046 1341 5088 OMNIUM
1364 5036 1715 5086 eremitarum

106 5121 246 5173 quas
257 5112 439 5157 tamen
454 5106 791 5157 beatissimus
812 5108 1025 5173 scripsit
1037 5107 1553 5172 Hieronymus,cum
1562 5108 1716 5157 omni

109 5182 314 5230 honore
356 5179 700 5244 suscipimus.
735 5180 811 5231 At
833 5179 1219 5244 Hieronymus
1251 5178 1439 5229 Paulli
1467 5183 1715 5240 tantum,

106 5249 435 5312 Hilarionis,
453 5254 512 5301 et
536 5249 739 5299 Malchi
760 5250 919 5302 Vitas
943 5251 1277 5315 scripserat;
1294 5254 1569 5314 praterea
1591 5251 1718 5302 nul-

104 5320 210 5374 las.
228 5320 460 5373 Etenim
496 5320 728 5369 Antonii
748 5321 957 5382 Vitam,
974 5322 1047 5373 ab
1078 5320 1384 5371 Athanasio
1404 5322 1577 5372 Graec
1599 5321 1717 5374 edi-

104 5394 242 5453 tam,
253 5391 545 5457 Euagrius,
555 5392 954 5445 Antiochenus
970 5393 1298 5457 episcopus,
1314 5392 1572 5442 Latinam
1585 5393 1719 5447 fecit

107 5466 341 5519 Ceteras
352 5464 585 5529 Ruﬁnus
596 5462 917 5530 descripsit,
943 5477 1091 5530 quas
1107 5475 1350 5519 OMNIUM
1365 5466 1718 5516 cremitarum

105 5535 342 5589 nomine
383 5535 626 5586 Gelasius
659 5534 1003 5602 designavit.
1028 5537 1177 5602 Ergo
1193 5536 1288 5591 ha
1298 5537 1529 5590 Patrum
1545 5538 1716 5602 Vita,

109 5620 235 5661 avo
249 5606 574 5673 Gelasii,prc
587 5606 1047 5673 Hieronymianis
1056 5607 1275 5673 passim
1290 5607 1465 5673 vulgo
1480 5608 1715 5662 habita.

111 5679 358 5730 Historia
372 5678 528 5731 enim
539 5678 827 5741 Lausiaca,
852 5678 953 5732 ubi
976 5678 1219 5731 aliorum
1240 5684 1405 5746 gesta
1428 5679 1720 5744 explican-

110 5755 220 5813 tur,
235 5751 457 5804 nostris
472 5750 925 5804 occidentalibus
942 5755 1080 5805 tunc
1098 5751 1215 5813 vix,
1226 5756 1329 5804 aut
1344 5764 1547 5818 parum
1561 5755 1712 5805 nota.

111 5822 311 5887 Neque
333 5834 591 5888 unquam
614 5823 763 5875 certe
782 5822 1138 5889 Hieronymo,
1168 5822 1271 5877 sed
1292 5823 1549 5875 Palladio
1571 5836 1717 5879 sem-

111 5905 229 5959 per,
249 5898 353 5948 aut
378 5893 677 5955 Heraclidi,
695 5894 907 5949 tributa
943 5898 1049 5948 est.
1071 5894 1312 5947 Gelasius
1346 5895 1485 5948 dum
1500 5894 1609 5949 has
1628 5895 1717 5949 Vi-

112 5969 208 6030 tas,
229 5978 269 6020 a
290 5965 625 6034 Hieronymo
653 5966 918 6035 scriptas,
940 5966 1154 6022 diserte
1188 5967 1403 6034 recipit,
1421 5966 1564 6022 alias
1583 5980 1715 6035 pro-

1388 402 1565 457 VITA
1592 405 1728 460 LIB.
1760 406 1828 459 II.
1865 406 2020 460 CAP.
2053 408 2178 461 XII.

0 530 3 563 ί
99 512 593 608 ξιὲξ;ρ.εέε-,ῑ³⁸;
609 514 869 608 essent
884 515 1134 608 EXXVL
1154 527 1284 608 ρεξ-
1303 515 1426 608 720-
1444 518 1709 608 θςῑιίοιξξε

1813 534 2008 596 pterea
2033 531 2479 608 non_rejicit._lta
2512 547 2742 591 mecum
2765 540 3124 606 Rosweydus
3146 542 3207 595 in
3228 541 3413 608 prole-

0 614 1 617 η
98 590 164 639 II.
182 586 501 652 Rosweydi
524 589 788 653 prostant
809 598 1189 652 quacumque
1220 588 1291 640 de
1313 590 1541 655 Egypti
1578 591 1715 647 soli-

0 676 5 709 ;
96 658 253 710 tariis
278 660 523 722 Ruﬁnus
567 658 856 723 exposuit,
880 663 943 710 ut
964 658 1275 711 conferenti
1301 661 1533 724 patebit.
1567 662 1716 714 Ros-

0 758 1 765 η
96 729 347 793 weydus
370 729 446 782 ad
471 730 831 795 singulorum
867 730 1117 794 capitum
1141 743 1301 783 oram
1334 731 1392 783 id
1415 733 1593 797 probe
1612 733 1715 784 ad-

0 818 1 847 r
97 802 346 854 notavit.
382 800 704 854 Cotelerius
727 808 921 854 autem
965 801 1022 853 in
1060 805 1217 855 tomo
1247 815 1419 868 supra
1447 803 1714 867 indicato,

3309 420 3415 477 242

1813 614 2058 686 gomeno
2074 604 2196 655 XV.
2215 617 2344 686 pag,
2363 603 2851 686 i8._§t_quidpi_am
2867 603 3039 674 aliud,
3059 603 3261 686 notata
3289 625 3416 665 ma-

1813 673 1968 745 xime
1992 673 2250 739 dignum,
2272 675 2343 727 de
2364 676 2614 728 Palladio
2639 673 2944 745 proferam.
2961 684 3117 737 unde
3128 684 3414 737 hactenus

1815 744 2498 826 dicta_confir_mabuntur.
2549 744 2875 826 Etiamnum
2902 760 3167 820 superest
3200 757 3415 810 Graca

1815 816 1941 891 ejus
1967 816 2234 891 Historia
2252 825 2591 891 pervetusta
2615 823 2816 876 Latina
2839 816 3154 887 translatio,
3174 840 3307 891 qua
3329 827 3415 879 in-

1814 887 2219 970 terpolationes
2235 890 2566 970 Gracorum
2582 894 2845 970 codicum
2861 887 3409 963 detegituniversas.

1814 960 1895 1040 Ea
1915 960 2498 1040 quippeassumentis,
2517 977 2650 1028 qua
2667 979 2741 1019 ex
2762 968 2959 1040 Ruﬁno
2982 960 3043 1022 in
3066 969 3300 1022 eosdem
3325 984 3413 1021 co-

1814 1030 1952 1104 dices
1966 1031 2172 1082 Graecos
2184 1034 2930 1104 posteairrepsemnt,plane
2941 1041 3211 1092 omnibus
3225 1045 3411 1103 vacat,

1812 1099 2101 1174 habetque
2116 1103 2402 1174 nonnulla
2424 1117 2558 1168 qua
2579 1120 2615 1159 a
2638 1099 2850 1161 Gracis
2872 1112 3102 1174 absunt,
3131 1115 3247 1163 uta
3261 1099 3409 1163 Ros-Q

1812 1172 2015 1234 weydo
2059 1172 2365 1227 adnotatur
2394 1176 2451 1227 in
2485 1179 2761 1240 margine.
2808 1180 2946 1232 Eam
2974 1172 3409 1234 translationem

1813 1242 2094 1307 Latinam,
2117 1243 2180 1296 in
2202 1246 2386 1311 capita
2408 1248 2583 1300 LVIII
2606 1249 2958 1311 distinctam,
2983 1256 3043 1304 et
3062 1252 3235 1302 Lauso
3258 1265 3410 1303 nun-

1815 1317 2098 1379 cupatam,
2132 1316 2243 1368 sub
2265 1319 2497 1371 nomine
2525 1320 2786 1370 Paradisi
2809 1322 3113 1372 Heraclidis
3137 1335 3254 1375 una
3275 1335 3409 1375 cum

1817 1384 2097 1459 Clementis
2120 1387 2458 1459 Βαθορηὶιίοη
2468 1389 2601 1453 ibus,
2623 1397 2691 1443 ut
2709 1392 2844 1444 alibi
2868 1392 3005 1453 dixi,
3037 1394 3258 1459 primus
3285 1392 3415 1446 vul-

1814 1456 1972 1529 gavit
1983 1457 2146 1507 Jacob
2154 1473 2212 1508 us
2222 1460 2389 1509 Faber
2400 1460 2735 1526 Stapulensis
2745 1479 2802 1512 ex
2815 1456 3414 1529 ofﬁcina—Bellovisiana

1814 1528 2161 1602 Parisiorum
2190 1532 2255 1582 A.
2284 1534 2350 1584 D.
2378 1531 2534 1589 1503.
2570 1534 2655 1584 die
2675 1533 2764 1590 23.
2787 1528 3091 1600 Februarii,
3118 1541 3183 1589 ut
3206 1536 3414 1602 legitur

1812 1599 1873 1672 in
1902 1600 2015 1672 fine
2063 1601 2383 1656 Heraclidis.
2410 1604 2519 1656 Sed
2545 1605 2720 1657 totius
2750 1606 3061 1659 voluminis
3082 1599 3086 1600 ⁷
3106 1599 3409 1672 impressio

1814 1671 2081 1724 absoluta
2104 1675 2191 1725 est
2212 1677 2280 1726 A.
2294 1676 2361 1726 D.
2388 1674 2545 1731 1504.
2564 1676 2755 1729 idibus
2770 1678 2899 1730 Julii
2907 1691 2935 1729 s
2956 1677 3108 1731 Julio
3123 1671 3205 1729 II.’
3227 1677 3413 1730 Ponti-

1814 1742 1920 1795 ilce
1950 1744 2220 1797 maximo.
2252 1747 2435 1799 Faber
2455 1748 2517 1799 in
2557 1748 2798 1814 epistola
2820 1749 2894 1801 ad
2916 1751 3198 1802 Jacobum
3222 1749 3414 1802 Rami—
3504 1808 3509 1813 ,

1812 1815 1981 1879 rium,
2004 1817 2365 1870 Catinensem
2390 1819 2723 1885 episcopum
2745 1822 2819 1873 ab
2844 1834 2907 1874 se
2929 1821 3010 1874 ait
3034 1821 3336 1872 Heraclidis
3357 1822 3415 1873 et

1819 1886 2098 1937 Clementis
2121 1889 2297 1942 libros
2316 1895 2605 1945 vetustate
2625 1897 2682 1945 et
2726 1893 2842 1945 situ
2868 1892 2928 1945 in
2942 1892 3198 1956 antiquis
3215 1892 3411 1955 biblio-

1817 1958 2001 2030 thecis
2033 1963 2352 2014 marcentes
2388 1966 2661 2028 repertos.
2705 1966 2843 2017 Post
2890 1965 3141 2017 Fabrum
3162 1963 3416 2030 Μουθίας

1818 2028 2188 2096 Lippomanus
2203 2035 2553 2086 Veronensis
2569 2035 2872 2100 episcopus
2907 2036 3201 2089 literarum
3217 2028 3413 2097 gloria,

1817 2104 1875 2154 et
1891 2103 2117 2166 pietatis
2131 2104 2299 2157 laude
2314 2105 2760 2165 clarus,Paradis
2768 2123 2878 2167 um,
2890 2120 3057 2172 quem
3079 2106 3415 2161 Franciscus

1816 2173 2129 2227 Turrianus
2140 2189 2274 2229 cum
2287 2178 2425 2228 Mss.
2440 2177 2668 2229 Palladii
2679 2178 2989 2243 exemplari
2998 2179 3058 2229 in
3068 2177 3418 2229 Bibliotheca

1814 2244 2162 2300 Venetorum
2186 2247 2519 2310 eontulerat,
2546 2248 2793 2302 Palladio
2820 2250 3152 2303 restitutum
3174 2246 3418 2301 inseruit

1814 2319 1949 2368 tom.
1977 2318 2070 2369 III.
2117 2319 2189 2370 de
2212 2320 2358 2371 Vitis
2402 2321 2755 2372 Sanctorum.
2789 2320 3041 2372 Venetiis
3062 2320 3214 2373 edito
3237 2318 3311 2371 ad
3336 2318 3416 2370 si-

1809 2400 1990 2452 gnum
2014 2390 2135 2454 spei
2156 2392 2221 2442 A.
2259 2392 2325 2442 D.
2366 2389 2523 2445 1554.
2556 2404 2684 2456 pag.
2713 2391 2834 2445 144.
2858 2391 3027 2444 Illum
3050 2395 3250 2456 postea
3272 2391 3412 2442 Ros-

1808 2459 2051 2525 weydus
2102 2462 2369 2514 accedere
2415 2462 2600 2515 voluit
2646 2474 2769 2514 sua
2793 2462 3064 2515 Historia
3101 2461 3409 2514 eremitica

1805 2542 1934 2596 pag.
1950 2530 2071 2586 939.
2087 2532 2147 2584 in
2163 2534 2332 2597 cujus
2344 2532 2750 2598 prolegomeno
2766 2535 2860 2584 IV.
2878 2535 2919 2597 Ξ.
2934 2531 3055 2588 103.
3071 2528 3405 2583 Paradisum

1806 2602 2151 2655 Ileraclidisa
2170 2604 2391 2656 sincera
2413 2605 2664 2657 Historia
2699 2604 2940 2654 Palladii
2954 2619 3268 2666 nequaquam
3292 2602 3405 2655 dis-

1806 2672 2032 2737 tinguit.
2089 2676 2235 2727 Sunt
2275 2676 2386 2729 alia
2435 2689 2666 2740 quoque
2711 2676 2771 2728 in
2794 2676 2905 2728 hoc
2949 2675 3239 2738 Paradiso,
3283 2686 3417 2738 qua

1804 2756 1979 2797 sensu
2003 2749 2062 2798 et
2083 2747 2299 2809 ordine,
2315 2747 2580 2810 aGraco,
2601 2760 2772 2812 quem
2797 2748 3098 2811 habemus,
3117 2751 3417 2808 contextu,

1797 2828 1919 2868 non
1936 2830 2138 2881 parum
2156 2820 2390 2884 absunt,
2409 2820 2488 2872 ita
2512 2823 2574 2884 ut
2594 2819 2890 2873 evidenter
2911 2821 3123 2884 pateat,
3154 2818 3417 2870 Latinam

1798 2880 1954 2942 hanc
1999 2880 2438 2944 translationem
2468 2880 2549 2943 ad
2587 2880 2972 2954 correctiore—s,
3003 2895 3061 2941 et
3081 2888 3290 2942 alicubi
3333 2888 3420 2940 di-

1798 2972 1999 3013 versos
2015 2963 2295 3026 anostris,
2321 2963 2548 3015 codices
2582 2964 2717 3014 Mss.
2736 2962 2909 3014 fuisse
2933 2965 3280 3013 accuratam.
3308 2959 3419 3013 Ubi

1797 3043 1934 3085 vero
1953 3034 2170 3086 nostris
2194 3033 2513 3087 conformia
2541 3032 2890 3099 exemplaria
2925 3032 3202 3097 sequitur,
3229 3030 3414 3084 Graci

1794 3105 2045 3157 auctoris
2067 3106 2297 3171 genium
2330 3106 2409 3157 ita
2453 3105 2741 3171 exprimit,
2766 3109 2833 3157 ut
2855 3103 2996 3156 nihil
3021 3116 3209 3168 supra.
3236 3102 3417 3154 Tille-

1795 3177 2072 3238 montius,
2091 3178 2261 3242 cujus
2277 3177 2582 3229 industria
2606 3176 2791 3228 multa
2812 3174 3113 3239 debemus,
3140 3179 3278 3226 tom.
3304 3174 3410 3226 XI.

1730 3267 1780 3344 ρ
1798 3246 2423 3344 seignorare
2455 3248 2553 3331 ait,
2570 3247 2727 3300 unde
2771 3246 3030 3344 Ρανῖᾀίξί
3064 3257 3276 3344 nomen
3290 3260 3412 3344 ope:

1797 3319 2120 3372 adhaserit.
2139 3320 2405 3372 Adhasit
2419 3320 2630 3386 exipso
2647 3332 2836 3385 Opere,
2856 3318 2956 3370 ubi
2972 3318 3042 3370 de
3066 3317 3204 3369 viris
3224 3316 3410 3369 beatis

1801 3402 1989 3443 sermo
2011 3391 2355 3455 instituitur,
2379 3404 2627 3455 quorum
2653 3390 2829 3444 Sedes
2853 3393 2944 3442 est
2970 3388 3283 3440 Paradisus.
3304 3389 3413 3440 No-

1799 3476 1935 3517 men
1952 3464 2252 3515 Heraclidis
2262 3464 2321 3516 in
2338 3465 2565 3517 codices
2583 3467 2834 3518 Gracos.
2847 3466 2906 3516 et
2922 3461 3130 3514 deinde
3151 3461 3209 3513 in
3226 3466 3412 3513 trans-

1798 3537 2073 3590 lationem
2089 3536 2369 3600 Latinam,
2401 3548 2474 3588 ex
2498 3537 2698 3600 Ruﬁno
2722 3546 2993 3587 manasse
3015 3533 3276 3594 arbitror,
3308 3532 3409 3596 qui

1801 3608 1859 3660 in
1882 3608 2134 3660 Historia
2156 3607 2557 3660 Ecclesiastica
2578 3608 2676 3659 lib.
2704 3608 2802 3659 X1.
2837 3617 2959 3670 cap.
2988 3606 3082 3657 IV.
3109 3603 3410 3656 monachis

1804 3679 2001 3733 Nitria
2023 3680 2097 3732 ab
2119 3691 2182 3732 se
2200 3680 2535 3732 memoratis
2556 3678 2897 3730 Heraclidem
2919 3676 3208 3742 quendam
3231 3674 3409 3727 admi-

1807 3757 1944 3805 scet.
1971 3752 2284 3805 Cotelerius
2296 3755 2435 3804 tom.
2460 3753 2555 3803 III.
2574 3763 2702 3816 pag.
2723 3749 2845 3805 563.
2864 3749 3122 3801 codicem
3146 3746 3413 3800 Colberti-

1805 3835 1948 3875 num
1963 3829 2225 3876 recenset
2246 3836 2304 3875 n.
2323 3821 2464 3878 4303
2489 3824 2553 3875 in
2575 3834 2691 3887 quo
2714 3822 2843 3874 hac
2866 3819 3117 3874 Historia
3140 3819 3413 3872 tribuitur

1812 3894 2084 3945 Heraclidi
2129 3894 2395 3959 episcopo
2452 3893 2843 3959 Cappadocia.
2901 3891 3063 3944 Alius
3105 3889 3411 3953 Heraclides

1808 3965 2015 4031 Ephesi
2038 3966 2359 4030 episcopus,
2382 3965 2556 4017 homo
2583 3965 2836 4026 Gracus,
2874 3962 3032 4014 hunc
3076 3960 3411 4011 Paradisum

1806 4038 2006 4090 Latine
2029 4036 2408 4089 concinnasse
2447 4047 2813 4099 nequaquam
2856 4032 3153 4086 dicendus.
3197 4032 3411 4082 Auctor

1807 4109 1961 4161 enim
1980 4108 2040 4160 in
2065 4107 2492 4171 codice'Graeo,
2503 4105 2740 4172 perinde
2756 4117 2822 4157 ac
2837 4104 2899 4156 in
2914 4102 3118 4155 Latino
3130 4114 3257 4166 pag.
3277 4099 3401 4155 956.

1807 4180 2086 4245 Bithynice
2097 4179 2399 4244 episcopum
2413 4178 2565 4240 dicit,
2580 4177 2855 4229 nimirum
2868 4172 3259 4245 Helenopoleos,
3274 4184 3408 4236 qua

1808 4251 1917 4304 fuit
1940 4244 2106 4304 sedes
2125 4250 2383 4315 Palladii,
2407 4263 2527 4302 non
2549 4247 2870 4299 Heraclidis.
2896 4248 3039 4310 Qost
3058 4244 3267 4297 indicia
3288 4247 3409 4315 tam

1808 4322 2118 4384 luculenta,
2128 4323 2257 4386 jure
2267 4314 2481 4387 ambigi
2491 4320 2710 4385 nequit,
2724 4318 3036 4384 quominus
3049 4316 3307 4368 larvatus
3316 4314 3410 4367 hic

1809 4393 2133 4444 Heraclides.
2152 4393 2211 4445 in
2227 4392 2456 4445 Palladii
2474 4392 2867 4458 prafationem
2883 4388 2956 4441 ad
2979 4389 3412 4458 Lausum,‘non-

1809 4464 1949 4516 nihil
1962 4464 2327 4516 immutatam
2338 4456 2835 4524 intrusus,alienas
2847 4457 3243 4525 possessiones
3254 4456 3413 4509 inva-

1810 4535 1979 4587 serit:
2010 4534 2167 4598 quod
2212 4535 2538 4587 criticorum
2570 4532 2805 4599 ingenia
2845 4542 2965 4582 non
2987 4540 3191 4599 parum
3222 4526 3409 4579 torsit.

1811 4608 1956 4659 Nam
1998 4606 2368 4656 Bellarminus
2412 4605 2473 4656 in
2510 4598 2780 4669 Catalogo
2813 4600 3134 4652 Palladium
3162 4598 3411 4652 duorum

1812 4689 2048 4743 operum
2092 4679 2385 4730 auctorem
2421 4676 2573 4740 facit,
2605 4673 2865 4726 Paradisi
2888 4670 3221 4743 Heraclidis,
3240 4673 3298 4722 et
3320 4669 3414 4743 Hi-

1812 4741 1989 4799 storiae
2015 4749 2307 4800 Lausiaca’.
2328 4747 2568 4801 Vossius
2583 4747 2680 4799 lib.
2703 4748 2772 4798 II.
2792 4745 2863 4798 de
2877 4743 3182 4797 Historicis
3197 4741 3413 4795 Gracis

1814 4834 1935 4885 cap.
1959 4822 2111 4873 XIX.
2142 4820 2453 4873 Historiam
2497 4820 2837 4872 Lausiacam
2886 4829 2961 4869 ex
3001 4815 3230 4868 duobus
3252 4812 3414 4885 libris

1813 4884 2119 4945 conflatam
2150 4892 2395 4957 putavit.
2442 4890 2855 4949 Palladii'uno,
2877 4888 3055 4941 altero
3078 4884 3411 4938 Hcraclidis:

1810 4964 1872 5017 in
1882 4964 2049 5028 cujus
2065 4964 2405 5017 sententiam
2420 4962 2720 5015 descendit
2734 4958 3091 5014 Cavens.Sed
3106 4961 3413 5024 postquam

1816 5035 2547 5096 ostendimus,Paradisum
2572 5032 2910 5093 Heraclidis,
2938 5029 3249 5096 genuinam
3284 5037 3414 5081 esse

1817 5107 2048 5160 Palladii
2090 5107 2400 5159 Historiam
2428 5106 2782 5158 Lausiacam.
2806 5115 2977 5156 nemo
3002 5100 3252 5167 amplius
3280 5109 3413 5150 cum

1813 5178 1994 5232 larvis
2035 5178 2365 5233 luctabitur.
2401 5178 2711 5231 accedente
2752 5172 3054 5241 presertim
3075 5168 3415 5241 auctoritate

1816 5248 2031 5301 codicis
2054 5250 2161 5303 Ms.
2180 5247 2494 5301 Cardinalis
2517 5246 2891 5309 Bessarionis,
2915 5254 3088 5309 quem
3112 5240 3411 5309 Lippoma-

1816 5333 1928 5373 nus
1949 5321 2449 5371 emendatissimum
2473 5323 2660 5373 vocat.
2677 5319 2760 5370 De
2773 5308 2960 5370 tribus
2981 5310 3107 5367 aliis
3121 5311 3296 5375 hujus
3310 5308 3415 5360 Hi-

1817 5392 2012 5446 storia
2021 5392 2239 5446 Latina
2256 5391 2552 5444 codicibus
2561 5388 2954 5445 consulendus
2966 5379 3329 5446 Rosweydus
3352 5379 3414 5432 in

1816 5464 2221 5531 prolegomeno
2244 5463 2425 5517 XXV.
2452 5474 2566 5529 pag
2601 5460 2689 5517 84.
2707 5462 2847 5513 Hac
2869 5454 3112 5531 dicenda
3133 5452 3261 5531 visa
3283 5461 3415 5531 sum

1815 5522 1888 5591 de
1928 5522 2060 5587 Vilis
2093 5540 2340 5600 Patrum,
2372 5522 2561 5588 Sancti
2598 5530 2843 5584 Petronii
2870 5526 3104 5600 nomine
3151 5535 3188 5576 a
3214 5522 3413 5587 Rufino

1816 5608 2143 5668 adornatis;
2164 5596 2383 5673 proque
2403 5605 2632 5679 illorum
2654 5602 2883 5679 solatio1
2901 5598 3001 5664 qui
3016 5596 3416 5679 vitam‘tnon‘a-

1816 5681 2018 5734 sticam
2043 5664 2402 5747 proﬁtentur,
2416 5689 2536 5749 non
2544 5675 2739 5749 solum
2756 5674 2818 5726 in
2842 5664 3108 5732 Graecum,
3122 5666 3223 5722 sed
3316 5664 3418 5749 Sy:

1814 5753 2027 5802 riacum
2045 5740 2293 5816 quoque,
2310 5754 2369 5803 et
2382 5740 2423 5799 Α
2434 5747 2677 5798 rabicum
2688 5754 3017 5816 sermonem
3032 5740 3419 5816 conveniant

1814 5821 1926 5877 hoc
1936 5835 2028 5876 me
2051 5806 2247 5876 docuit
2276 5806 2509 5886 virpius
2536 5817 2765 5874 Gabriel
2793 5818 2915 5871 Eva
2928 5811 3208 5886 Maronita
3221 5822 3295 5886 ex
3325 5806 3415 5886 Li-

1815 5894 1964 5947 bano
1987 5892 2304 5948 monachus
2326 5879 2519 5947 Sancti
2528 5890 2781 5955 Antonii,
2800 5890 2858 5943 et
2880 5881 3300 5955 Nicosiensisin
3318 5879 3417 5955 Gy-

1813 5979 1916 6034 pro
1939 5964 2437 6032 Archiopiscopus.
2459 5966 2526 6019 In
2542 5953 3114 6019 tottranslationibus
3130 5960 3191 6011 et
3210 5953 3413 6010 editio-
