3894 6406
473 377 583 441 243

1750 374 1996 427 RUFINI
2049 372 2489 428 PRESBYTERI

3673 362 3782 419 2“

475 490 667 554 nibus,
691 489 1067 565 subsequenti
1082 489 1269 565 capite
1279 487 1684 565 memorandis,
1697 488 2061 565 verissimum
2094 490 2150 565 Α
2177 488 2393 565 tertium
2416 484 2691 565 tepidum.
2824 482 3051 565 suntm...
3081 477 3441 565 Canobitaa‘in
3463 490 3779 565 commune

474 574 604 615 esse
636 560 921 623 comperio
965 559 1118 624 quod
1151 559 1219 611 de
1253 558 1412 611 hisce
1448 559 1592 611 Vitis
1615 561 1846 612 Patrum
1870 558 2070 611 scribit

484 631 799 684 Gennadius
822 644 942 696 cap.
965 632 1105 683 LXI.
1143 646 1229 680 eas
1256 631 1393 681 velut
1415 632 1687 696 speculum
1711 647 1773 681 ac
1811 645 2066 680 normam

480 703 826 770 professionis
856 718 967 751 sua:
988 703 1245 752 monachi
1271 703 1686 768 amplectuntur.
1711 704 1972 755 Ceterum
1994 700 2067 752 ad

479 774 742 828 vitandas
764 774 1038 839 ambages
1053 774 1246 839 ipsum
1261 787 1407 838 opus
1430 775 1538 827 hac
1561 775 1863 841 epigraphe
1878 774 2070 840 prasi-

475 846 637 912 gnari
659 845 969 898 debuisset.

823 945 1014 1009 Ruﬁni
1033 943 1328 1009 presbyteri
1353 944 1714 1010 Aquitejensis

940 1016 1187 1065 Historia
1210 1018 1611 1066 monachorum

1005 1085 1111 1136 Seu
1154 1086 1281 1135 Vitae
1314 1087 1548 1136 Patrum

912 1157 983 1207 Et
1004 1158 1204 1206 itinera
1224 1173 1321 1223 per
1346 1160 1642 1222 Egyptum

1050 1228 1235 1279 Sancti
1265 1230 1509 1279 Petronii

856 1299 1209 1350 Bononiensis
1240 1302 1461 1350 nomine
1481 1302 1700 1367 scripta.

480 1397 739 1462 Denique
754 1399 1089 1462 optandum,
1109 1404 1173 1450 ut
1190 1400 1409 1452 sincera
1420 1404 1478 1452 et
1494 1400 1824 1464 primigenia
1836 1400 2079 1452 Palladii

482 1469 736 1522 Historia
746 1470 1021 1522 Lausiaca
1030 1471 1099 1522 ad
1115 1473 1333 1523 veteres
1346 1472 1571 1524 codices
1584 1474 1719 1524 Mss.
1738 1473 1837 1536 qui
1851 1474 2081 1525 Parisiis

485 1543 541 1593 et
561 1540 695 1593 alibi
720 1546 1052 1607 suppetunt,
1092 1548 1293 1595 exacta
1314 1547 1489 1608 atque
1511 1544 1824 1609 recognita,
1847 1545 2084 1609 prodeat

479 1612 537 1663 in
558 1611 749 1666 lucem
783 1626 900 1667 una
928 1626 1061 1667 cum
1090 1615 1294 1667 Latina
1339 1616 1632 1669 versiones
1670 1617 1895 1683 vulgari
1918 1618 2087 1667 Hera-

480 1682 650 1736 elidis.

1073 1757 1304 1810 CAPUT
1336 1757 1485 1810 XIII.

481 1871 522 1922 Ι.
545 1869 871 1936 Hieronymi
916 1872 978 1921 de
1003 1873 1100 1923 hoc
1123 1873 1311 1937 Ruﬁni
1340 1889 1493 1939 opere
1518 1873 1881 1924 testimonium
1910 1874 2083 1940 expli-

544 1947 743 1992 catum.
795 1944 861 1995 II.
910 1945 1052 2003 Quid
1089 1946 1153 1995 de
1192 1946 1415 1995 illorum
1454 1948 1733 1996 sanctitate
1777 1948 2084 2002 dicendum,

545 2027 680 2077 quos
701 2013 1071 2079 Hieronymus
1094 2018 1288 2083 carpit.
1311 2020 1403 2068 III.
1441 2018 1656 2068 Caussa:
1678 2019 1994 2079 recitantur,
2021 2018 2082 2067 ob

547 2098 686 2149 quas
708 2085 1075 2150 Hieronymus
1104 2090 1290 2137 minus
1318 2088 1542 2151 fortasse
1554 2105 1741 2155 (equus
1755 2090 1864 2153 fuit
1885 2091 2081 2153 Ruﬁno

546 2160 593 2205 et
643 2156 913 2209 Petronio.
958 2160 1051 2210 IV.
1097 2160 1275 2210 Varia:
1310 2160 1568 2211 editiones
1613 2162 1797 2227 Operis
1841 2162 1903 2211 de
1953 2161 2083 2213 Vitis

546 2227 779 2277 Patrum
804 2230 1181 2294 proferuntur.

544 2328 582 2377 Ι.
599 2325 1084 2408 gemmentarium
1107 2329 1178 2382 de
1205 2330 1334 2408 Vita
1357 2332 1606 2392 Patrum,
1626 2331 1818 2408 Sancti
1836 2330 2085 2408 Petronii

484 2399 775 2479 nomin_e_a
809 2399 1449 2479 Ruﬁnoconscriptum,
1474 2404 1748 2468 superiori
1773 2405 1957 2467 capite
1981 2416 2086 2455 ex-

482 2471 849 2549 cussiLNunc
878 2471 948 2549 de
976 2471 1071 2524 illo
1088 2473 1225 2549 quid
1242 2474 1808 2549 Avariisgtemporibus
1838 2475 2079 2549 dictum,

482 2538 621 2622 quid
642 2538 1383 2622 factum,_investi_gandum.
1410 2538 1678 2622 Censura,
1697 2559 1874 2622 quam
1886 2546 2087 2597 Hiero-

482 2620 716 2690 nymus,
739 2612 799 2690 i_n
820 2612 1213 2690 adversarium
1231 2619 1585 2690 commotior.
1598 2620 1648 2683 ej
1660 2632 1726 2669 us
1742 2617 1887 2669 libro
1899 2620 2087 2666 inussit

484 2682 546 2763 in
567 2682 808 2763 epistola
822 2684 894 2736 ad
906 2686 1352 2763 Ctesiphontem,
1374 2701 1473 2752 pro
1483 2689 1702 2763 judicio
1718 2689 1940 2754 privato
1957 2690 2016 2736 de
2036 2704 2086 2763 re

490 2750 778 2813 historica,
796 2758 1108 2817 generatim
1125 2750 1433 2819 habitaest,
1453 2750 1551 2826 qui
1564 2750 1863 2825 nunquam
1881 2761 2086 2809 accessit

486 2836 724 2905 concors
748 2827 1021 2905 Ecclesia;
1033 2842 1371 2905 consensus.
1397 2833 1543 2883 Hinc
1559 2832 1833 2896 impedire
1856 2844 1975 2882 non
1994 2844 2089 2894 po-

486 2899 613 2976 tuit,
641 2899 949 2976 quominus
964 2901 1225 2976 Historia
1246 2904 1660 2955 monachorum
1699 2904 1760 2954 in
1782 2903 2085 2955 Occidente

483 2967 720 3030 perinde
743 2971 916 3033 atque
961 2972 1021 3023 in
1066 2974 1292 3027 Oriente
1328 2988 1426 3039 per
1467 2977 1807 3028 Sanctorum
1834 2974 2081 3024 virorum

484 3049 690 3091 manus
705 3045 763 3093 et
773 3054 873 3094 ora
885 3043 1165 3107 volitaret,
1184 3046 1554 3111 immoipsius
1570 3046 1741 3097 etiam
1752 3045 2083 3108 Hieronymi

482 3112 1059 3193 n‘omenadsumeret.
1078 3118 1184 3168 Sed
1201 3118 1328 3181 ipsa
1341 3117 1677 3193 Hieromyni
1696 3118 1871 3169 verba
1880 3130 1978 3181 per
1991 3129 2083 3167 me

481 3181 617 3235 alibi
637 3184 903 3247 adducta,
927 3187 1019 3240 hic
1048 3188 1254 3240 iterum
1284 3190 1517 3240 recitare
1534 3181 1652 3240 nun
1676 3191 1838 3249 pigeat
1861 3201 1874 3251 ;
1894 3201 2078 3251 quan—

482 3251 792 3316 doquidem
816 3268 849 3306 a
873 3258 1007 3308 viris
1023 3259 1206 3310 doctis
1221 3260 1415 3311 minus
1432 3260 1789 3312 considerate
1814 3258 2077 3323 perlecta,

482 3324 649 3377 ulcus
662 3326 861 3407 celare,
875 3329 1029 3407 qugd
1044 3330 1327 3407 medicam
1338 3345 1577 3407 manum
1593 3335 1866 3407 posceret,
1895 3332 2084 3381 hacte-

482 3408 597 3447 nus
621 3400 748 3448 visa
772 3403 926 3450 sunt.
948 3400 1031 3451 Do
1066 3403 1242 3454 verba
1256 3403 1447 3455 Sancti
1480 3402 1770 3455 Doctoris:
1792 3402 1895 3461 Qui
1912 3402 2087 3465 (Ruti-

483 3467 840 3551 nusilibrum
858 3485 1066 3535 quoque
1077 3473 1289 3551 scripsit
1306 3489 1450 3530 eum
1470 3474 1533 3523 de
1558 3474 1855 3535 monachis,
1876 3487 2089 3522 λωποδ-

487 3552 589 3603 que
613 3545 673 3588 in
701 3555 757 3590 eo
787 3548 1085 3603 enumerat,
1120 3545 1218 3609 qui
1256 3558 1557 3609 NUNQUAM
1587 3545 1842 3607 fuerunt:
1873 3552 1918 3595 et
1959 3557 2092 3609 quos

481 3622 696 3664 FUISSB
739 3612 937 3678 scribit,
970 3615 1314 3679 Origenistas,
1345 3622 1391 3666 et
1414 3618 1479 3668 ab
1502 3618 1758 3683 episcopis
1782 3619 2083 3677 damnatos,

492 3698 596 3733 esse
636 3700 751 3734 non
785 3685 1013 3736 dubium
1046 3694 1135 3739 est.
1181 3689 1268 3740 Ad
1311 3690 1438 3743 haec
1481 3692 1676 3754 verba,
1712 3694 1993 3755 tanquam
2016 3691 2090 3742 ad

492 3767 692 3819 aquas,
735 3758 914 3809 critici
959 3760 1319 3825 perinsignes
1360 3762 1496 3814 olim
1545 3763 1859 3826 haeserunt,
1903 3767 1960 3813 et
1983 3776 2089 3827 ego

487 3839 739 3912 quoque,
756 3828 938 3912 fateor
944 3830 1255 3912 aliquando
1270 3834 1437 3912 haesi,
1462 3832 1638 3887 alium
1664 3834 1830 3899 plane
1854 3847 2090 3912 sensum

486 3902 877 3983 cum_ceteris,
896 3902 1270 3983 Hieronymo
1304 3905 1812 3983 atilngens,_quam
1834 3906 1933 3969 qui
1962 3907 2090 3969 ejus

485 3971 677 4053 verbis
711 3973 1593 4053 subes_t_._Eximus‘Rqsvveydus
1613 3978 1673 4030 in
1696 3978 1946 4031 Historia
1968 3990 2089 4030 ere-

486 4046 677 4096 mitica
706 4058 832 4110 pag.
860 4046 982 4101 447.
1009 4062 1167 4101 num.
1202 4049 1257 4104 4.
1290 4050 1362 4103 de
1383 4064 1445 4103 se
1472 4051 1531 4103 id
1560 4051 1722 4103 fateri
1744 4064 1862 4102 non
1886 4051 2093 4102 erube-

386 4178 391 4183 _
487 4114 719 4187 scit,iIta
736 4117 891 4169 enim
901 4118 1098 4170 scribit
1120 4134 1133 4171 :
1158 4121 1300 4171 Tales
1317 4123 1379 4171 in
1396 4124 1493 4172 hoc
1517 4123 1669 4183 libro,
1690 4124 2093 4187 quinunquam

486 4182 713 4246 fuerint,
743 4188 1132 4251 deprehendere
1168 4208 1281 4243 non
1314 4209 1533 4257 possum
1558 4210 1577 4254 ;
1622 4182 1794 4259 qia-um
1827 4182 2093 4242 vir-ultus

487 4262 735 4307 occurrat
759 4260 849 4307 cui
879 4275 993 4309 non
1028 4267 1074 4311 et
1101 4264 1203 4312 alii
1228 4269 1468 4314 auctores
1503 4264 1867 4313 testimonium
1891 4264 2092 4314 dicant.

487 4328 649 4401 perte
667 4330 968 4392 Petronius,
987 4345 1085 4397 per
1108 4335 1395 4387 calamum
1408 4337 1600 4401 Rufini
1624 4339 1866 4388 testatur
1880 4336 1941 4387 in
1968 4348 2097 4401 pro-

487 4399 636 4464 logo,
652 4414 714 4453 se
736 4414 1001 4457 enarrare
1022 4422 1162 4471 quce,
1190 4410 1254 4459 ut
1276 4409 1372 4469 ait,
1403 4399 1587 4458 coram
1611 4409 1868 4460 vidimus.
1893 4399 2097 4459 Videre

486 4476 682 4524 autem
701 4485 819 4527 non
843 4477 1029 4541 potuit
1050 4479 1389 4541 monachos,
1413 4482 1512 4545 qui
1536 4496 1825 4545 nunqnam
1848 4482 2092 4545 fuerunt.

488 4545 807 4626 potelerius
818 4547 879 4599 in
907 4550 1293 4605 Monumentis
1321 4557 1456 4626 tom.
1476 4555 1569 4605 III.
1594 4566 1706 4626 pag
1719 4552 1840 4607 566.
1859 4554 2095 4626 rectius.

487 4618 692 4697 inquit,
730 4618 815 4697 ad
848 4632 1086 4697 sensum
1121 4626 1314 4697 esset;
1348 4625 1525 4697 fuisse
1565 4625 1763 4674 scimus
1806 4637 1906 4689 pro
1930 4625 2093 4687 fuisse

489 4686 689 4771 scribit.
730 4691 877 4771 Hinc
914 4686 1504 4771 etiamtintell‘igi-ait,
1540 4686 2094 4761 magnum‘doctorem

490 4765 591 4842 aut
632 4765 985 4842 nescisse,aut
1021 4765 1205 4815 saltem
1253 4766 1634 4829 dissimulasse,
1681 4769 1943 4831 Ruﬁnum
1978 4783 2089 4817 non

492 4832 657 4913 fuisse
679 4832 804 4913 libri
837 4840 1126 4913 auctorem,
1160 4838 1249 4913 sed
1280 4845 1493 4913 tantum
1522 4840 1881 4905 interpretem.
1908 4842 2091 4892 Immo

493 4915 611 4956 non
625 4908 988 4985 interpretem,
1002 4908 1102 4960 sed
1124 4910 1455 4985 primarium
1469 4915 1784 4985 auctorem,
1804 4912 1958 4977 quod
1987 4915 2093 4961 fuse

492 4975 726 5057 annobis
764 4981 1064 5057 ostensum
1094 4984 1206 5057 est.
1238 4983 1452 5057 Deinde
1475 4997 1605 5049 pag.
1628 4982 1751 5040 678.
1788 4975 1984 5037 veram
2013 4984 2093 5035 le-

494 5048 743 5101 ctionem
767 5062 841 5102 ex
864 5051 1059 5105 codice
1080 5052 1399 5107 Colbertino
1419 5048 1573 5108 hanc
1597 5069 1723 5109 esse
1751 5056 2089 5108 arbitratur:

492 5119 563 5169 Et
604 5136 737 5185 quos
781 5121 1041 5185 describit,
1086 5125 1253 5189 fuisse
1295 5127 1641 5193 Origenistas.
1696 5127 2094 5180 Tillemontius

495 5195 634 5274 tum.
654 5193 795 5274 "XHII.
819 5199 926 5247 art.
1118 5210 1245 5264 pag.
1268 5198 1391 5255 306.
1420 5200 1713 5274 existimat
1734 5199 2095 5274 remcreditu

493 5261 887 5336 difﬁcillimam
917 5280 953 5319 a
988 5261 1337 5336 Hieronymo
1375 5271 1546 5323 scribi
1582 5283 1807 5335 nempe,
1834 5271 2097 5333 Ruﬁnum

494 5333 565 5388 de
584 5338 867 5389 monachis
884 5352 1067 5405 agere,
1088 5333 2022 5409 quinunquamfuerint,vlocusque
2039 5343 2098 5394 in

494 5411 923 5479 constructione
964 5413 1252 5470 obscurus
1276 5416 1357 5468 illi
1381 5415 1610 5467 videtur
1650 5426 1779 5479 pag.
1815 5412 1937 5470 656.
1963 5419 2101 5467 nota

496 5478 722 5561 LXXX.
742 5483 1023 5561 Quidjam
1039 5498 1147 5540 nos
1158 5488 1231 5540 de
1242 5499 1422 5541 sensu
1438 5478 1906 5561 verb_orum,q_um
1923 5486 2101 5561 tantis

495 5555 641 5631 viris.
653 5564 881 5631 crucem
918 5555 1196 5631 ilxerunt,
1215 5555 1725 5631 pronunciabimus
1749 5558 1870 5631 {Ea
1891 5556 1938 5608 si
1960 5568 2099 5620 pen-

503 5620 741 5677 siculate
754 5620 1753 5693 attenduntur,pe'rspicua,nulloque
1761 5626 1895 5679 limo
1911 5630 2101 5677 turbata

497 5697 823 5764 apparebunt.
850 5698 1239 5764 Hieronymus
1259 5700 1321 5752 in
1338 5700 1498 5764 epist.
1526 5700 1725 5751 XVIII.
1740 5699 1901 5751 allies
1923 5701 2100 5751 XXII.

500 5762 972 5837 adEustochium
988 5762 1345 5823 (le—custodia
1360 5762 1720 5837 virginitatis,
1744 5776 1803 5824 et
1825 5774 1953 5835 post
1969 5785 2101 5822 eum

498 5834 782 5908 Johannes
808 5840 1106 5892 Cassianus
1124 5842 1184 5895 in
1208 5834 1519 5897 Collatione
1546 5843 1743 5896 XVIII.
1900 5843 1995 5895 IV.
2012 5844 2101 5893 tri-

498 5905 625 5970 plex
654 5921 840 5973 genus
881 5913 1302 5971 monachorum
1329 5916 1711 5982 distinguunt,
1732 5905 1849 5967 duo
1866 5915 2099 5981 optima.

2176 560 2463 610 viventes.
2491 558 2559 607 II.
2575 556 2929 605 Anachoretw
2946 551 3054 604 soli
3070 564 3168 615 per
3183 550 3407 603 deserta
3424 550 3773 603 habitantes.

2164 631 2259 680 III.
2290 628 2606 686 Sarabaitw,
2631 628 2718 688 qui
2735 624 3033 689 semetipsos
3050 639 3085 671 a
3107 622 3469 673 canobiorum
3494 637 3781 686 congrega-

2166 700 2399 751 tionibus
2409 716 2493 763 seq
2504 703 2815 755 uestra-rent,
2832 712 2893 745 ac
2903 696 2981 757 sig
2992 695 3185 743 illatim
3197 709 3323 742 suas
3338 700 3597 742 curarent
3609 708 3782 741 neces-

2164 774 2359 831 sitates,
2378 770 2774 821 aitCassianus
2790 780 2911 831 cap.
2931 768 3049 818 VII.
3071 768 3192 817 Duo
3205 765 3517 825 Benedicti,
3535 765 3779 816 Casinas

2161 842 2222 894 in
2239 842 2456 906 Regula
2470 854 2588 905 cap.
2623 843 2663 891 I.
2684 844 2740 891 et
2756 838 3101 889 Anianensis
3119 839 3178 888 in
3189 836 3504 887 Concordia
3527 836 3776 899 regulis.-

2166 927 2293 965 rum
2311 925 2431 976 cap.
2464 915 2555 962 IIl.
2585 916 2845 975 quartum
2869 922 3056 973 genus
3073 908 3312 970 addunt,
3332 923 3653 972 gyrovagos,
3678 918 3780 969 per

2168 997 2231 1036 se
2260 985 2398 1035 satis
2415 993 2601 1034 notos.
2628 985 2705 1032 De
2728 982 2970 1045 singulis
2995 981 3214 1032 erudite
3235 984 3417 1043 agunt
3433 978 3780 1029 Edmundus

2170 1056 2479 1107 Martenius
2492 1060 2549 1105 et
2570 1056 2737 1117 Hugo
2755 1052 3079 1104 Menardus.
3108 1051 3408 1113 utriusque
3432 1050 3785 1100 Benedictiin'

2172 1131 2464 1191 terpretes.
2483 1126 2583 1175 His
2609 1125 2836 1176 tertium
2877 1123 3245 1174 Benedictum
3263 1122 3352 1185 adj
3364 1134 3532 1184 unge,
3560 1119 3785 1171 scilicet

2168 1197 2497 1250 Hset‘tenum
2520 1198 2579 1248 in
2604 1196 3113 1259 Disquisitionibus
3134 1193 3470 1245 monasticis
3498 1193 3692 1243 Tract.
3712 1193 3777 1242 II.

2173 1269 2469 1331 Disquisit.
2499 1273 2534 1317 Ι.
2564 1267 2824 1319 Monachi
2849 1267 3011 1330 primi
3029 1265 3272 1329 generis,
3292 1263 3444 1327 quod
3468 1268 3560 1314 est
3588 1277 3786 1312 mna-

2174 1341 2398 1400 sleriate,
2425 1340 2670 1389 militans
2691 1338 2785 1387 sub
2806 1339 2996 1402 regula
3018 1343 3062 1385 et
3083 1336 3295 1395 Abbate,
3315 1340 3378 1386 ut
3412 1339 3545 1399 post
3575 1336 3782 1385 Hiero-

2175 1425 2416 1477 nymum
2432 1415 2487 1462 et
2499 1411 2835 1462 Cassianum
2845 1409 2925 1460 ait
2938 1420 3180 1473 magnus
3194 1406 3564 1467 Benedictus;
3580 1408 3785 1467 proprie

2178 1483 2433 1533 monachi
2460 1483 2810 1533 dicebantur.
2839 1480 3027 1544 Hujus
3049 1479 3292 1542 generis,
3315 1478 3593 1529 Cassiano
3614 1481 3786 1539 teste,

2180 1556 2457 1604 mactmus
2476 1568 2732 1602 numerus
2755 1553 3147 1602 Monachorum
3169 1566 3263 1614 per
3292 1550 3611 1599 universam
3636 1563 3787 1597 com-

2181 1630 2430 1676 moratur
2445 1625 2760 1689 ;Egyptum,
2778 1623 3046 1674 nimirum
3062 1622 3248 1671 divisis
3272 1627 3319 1670 et
3348 1620 3603 1684 sejunctis
3623 1619 3788 1669 cellu-

2184 1699 2267 1758 lis,
2286 1702 2349 1749 ut
2364 1698 2443 1749 ait
2458 1698 2854 1759 Hieronymus,
2874 1695 2965 1747 vel
2984 1694 3223 1757 separati
3239 1692 3457 1751 cellulis,
3479 1704 3553 1743 ex
3578 1692 3786 1752 Ruﬁno

2178 1770 2236 1820 in
2265 1768 2495 1833 prologo
2527 1768 2655 1819 libri
2689 1767 2757 1817 de
2781 1779 2894 1830 quo
2916 1766 3299 1829 disputamus.
3329 1762 3586 1814 Cassiani
3607 1763 3789 1814 verba

2180 1841 2477 1892 Petronius
2500 1840 2638 1891 mire
2664 1838 2965 1890 confirmat
2980 1837 3039 1889 in
3051 1836 3253 1887 eodem
3278 1838 3480 1897 prologo
3502 1850 3517 1883 :
3537 1833 3787 1883 Numero

2108 1910 2162 1985 B
2192 1913 2441 1985 immensi
2454 1916 2597 1961 sunt.
2615 1909 2879 1985 Amplius
2893 1921 3017 1985 cap,
3037 1909 3218 1985 XVIII
3233 1907 3576 1985 innumeras
3583 1905 3789 1985 multi-

2190 1984 2418 2035 tudines
2448 1982 2857 2033 monachorum
2880 1982 2952 2032 ab
2978 1993 3039 2032 se
3065 1980 3222 2030 visas
3238 1982 3499 2030 testatus.
3523 1977 3594 2027 Hi
3618 1978 3792 2025 stricte

2182 2056 2251 2107 eb
2264 2055 2486 2119 proprie
2520 2053 2775 2103 monachi
2789 2052 2949 2103 dicti:
2986 2052 3131 2100 Istud
3145 2065 3268 2113 ergo
3287 2060 3487 2100 SOLUM
3497 2047 3609 2111 fuit
3637 2048 3790 2097 anti-

2183 2128 2506 2193 quissimum
2520 2125 2915 2173 monachorum
2931 2135 3192 2186 genus,ex
3204 2120 3474 2193 Cassiano
3484 2132 3609 2183 cap.
3627 2121 3698 2169 V.
3714 2122 3793 2170 At

2182 2190 2413 2260 Rufinus
2451 2196 2573 2249 sive
2609 2195 2895 2246 Petronius
2917 2199 3125 2258 praeter
3163 2192 3454 2242 Monachos
3480 2190 3791 2249 cenobitas;

2183 2268 2491 2322 nonnullos
2533 2268 2890 2317 anachoretas
2929 2269 3243 2325 enumerat,
3272 2261 3450 2327 quiin
3477 2261 3810 2325 praeruptis-

2183 2340 2477 2393 montibus
2500 2341 2558 2392 et
2578 2339 2719 2391 locis
2764 2337 2937 2388 ferme
2982 2335 3281 2393 inaccesis,
3316 2333 3660 2385 commercio
3683 2332 3794 2384 Dei

2183 2412 2415 2478 propius
2439 2409 2681 2470 fruituri,
2702 2407 3127 2459 delitescebant.
3150 2406 3220 2478 Hi
3240 2416 3373 2457 vero
3391 2404 3547 2478 prius
3580 2403 3645 2454 in
3679 2417 3792 2478 ca»-

2185 2474 2871 2545 nobiisinstituti,jamqui
2898 2480 2959 2528 in
2989 2477 3189 2528 actuali
3204 2475 3601 2525 conversatione
3612 2474 3793 2538 perfe-

2184 2556 2271 2613 eti,
2296 2554 2605 2603 solitudinis
2627 2553 2815 2614 elegere
2837 2555 3032 2599 secreta
3065 2549 3251 2612 inquit
3282 2547 3433 2598 idem
3458 2545 3788 2597 Cassianus.

2186 2625 2317 2677 vide
2354 2625 2678 2677 Haartenum
2708 2624 2890 2673 Tract.
2916 2622 2981 2672 II.
3012 2619 3301 2683 Disquisit.
3331 2619 3424 2669 IV.
3450 2617 3536 2669 Ob
3558 2616 3793 2679 aliquos

2184 2698 2538 2747 anachoretas
2578 2708 2709 2746 cum
2736 2691 3038 2753 monachis,
3071 2691 3132 2741 in
3161 2690 3415 2741 Historia
3438 2688 3623 2750 Ruﬁni
3655 2699 3793 2751 per-

2185 2769 2415 2825 mixtos,
2441 2767 2844 2830 Hieronymus,
2868 2775 3051 2827 QUASI
3077 2764 3138 2811 de
3162 2761 3443 2812 Monachis
3475 2759 3687 2810 librum
3710 2759 3789 2809 ab

2186 2853 2253 2892 eo
2278 2840 2496 2891 editum
2540 2837 2702 2901 dixit,
2738 2837 2807 2887 de
2827 2835 2896 2885 iis
2915 2847 3120 2897 nempe
3150 2836 3245 2897 qui
3279 2832 3352 2885 ad
3377 2842 3559 2884 unum
3580 2841 3790 2881 omnes

2186 2925 2303 2964 non
2319 2914 2514 2962 essent
2530 2909 2787 2958 Monachi
2802 2906 3085 2965 casnobitcn,
3101 2904 3200 2956 sed
3218 2904 3392 2957 etiam
3407 2901 3747 2951 unae/write
3773 2914 3787 2950 :

2186 2984 2351 3047 cujus
2374 2981 2527 3033 modi
2551 2980 2847 3031 suntEtias
2862 2991 2982 3041 cap.
2998 2978 3120 3039 XII,
3158 2972 3788 3047 Pythirion|cap.__X_III.

2184 3042 2387 3119 Apelles
2411 3066 2532 3116 cap.
2559 3053 2680 3103 XV.
2722 3050 3073 3114 Paphnutius
3111 3060 3232 3111 cap.
3275 3046 3507 3119 et
3537 3042 3794 3119 alii_for-

2186 3114 2357 3182 tasse,
2372 3114 2518 3175 Hinc
2544 3125 2779 3186 Prosper
2793 3122 2852 3172 in
2874 3119 3150 3172 Chronico
3167 3120 3230 3170 A.
3246 3120 3311 3169 D.
3333 3115 3453 3172 395.
3475 3116 3546 3168 de
3563 3114 3793 3186 Johan-

2180 3212 2245 3246 ne
2268 3196 2510 3260 loquens
2534 3207 2650 3247 non
2679 3185 2905 3245 tantum
2927 3191 3263 3241 Monachum
3282 3188 3455 3260 dixit,
3483 3185 3587 3260 sed
3611 3185 3793 3237 etiam

2113 3281 2161 3356 C
2186 3258 2586 3356 ειῑξίξίξξέφῖειξιηέν
2616 3271 2681 3356 λιι
2699 3258 3794 3356 ecfertum.riii‘ififli‘EEBffi'

2188 3341 2259 3392 Hi
2285 3344 2439 3402 sunt,
2466 3352 2500 3390 a
2529 3340 2724 3400 Ruﬁno
2748 3334 3079 3396 enumerati,
3101 3332 3219 3398 qui,
3255 3335 3403 3383 teste
3420 3330 3794 3392 Hieronymo,

2190 3426 2481 3475 nunquam
2496 3411 2655 3473 fucru
2666 3415 2721 3457 nt
2736 3407 2992 3457 Monachi
3006 3402 3431 3466 ctenobitie,sed
3444 3412 3638 3475 Semper
3658 3415 3800 3448 ana.

2189 3473 2424 3533 choreae.
2455 3482 2671 3545 Quippe
2692 3480 2791 3544 qui
2811 3480 3008 3531 essent
3024 3477 3084 3528 in
3104 3475 3410 3527 solitudine
3434 3477 3554 3545 tam
3571 3473 3796 3545 longae-

2190 3557 2265 3614 vi,
2302 3560 2368 3607 ut
2396 3542 2779 3614 nemo—sciret,
2804 3563 2901 3602 eos
2935 3560 3194 3612 unquam
3216 3547 3277 3598 in
3309 3544 3557 3595 ccenobiis
3591 3542 3794 3595 fuisse.

2190 3630 2311 3680 Hos
2335 3627 2423 3678 vir
2444 3629 2679 3677 sanctus
2702 3622 3036 3685 neutiquam
3056 3618 3254 3682 tangit,
3278 3617 3375 3669 sed
3389 3616 3637 3678 reliquos
3652 3625 3798 3667 ana-

2191 3700 2477 3758 choretas,
2512 3708 2659 3759 quos
2688 3696 2918 3759 Rufinus
2940 3690 3248 3744 Monachos
3289 3686 3604 3741 caenobitas
3626 3685 3798 3748 fuisse

2190 3769 2389 3829 scribit,
2416 3768 2537 3831 ipse
2567 3766 2897 3830 Origenislas
2912 3762 3035 3812 etab
3056 3760 3333 3826 Episcopis
3350 3759 3640 3831 damnatos
3666 3767 3799 3831 esse

2191 3840 2343 3892 dicit.
2380 3826 2523 3899 'Quis
2564 3826 2685 3902 jam
2728 3839 2915 3901 neget,
2959 3831 3291 3896 Hieronymi
3320 3830 3497 3882 verba
3523 3840 3655 3881 esse
3680 3826 3800 3891 pla-

2191 3911 2433 3964 nissima
2456 3913 2478 3957 ?

2253 3985 2320 4034 II.
2354 3981 2440 4032 Ad
2462 3979 2815 4045 Origenistas
2830 3976 2985 4042 quod
3005 3975 3228 4028 attinet.
3244 3971 3440 4045 nullus
3454 3970 3514 4045 in
3533 3970 3626 4022 his
3642 3969 3795 4045 Vitis

2194 4066 2346 4107 error
2370 4040 2829 4115 deprehenditur,
2850 4040 3021 4100 'unde
3043 4047 3133 4099 vel
3156 4044 3461 4097 minimum
3482 4040 3795 4107 improbari

2193 4124 2435 4190 possint.
2470 4125 2650 4174 Immo
2674 4121 2946 4173 universa
2989 4118 3060 4171 de
3078 4117 3190 4170 illis
3226 4115 3490 4190 exposita
3510 4115 3802 4190 mirumst

2193 4184 2463 4260 magnam
2481 4192 2912 4246 sanctimoniam
2928 4190 3207 4252 redolent,
3225 4190 3417 4251 Neque
3439 4184 3799 4260 deEcclesia-

2198 4257 2357 4320 sticis
2381 4265 2748 4329 dogmatibus
2773 4263 2834 4314 in
2869 4262 2960 4314 his
2991 4262 3335 4326 disputatur,
3362 4257 3464 4310 sed
3501 4257 3800 4322 justorum

2196 4351 2387 4392 mores
2408 4342 2653 4395 tantum,
2682 4334 3058 4396 conversatio,
3091 4337 3149 4385 et
3180 4329 3443 4395 exempla
3464 4331 3794 4380 narrantur.

2198 4414 2314 4464 Nec
2335 4411 2576 4462 Sanctus
2587 4405 2994 4471 Petronius,qui
3011 4404 3134 4456 hinc
3151 4401 3553 4465 refert,quique
3573 4398 3795 4450 nullam

2203 4481 2545 4547 Origenismi
2567 4479 2952 4543 suspicionem
2967 4487 3225 4540 unquam
3243 4473 3438 4536 subiit,
3468 4472 3799 4547 origanisias,

2198 4557 2271 4609 ab
2296 4540 2527 4618 Episcoi
2541 4552 2589 4603 is
2612 4540 2929 4610 damnatos,
2966 4548 3263 4600 laudasset
3294 4540 3799 4618 Georgius‘Colve-

2198 4613 2390 4680 uerius
2401 4626 2460 4677 in
2483 4613 2813 4690 praefatione
2832 4621 2904 4674 ad
2918 4621 3153 4672 Thomas
3170 4613 3556 4690 Cantipratani
3572 4613 3794 4690 Bonum

2196 4682 2518 4752 universale
2538 4696 2609 4748 de
2627 4694 2864 4759 Apibus,
2888 4690 3177 4756 quomodo
3202 4686 3499 4759 inscripsit
3515 4682 3795 4759 miracula

2196 4766 2524 4832 etexempla
2547 4755 2952 4824 memorabilia,
2986 4762 3164 4815 Duaci
3180 4760 3331 4832 edita
3353 4756 3507 4824 apud
3532 4755 3797 4832 Baithas-

2187 4854 2374 4894 sarem
2387 4827 2667 4893 Bellerum
2687 4836 2843 4893 1005.
2870 4836 2932 4888 in
2943 4848 3058 4898 quo
3074 4833 3270 4886 laudat
3284 4831 3547 4893 Ruﬁnum
3559 4827 3791 4892 Aquile-

2185 4914 2428 4978 jensem,
2467 4911 2565 4974 qui
2595 4910 2741 4959 Vitas
2760 4909 2994 4958 Patrum
3015 4905 3345 4978 conscripsit.
3377 4914 3504 4969 pag.
3531 4898 3656 4978 464.
3682 4900 3796 4951 Lu-

2191 4970 2433 5037 dovicus
2447 4970 2864 5033 Thomassinus
2882 4974 3540 5039 tom.I.Theologicorum
3560 4970 3795 5035 dogma-

2197 5062 2320 5110 tum
2335 5054 2407 5107 de
2422 5054 2539 5105 Deo
2563 5052 2761 5105 laudat
2776 5050 3051 5103 Ruﬁnum
3082 5048 3141 5101 in
3164 5047 3308 5099 Vitis
3334 5048 3584 5104 Patrum,
3613 5052 3799 5108 agens

2193 5127 2266 5181 de
2286 5130 2536 5192 peccato,
2568 5124 2724 5189 quod
2735 5136 2813 5176 ex
2827 5120 3176 5187 negligentia
3186 5118 3441 5192 nascitur
3456 5116 3551 5168 lib.
3575 5114 3645 5165 Χ.
3669 5124 3796 5192 cap.

2193 5202 2253 5252 L.
2272 5184 2605 5264 pag.705.et
2619 5198 2800 5257 pariter
2955 5184 3095 5264 VL'III.
3119 5204 3246 5256 pag.
3274 5188 3493 5264 ’ἤρα-ξς
3514 5198 3641 5251 pag.
3666 5184 3791 5264 i9];

2195 5256 2471 5334 Degratia
2492 5271 2550 5318 et
2573 5256 3081 5332 prmdestinatione
3102 5274 3283 5327 agens
3296 5261 3390 5334 lib.
3408 5258 3504 5334 IX.
3516 5270 3642 5334 cap.
3666 5256 3789 5306 XV.

2196 5331 2329 5394 eum
2358 5331 2617 5392 similiter
2637 5337 2849 5389 laudat.
2873 5335 2963 5388 Ad
2984 5335 3107 5388 hinc
3136 5335 3199 5386 in
3235 5331 3489 5396 antiquis
3506 5332 3801 5381 Graacorum

2199 5413 2450 5474 Menwis,
2473 5410 2874 5463 etLatinorum
2887 5405 3320 5470 Martyrologiis,
3346 5403 3583 5474 quidam
3599 5412 3799 5453 eorum

2199 5473 2549 5548 Patrumpro
2565 5482 2696 5533 viris
2722 5479 2937 5532 sanctis
2960 5478 3244 5531 habentur
3290 5473 3560 5548 etaviris
3576 5474 3798 5524 sanctis

2198 5547 2522 5609 laudantur.
2545 5551 2779 5605 Tabulae
2799 5551 3067 5604 Ecclesiae
3088 5552 3364 5602 Romana
3385 5547 3701 5597 Johannem
3723 5554 3797 5595 ex

2197 5630 2399 5692 Ruﬁno
2420 5629 2742 5678 memorant
2780 5623 2871 5675 die
2917 5621 2985 5677 Ξῖ
3028 5621 3228 5682 Martii,
3263 5620 3479 5672 Menaea
3499 5616 3590 5692 die
3609 5613 3681 5671 20
3706 5616 3805 5692 Se»

2199 5686 2490 5765 ptembris.
2515 5698 2593 5747 De
2622 5695 2795 5759 hujus
2820 5694 3072 5747 maxima
3096 5692 3402 5765 Sanctitate
3419 5704 3491 5765 ne
3512 5690 3635 5753 ipse
3652 5686 3796 5765 qui-

2199 5758 2332 5823 dem
2348 5758 2729 5832 Hieronymus
2746 5767 3051 5819 dubitavit.
3088 5763 3434 5816 Notissimus
3449 5762 3500 5812 is
3518 5758 3675 5824 apud
3700 5769 3794 5832 ve-

2200 5848 2348 5895 teres
2361 5830 2661 5905 sci-iptores
2678 5838 3123 5894 Ecclesiasticos,
3139 5838 3430 5885 Cassianum
3456 5834 3675 5905 Insutut.
3699 5830 3792 5881 lib.

2197 5916 2293 5967 IV.
2323 5925 2444 5979 cap.
2476 5904 2695 5964 XXIII.
2730 5916 2791 5963 et
2805 5909 2998 5962 Collat.
3017 5907 3222 5960 XXIV.
3240 5919 3364 5975 cap.
3383 5904 3559 5957 XXV.
3598 5905 3801 5965 Augu-
