3894 6422
47 390 151 446 245

1283 389 1479 443 VITA.
1513 391 1650 447 LIB.
1678 391 1752 444 II.
1789 391 1938 443 CAP.
1972 391 2117 444 XIII.

3252 398 3358 457 246

49 510 269 586 stinum
293 506 367 586 de
391 507 635 586 civitate
657 506 760 586 Dei
782 505 975 586 libuit.
1001 505 1350 586 cap_._Xle:
1364 510 1422 557 et
1437 506 1650 586 Euchc-
1672 514 1732 586 Α
1759 517 1869 586 que
1890 504 2249 586 orthodoxus
2271 517 2407 586 cum
2429 507 2635 586 iisdem
2649 509 2936 586 solltariis,
2951 510 3151 586 licetin
3167 515 3356 581 suspi-

44 582 192 631 rium
215 578 290 630 de
312 578 485 630 laude
508 579 692 631 Eremi
715 591 845 643 pag.
880 576 968 633 29.
1006 576 1275 629 editionis
1310 577 1646 642 Rosweydi;

42 652 190 715 apud
242 650 576 701 Usuardum
626 651 688 701 in
732 649 1133 715 Martyrologio
1170 650 1437 710 Greveni,
1472 648 1647 712 inque

48 721 478 785 Maurolyciano
499 725 590 772 est
610 720 702 772 die
718 720 785 774 12
802 720 1161 772 Novembris.
1176 720 1241 769 Iii
1261 718 1493 770 Menmis
1514 732 1646 770 vero

41 793 129 844 die
163 792 216 844 7.
258 794 528 854 Augusti.
554 792 637 843 De
671 792 871 842 eodem
895 794 1028 855 post
1048 790 1316 852 Ruﬁnum
1337 801 1408 839 ex
1431 790 1647 841 Latinis

40 864 305 915 meminit
331 863 600 915 Sidonius
626 865 807 913 Carm.
828 863 975 912 XVI.
1009 860 1059 913 5.
1093 860 1304 914 lOl.ex
1322 861 1534 912 Grircis
1549 864 1649 913 So-

45 933 539 987 zomenuslib.VI.
561 949 670 994 cap.
700 934 953 984 XXVIII.
980 936 1037 984 et
1055 932 1408 995 Nicephorus
1432 936 1647 981 Calislus

48 1007 141 1057 lib.
159 1007 260 1057 IX.
282 1017 407 1070 cap.
424 1005 687 1056 XXXIV.
702 1004 1060 1054 Ammonium
1070 1004 1321 1055 referunt
1333 1005 1553 1056 Monaea
1566 1007 1649 1053 die

46 1076 115 1131 26
144 1078 425 1135 Januarii,
443 1077 627 1140 deque
644 1080 767 1140 ejus
796 1076 1099 1128 sanctitate
1116 1076 1391 1139 Georgius
1412 1076 1649 1128 Alexan-

42 1149 247 1201 drinus
260 1149 450 1213 agitin
461 1149 527 1198 Vi
537 1153 592 1199 ta
603 1147 1013 1211 Chrysostomi.
1028 1148 1165 1211 Ejus
1182 1148 1336 1211 Beni,
1346 1152 1405 1199 et
1422 1148 1651 1197 Theonis

42 1220 311 1271 meminit
338 1221 692 1270 Sozomenus
708 1219 803 1268 lib.
832 1219 924 1269 VI.
951 1229 1074 1281 cap.
1097 1218 1395 1270 XXVII.et
1414 1222 1649 1279 Nicepho-

46 1303 147 1342 rus
170 1291 268 1341 lib.
296 1291 392 1341 IX.
420 1302 546 1353 cap.
571 1289 926 1340 XXXIV.De
948 1289 1187 1352 Evagrio
1208 1287 1341 1339 alibi
1370 1289 1507 1339 dixi.
1538 1290 1646 1341 Sed

44 1362 261 1415 nimius
279 1363 414 1425 sim,
445 1363 493 1412 si
524 1373 609 1424 ea,
623 1372 755 1424 qua:
771 1360 843 1412 de
856 1360 1099 1425 singulis
1123 1361 1338 1423 passim
1361 1360 1647 1423 dicuntur,

42 1445 355 1498 congerere
377 1432 572 1486 velim.
599 1436 659 1483 In
680 1431 1012 1483 Calendario
1036 1432 1370 1496 Ethiopico,
1385 1432 1538 1495 quod
1562 1434 1651 1483 Jo-

43 1508 155 1558 bus
172 1504 453 1557 Ludolfus
473 1504 650 1556 edidit
680 1503 1122 1556 I-‘rancofurtiA.
1154 1504 1387 1557 D.lb’91.
1433 1516 1651 1556 memo-

44 1584 202 1630 ratur
224 1577 318 1629 die
344 1577 429 1632 14.
449 1576 738 1628 Februarii
755 1580 1001 1628 Sanctus
1019 1576 1334 1626 Philemon:
1357 1578 1527 1641 cujus
1550 1589 1651 1629 no-

47 1650 169 1701 titia
191 1650 455 1701 manavit
470 1660 543 1700 ex
558 1648 745 1710 Ruﬁni
760 1647 855 1698 lib.
882 1650 948 1698 II.
971 1659 1093 1710 cap.
1116 1648 1265 1699 XIX.
1284 1648 1355 1699 de
1378 1648 1521 1699 Vitis
1548 1649 1650 1700 Pa-

48 1727 220 1774 trum.
236 1719 585 1773 Consulatur
602 1720 1033 1784 Rosweydusin
1047 1720 1200 1771 notis
1217 1720 1487 1772 Historiai
1516 1722 1643 1772 sub-

48 1793 237 1845 nexis.
293 1792 615 1857 Theophilus
658 1791 1085 1843 Alexandrinus
1134 1793 1192 1842 in
1229 1793 1470 1855 epistola
1506 1794 1643 1844 CXI.

47 1864 188 1917 alias
216 1865 437 1915 LXVII.
455 1864 605 1915 inter
636 1863 1129 1927 Hieronyinianas,
1153 1862 1226 1913 ad
1265 1864 1646 1927 Epiphaniuni

45 1937 324 1998 scribens,
351 1935 424 1987 de
440 1935 916 1997 monachis,quos
939 1934 1331 1985 Stridonensis
1358 1937 1521 1988 Pater
1549 1951 1648 1989 su-

49 2006 211 2070 gillat
230 2008 292 2058 in
309 2006 553 2072 epistola
566 2006 639 2057 ad
667 2006 1114 2069 Ctesiphontem,
1149 2007 1348 2069 Didici,
1386 2010 1484 2070 ait,
1511 2012 1657 2073 quod

48 2079 477 2128 calumniatores
513 2091 647 2126 verae
686 2078 861 2137 Fidei,
913 2078 1264 2140 Ammonius,
1288 2079 1565 2142 Eusebius,
1607 2086 1655 2132 et

49 2150 405 2214 Euthymius,
429 2164 567 2199 novo
588 2164 688 2213 pro
714 2149 903 2197 haeresi
924 2149 1113 2210 furore
1142 2148 1479 2213 bacchantes,
1514 2157 1655 2203 Con-

43 2221 459 2285 stantinopolim
484 2221 819 2283 navigarint.
844 2219 1326 2272 Didicitniinirum
1350 2226 1653 2285 Theophilus

44 2303 117 2344 ex
136 2293 228 2343 sui
241 2292 546 2344 similibus.
561 2292 910 2356 Epiphanius
927 2292 997 2342 de
1015 2292 1121 2342 hac
1130 2305 1190 2343 re
1204 2294 1507 2346 certiorem
1522 2298 1656 2351 fecit

48 2364 461 2427 Hieronymum
476 2364 651 2427 Epist.
672 2364 865 2413 LXIII.
886 2364 1024 2413 alias
1041 2364 1290 2414 LXXIII.
1309 2366 1485 2429 (Nunc
1497 2368 1651 2432 XCI.)

50 2439 107 2486 et
123 2434 452 2498 TheOphilus
476 2446 703 2497 quoque
725 2434 851 2484 aliis
873 2433 1121 2496 duabus,
1149 2447 1281 2497 quae
1299 2441 1436 2488 sunt
1453 2439 1651 2491 LXIX.

49 2510 109 2557 et
122 2505 380 2557 LXXIII.
414 2506 549 2556 olim
570 2505 786 2555 LXXII.
808 2506 992 2567 {Nunc
1017 2506 1345 2569 LXXXVII.)
1376 2509 1654 2574 Hierony-

47 2587 181 2627 mus
219 2580 421 2641 postea
456 2576 621 2640 epist.
662 2577 805 2627 LIX.
849 2575 985 2627 olim
1028 2578 1200 2627 LXX.
1242 2583 1301 2629 et
1333 2581 1477 2631 LXI.
1510 2584 1650 2633 olim

50 2648 251 2698 LXXI.
290 2647 475 2708 (Nunc
514 2647 791 2698 LXXXVI.
839 2653 885 2695 et
927 2648 1285 2710 LXXXVIII.)
1337 2650 1650 2715 ’I‘heophilo

49 2719 121 2770 de
141 2719 399 2783 explosis
428 2719 833 2782 damnatisque
855 2731 927 2770 ex
962 2725 1094 2770 voto
1113 2720 1316 2771 iisdem
1349 2725 1648 2775 monachis

48 2795 391 2854 gratulatur.
411 2793 475 2841 In
499 2792 749 2853 Epistola
762 2790 923 2840 XXX
934 2791 1074 2841 VIII.
1093 2792 1227 2841 olim
1240 2794 1383 2843 LXI.
1403 2795 1474 2844 ad
1491 2798 1649 2847 Pam-

51 2862 348 2914 machium
360 2866 559 2913 contra
572 2864 600 2912 J
608 2874 660 2912 o.
678 2862 1262 2925 Hierosolymitanum
1279 2866 1406 2916 haec
1423 2867 1650 2920 scribit:

49 2935 146 2983 Isle
176 2933 440 2997 Isidorus,
478 2934 575 2997 qui
600 2934 657 2980 in
682 2932 869 2982 calum
908 2934 1014 2981 luis
1043 2934 1293 2983 laudibus
1317 2936 1538 3001 tollitur,
1566 2942 1647 2989 id-

50 3007 233 3068 ipsum
261 3004 572 3067 infamatur
593 3003 965 3067 Alexandriae,
993 3006 1136 3068 quod
1162 3012 1220 3054 lu
1242 3007 1645 3075 Hierosolyma,

52 3088 265 3148 nempe
284 3075 644 3140 Origenismi.
670 3080 924 3137 Quatuor
946 3076 1006 3126 lii
1023 3078 1290 3127 monachi
1302 3080 1645 3148 Ammonius,

54 3146 338 3212 Eusebius,
370 3148 681 3211 Iz‘ulyrmius,
711 3148 951 3198 Isidorus
975 3150 1035 3199 in
1068 3150 1253 3212 Ruﬁni
1299 3146 1656 3206 commenta-1

57 3220 215 3272 tione
231 3220 611 3284 reperiuntur.-
626 3220 696 3270 Hi
709 3220 962 3281 solitarii,
982 3233 1124 3284 quos
1148 3223 1494 3287 Theophilus
1522 3228 1656 3280 Ale-

55 3292 381 3343 xandrinus
396 3292 470 3343 ob
493 3304 709 3344 crimen
732 3292 1075 3357 Origenismi
1109 3306 1180 3344 ex
1208 3294 1400 3348 Nitriae
1439 3298 1658 3351 cellulis

55 3365 376 3429 fugaverat,
390 3377 570 3427 quum
588 3367 1044 3429 Hierosmymam
1060 3366 1309 3430 primum
1326 3373 1660 3422 etmoxCon-

58 3437 498 3503 stantinopolim
527 3438 720 3503 fugam
754 3438 1294 3501 arripuissent,aJo.
1313 3444 1660 3503 Chrysosiomo

56 3500 117 3549 in
142 3501 339 3550 sinum
353 3500 885 3552 etcommunionein
904 3513 1087 3561 suam,
1114 3508 1175 3552 ut
1192 3506 1351 3565 probi
1376 3500 1435 3555 et
1463 3509 1663 3561 catho-

56 3572 166 3631 iiCl,
194 3572 409 3635 recepti
439 3576 592 3623 sunt.
618 3572 765 3622 Hinc
796 3574 1165 3636 TheOphilus,
1194 3586 1367 3636 quem
1384 3577 1660 3642 doctrina,

56 3646 250 3704 astus,
262 3649 320 3693 et
332 3642 811 3701 Sedisauctoritas
824 3646 1072 3695 maxime
1087 3646 1334 3697 inﬂaban
1342 3652 1381 3709 t,
1397 3648 1454 3699 in
1476 3651 1663 3703 virum

59 3714 499 3765 sanctissimum
510 3727 764 3779 eousque
775 3718 989 3767 exarsit
1003 3722 1066 3767 ut
1078 3730 1211 3767 eum
1228 3720 1371 3767 [tedis
1385 3724 1663 3772 Calumniis

57 3792 385 3849 oneratum,
414 3788 603 3851 pravis
632 3788 853 3839 artibus
881 3789 1227 3852 Episcopatu
1261 3791 1569 3856 deiectum,
1607 3798 1666 3847 et

56 3858 233 3910 exilio
259 3858 617 3921 damnatum,
642 3860 787 3912 mori
803 3861 1311 3924 tandemcoegerit,
1335 3865 1589 3917 schisma
1604 3868 1664 3918 in

59 3934 180 3981 tota
203 3932 458 3983 Ecclesia
472 3932 578 3982 hac
590 3933 660 3983 de
672 3946 877 3984 caussa
902 3938 1150 3984 exeitare
1170 3934 1405 3986 minime
1428 3939 1661 3991 veritus.

59 4004 364 4066 Baronius,
387 4015 560 4066 quem
582 4005 776 4055 odium
795 4007 1079 4057 adversus
1096 4010 1380 4069 haeresim,
1401 4013 1457 4059 et
1476 4010 1663 4061 Theo-

59 4074 201 4138 phili
224 4087 436 4125 nomen
459 4077 832 4139 praestrinxit,
853 4078 1223 4129 Nitriensium
1239 4091 1511 4132 caussam
1527 4094 1667 4146 prai—

55 4147 342 4209 judicavit
361 4149 429 4197 Α.
454 4149 520 4196 1).
538 4148 664 4201 400.
691 4149 743 4211 §.
770 4148 854 4202 52.
880 4162 981 4213 pro
1006 4150 1315 4213 Theophilo
1338 4152 1585 4204 Orientis
1609 4159 1666 4205 et

59 4216 391 4269 Occidentis
401 4231 750 4270 consensum
776 4222 837 4271 in
852 4222 1207 4285 Origenistas
1228 4229 1516 4275 armatum
1546 4231 1665 4277 ste-

61 4290 204 4340 tisse
221 4289 549 4341 arbitratus.
565 4292 1040 4355 Ghrysostomuin
1055 4299 1247 4345 tamen
1258 4301 1517 4359 excusat,
1529 4299 1664 4357 quod

62 4360 473 4426 Nitriensibus,
489 4375 553 4413 se
567 4364 870 4415 haereticos
884 4366 1349 4428 pernegantibus,
1366 4368 1669 4432 Theophili

62 4445 177 4495 que
196 4432 417 4485 rabiem
441 4446 515 4486 ex
526 4434 763 4499 privatis
783 4437 1008 4488 caussis
1031 4436 1466 4499 deducentibus,
1493 4440 1669 4491 Iidem

62 4504 420 4569 praestiterit,
477 4507 645 4569 quasi
697 4519 817 4571 eos,
857 4508 982 4572 ipse
1015 4508 1353 4562 Christianae
1409 4515 1667 4564 caritatis

60 4576 524 4642 amantissimus,
537 4583 595 4630 et
608 4579 764 4643 pacis
776 4580 1003 4643 arbiter,
1029 4581 1087 4631 in
1104 4580 1403 4646 Theophili
1421 4584 1665 4647 gratiam

62 4651 120 4699 et
167 4649 572 4702 auctoritatem
616 4653 725 4703 hoc
750 4656 913 4715 pacto
956 4652 1229 4705 restiuere
1256 4655 1513 4707 voluerit.
1554 4654 1665 4707 Sed

62 4720 448 4784 Rosweydus,
472 4721 731 4775 doctrina
743 4690 819 4775 ἒῖ
812 4725 1082 4788 religione
1093 4725 1448 4779 clarissimus
1463 4726 1526 4779 in
1537 4739 1669 4791 pro-
1686 4690 1744 4759 Β

61 4792 369 4856 legomeno
406 4794 527 4845 XV.
558 4807 688 4860 pag.
723 4795 810 4850 48.
846 4800 918 4848 ad
956 4798 1269 4850 Historiam
1295 4800 1664 4860 eremiticam,

62 4864 355 4917 solitarios
377 4868 451 4917 ab
475 4867 819 4932 Hieronymo
841 4882 941 4932 pro
953 4870 1289 4933 Origenistis
1305 4872 1538 4923 habitos
1550 4873 1670 4924 ani-

62 4937 792 5004 madvertensiiiorumque
801 4954 921 4992 non
938 4941 1134 4993 nullus
1144 4943 1294 4994 inter
1310 4945 1549 4995 Sanctos
1566 4946 1667 4995 Ec-

64 5007 263 5060 clesia:
287 5012 502 5062 Graecas
523 5012 709 5063 Fastis
732 5014 1072 5078 adscriptos,
1114 5020 1169 5065 et
1200 5029 1234 5064 a
1270 5016 1408 5066 viris
1449 5017 1668 5067 sanctis

64 5079 337 5132 laudatos
361 5094 619 5145 cernens,
643 5097 741 5135 eos
763 5086 1071 5149 aliquando
1094 5087 1357 5151 Origenis
1381 5088 1669 5139 erroribus

66 5158 273 5215 captos
296 5154 664 5219 existimavit,
689 5158 787 5221 qui
816 5163 1010 5209 tamen
1033 5160 1378 5222 posmodum
1414 5160 1671 5224 resipue-

69 5225 206 5274 rint.
227 5226 534 5277 Menardus
548 5234 756 5292 tamen,
774 5242 897 5281 Sive
916 5229 1236 5291 (iactari-idus
1247 5231 1672 5282 Ilermannusin

68 5295 205 5346 Vita
228 5296 624 5360 Chrysostomi
657 5299 752 5350 lib.
784 5301 847 5352 V.
882 5313 1003 5365 cap.
1035 5303 1127 5353 111.
1159 5315 1360 5353 eorum
1383 5315 1667 5365 caussam,

67 5366 198 5418 aliis
244 5370 634 5423 sanctissimis
653 5372 789 5424 viris
802 5386 1187 5437 communem,
1214 5387 1439 5438 egregie
1456 5379 1667 5427 tuetur.

68 5439 245 5503 Apud
274 5440 542 5494 Photium
566 5444 691 5494 cod.
719 5445 904 5496 CLIX.
927 5446 990 5497 in
1014 5446 1200 5497 libello
1234 5447 1443 5509 Acacii,
1473 5453 1674 5499 contra

69 5512 555 5577 Chrysostomum
568 5517 821 5568 exhibito
835 5518 892 5568 in
905 5520 975 5581 Sy
983 5521 1134 5569 nodo
1145 5518 1217 5568 ad
1231 5524 1533 5583 Quercum,
1548 5524 1675 5571 hac

70 5586 342 5645 leguntur:
370 5587 522 5645 Quod
540 5588 734 5637 Beatus
749 5589 1104 5653 Epiphanius
1112 5598 1329 5654 propter
1346 5591 1676 5653 Origenislas

71 5658 455 5720 Ammonium,
480 5660 863 5725 Eulhymium,
890 5662 1202 5725 Eusebium,
1234 5662 1593 5726 Heraclidem,
1629 5669 1677 5711 et

70 5728 414 5795 Palladium,
450 5732 626 5782 noluit
666 5748 791 5784 cum
837 5736 1209 5799 Chrysoslomo
1252 5738 1672 5785 communicare.

70 5800 467 5867 Hieronymus
483 5816 734 5869 quoque,
749 5811 815 5857 ut
828 5806 1096 5871 vidimus,
1123 5808 1356 5858 eosdem
1380 5809 1678 5867 Origenistis

70 5871 497 5928 adnumeravit.
527 5878 607 5929 At
626 5889 746 5930 non
766 5877 875 5930 fuit
896 5877 1151 5944 legitima
1172 5884 1231 5931 et
1257 5878 1552 5943 explorata
1581 5892 1679 5932 su-

77 5946 280 6012 spicio,
292 5947 342 6000 si
353 5948 806 6014 Cbrysostomus
817 5950 905 6004 vir
915 5952 1165 6005 maxime
1176 5953 1432 6014 sanctus,
1442 5952 1680 6000 maximo-

1671 1887 1726 1961 B

1756 578 1979 652 cionem
1990 578 2270 642 adductis,
2290 579 2469 632 immo
2481 580 2788 648 damnatis,
2802 585 3226 639 communicare
3237 578 3355 652 per-

1747 650 1915 702 rexit.

1806 722 1901 771 III.
1928 721 2011 771 Ne
2033 719 2343 784 quicquam
2354 722 2837 785 praetereamusin
2859 736 2917 776 re
2941 736 3078 790 qum
3096 739 3214 779 non
3251 733 3349 779 tam

1744 791 2057 842 Nitrienses
2085 792 2417 854 monachos,
2450 799 2507 845 et
2529 795 2794 856 Rufinum
2818 796 2949 846 libri
2984 799 3349 863 scriptorem,

1745 874 1920 925 quam
1933 863 2295 913 beatissimos
2310 863 2462 915 viros
2475 866 2949 929 Chrysostomum
2965 872 3030 918 et
3045 872 3353 933 Petronium,

1744 933 2060 983 eorundem
2086 933 2482 987 sanctimonim
2506 937 2762 988 oculatos
2797 941 2997 1001 testes,
3026 943 3083 990 et
3104 940 3352 993 disertos

1746 1005 2321 1068 praconesmespicit,
2344 1005 2454 1057 alia
2476 1009 2764 1071 quaepiam
2792 1008 3105 1072 adducam,
3141 1012 3354 1075 quibus
3390 1060 3395 1065 .

1748 1076 2190 1139 Ohristophorus
2213 1087 2249 1125 a
2271 1080 2467 1147 castro
2491 1078 2644 1141 apud
2669 1080 3060 1143 Rosweydum
3091 1082 3152 1132 in
3175 1084 3355 1147 prole-

1747 1160 1993 1210 gomeno
2020 1162 2101 1195 xv.
2138 1158 2266 1211 pag.
2303 1146 2390 1200 50.
2424 1160 2524 1212 pro
2554 1149 2665 1199 illis
2698 1152 2955 1213 certavit,
2992 1146 3346 1217 Hieronymi,

1746 1218 2104 1281 aliorumque
2129 1220 2431 1269 sententiis
2450 1220 2869 1271 satisfacturus.
2900 1223 3014 1273 Viri
3038 1225 3192 1275 enim
3207 1238 3343 1277 san-

1749 1290 1990 1339 ctissimi
2002 1291 2271 1352 utrinque
2285 1294 2584 1352 steterunt,
2597 1292 2867 1355 utrinque
2882 1294 2921 1343 E
2926 1293 3084 1357 pisco
3088 1295 3161 1358 pi.
3179 1298 3353 1357 Magna

1750 1361 1936 1411 cordis
1960 1361 2374 1424 praiparatioue
2402 1362 2689 1413 audienda
2714 1365 2839 1414 huic
2864 1370 3019 1427 sunt,
3034 1378 3220 1429 neque
3238 1379 3346 1418 nos

1749 1432 2052 1496 offendere,
2079 1432 2181 1482 sed
2205 1433 2393 1496 potius
2416 1434 2486 1484 de
2498 1434 2830 1485 inﬁrmitate
2842 1436 3099 1487 humana
3119 1449 3352 1490 monere

1749 1505 1976 1555 debent.
2003 1507 2179 1555 Nemo
2200 1505 2396 1567 nescit,
2430 1509 2732 1558 veritatem
2752 1518 2883 1558 esse
2895 1510 3156 1560 animam
3169 1509 3352 1561 histo-

1749 1575 1865 1637 riae,
1894 1576 1996 1627 sed
2015 1576 2253 1627 historia
2265 1576 2602 1629 Ecclesiiein
2614 1578 3061 1631 ted‘iﬂcationem
3081 1584 3137 1632 et
3148 1593 3347 1633 exem-

1749 1648 1909 1712 plum
1932 1648 2381 1700 Christianorum
2404 1649 2688 1701 ducenda.
2703 1651 3057 1715 Epiphanius
3079 1653 3347 1706 etHiero-

1750 1721 2484 1785 nymusOrigenem,immo
2496 1724 3177 1788 Chrysostomumipsum
3188 1737 3346 1778 aver-

1748 1792 2041 1854 sabantur,
2069 1793 2214 1855 zelo,
2254 1793 2608 1845 non-malitia
2630 1794 2805 1855 ducti,
2841 1807 2877 1846 a
2913 1807 3029 1858 qua
3064 1798 3208 1848 tanti
3237 1797 3344 1850 viri

1746 1862 2081 1928 longissime
2105 1865 2428 1917 abt‘uerunt.
2449 1865 2747 1930 Theophili
2777 1869 2969 1918 tamen
2990 1869 3206 1921 malitia
3229 1869 3357 1921 illos

1759 1936 1965 1998 fefellit,
2004 1947 2136 2001 qum
2159 1949 2418 2000 eousque
2454 1939 2748 2001 processit.
2783 1943 2847 1990 ut
2874 1940 3263 1993 truculentum
3290 1943 3358 1994 li-

1758 2008 2481 2072 bruminChrysostomum
2491 2009 2752 2073 ediderit,
2777 2021 2953 2073 quem
2973 2012 3358 2077 Hieronymus

1755 2092 1829 2130 ex
1854 2082 2052 2131 Graeco
2082 2081 2351 2131 Latinum
2384 2081 2528 2132 feCit.
2565 2082 2857 2132 Lacinium
2888 2083 3354 2148 Hieronymianle

1754 2150 2034 2204 versionis
2069 2152 2302 2202 adducit
2329 2151 2637 2202 Facundus
2662 2153 3097 2205 Hermianensis
3127 2155 3226 2206 lib.
3255 2157 3347 2208 VI.

1753 2232 1875 2285 cap.
1895 2222 1961 2273 V.
2001 2222 2103 2273 ubi
2134 2236 2408 2271 enormem
2435 2228 2481 2271 et
2508 2222 2822 2272 horribilem
2854 2223 3055 2274 librum
3084 2225 3349 2290 appellat.

1753 2295 2214 2357 Ohrysostomus,
2229 2294 2901 2359 PetroniusetOlympias
2923 2297 3195 2349 Ecclesiae
3217 2299 3357 2351 Con-

1755 2364 2281 2429 stantinopolitanae
2295 2365 2629 2416 Diaconissa
2644 2368 2795 2416 bono
2807 2367 2926 2417 zelo
2937 2368 3148 2431 pariter
3168 2368 3352 2421 ducti-

1754 2436 2134 2487 Nitriensibus
2166 2436 2534 2488 studuerunt.
2577 2436 2756 2500 Atqui
2795 2449 2897 2501 pro
2942 2439 3352 2503 Ohrysostomo

1754 2512 1952 2559 contra
1976 2507 2354 2571 Theophilum
2381 2510 2541 2559 stetit
2554 2507 2805 2559 Ecclesia
2817 2509 3086 2562 universa
3097 2524 3230 2563 cum
3246 2524 3355 2565 suo

1753 2583 1937 2643 capite
1961 2581 2292 2632 Innocentio
2315 2582 2355 2631 Ι.
2375 2582 2675 2643 Oastrium,
2696 2581 2885 2632 virum
2903 2582 3140 2634 doctum
3155 2589 3211 2635 et
3229 2587 3354 2634 reli-

1751 2644 2146 2706 giosissimum
2186 2644 2512 2695 audiamus.
2547 2645 2689 2695 Rem
2719 2644 2781 2694 in
2817 2657 3002 2708 pauca
3041 2646 3351 2699 conferam.

1750 2716 2046 2779 Theophili
2066 2721 2125 2767 et
2142 2716 2447 2780 .Epiphanii
2470 2728 2616 2775 avo,
2631 2720 2740 2767 sub
2752 2717 2927 2768 linem
2957 2717 3157 2771 saeculi
3180 2720 3275 2771 IV.
3294 2720 3355 2771 in

1750 2786 1996 2839 Orientis
2019 2787 2277 2851 partibus
2299 2789 2548 2851 quaestio
2563 2789 2886 2852 percrebuit
2907 2789 3191 2841 denatura
3233 2792 3350 2853 Dei,

1749 2862 1948 2909 utrum
1992 2859 2208 2910 scilicet
2245 2858 2562 2910 humanam
2596 2860 2833 2910 formam
2873 2861 3110 2913 haberet
3149 2874 3351 2915 necne.

1749 2930 2148 2994 Simpliciores,
2172 2932 2491 2994 prmsertim
2513 2943 2586 2981 ex
2608 2932 2923 2991 monachis,
2951 2934 3118 2995 quasi
3140 2946 3344 2999 corpo-

1748 3013 1915 3053 reum
1939 3003 2047 3053 sibi
2073 3003 2559 3066 imaginabantur,
2591 3002 2746 3053 unde
2775 3003 3352 3071 Anthropomorphita

1748 3072 2079 3135 audierunt;
2095 3073 2270 3136 hique
2282 3075 2508 3136 Origeni
2521 3077 2686 3124 erant
2704 3072 2944 3137 adversi,
2976 3078 3144 3137 quasi
3165 3080 3349 3133 Deum

1756 3157 1887 3195 esse
1899 3145 2162 3208 spiritum
2180 3145 2488 3209 nocuisset.
2502 3148 2606 3204 Qui
2618 3145 2768 3195 hanc
2779 3145 3042 3209 Origenis
3053 3155 3351 3202 sententiam

1760 3207 2086 3270 tuebantur,
2132 3207 2500 3280 sapientiores
2542 3212 2601 3259 et
2642 3207 2907 3259 catholici
2954 3223 3172 3273 omnes,
3200 3216 3355 3280 apud

1762 3280 2133 3344 simpliciores
2148 3279 2275 3330 illos
2298 3292 2399 3342 pro
2412 3280 2747 3343 Origenistis
2765 3280 2946 3332 habiti
2962 3288 3122 3335 sunt.
3150 3279 3359 3342 Contra

1761 3353 1861 3418 qui
1885 3353 2187 3416 Origenem
2219 3354 2758 3416 quomodocumque
2778 3355 3099 3418 arguebant
3122 3369 3222 3421 pro
3240 3364 3363 3413 An-

1762 3425 2273 3490 thrOpomorphitis
2306 3426 2569 3489 traducti,
2603 3425 2771 3489 quasi
2793 3426 3024 3491 Origeni
3063 3437 3361 3496 propterea

1763 3498 2177 3560 essentinl’esti,
2199 3498 2355 3559 quod
2370 3500 2552 3548 Deum
2568 3509 2696 3549 esse
2717 3499 2983 3562 spiritum
3010 3502 3356 3557 tradidisset.

1763 3570 1908 3621 Hinc
1920 3571 2073 3621 Theo
2077 3570 2267 3633 philus
2279 3570 2702 3620 Alexandrinus
2719 3575 2989 3623 sanctum
3016 3576 3360 3636 Epiphanium

1761 3642 1894 3693 licet
1914 3642 1973 3693 in
2006 3641 2275 3693 omnibus
2291 3641 2567 3693 catholice
2579 3642 2939 3706 sentientem,
2963 3648 3361 3708 Anirhopomor-

1762 3714 1939 3778 phitis
1963 3715 2254 3765 interdum
2267 3713 2671 3765 adnumeravit
2688 3717 2840 3777 apud
2856 3716 3149 3768 Socratem
3160 3719 3258 3771 lib.
3284 3734 3354 3773 vx.

1765 3798 1888 3849 cap.
1913 3784 1963 3839 9.
1991 3788 2372 3837 Sozomenum
2394 3786 2492 3835 lib.
2526 3787 2665 3836 VIII.
2688 3799 2810 3850 cap.
2836 3788 2975 3838 XIV.
2999 3792 3059 3840 et
3083 3791 3364 3856 Nicepho-

1763 3869 1893 3908 rum
1915 3856 2012 3907 lib.
2050 3857 2197 3907 XIII.
2211 3868 2331 3919 cap.
2353 3856 2473 3907 XII.
2491 3858 2878 3921 Immoipsum
2890 3859 3066 3909 etiam
3076 3862 3361 3928 Hierony-

1764 3940 1927 3979 mum
1971 3928 2215 3991 Origeni,
2265 3928 2434 3990 cujus
2484 3934 2654 3979 antea
2698 3929 3014 3991 studiosus,
3069 3932 3365 3986 adversari

1763 4002 2149 4064 incipientem,
2175 4000 2407 4062 [tu/inus
2426 4000 2490 4050 in
2525 4000 2687 4051 libris
2708 4003 3120 4065 Apologiarum
3161 4006 3363 4058 eodem

1763 4072 2051 4125 invidioso
2069 4074 2305 4123 nomine
2332 4072 2608 4134 traduxit,
2633 4078 2691 4123 et
2711 4074 3011 4124 Johannes
3032 4075 3366 4143 Hierosoly-

1764 4146 2019 4196 mitanus
2063 4143 2467 4208 Epiphanium,
2513 4146 2657 4195 teste
2692 4144 3045 4209 Hieronymo
3088 4149 3150 4198 in
3183 4150 3362 4213 Epist.

1767 4217 2068 4269 XXXVIII.
2085 4218 2225 4268 alias
2248 4217 2390 4267 LXI.
2404 4218 2477 4267 ad
2488 4216 2938 4268 Pammachium.
2962 4219 3206 4273 Ruﬁnus
3226 4235 3366 4287 quo-

1768 4301 1879 4353 que
1903 4289 2146 4341 eandem
2165 4288 2433 4341 haeresim
2452 4289 2802 4354 Hieronymo
2822 4293 3192 4355 exprobravit
3208 4294 3307 4347 lib.
3322 4299 3363 4349 I.

1767 4362 1985 4414 Invect.
2025 4361 2129 4413 Alii
2154 4361 2623 4426 contraOrigenis
2639 4362 2839 4414 hostes
2860 4365 2923 4414 in
2949 4363 3121 4416 aliam
3144 4370 3367 4430 partem

1766 4436 2027 4485 ruebant.
2043 4436 2185 4498 Ejus
2196 4436 2350 4486 enim
2361 4445 2598 4499 operum
2609 4433 2906 4497 studiosis,
2924 4433 3057 4487 licet
3077 4440 3366 4497 Caiholicis,

1767 4508 2144 4570 Origenianas
2157 4508 2407 4558 haereses
2422 4506 2766 4557 tribuebant.
2781 4506 2871 4556 Sic
2882 4516 2981 4557 eas
2992 4508 3366 4574 Epiphanius,

1764 4579 2170 4642 Hieronymus,
2201 4580 2258 4628 et
2271 4576 2620 4640 Theophilus
2654 4577 3058 4640 Chrysostomo
3082 4583 3141 4631 et
3167 4592 3369 4635 mona-

1769 4650 1891 4702 chis
1903 4650 2249 4702 tribuerunt:
2264 4660 2379 4712 quo
2389 4649 2678 4712 prmtextu
2689 4648 3060 4717 Theophilus,
3072 4654 3370 4707 monachis

1774 4722 1988 4784 Nitriae,
2010 4721 2109 4784 qui
2136 4721 2273 4772 illus
2316 4731 2506 4772 mores
2537 4731 2657 4772 non
2688 4723 3016 4787 probantes,
3051 4726 3124 4776 ab
3159 4725 3364 4779 eodem

1766 4798 2138 4855 recesserant,
2155 4793 2512 4844 teterrimum
2525 4792 2741 4844 bellum
2759 4792 2969 4845 indixit
2989 4801 3187 4850 coacto
3219 4800 3369 4848 etiam

1766 4865 1825 4917 in
1835 4877 1935 4917 eos
1948 4865 2359 4917 monachorum
2370 4865 3363 4929 Anthropomorphitarumexercitu:

1768 4937 1919 4990 unde
1928 4936 2058 4989 illos
2067 4937 2141 4989 ad
2154 4951 2217 4989 se
2229 4935 2783 5001 Constantinopolim
2794 4938 3208 5003 confugientes,
3224 4942 3371 4993 chri-

1769 5010 1955 5060 stiana
1965 5012 2201 5061 caritate
2214 5015 2407 5061 motus
2421 5010 2881 5073 chrysostomus,
2907 5017 3135 5063 servato
3158 5018 3371 5065 tamem

1768 5093 2061 5133 sacrorum
2085 5094 2376 5133 canonum
2398 5082 2618 5143 ordine,
2643 5081 2885 5144 excepit,
2917 5087 2980 5134 ut
3012 5095 3111 5146 pro
3142 5084 3369 5135 illorum

1767 5153 2017 5217 periculo
2028 5152 2182 5216 apud
2194 5152 2576 5215 Theophilum
2589 5164 2651 5202 se
2676 5154 3101 5214 deprecatorem
3132 5158 3373 5216 prmberet

1769 5226 1842 5276 de
1864 5238 1921 5275 re
1936 5228 2061 5287 ipsa
2081 5225 2255 5275 etiam
2273 5225 2476 5275 edocto
2511 5224 2860 5275 universalis
2890 5226 3165 5277 Ecclesia
3184 5227 3371 5289 capite

1769 5297 2098 5347 Innocentio
2122 5297 2161 5345 Ι.
2181 5296 2304 5346 Hoc
2321 5294 2562 5345 adnotat
2577 5293 2973 5346 Tillemontius
3001 5301 3137 5347 tom.
3153 5296 3368 5348 XI.art.

1770 5368 1859 5423 66.
1884 5366 2736 5430 et67.b‘edTheophilus,quiob
2758 5371 2876 5418 tam
2898 5368 3054 5432 pium
3077 5372 3376 5419 sanctum-

1772 5454 1885 5504 que
1904 5440 2257 5503 integerrimi
2287 5441 2549 5502 Episeopi
2576 5438 2831 5489 ofllcium
2842 5440 2993 5489 ﬂecti
3005 5438 3224 5503 debuit,
3247 5444 3372 5491 tan-

1773 5518 1898 5565 tum
1920 5512 2103 5563 abfuit
2129 5516 2190 5562 ut
2212 5514 2555 5568 necteretur,
2586 5513 2654 5560 ut
2676 5514 2893 5571 contra,
2919 5510 3084 5561 furiis
3118 5514 3372 5576 agitatus

1772 5585 1833 5637 in
1851 5586 2277 5650 deprecatorem
2299 5582 2593 5634 exarserit.
2622 5581 2766 5632 Hinc
2797 5592 3009 5645 magna
3040 5584 3098 5633 in
3136 5586 3375 5648 Chryso-

1777 5664 2031 5709 stomum
2043 5657 2173 5709 odia
2184 5668 2370 5719 usque
2382 5654 2452 5704 ad
2466 5654 2592 5718 ejus
2615 5665 2647 5705 e
2674 5655 2880 5704 throno
2894 5656 3375 5721 Constantinopo-

1773 5728 1951 5782 litano
1962 5730 2394 5794 depositionem,
2410 5725 2601 5777 dirum
2612 5725 2902 5788 exsilium,
2914 5730 2974 5778 et
2984 5732 3306 5780 extremam
3319 5731 3374 5777 in

1777 5803 2178 5854 ternecionem.
2214 5799 2523 5851 Monachos
2546 5798 2720 5862 ipsos,
2734 5810 2806 5849 ne
2818 5799 2891 5849 ab
2905 5800 2973 5850 iis
2987 5799 3374 5865 discedamus,

1777 5876 2055 5940 Georgius
2078 5872 2506 5927 Alexandrinus
2535 5876 2596 5924 et
2614 5870 2973 5924 Palladiusin
2996 5873 3125 5926 Vita
3135 5875 3375 5940 Chryso-

1777 5950 1972 6013 stomi,
1997 5948 2276 6008 Socrates,
2293 5948 2666 6007 Sozomenus,
2689 5942 3016 6009 Sulpiciius,
3038 5949 3099 5999 et
3116 5946 3373 5999 Isidorus
