3894 6406
14 368 130 431 249

1282 378 1468 430 VITA.
1506 378 1637 430 LIB.
1674 378 1744 431 II.
1781 381 1930 432 CAP.
1967 382 2115 434 XIII.

3250 395 3359 453 5250

80 486 679 580 [fefg‘icaAIIEALeydm
692 486 845 554 apud
866 486 953 542 .Io.
973 487 1310 543 Seversoem
1326 491 1393 543 A.
1413 490 1477 541 D.
1498 489 1655 545 1511.
1684 492 1740 567 Α
1767 493 2023 580 omnium
2047 496 2317 580 primum,
2339 504 2478 580 tunc
2500 502 2836 580 Hieronymi
2859 511 3035 575 vulgo
3059 509 3360 580 creditum,

17 562 81 612 in
96 560 248 611 folio
285 572 493 625 parvo.

90 633 443 682 Germanica
470 646 607 686 eum
626 634 828 699 ﬁguris
848 634 909 687 in
934 634 1085 687 folio.

85 704 346 768 Anglica
361 718 497 756 cum
520 706 741 770 ﬁguris,
768 707 1075 772 interprete
1103 705 1402 759 Guillelmo
1424 705 1661 770 Capton.

28 777 565 829 Westmonasterii
605 778 759 843 apud
799 780 1075 844 Wynkyn
1118 778 1188 831 de
1222 777 1435 830 Worde
1485 782 1551 829 A.
1597 778 1662 827 D.

32 846 192 903 1495.
216 847 300 899 ad
329 847 631 913 exemplar
660 850 1028 914 impressum.
1052 850 1312 913 Lugduni
1328 851 1395 901 A.
1414 851 1481 900 D.
1505 847 1660 903 1486.

94 921 336 971 Tantus
369 919 468 971 hic
489 923 677 972 ettam
701 922 895 974 varius
918 922 1233 974 editionum
1260 926 1317 972 et
1342 921 1666 972 translatio-

32 1002 185 1043 num
205 1002 505 1043 numerus
526 992 920 1057 Rosweydum
944 1004 980 1045 a
1001 1005 1155 1045 nova
1181 992 1372 1043 Ruﬁni
1394 992 1666 1043 aliorum-

35 1075 156 1125 que
205 1061 483 1125 ejusdem
520 1064 841 1128 argumenti
863 1077 1102 1129 operum
1126 1063 1388 1124 editione,
1414 1063 1665 1126 antiquis

38 1132 354 1186 codicibus
365 1134 425 1185 in
440 1135 768 1187 subsidium
784 1136 1027 1199 vocatis,
1045 1135 1314 1200 paranda,
1349 1149 1665 1195 nequaquam

41 1204 349 1257 deterruit.
400 1204 474 1255 Hi
507 1205 753 1270 codices,
796 1206 1007 1271 Belgici
1045 1206 1299 1270 plerique
1340 1218 1557 1263 omnes,
1592 1203 1668 1255 ad

46 1287 310 1340 quorum
355 1275 532 1328 ﬁdem
555 1278 747 1328 Ruﬁni
784 1277 996 1330 librum
1034 1290 1097 1329 se
1139 1277 1402 1342 exegisse
1422 1279 1669 1329 testatur

50 1347 276 1414 proleg,
306 1347 519 1414 XXIV.
549 1360 681 1414 pag.
703 1348 788 1404 76.
812 1350 1236 1414 subsoquentes
1261 1352 1414 1402 sunt.

144 1410 173 1465 1
186 1448 203 1461 .
222 1410 672 1475 Ἀωεθῐιὶθιὶεἱὲ.

191 1517 205 1530 .
240 1482 710 1547 Aquicinctinus.

190 1592 206 1606 .
243 1554 718 1607 Audomarensis.
750 1555 941 1621 Ruﬁni
962 1556 1195 1611 nomine
1215 1554 1542 1623 inscriptus.

192 1664 207 1677 .
244 1625 675 1679 Bibrachensis.

192 1731 207 1747 .
242 1699 585 1764 Bonmispei.

188 1806 205 1821 .
242 1769 710 1823 Cambronensis.

187 1878 205 1893 .
241 1842 679 1894 Cameracensis
702 1843 901 1908 major.

191 1947 207 1962 .
247 1914 679 1967 Cameracensis
699 1916 903 1968 minor.

151 1984 207 2038 9.
243 1984 624 2037 Cartusianus
646 1998 822 2050 prope
852 1985 1167 2039 Bruxellas.

122 2056 212 2111 10.
250 2056 811 2110 Claromarescanus.

122 2127 185 2182 11
201 2165 213 2177 .
250 2127 674 2192 Crispiniensis.

125 2198 215 2252 12.
250 2197 661 2251 Florianensis.

124 2269 214 2325 13.
251 2270 750 2335 Ingolstadiensis.

126 2342 216 2397 14.
252 2341 566 2395 Insulanus
600 2343 791 2396 Sancti
808 2342 1029 2397 Jacobi.

124 2413 218 2468 15.
253 2415 561 2468 Lmtiensis
591 2416 792 2478 major.

124 2485 217 2541 16.
246 2487 553 2540 Ltntiensis
576 2486 780 2540 minor.

125 2557 217 2613 17.
250 2558 620 2611 Moretianus.

126 2627 217 2683 18.
252 2628 706 2682 Rcbdoril’ensis.

146 1480 184 1535 2

147 1554 184 1609 3

146 1626 187 1680 4

149 1697 187 1752 5

147 1769 184 1825 6

148 1840 182 1894 7

148 1910 185 1968 8

122 2701 233 2752 His
248 2699 677 2766 perinsignibus
690 2698 1046 2764 adiumentis
1063 2698 1335 2753 collatum
1356 2701 1413 2753 et
1426 2696 1680 2764 recogni-

63 2779 187 2825 tum
232 2773 426 2836 Ruﬁni
469 2785 636 2837 opus,
674 2773 887 2825 coaluit
923 2785 1135 2838 magno
1169 2773 1391 2839 corpori
1429 2772 1503 2825 de
1547 2772 1679 2823 Vitis

64 2846 302 2895 Patrum
346 2845 470 2898 sive
512 2844 764 2895 Historiae
817 2845 1143 2909 Eremiticae,
1191 2859 1330 2898 cura
1376 2847 1436 2898 et
1488 2842 1678 2896 studio

68 2916 400 2983 Rosweydi,
426 2918 539 2969 sub
554 2917 827 2982 auspiciis
847 2919 1083 2970 Antonii
1097 2918 1169 2970 de
1193 2918 1421 2983 Vinghe
1437 2916 1677 2969 Abbatis

68 2988 378 3041 Laatiensis
398 2988 633 3040 Ordinis
649 2991 703 3041 S.
729 2988 1041 3051 Benedicti,
1063 2989 1319 3054 vulgatae
1347 2987 1679 3052 Antuerpiaa

69 3060 219 3124 typis
234 3059 616 3112 Plautinianis
632 3062 699 3111 A.
738 3061 805 3111 D.
826 3059 983 3115 1615.
1008 3060 1070 3112 in
1092 3060 1242 3121 folio,
1269 3064 1329 3113 et
1369 3072 1505 3112 mox
1525 3061 1680 3122 Lug-

72 3131 361 3184 diniA.D.
392 3129 551 3185 1617.
575 3132 836 3183 Ceterum
851 3130 923 3183 de
958 3131 1070 3184 hoc
1096 3132 1290 3184 labore
1314 3129 1678 3195 suscipiendo

70 3214 357 3262 magnum
365 3201 673 3255 Baronium
683 3200 993 3265 aliquando
1008 3203 1312 3266 cogitasse.
1328 3201 1542 3254 conscii
1553 3202 1679 3263 ejus

72 3273 1029 3368 studiorumnsigniﬂcaruntnalteri
1065 3275 1191 3368 viro
1230 3286 1442 3368 magno
1464 3274 1677 3368 Japobo
1711 3291 1761 3368 C

73 3345 361 3398 Cardinali
394 3346 634 3398 Peronio
655 3346 806 3409 apud
837 3346 1243 3409 Rosweydum.
1290 3349 1472 3397 Immo
1509 3346 1679 3396 Baro-

71 3418 199 3470 nius
221 3419 349 3482 ipse
378 3417 440 3469 id
463 3430 525 3469 se
554 3417 842 3470 facturum
887 3417 1098 3470 diserte
1131 3418 1324 3471 innuit
1345 3418 1407 3470 in
1426 3417 1577 3470 notis
1607 3415 1681 3467 ad

71 3489 219 3541 diem
240 3488 326 3543 18.
349 3489 624 3541 Januarii.
661 3489 773 3541 Sed
798 3489 989 3553 editio,
1020 3489 1368 3554 reliquarum
1397 3493 1682 3554 prmstan-

75 3561 297 3612 tissima
317 3564 377 3612 et
395 3559 828 3611 absolutissima
847 3572 914 3612 ea
937 3564 1044 3621 est,
1064 3572 1237 3624 quam
1261 3560 1453 3612 denuo
1468 3560 1683 3611 labora-

75 3638 187 3682 tam
199 3637 332 3683 octo
346 3633 477 3695 post
489 3643 693 3692 annos,
716 3630 1009 3683 distractis
1024 3632 1148 3695 jam
1170 3631 1369 3695 primis
1390 3630 1683 3694 exempla-

72 3703 246 3765 ribus,
270 3703 594 3766 Rosweydus
632 3702 840 3754 iterum
863 3704 1157 3754 accuravit
1184 3717 1197 3753 :
1228 3704 1398 3767 cujus
1421 3704 1532 3753 hoc
1557 3704 1681 3753 loco

73 3775 355 3839 integram
406 3774 835 3838 inscriptionem
864 3774 1135 3826 recitabo.
1175 3775 1306 3824 Vita:
1330 3775 1584 3835 Patrum,
1618 3773 1683 3821 de

84 3847 201 3894 Vita
216 3850 263 3894 et
280 3844 447 3895 verbis
472 3846 780 3905 Seniorum,
805 3844 912 3894 sive
926 3846 1179 3895 Histeriae
1198 3845 1480 3894 eremitica:
1504 3844 1590 3893 tib.
1607 3844 1679 3894 X.

75 3917 380 3966 auctoribus
402 3918 517 3966 suis
545 3922 591 3965 et
615 3917 784 3966 nitori
802 3918 1041 3981 pristino
1075 3918 1325 3977 restituti,
1353 3932 1416 3965 ac
1440 3916 1682 3964 notatio-

80 3988 233 4037 nilms
278 3989 539 4038 illustrati
582 4004 747 4052 opera
793 3993 840 4037 et
883 3988 1062 4038 studio
1098 3988 1365 4037 Heriberti
1398 3986 1682 4049 Rosweydi

86 4059 422 4124 Ultrajeetini
453 4075 480 4109 e
523 4059 642 4110 Soc.
683 4059 811 4109 Jesu
842 4059 1104 4123 Theotogi.
1130 4059 1343 4109 Accedit
1373 4058 1680 4108 Onomasti-

79 4146 173 4182 con
199 4146 389 4181 rerum
425 4136 477 4181 et
511 4130 794 4181 verborum
821 4131 1200 4195 difﬁciliorum
1230 4145 1356 4181 cum
1392 4129 1682 4194 multiplici

79 4204 256 4254 Indice
283 4203 448 4253 etiam
480 4203 902 4254 concionatorio.

134 4274 321 4324 Edilio
348 4275 586 4325 secunda
608 4274 757 4323 varie
780 4279 943 4324 aucta
965 4278 1012 4323 et
1034 4272 1326 4324 ittustrata.

133 4347 450 4480 Ατξιυῗτῖξὶω
488 4361 557 4396 ea:
589 4345 816 4409 ofﬁcina
859 4345 1232 4397 Flaminiana
1280 4344 1534 4397 MDCXX
1541 4343 1677 4396 VIII.

198 4434 261 4466 ιη
309 4434 340 4467 ο
366 4433 434 4468 ιο.

198 4434 261 4466 m
285 4433 434 4468 ιοιιο.

1766 566 2143 650 ejusdemque
2166 573 2397 650 nomine
2413 574 2481 650 in
2505 566 2769 631 Grtncuin
2789 566 3110 635 sermonem
3131 566 3366 636 transla1

1766 639 1913 721 tum,
1942 639 2231 721 indicavit,
2258 650 2321 697 ut
2338 646 2587 700 vidimus
2613 663 2686 701 ex
2702 655 2895 704 verbis
2911 655 3119 706 Gelasii
3143 660 3199 707 et
3214 657 3365 707 Gen-

1762 710 1939 791 nadii,
1963 712 2083 763 Hoc
2100 715 2269 791 etiam
2282 723 2444 791 patet
2483 733 2555 771 ex
2582 724 2788 775 Sancto
2821 726 3147 790 Benedicto,
3185 727 3282 791 qui
3306 727 3367 779 in

1762 781 1978 845 Regula
1997 797 2118 849 cap.
2148 787 2314 839 XLII.
2351 802 2548 843 earum
2573 792 2877 848 lectionem
2904 781 3221 849 monachis
3244 799 3366 850 suis

1764 858 2204 933 commendans,
2235 862 2509 933 prmeipit,
2536 870 2594 913 ut
2617 880 2760 915 unus
2786 867 2923 931 legat
2948 871 3102 918 VITAS
3136 873 3363 933 ΡΑτιιῐηε,

1762 933 1963 1005 utique
1987 929 2330 1005 secundum
2348 932 2488 1005 illud
2515 934 2790 988 Gennadii
2834 929 2897 990 in
2935 940 3201 1005 Catalogo
3234 929 3361 1004 cap.

1764 1004 1911 1055 XLI.
1944 1003 2046 1055 ubi
2086 1002 2157 1054 de
2206 1002 2298 1054 his
2319 1003 2426 1068 ipsi
2450 1005 2637 1070 Ruﬁni
2672 1008 2819 1060 Vitis
2851 1011 3092 1073 loquens
3117 1002 3229 1063 ait:
3260 1002 3368 1061 Eas

1765 1075 1904 1125 velut
1945 1076 2217 1140 speculum
2263 1080 2311 1123 et
2353 1091 2564 1127 nonum
2602 1080 2955 1144 professiones
2997 1098 3106 1132 suae
3135 1087 3366 1133 Messen:

1767 1146 2183 1209 amplectuntur.
2207 1146 2368 1199 Idem
2390 1164 2516 1210 opus
2526 1150 2764 1202 indicari
2786 1153 3011 1205 videtur
3031 1154 3121 1205 his
3145 1155 3375 1207 Cassio-

1767 1219 1889 1270 dori
1906 1220 2101 1271 verbis
2117 1219 2188 1271 de
2210 1219 2577 1274 Institutione
2601 1222 2925 1276 divinarum
2935 1225 3228 1278 literarum
3243 1239 3367 1292 cap.

1770 1292 2002 1343 XXXII.
2028 1293 2215 1343 VITAS
2249 1294 2520 1355 PATRUM,
2565 1296 2917 1357 confessiones
2957 1298 3219 1361 ﬁdeliam,
3251 1313 3373 1362 pas-

1766 1365 1943 1413 siones
1962 1369 2270 1427 martyrum
2292 1364 2457 1427 legite.
2483 1367 2793 1430 Gregorius
2818 1369 3170 1421 Turonensis
3193 1369 3289 1420 lib.
3324 1372 3369 1421 Ι.

1769 1435 1841 1486 de
1871 1435 1994 1484 Vita
2035 1436 2267 1484 Patrum
2310 1435 2400 1487 sui
2424 1437 2620 1488 saeculi
2663 1450 2785 1503 cap.
2811 1439 2933 1490 XII.
2959 1440 3153 1492 laudat
3179 1442 3369 1492 VITAS

1771 1510 1977 1556 Parnm:
1999 1522 2062 1555 ac
2073 1505 2467 1556 institutionem
2479 1510 2895 1560 monachorum.
2916 1511 3221 1563 Fulbertus
3236 1512 3373 1563 Car-

1767 1577 2028 1630 notensis
2058 1577 2224 1642 epist.
2259 1579 2513 1630 LXXIX.
2548 1581 2701 1629 Mitto
2734 1580 2829 1630 tibi
2861 1582 3206 1646 Cyprianum
3245 1595 3373 1632 cum

1769 1648 2148 1713 Porphyrioet
2186 1652 2339 1700 VII'AS
2363 1653 2570 1700 Parnm:
2604 1666 2729 1700 cum
2766 1652 3047 1703 Psalterto.
3075 1655 3267 1715 Quum
3286 1652 3370 1715 hi,

1775 1720 1986 1784 aliique
2030 1720 2350 1785 scriptores,
2411 1722 2558 1773 Vitas
2599 1724 2832 1773 Patrum
2874 1724 2936 1775 in
2976 1729 3181 1787 quarto
3234 1736 3376 1775 casu

1768 1793 2004 1857 positas,
2052 1792 2579 1845 commendassem.
2625 1793 2762 1846 hinc
2798 1794 3035 1859 factum,
3060 1799 3129 1846 ut
3156 1795 3377 1847 eaedem

1693 1869 1750 1946 Β
1771 1864 1863 1946 hee
1873 1867 2099 1946 nostrae
2113 1863 2305 1946 Ruﬁni
2338 1865 2465 1946 Vite
2486 1881 2587 1946 non
2604 1865 2872 1946 so_lum_i_n
2887 1867 3175 1932 plerisque
3190 1867 3376 1946 libris,

1770 1936 2087 1999 antiquitus
2122 1935 2306 1997 editis,
2332 1936 2436 1988 sed
2462 1936 2631 1989 etiam
2658 1937 2718 1989 in
2760 1938 2953 2003 aliquo
3000 1951 3073 1990 ex
3128 1939 3378 1991 vetustis

1769 2007 2065 2059 codicibus
2107 2008 2244 2059 Mss.
2293 2008 2461 2071 quasi
2502 2013 2659 2061 recto
2702 2022 2860 2068 casu.
2905 2008 3000 2062 vel
3044 2006 3296 2071 ἆπτώτως,
3321 2014 3378 2062 et

1768 2078 1942 2131 unica
1985 2090 2127 2131 voce
2169 2078 2574 2139 indeclinabili,
2639 2081 2785 2131 Vitas
2823 2082 3056 2131 Patrum
3097 2081 3370 2133 inscribe-

1768 2154 1967 2274 νοω,υὲ
1987 2164 2000 2201 :
2027 2161 2141 2214 qua
2161 2149 2233 2202 de
2255 2162 2317 2203 re
2338 2150 2458 2216 agit
2478 2150 3317 2217 Rosweydusinprolegomeno
3332 2153 3375 2203 Ι.

1770 2233 1898 2274 patr.
1964 2256 1979 2272 .

1770 2233 1898 2286 pag.
1926 2233 1979 2274 δ.

1835 2295 1923 2344 Ex
1966 2292 2132 2345 dictis
2176 2292 2335 2346 facile
2376 2292 2769 2360 intelligimus,
2795 2299 3015 2359 quanta
3035 2293 3172 2347 olim
3193 2293 3371 2359 hujus

1770 2364 1901 2415 libri
1949 2364 2265 2417 auctoritas
2310 2366 2529 2429 passim
2571 2366 2728 2431 apud
2772 2368 2927 2419 viros
2976 2366 3376 2418 sanctissimos

1774 2434 1974 2486 fuerit:
2002 2447 2175 2499 quem
2218 2436 2409 2496 etiam,
2436 2438 2777 2502 scripturam
2805 2437 3035 2502 publice
3075 2436 3378 2502 legendam

1774 2512 1835 2558 et
1875 2507 1949 2557 ab
1978 2508 2262 2558 erroribus
2307 2520 2553 2560 vacuam
2586 2509 2849 2561 Gelasius
2898 2509 3159 2561 Pontifex
3205 2508 3377 2560 dixit.

1776 2579 2019 2629 Sanctus
2061 2578 2376 2631 Eucherius
2417 2579 2824 2644 Lugdunensis
2849 2580 3154 2645 episcopus
3176 2579 3235 2632 in
3257 2579 3379 2644 epi-

1777 2648 1929 2701 stola
1979 2648 2051 2700 de
2107 2650 2291 2701 Laude
2344 2650 2531 2701 Eremi
2584 2652 2703 2704 huc
2768 2652 3040 2717 respexit,
3100 2651 3202 2703 ubi
3257 2651 3376 2703 ait:

1778 2721 1922 2780 Quid
1943 2736 2092 2771 nunc
2135 2736 2257 2787 ergo
2279 2723 2611 2788 Johannem,
2635 2725 3050 2789 Macariumque
3069 2736 3381 2773 commemo-

1775 2806 1909 2857 rem,
1966 2793 2206 2857 aliosque
2245 2795 2558 2860 complures,
2600 2810 2836 2860 quorum
2876 2795 3205 2846 conversatio
3249 2795 3384 2844 dum

1776 2863 1841 2913 in
1895 2863 2110 2914 desertis
2172 2870 2262 2928 est,
2328 2867 2390 2915 in
2449 2867 2590 2916 costis
2637 2867 2787 2930 facta
2847 2872 2921 2917 est
2967 2869 2995 2916 .9
3047 2866 3339 2930 Siquidem
3363 2903 3381 2929 ,

1716 2982 1720 2987 .
1779 2936 2125 2989 observante
2178 2938 2501 3003 Rosweydo
2553 2938 2614 2990 in
2672 2940 2828 2992 notis
2885 2938 2959 2990 ad
3033 2937 3381 2989 Eucherium

1777 3021 1908 3074 pag.
1938 3008 2023 3063 45.
2049 3009 2143 3060 hic
2176 3008 2320 3062 liber
2346 3016 2485 3062 tunc
2522 3010 2696 3063 ferme
2723 3011 2784 3062 in
2825 3010 3094 3061 manibus
3117 3013 3256 3061 erat.
3280 3011 3381 3060 Jo-

1774 3079 2001 3133 hannes
2024 3081 2269 3132 occurrit
2290 3081 2349 3132 in
2376 3093 2499 3144 cap.
2535 3084 2576 3133 I.
2603 3082 2721 3133 Nec
2767 3080 2839 3134 de
2861 3081 2971 3134 alio
3007 3080 3273 3132 Sidonius
3296 3080 3384 3132 lo-

1780 3153 1974 3216 quitur
1995 3164 2171 3204 carm.
2205 3153 2355 3203 XVI.
2382 3165 2437 3204 v.
2463 3152 2551 3206 99.

1905 3243 2013 3299 Qua
2039 3256 2178 3292 nunc
2202 3243 2355 3305 Elius,
2387 3257 2518 3292 nunc
2541 3246 2587 3291 te
2603 3244 2748 3303 jubet
2770 3243 2843 3293 ire
2864 3244 3136 3305 Iohannes,

1903 3316 2047 3363 Nunc
2070 3315 2172 3362 duo
2202 3313 2418 3374 Macarii,
2444 3328 2581 3363 nunc
2602 3318 2650 3363 et
2672 3317 2986 3376 Paphnutius
3008 3318 3170 3375 heres,

1903 3386 2047 3434 Nunc
2072 3386 2154 3445 Or,
2182 3399 2323 3434 nunc
2342 3388 2554 3434 Ammon

1837 3472 1910 3523 Ili
1925 3484 2127 3524 omnes
2147 3471 2209 3522 in
2239 3470 2429 3535 Ruﬁni
2450 3470 2593 3523 libro
2617 3472 3027 3525 memorantur.
3055 3469 3145 3525 Ad
3167 3470 3295 3525 hanc
3318 3469 3378 3527 in

1777 3543 2180 3608 Martyrologio
2223 3544 2479 3595 Romano
2523 3542 2615 3595 die
2652 3542 2740 3597 28.
2764 3544 2965 3605 Martii,
2993 3557 3125 3608 qua)
3147 3545 3219 3597 de
3243 3546 3384 3597 San-

1779 3617 1870 3666 cto
1892 3616 2106 3665 Joanne
2131 3614 2379 3666 Eremita
2402 3614 2689 3680 leguntur,
2716 3628 2788 3668 ex
2823 3616 3024 3680 Rufino
3054 3622 3380 3669 manarunt.

1779 3686 2137 3750 Rosweydus
2163 3685 2567 3751 prolegomene
2583 3700 2637 3738 v.
2666 3699 2794 3752 pag.
2820 3686 2906 3741 ‘29.
2932 3689 3129 3751 Ruﬁno
3154 3701 3383 3752 quoque

1777 3758 2108 3809 transcribit
2118 3756 2324 3809 librum
2338 3770 2423 3810 ιιι.
2444 3760 2526 3809 De
2542 3757 2674 3810 vitis
2691 3760 2923 3810 Patrum
2942 3759 3216 3823 superiori
3246 3761 3385 3812 sub-

1771 3829 2061 3893 junctum,
2079 3840 2253 3891 quem
2269 3828 2402 3879 editi
2422 3829 2767 3893 Hieronymo
2779 3830 2849 3880 ad
2851 3830 3129 3893 judicant.
3149 3832 3381 3882 Fatetur

1783 3905 1974 3951 tamen
1995 3901 2084 3950 vir
2107 3900 2319 3962 probus
2332 3898 2604 3951 etdoctus
2622 3900 2762 3950 nihil
2779 3901 3021 3951 subsidii
3034 3900 3107 3951 ad
3126 3909 3376 3950 auctorem

1778 3970 2169 4034 indagandum
2194 3982 2266 4020 ex
2290 3969 2584 4021 codicibus
2611 3969 2749 4022 Mss.
2780 3971 2888 4021 sibi
2912 3974 3214 4035 suppetere
3238 3983 3380 4035 pra)-

1782 4046 1865 4093 ter
1886 4040 2318 4092 similitudinem
2340 4040 2537 4103 stili,et
2557 4041 2845 4103 quandam
2873 4041 3213 4093 allusionem
3229 4040 3379 4093 inter

1778 4112 1903 4165 haec
1937 4113 2117 4164 verba
2140 4111 2358 4176 prologi
2379 4110 2506 4162 libri
2546 4113 2614 4162 Il.
2660 4111 2724 4162 Ut
2746 4111 2990 4161 dubitari
3016 4128 3130 4161 non
3176 4111 3374 4175 debeat,

1778 4198 1964 4234 eorum
1992 4183 2197 4232 meritis
2239 4182 2421 4232 adhuc
2462 4187 2601 4231 stare
2644 4182 2935 4247 mundum,
2975 4187 3034 4236 et
3070 4183 3196 4236 haec
3215 4183 3378 4235 initio

1778 4253 1997 4321 prologi
2026 4254 2151 4305 libri
2175 4256 2271 4305 III.
2331 4254 2459 4303 Vere
2514 4254 2783 4303 mundum
2820 4256 2918 4319 qui
2954 4253 3150 4304 dubitet
3173 4254 3378 4303 meritis

1777 4332 1919 4377 stare
1944 4328 2288 4376 Sanctorum.
2314 4326 2559 4377 Vossius
2582 4326 2972 4391 Rosweydum
2987 4330 3290 4389 sequutus,
3309 4325 3379 4377 de

1778 4406 2077 4458 Historicis
2108 4405 2299 4458 latinis
2318 4405 2415 4458 lib.
2442 4408 2509 4457 II.
2552 4419 2676 4470 cap.
2710 4407 2807 4457 XI.
2831 4406 2986 4457 hunc
3010 4404 3377 4470 posteriorem

137 4475 294 4550 Quae
316 4488 381 4540 in
407 4487 665 4553 antiquis
705 4487 1054 4541 editionibus
1094 4488 1277 4554 primo
1319 4487 1445 4541 loco
1490 4486 1682 4539 exstat
1775 4478 1988 4554 liber
2016 4476 2230 4554 Ruﬁno
2257 4480 2317 4554 et
2355 4477 2475 4554 ipse
2502 4477 2779 4554 tribuens,
2813 4475 2871 4527 id
2894 4475 3378 4554 exutiictionecog-

83 4559 265 4622 Ruﬁni
306 4560 577 4622 Historia,
621 4560 751 4612 heic
792 4559 1005 4612 librum
1055 4562 1126 4612 II.
1175 4559 1425 4612 conficit.
1452 4560 1677 4611 Primus

85 4632 228 4684 enim
274 4636 433 4684 totus
471 4631 724 4684 tributus
762 4636 857 4684 est
898 4631 1066 4692 Vitis,
1094 4644 1243 4696 quas
1267 4632 1677 4695 Hieronymus,

86 4702 285 4766 aliique
309 4704 679 4768 scripserunt.
708 4703 867 4756 Idem
882 4702 1026 4755 liber
1040 4704 1109 4755 II.
1128 4702 1367 4755 eruditis
1383 4700 1677 4767 prmludiis

89 4778 141 4825 et
160 4774 552 4827 notationibus
573 4773 915 4836 illustratus,
966 4774 1271 4826 inchoatur
1294 4785 1423 4837 pag.
1472 4770 1595 4826 4:24.
1621 4776 1679 4823 et

88 4844 289 4897 desinit
308 4858 437 4910 pag.
456 4844 582 4908 491,
600 4850 876 4897 constans
892 4846 1175 4910 capitibus
1194 4845 1454 4895 XXXIII.
1472 4848 1681 4908 praeter

91 4918 395 4982 prologum,
423 4920 482 4968 et
503 4917 678 4969 etiam
694 4917 999 4982 epilogum.
1024 4917 1085 4968 in
1102 4928 1217 4980 quo
1238 4920 1528 4979 postremo
1551 4919 1680 4966 octo

91 4987 325 5049 pericula
340 4992 736 5050 numerantur,
754 5000 888 5052 qum
906 4990 1152 5040 Sanctus
1166 4986 1468 5039 Petronius
1486 4985 1679 5048 subiit,

91 5058 250 5109 nudis
269 5059 514 5123 pedibus
532 5059 901 5123 Thebaidem,
924 5061 1278 5120 Tabennam,
1300 5058 1558 5120 Nitriam,
1592 5069 1681 5107 ce-

96 5132 315 5193 teraque
334 5131 565 5195 Egypti
602 5131 943 5183 solitudines
966 5142 1279 5195 peragrans
1299 5143 1313 5179 :
1330 5140 1573 5192 quarum
1599 5128 1680 5178 si-

94 5203 178 5250 tus
214 5204 368 5266 patet
411 5202 473 5253 iu
508 5201 933 5266 Chorographia
970 5201 1341 5253 mansionum
1367 5199 1683 5251 eremitica-

96 5281 228 5334 mm,
264 5284 438 5335 quam
480 5272 803 5337 Rosweydus
839 5272 1070 5337 egregie
1103 5271 1450 5325 delineatam
1488 5275 1547 5323 et
1581 5269 1683 5321 aeri

98 5341 319 5394 incisam
347 5343 515 5408 Operi
538 5356 645 5396 suo
669 5344 1002 5408 praeposuit.

152 5414 251 5466 Sed
273 5414 341 5467 de
355 5414 728 5479 inscriptione
739 5415 938 5479 Operis
953 5413 1137 5467 nostri
1155 5413 1425 5478 quaedam
1442 5411 1684 5464 dicenda

100 5488 232 5538 sunt.
245 5486 623 5551 Egypliorum
646 5488 1044 5536 monachorum
1072 5488 1267 5547 Vitam,
1295 5486 1433 5538 dicit
1452 5486 1683 5547 Rufinus

98 5557 147 5605 in
188 5558 431 5623 prologo.
478 5558 623 5608 Vitas
645 5558 883 5606 Patrum
919 5570 956 5610 a
988 5558 1260 5621 perisque
1283 5560 1546 5609 veterum
1571 5553 1682 5605 dici

104 5626 319 5691 legimus
342 5629 496 5695 apud
530 5629 921 5693 Rosweydum
958 5630 1274 5693 prolegom.
1318 5630 1360 5680 1.
1393 5641 1521 5692 pag.
1549 5626 1598 5680 3.
1626 5630 1685 5677 et

104 5705 232 5753 recte
267 5702 498 5764 quidem
531 5704 682 5753 certe
723 5714 796 5751 ex
842 5701 1046 5751 Vossio
1071 5701 1141 5751 de
1194 5699 1363 5751 Vitiis
1396 5697 1683 5750 sermonis

106 5767 185 5820 lib.
208 5774 315 5824 VII.
342 5778 474 5838 post
515 5774 742 5825 Iiteram
769 5773 826 5824 Z.
867 5772 1023 5823 Idem
1057 5784 1288 5833 nomen,
1316 5770 1581 5833 quamvis
1602 5781 1687 5820 ce-

108 5844 240 5895 teros
260 5846 430 5897 etiam
450 5844 596 5897 libro
607 5847 808 5896 nostro
820 5842 1078 5895 adnexos
1099 5840 1567 5907 comprehendat,
1583 5852 1681 5890 an-

112 5914 451 5972 tonomastice
466 5921 682 5981 tamen,
702 5914 1103 5980 praecipueque
1114 5926 1299 5970 unum
1310 5912 1685 5966 Ruhnianum

1778 4550 1925 4600 nosci
1957 4547 2310 4613 pronunciat.
2358 4548 2467 4599 Sed
2516 4548 2644 4599 aliis
2688 4548 2879 4599 forsan
2920 4547 3084 4598 aliter
3117 4545 3376 4611 judicare

1778 4621 1940 4674 facile
1953 4624 2059 4671 est.
2078 4620 2200 4670 Hoc
2218 4624 2408 4670 tamen
2422 4631 2590 4681 agere
2607 4616 3266 4682 supervacaneum,dum
3283 4618 3379 4668 illa

1698 4683 1757 4757 D
1776 4694 1903 4758 ipsa
1916 4705 2016 4756 per
2028 4690 2415 4754 Rosweydum
2431 4690 2654 4741 detecta
2678 4689 2873 4739 altusio
2897 4690 3166 4752 ostendit,
3187 4694 3379 4754 poste-

1776 4766 1983 4818 riorem
2013 4764 2171 4816 hunc
2197 4763 2407 4815 librum
2432 4761 2615 4814 serius
2657 4762 3081 4814 concinnatum.
3119 4761 3285 4813 Liber
3310 4763 3375 4813 II.

1781 4837 2014 4891 omnino
2033 4848 2209 4898 unus,
2233 4836 2515 4898 perfectus
2537 4838 2593 4883 et
2620 4831 2942 4898 absolutus,
2982 4832 3378 4898 complectitur

1782 4912 1969 4960 totum
1985 4907 2344 4956 Itincrarium
2357 4906 2549 4957 Sancti
2573 4905 2813 4956 Petronii
2835 4918 2934 4969 per
2950 4904 3177 4970 Egypti
3189 4904 3385 4956 solitu-

1780 4981 1963 5031 dines.
1977 4981 2027 5030 H
2035 4992 2145 5030 unc
2161 4991 2345 5030 unum
2359 4977 2610 5029 innuunt
2623 4976 2952 5040 Hieronymi
2964 4978 3141 5029 verba
3157 4976 3215 5027 in
3228 4976 3313 5039 epi
3323 4989 3380 5026 s-

1783 5051 1897 5103 tola
1943 5050 2018 5102 ad
2056 5049 2525 5113 Ctesiphontem:
2568 5051 2761 5097 Lmnux
2800 5049 2920 5109 (non
2964 5048 3142 5109 libros)
3183 5046 3378 5111 scripsi

1780 5122 1941 5187 quasi
1974 5121 2036 5171 de
2059 5121 2359 5171 monachis.
2386 5120 2631 5181 Quosibi
2643 5119 2917 5181 nominat,
2943 5122 3080 5170 sunt
3094 5130 3297 5169 omnes
3320 5118 3381 5167 in

1780 5194 2056 5246 hoclibro
2099 5195 2167 5245 II.
2205 5195 2382 5244 Nemo
2426 5192 2486 5243 in
2531 5193 2703 5241 tertio.
2750 5190 3109 5254 Rosweydus
3132 5190 3192 5239 in
3221 5189 3377 5239 notis

1781 5278 1909 5329 pag.
1939 5263 2062 5320 534.
2080 5265 2364 5324 observat,
2383 5263 2684 5325 prologum
2715 5262 2892 5327 hujus
2914 5260 3041 5311 libri
3066 5261 3138 5310 III
3155 5271 3230 5309 ex
3254 5256 3381 5329 Pal-

1781 5328 1915 5389 ladii
1947 5336 2240 5400 procemiis
2277 5335 2619 5386 derivatum.
2648 5333 2822 5396 Atqui
2836 5333 2945 5383 hoc
2968 5331 3091 5394 ipso
3114 5328 3379 5379 manifes-

1782 5410 1909 5460 tum
1931 5409 2015 5469 Iit,
2040 5412 2172 5472 post
2188 5406 2429 5457 Palladii
2460 5406 2758 5458 historiam
2783 5402 3080 5468 prodiisse,
3103 5400 3226 5472 sive
3248 5405 3380 5463 post

1782 5482 1851 5532 A.
1878 5481 1942 5530 D.
1973 5470 2095 5534 421).
2113 5484 2285 5543 atque
2300 5478 2443 5530 adeo
2466 5482 2597 5542 post
2614 5479 2878 5539 Ruﬁnum
2912 5470 3255 5543 jampridem
3278 5483 3380 5543 ex-_

1785 5552 2047 5603 tinctum.
2102 5541 2514 5613 Tillemontius,
2562 5549 2620 5599 in
2657 5552 2779 5598 Vita
2811 5544 3000 5596 Sancti
3048 5541 3381 5605 Hieronymi

1783 5625 1910 5674 Art.
1943 5621 2063 5676 1‘25.
2094 5624 2251 5673 torno
2273 5623 2390 5672 XII.
2418 5633 2546 5685 pag.
2577 5617 2682 5673 306
2711 5618 2784 5668 ad
2804 5614 3203 5685 evincendum,
3228 5613 3384 5664 hunc

1784 5693 1994 5745 librum
2015 5695 2109 5757 Ill,
2130 5693 2301 5756 longe
2331 5684 2581 5754 tempore
2594 5693 2726 5753 post
2758 5688 3019 5757 Rn/inum
3044 5684 3221 5736 fuisse
3246 5685 3383 5736 edo-

1784 5764 1988 5827 latum,
2024 5765 2135 5816 hoc
2172 5776 2355 5814 unum
2388 5762 2647 5813 suIIIcere
2687 5760 2789 5820 ait,
2819 5756 2972 5821 quod
2994 5770 3116 5822 cap.
3140 5758 3379 5817 CLXIII,

1782 5850 1916 5901 pag.
1935 5835 2057 5889 5‘24.
2082 5834 2272 5888 Sancti
2291 5833 2507 5882 Arscnii
2524 5832 2745 5884 obitum
2767 5831 3059 5889 memoret,
3084 5842 3254 5893 quem
3269 5836 3384 5878 ante

1786 5910 1938 5963 Α.1).
1957 5906 2077 5963 453-
2114 5904 2407 5959 statuinon
2426 5916 2599 5973 posse
2635 5903 2803 5960 docet
2826 5903 2888 5956 in
2924 5902 3051 5965 ejus
3077 5902 3208 5956 Vita
3240 5903 3378 5956 tom.

3004 5989 3064 6051 8.
