3894 6414
513 346 612 405 251

1795 344 2041 398 RUFINI
2076 345 2515 399 PRESBYTERI

3713 348 3814 406 239.

513 463 664 515 XIV.
688 465 812 517 Art.
856 463 942 519 10.
963 475 1092 529 pag.
1136 462 1257 519 697.
1280 461 1428 528 Ergo
1459 460 1554 515 hic
1575 458 1717 513 liber
1756 458 1830 512 ad
1849 459 2113 522 Ruﬁnum
2137 460 2193 534 Α
2215 457 2372 534 cujus
2406 458 2483 507 vel
2504 458 2703 534 ventris
2745 458 2927 534 gratia
2963 456 3495 534 ad-prsedicandu-m
3519 462 3815 526 proﬁcisce-

514 548 890 601 nequaquam
908 536 1170 602 pertinet.

1099 632 1331 684 CAPUT
1367 631 1518 683 XIV.

516 737 561 788 Ι.
596 736 826 799 Ruﬁnus
847 733 1297 785 commensarium
1322 732 1503 782 scribit
1534 732 1593 780 in
1630 730 1948 796 Symbolum
1974 732 2110 794 Apo-

574 808 848 857 stolorum.
872 807 1109 856 Breviter
1123 806 1183 854 in
1207 821 1263 855 eo
1278 810 1525 856 contenta
1538 810 1889 854 recensentur.
1904 806 1971 854 II.
1996 805 2110 853 Tes-

576 879 806 928 timonia
823 883 933 927 tam
966 877 1223 939 Veterum,
1251 892 1417 942 quam
1435 877 1803 926 Recentiorum
1822 876 2109 926 adducun-

574 957 681 1001 tur.
711 952 805 1001 III.
828 949 1009 1015 Hujus
1036 949 1426 999 Commentarii
1458 949 1622 998 varia:
1644 948 1912 999 editiones.

571 1053 614 1103 Ι.
649 1050 965 1105 Grenadius
980 1049 1042 1102 in
1061 1048 1328 1114 Catalogo
1344 1055 1470 1113 cap.
1491 1050 1669 1100 XVII.
1695 1048 1895 1100 ceteris
1918 1048 2110 1100 Ruﬁni

488 1122 1018 1182 “lucubrationibus,
1044 1123 1268 1185 proprio
1314 1121 1507 1179 labore,
1531 1121 1699 1168 immo
1733 1120 1914 1183 gratia
1950 1120 2042 1168 Dei
2063 1125 2112 1169 ct

511 1195 653 1243 dono
697 1192 989 1256 confectis,
1022 1192 1262 1257 Symboli
1285 1191 1721 1255 explicationem
1753 1191 2108 1253 adnumerat,

509 1265 580 1317 de
593 1276 707 1329 qua
721 1269 841 1319 tam
853 1264 1225 1328 magniﬁcum
1237 1262 1629 1314 testimonium
1644 1261 1991 1313 circumferri
2006 1266 2111 1313 tes-

510 1340 750 1396 tatur,ut
787 1336 849 1383 in
878 1335 991 1399 ejus
1015 1335 1418 1397 comparatione
1441 1333 1542 1381 alii
1570 1348 1663 1381 nec
1687 1332 1991 1397 exposuisse
2010 1348 2112 1382 cre-

515 1408 742 1458 dantur.
785 1410 1141 1470 Argumento
1172 1410 1277 1467 est,
1312 1404 1465 1467 quod
1506 1406 1753 1467 majores
1791 1404 1973 1456 nostri
2009 1404 2113 1455 ali-

513 1478 744 1542 quando
770 1476 1033 1541 Cypriani
1072 1476 1342 1539 martyris
1374 1487 1540 1539 opus,
1580 1475 1888 1538 aliquando
1911 1475 2113 1527 Hiero-

512 1550 674 1614 nymi
703 1548 1189 1601 existimaverint:
1215 1553 1524 1611 utrumque
1540 1560 1834 1611 perperam
1860 1559 1999 1598 sane
2022 1546 2112 1598 vel

510 1634 629 1675 uno
645 1623 788 1673 teste
797 1619 1112 1672 Gennadio.
1129 1620 1474 1671 Laurentius
1486 1619 1719 1682 quidam
1729 1619 1960 1670 incertae
1974 1621 2112 1669 Sedis

514 1692 839 1756 episcopus,
857 1703 1030 1756 quem
1048 1692 1293 1741 Rufinus
1308 1690 1503 1754 inipso
1521 1690 1713 1741 statim
1736 1690 1929 1743 limine
1946 1695 2111 1742 vocat

510 1762 887 1825 ﬁdelissimum
912 1763 1142 1825 Papam,
1169 1766 1226 1812 et.
1241 1760 1407 1823 cujus
1426 1773 1562 1824 erga
1574 1761 1871 1822 scripturas
1893 1761 2110 1810 divinas

511 1848 752 1882 amorem
772 1839 820 1881 et
838 1832 1238 1907 studiumalibi
1251 1832 2101 1907 laudat,_Christi_Sacramento-
2133 1833 2187 1907 B

510 1917 641 1957 rum
664 1905 999 1969 interposita
1020 1903 1308 1967 religione,
1344 1916 1445 1967 per
1469 1902 1661 1954 literas
1693 1904 1965 1955 Ruﬁnum
1996 1904 2104 1956 ad-

511 1976 840 2039 strinxerat,
861 1981 929 2028 ut
944 1975 1158 2039 aliquid
1179 1975 1241 2023 de
1254 1974 1357 2037 ﬁde
1374 1990 1527 2024 secun
1537 1975 1668 2024 dum
1686 1975 1925 2040 Symboli
1940 1977 2107 2026 tradi-

513 2049 732 2110 tionem,
781 2048 1157 2111 rationemque
1198 2051 1582 2110 componeret.
1626 2047 1907 2111 Suspicor,
1946 2048 2106 2101 hunc

509 2118 869 2170 Laurentium
892 2131 1074 2170 unum
1090 2118 1262 2170 fuisse
1272 2130 1345 2169 ex
1357 2118 1635 2182 epiSCOpis
1652 2121 1911 2179 metropoli
1928 2120 2108 2183 Aqui-

508 2191 713 2256 lejensi
757 2190 1067 2252 attributis,
1109 2194 1250 2254 puta
1281 2190 1607 2250 Concordia»,
1642 2190 1832 2241 Ruﬂni
1865 2193 2102 2255 patriae:

510 2264 602 2328 euj
612 2276 681 2313 us
693 2262 860 2313 sedes
877 2265 1041 2314 vacat
1050 2261 1203 2326 apud
1215 2259 1515 2325 Ugheilum
1528 2265 1661 2313 ante
1679 2262 1957 2313 saeculum
1974 2276 2109 2313 sex-

510 2338 655 2385 tum.
690 2333 931 2383 Ruﬁnus
956 2335 1105 2384 certe
1122 2333 1593 2396 quotiescumque
1610 2333 1828 2397 Aquilej
1841 2334 1995 2385 ensis
2006 2336 2109 2386 Ec-

510 2403 701 2457 clesiae
711 2403 1067 2467 disciplinam
1077 2403 1329 2465 adducit,
1341 2404 1509 2455 multi
1518 2403 1731 2456 tudinis
1742 2419 1774 2452 n
1783 2420 1953 2453 umero
1967 2420 2111 2454 usur-

515 2480 669 2540 pato,
699 2487 825 2527 eam
848 2475 1130 2524 Laurentii
1140 2474 1372 2538 perinde
1387 2487 1454 2526 ac
1468 2487 1637 2527 suam
1676 2476 1836 2525 facere
1861 2475 2109 2528 videtur.

512 2545 706 2599 Ruﬁni
730 2546 926 2597 verbIs
960 2545 1070 2598 hoc
1086 2546 1285 2598 doceo:
1328 2546 1449 2595 Duo
1465 2546 1554 2594 isti
1582 2547 2114 2597 scrmonesinEccle-

515 2618 606 2667 sise
627 2619 888 2667 Romanae
910 2616 1157 2682 Symbolo
1174 2616 1441 2667 habentur
1467 2617 1687 2667 Constat
1706 2618 1857 2680 apud
1879 2629 1994 2670 N08
2020 2619 2114 2667 ad-

508 2689 670 2747 ditos,
697 2689 950 2738 hcereseos
988 2704 1181 2738 caussa
1226 2687 1463 2747 Sabellii,
1503 2686 1652 2737 illius
1680 2689 1911 2752 profecto
1937 2705 2058 2753 quae
2082 2705 2117 2739 α

513 2773 717 2809 nosrms
752 2760 1171 2824 Patripassiana
1210 2758 1533 2823 appellatur.
1568 2760 1639 2810 Et
1674 2770 1811 2810 mox
1840 2774 1853 2810 :
1889 2762 1953 2811 L't
1993 2776 2117 2825 ergo

515 2830 826 2879 excludetur
847 2831 971 2880 talis
1000 2832 1248 2896 impietas
1288 2830 1352 2879 de
1392 2829 1568 2887 Patre,
1605 2828 1857 2879 videntur
1882 2832 1993 2881 hcce
2016 2833 2119 2882 ad-

521 2903 716 2982 didisse
732 2913 999 2956 ussosns
1016 2914 1255 2982 NCS’I’RI,
1269 2900 1707 2982 Ihoc‘estRutini
1726 2907 1784 2953 et
1796 2904 1836 2953 L
1847 2906 2092 2982 aurentii
2106 2959 2119 2982 ,

516 2974 568 3026 si
592 2974 738 3028 bene
760 2986 1028 3039 auguror.
1053 2974 1205 3025 Alibi
1230 2973 1337 3025 ait:
1363 2973 1433 3023 Et
1460 2972 1577 3023 ideo
1593 2976 1724 3024 satis
1756 2981 1908 3025 caute
1949 2972 2122 3028 Ecelel

506 3045 597 3096 sia
631 3059 819 3097 ΝοετΕΔ
856 3046 1042 3096 Fidem
1071 3043 1314 3109 Symboli
1349 3044 1508 3096 docet.
1547 3047 1686 3098 Haec
1710 3048 1863 3098 enim
1889 3060 2113 3112 semper

513 3118 584 3169 ad
608 3131 793 3170 unum
804 3117 1078 3169 Rufinum
1092 3114 1406 3178 referri,vix
1417 3117 1680 3179 puto,sed
1692 3118 1763 3169 ad
1776 3130 1907 3169 eum
1919 3119 2111 3177 etiam,

515 3200 687 3253 quem
699 3187 1022 3255 alloquitur,
1039 3186 1397 3237 Laurentium
1417 3188 1739 3252 episcopum.
1756 3192 1861 3238 Jam
1885 3192 1948 3239 ad
1972 3203 2104 3255 pro-

511 3254 767 3323 posituin
779 3256 1102 3309 redeamus.
1126 3257 1325 3320 Itaque
1349 3258 1593 3310 Rufinus
1608 3259 1907 3323 praemissa
1936 3273 2109 3313 excu-

513 3328 755 3387 satione,
779 3339 894 3391 qua
908 3327 1254 3391 singularem
1288 3340 1454 3380 suam
1471 3329 1813 3381 modestiam
1825 3332 2106 3394 patefacit,
2122 3329 2127 3335 ’

513 3412 659 3464 opus
682 3400 873 3463 ipsum
895 3397 1243 3463 adgreditur.
1269 3399 1486 3451 Tamen
1509 3413 1615 3451 nec
1640 3400 1862 3450 idoneus
1883 3402 1955 3453 ad
1980 3404 2111 3455 scri-

513 3469 770 3523 bendum
792 3469 987 3522 haberi
1008 3469 1150 3529 vult,
1174 3482 1281 3521 nec
1306 3469 1559 3534 ignarus,
1580 3484 1754 3534 quam
1774 3484 1893 3524 non
1907 3473 1974 3523 sit
1998 3473 2111 3523 abs-

513 3557 615 3611 que
632 3541 871 3607 periculo
894 3540 1191 3590 multorum
1198 3540 1425 3603 judiciis
1437 3542 1717 3605 ingenium
1735 3548 1888 3592 tenue
1910 3550 1955 3593 et
1978 3545 2113 3594 exile

514 3614 863 3663 committere:
889 3612 1100 3676 quibus
1123 3612 1314 3663 verbis
1338 3612 1578 3664 fortasse
1595 3613 1864 3665 invidiam
1882 3615 1990 3667 sibi
2009 3630 2111 3668 nu-

513 3696 616 3748 per
633 3685 705 3735 ab
723 3684 1051 3747 Hieronymi
1065 3683 1403 3736 necessariis
1420 3685 1728 3736 conﬂatam
1744 3688 1989 3747 designat.
2018 3690 2111 3737 Sed

512 3756 693 3808 fretus
704 3756 988 3805 Laurentii
1003 3756 1254 3820 Episcopi
1267 3756 1550 3820 precibus,
1570 3758 1783 3820 quibus
1794 3756 1945 3821 apud
1958 3762 2109 3808 Deum

512 3827 801 3889 petitionis
824 3827 1110 3891 impositm
1131 3828 1467 3879 nessitatem
1488 3828 1674 3891 juvari
1700 3829 1969 3892 postulat,
1995 3829 2113 3879 obe-

513 3899 728 3948 dientia:
750 3899 927 3963 magis
946 3915 965 3946 ν
979 3900 1259 3956 everentia,
1286 3914 1455 3963 quam
1467 3900 1676 3963 ingenii
1697 3903 2112 3965 praesumptione

514 3982 577 4021 se
599 3970 785 4022 dicere
804 3972 1156 4023 tentaturum
1179 3971 1444 4033 affirmat,
1470 3982 1604 4034 quae
1624 3971 1841 4034 quidem
1866 3979 2112 4021 nontam

506 4041 865 4107 perfecth
881 4042 1150 4091 exercitiis
1169 4042 1343 4105 digna
1380 4041 1685 4106 videantur,
1700 4057 1889 4106 .quam
1912 4043 2113 4106 quaead

508 4113 865 4177 parvulorum
908 4113 971 4160 in
996 4113 1205 4163 Christo
1229 4118 1273 4161 et
1296 4113 1696 4175 insipientium,
1718 4114 1992 4177 librentur,
2017 4130 2113 4164 au-

513 4183 573 4231 di
580 4189 711 4234 tum.
734 4182 1052 4235 Nonnullos
1068 4195 1141 4234 ex
1153 4182 1553 4234 ecclesiasticis
1570 4183 1991 4235 Tractatoribus
2007 4184 2111 4235 ali-

512 4266 629 4317 qua
663 4252 735 4304 de
763 4252 1033 4317 Symbolo
1052 4253 1142 4318 pie
1176 4258 1222 4301 et
1244 4252 1467 4302 breviter
1490 4252 1738 4305 edidisse
1764 4257 2022 4317 testatur,
2056 4259 2115 4307 et

509 4324 713 4375 Photin
720 4338 813 4372 um
825 4324 998 4375 etiam
1011 4323 1377 4375 Sirmiensem
1390 4324 1919 4388 Episcopum.Hunc
1931 4332 2112 4377 tamen.

509 4407 647 4459 non,
666 4400 731 4447 ut
751 4396 1030 4447 rationem
1044 4406 1199 4447 verse
1214 4394 1369 4445 Fidei
1385 4393 1750 4446 audientibus
1767 4396 2111 4460 explanaret,

512 4466 615 4518 sed
658 4471 726 4518 ut
767 4466 1099 4531 simpliciter
1133 4465 1285 4518 dicta
1330 4465 1402 4517 ad
1448 4472 1854 4530 argumentum
1879 4469 2109 4517 heretici

512 4535 800 4599 dogmatis
812 4537 1079 4589 traheret.
1094 4538 1163 4589 Se
1174 4550 1310 4589 vero
1325 4538 1403 4588 ait
1419 4538 1554 4601 Sym
1562 4536 1670 4589 boli
1687 4538 2109 4601 simplicitatem

510 4607 707 4659 verbis
742 4609 983 4672 Apostoli
1006 4613 1421 4669 enarraturum,
1452 4609 1531 4657 vel
1552 4624 1670 4672 quae
1701 4611 1901 4659 omissa
1922 4611 2110 4660 viden-

514 4683 603 4727 tur
624 4692 661 4726 α
691 4678 967 4742 prioribus
993 4679 1452 4743 adimpleturum.
1484 4680 1816 4744 Symbolum
1850 4682 2018 4739 Fidei,
2044 4685 2111 4732 ut

512 4763 769 4797 normam
789 4748 990 4810 futurae
1008 4750 1411 4813 prxdicationis
1433 4755 1478 4799 cl
1504 4752 1749 4815 regulam
1777 4752 2104 4803 credentibus

512 4819 779 4881 dandam,
792 4820 1115 4871 confectum
1126 4822 1206 4872 ait
1219 4822 1291 4872 ab
1308 4823 1596 4886 Apostolis
1615 4824 1675 4874 in
1696 4835 1810 4875 uno
1830 4825 2030 4887 positis
2045 4829 2105 4876 et

512 4890 726 4953 Spiritu
757 4891 965 4942 Sancto
998 4892 1225 4954 repletis
1251 4906 1264 4941 :
1290 4904 1404 4956 qua
1426 4893 1487 4944 in
1517 4906 1578 4945 re
1614 4893 1687 4945 ad
1718 4894 2104 4946 universalem

511 4962 772 5012 omnium
796 4962 1175 5014 Ecclesiarum
1198 4964 1561 5016 traditionem
1575 4966 1845 5029 appellat;
1874 4968 1983 5015 haec
2000 4971 2105 5015 tra-

511 5032 647 5081 ditio
674 5033 921 5082 Ecclesiis
965 5033 1099 5082 data
1125 5039 1212 5083 est.
1264 5035 1505 5084 Tradunt
1524 5036 1754 5099 majores
1778 5037 1970 5084 nostri.
1996 5038 2105 5087 Du-

510 5103 782 5167 pinumin
807 5107 960 5156 temo
974 5106 1039 5156 V.
1065 5106 1431 5158 Bibliotheca:
1442 5107 1643 5170 quinto
1657 5106 1870 5157 seeculo
1881 5109 2101 5167 primum

509 5177 569 5225 et
585 5174 774 5226 solum
791 5176 1062 5227 Ruﬁnum
1076 5178 1379 5240 Apostolos
1397 5178 1641 5241 symboli
1652 5182 1913 5228 auctores
1928 5180 2104 5227 fecisse

510 5245 1046 5307 aﬂlrmantem,hinc
1066 5249 1235 5312 spissi
1250 5250 1455 5300 erroris
1467 5251 1595 5312 jure
1613 5251 1778 5309 arguit
1801 5249 2104 5301 Matthmus

510 5317 848 5369 Petidierius
890 5318 949 5369 in
992 5320 1605 5371 Animadversionibus
1648 5322 1785 5370 tom.
1813 5320 1835 5368 I
1860 5332 1986 5382 pag.
2013 5319 2100 5373 96.

510 5387 827 5451 Symbolum
855 5390 1067 5441 Greece.
1102 5391 1301 5442 Latine
1331 5390 1558 5452 collatio,
1605 5390 1894 5455 indicium,
1940 5391 2016 5439 vel
2038 5392 2104 5439 si-

509 5473 699 5523 gnum,
737 5460 943 5513 Ruﬁno
979 5466 1085 5520 est,
1110 5462 1379 5524 quoniam
1417 5460 1675 5525 Apostoli
1696 5462 1758 5511 in
1782 5474 1940 5512 unun
1970 5475 2101 5513 con-

508 5530 929 5596 tuleruntquod
941 5533 1341 5595 unusquisque
1358 5532 1556 5595 sensit,
1573 5536 1630 5582 et
1647 5533 1945 5595 quiaistud
1964 5534 2018 5581 in
2027 5534 2104 5581 di-

510 5602 655 5649 cium
678 5617 788 5651 non
814 5604 973 5651 scribi
1007 5604 1271 5653 chartulis
1291 5608 1390 5651 aut
1417 5603 1762 5665 membranis,
1787 5604 1875 5653 sed
1897 5606 2103 5667 requiri

510 5672 839 5721 credentium
850 5674 977 5722 cord
982 5674 1097 5723 ibus
1110 5674 1232 5721 trad
1238 5674 1387 5723 ideru
1394 5680 1468 5735 nt,
1473 5690 1567 5738 per
1577 5676 1721 5738 quod
1734 5680 2102 5738 agnosceretur

510 5741 574 5802 is,
600 5744 696 5805 qui
720 5744 995 5793 Christum
1016 5760 1147 5806 vere,
1172 5746 1465 5794 secundum
1489 5746 1865 5810 Apostolorum
1889 5747 2102 5809 regulas

506 5813 821 5874 praedicaret
835 5820 974 5865 tunc
983 5817 1390 5879 maximc,dum
1401 5818 1558 5866 multi
1569 5832 1635 5866 an
1650 5818 2102 5868 circumeuntiwa

507 5882 713 5936 Judaeis
732 5884 1062 5935 simulabant
1077 5900 1127 5936 se
1142 5902 1244 5936 esse
1267 5889 1540 5953 Apostolos
1558 5890 1829 5951 Christi,et
1851 5888 1989 5939 lucri
2005 5890 2103 5938 ali-

2132 4631 2190 4704 D

2214 529 2700 593 bantur,nominan
2712 534 2779 578 tes
2792 530 3009 593 quidem
3030 530 3327 591 Christum,
3343 532 3431 580 sed
3452 548 3565 583 non
3594 536 3815 599 integris

2209 601 2557 649 traditionem
2600 601 2753 649 lineis
2798 602 3134 653 nunciantes.
3176 602 3238 653 Id
3267 604 3530 667 exemplo
3557 618 3594 657 a
3615 607 3814 658 militia

2207 674 2385 735 petito
2430 672 2694 735 illustrat,
2739 672 2838 722 ubi
2884 672 3132 736 Symbolo
3166 674 3255 724 vel
3282 677 3499 727 tessera
3524 678 3721 729 socius
3742 680 3813 730 ab

2207 741 2375 794 hoste
2388 741 2903 805 distinguitur.Hoc
2916 743 3255 806 Symbolum
3269 748 3622 809 Apostolicaa
3637 750 3811 811 Fidei,

2208 814 2364 877 quod
2380 814 2595 863 verbum
2608 814 2926 877 breviatum,
2943 820 3001 865 et
3012 814 3291 865 brevialem
3300 833 3605 869 sermonem
3619 825 3804 879 vocat,

2207 897 2340 935 cum
2369 885 2721 948 Aquilejensi
2753 886 3123 936 commissum
3153 889 3500 951 expandam,
3533 892 3810 954 quoniam

2207 956 2450 1009 Ruﬁnus
2474 961 2786 1021 utrumque
2816 958 3185 1010 committens
3203 961 3413 1023 pariter
3443 961 3715 1026 explicat.

2586 1057 2628 1107 Ι.
3379 1059 3449 1110 ΙΙ.

2243 1142 2557 1209 Symbolum
2578 1142 2964 1263 tApostolicum
3056 1141 3367 1208 Symbolum
3418 1144 3779 1212 Aquilejense.

2517 1230 2573 1263 ve
2600 1230 2679 1263 us.

2517 1230 2679 1265 vetus.

2272 1301 2448 1355 Credo
2482 1301 2541 1354 in
2560 1304 2745 1354 Deum
2768 1303 2992 1354 Patrem
3084 1302 3261 1355 Credo
3333 1303 3395 1357 in
3462 1306 3584 1359 Deo
3651 1308 3816 1361 Patre

2208 1375 2659 1437 omnipotentem
2692 1412 2707 1437 ,
2792 1377 2849 1425 et
2931 1373 2992 1423 in
3022 1376 3431 1441 omnipotente,
3470 1378 3736 1428 invisibili
3769 1386 3815 1428 rt

2208 1446 2497 1497 Christum
2560 1447 2796 1506 Jesum,
2863 1444 2993 1496 uni-
3024 1447 3362 1512 impassibili,
3403 1453 3461 1500 et
3502 1450 3563 1501 in
3589 1450 3816 1502 Christo

2208 1530 2340 1568 eum
2386 1518 2513 1580 ejus
2554 1517 2758 1568 Filium
2801 1516 2994 1569 Domi-
3020 1521 3161 1570 Jesu
3182 1519 3352 1571 unico
3386 1520 3506 1573 Filo
3529 1522 3664 1585 ejus
3703 1524 3818 1575 Do-

2207 1600 2349 1639 num
2412 1593 2675 1639 nostrum
2740 1587 2838 1651 qui
2895 1600 2995 1639 na-
3022 1590 3180 1642 mino
3222 1597 3440 1653 nostro,
3492 1593 3592 1656 qui
3637 1600 3814 1645 natus

2213 1663 2306 1710 tus
2358 1660 2448 1709 est
2492 1658 2564 1710 de
2609 1658 2819 1722 Spiritu
2852 1659 2995 1709 San-
3023 1662 3201 1711 estde
3250 1663 3461 1726 Spiritu
3490 1664 3704 1717 Sancto
3742 1680 3814 1717 ex

2210 1735 2301 1781 cto
2366 1743 2437 1780 ex
2499 1730 2675 1781 Maria
2741 1730 2991 1792 Virgine,
3025 1734 3201 1785 Maria
3221 1734 3467 1797 Virgine,
3494 1738 3815 1789 cruciﬁxus

2212 1801 2523 1853 cruciﬁxus
2602 1803 2712 1853 sub
2792 1803 2993 1870 Pontio
3029 1805 3140 1855 sub
3181 1806 3379 1856 Pontio
3418 1804 3617 1869 Pilato,
3645 1813 3707 1859 et
3731 1822 3819 1860 se-

2212 1872 2406 1936 Pilato,
2466 1877 2524 1924 et
2574 1872 2835 1936 sepultus
2901 1873 2994 1924 de-
3022 1876 3223 1940 pultus
3268 1876 3568 1929 descendit
3613 1879 3689 1933 ad
3732 1880 3818 1930 in-

2205 1943 2430 1995 scendit
2461 1944 2535 1995 ad
2581 1944 2815 1996 inferna.
2864 1945 2996 1995 Ter-
3025 1946 3197 1998 terna.
3232 1946 3417 1999 Tertia
3474 1948 3566 2001 die
3628 1962 3818 2003 resur-

2205 2016 2285 2065 tia
2314 2015 2404 2065 die
2432 2014 2746 2066 resurrexit
2775 2026 2810 2065 a
2842 2027 2995 2065 mor—
3023 2018 3172 2069 rexit
3193 2030 3229 2069 a
3248 2019 3511 2070 mortuis.
3538 2022 3819 2073 Ascendit

2204 2085 2341 2136 tuis.
2407 2085 2681 2136 Ascendit
2741 2084 2814 2135 ad
2878 2087 2997 2136 ϐω·
3023 2088 3094 2139 ad
3141 2088 3342 2140 leos.
3389 2089 3555 2142 Sedet
3580 2091 3819 2144 addex-

2204 2156 2309 2209 los.
2361 2157 2528 2208 Sedet
2577 2156 2649 2208 ad
2698 2155 2994 2208 dexteram
3026 2164 3206 2211 teram
3241 2160 3443 2212 Patris.
3501 2162 3643 2214 Inde
3679 2176 3817 2215 ven-

2208 2227 2408 2279 Patris.
2435 2227 2575 2279 Inde
2598 2232 2877 2279 venturus
2907 2234 2996 2280 est
3027 2235 3191 2282 turus
3206 2231 3557 2296 estjudicare
3570 2234 3747 2287 vivos
3764 2240 3818 2285 et

2203 2302 2455 2367 judicare
2473 2304 2638 2354 vivos
2659 2307 2717 2354 et
2735 2306 2994 2354 mortuos
3024 2303 3299 2353 mortuos.
3357 2302 3427 2353 Et
3486 2303 3549 2354 in
3604 2304 3816 2367 Spiritu

2212 2376 2281 2427 Et
2304 2373 2363 2424 in
2384 2374 2592 2437 Spiritu
2606 2375 2828 2425 Sancto.
2855 2376 2997 2425 San-
3026 2374 3251 2423 Sancto.
3302 2374 3572 2426 Sanctam
3624 2376 3819 2427 Eccle-

2211 2449 2363 2495 ctam
2396 2444 2741 2505 Ecclesium;
2774 2445 2997 2496 Remis-
3028 2444 3191 2495 siam.
3242 2445 3662 2498 Remissionem
3688 2461 3819 2513 pec-

2214 2515 2434 2566 sionem
2455 2518 2811 2579 peccatorum
2839 2519 3000 2579 ;Car-
3028 2520 3305 2569 catorum.
3365 2518 3568 2572 HUJUS
3626 2521 3817 2583 carnis

2214 2586 2305 2637 nis
2328 2586 2824 2638 resurrectionem.
3029 2588 3495 2642 resurectionem.

2278 2683 2570 2734 Hactenus
2586 2688 2896 2746 utrumque
2921 2684 3270 2748 Symbolum,
3297 2686 3467 2748 paulo
3490 2690 3820 2743 accuratius

2217 2765 2393 2817 quam
2407 2753 2467 2803 in
2489 2754 2685 2805 tabula
2707 2758 2954 2816 quatuor
2978 2759 3237 2806 veterum
3255 2757 3659 2820 Symbolorum
3683 2768 3819 2813 ante

2218 2825 2464 2889 primum
2489 2828 2707 2876 tomum
2725 2825 3087 2878 Bibliothecm
3103 2828 3462 2891 Dupinianm.
3478 2833 3533 2878 In
3546 2834 3818 2881 editionem

2218 2897 2661 2960 Lugdunensem
2678 2911 2792 2949 vox
2809 2898 3142 2947 Catholicam
3159 2906 3269 2959 post
3280 2901 3327 2949 E
3328 2900 3572 2950 cclesiam
3589 2905 3816 2965 irrepsit,

2219 2970 2364 3020 Nam
2388 2969 2554 3020 abest
2575 2981 2610 3020 a
2632 2970 2836 3021 ceteris
2854 2970 3416 3035 editionibus,neque
3430 2984 3465 3023 a
3483 2974 3695 3026 Ruﬁno
3717 2988 3819 3026 ex-

2220 3040 2475 3103 plicatur.
2496 3040 2650 3091 Idem
2674 3042 2953 3105 interpres
2986 3042 3230 3092 Rufinus
3251 3043 3510 3106 singulos
3534 3045 3813 3097 articulos

2212 3113 2408 3162 contra
2435 3112 2737 3163 hmreticos
2766 3117 2824 3163 et
2848 3124 3101 3175 paganos
3118 3117 3277 3165 tanta
3290 3115 3603 3167 reconditas
3620 3119 3678 3167 et
3693 3118 3816 3169 sin-

2215 3183 2443 3234 cerioris
2487 3183 2760 3234 doctrinm
2806 3185 2967 3247 copia
3011 3189 3071 3235 et
3102 3184 3433 3237 excellentia
3459 3189 3719 3250 exponit,
3750 3195 3818 3240 ut

2214 3254 2355 3305 nihil
2378 3254 2611 3305 doctore
2634 3257 2691 3304 et
2713 3254 2979 3317 theologo
2995 3255 3317 3306 Christiano
3332 3256 3565 3320 dignius
3586 3260 3818 3322 excogi-

2212 3327 2319 3377 tari
2359 3324 2557 3388 possit.
2606 3324 2906 3387 Observat,
2940 3325 3001 3375 in
3042 3324 3286 3376 diversis
3316 3328 3584 3378 Ecclesiis
3616 3329 3819 3392 aliqua

2212 3396 2411 3458 primis
2457 3396 2645 3447 verbis
2691 3396 2856 3446 Credo
2902 3397 2959 3443 in
2986 3397 3092 3445 Deo
3116 3397 3278 3445 Patre
3299 3398 3680 3461 omnipotente,
3709 3403 3819 3452 ad—

2204 3467 2358 3530 jecta
2379 3466 2641 3517 inveniri.
2672 3468 2735 3515 In
2757 3465 2991 3515 Ecclesia
3017 3473 3193 3515 tamen
3214 3468 3435 3531 (inquit)
3464 3468 3610 3517 urbis
3632 3472 3819 3520 Romae

2214 3538 2310 3587 hoc
2328 3553 2439 3586 non
2450 3538 2868 3602 deprehenditur
2882 3538 3256 3601 factum,quod
3278 3554 3370 3602 ego
3398 3546 3687 3603 pmpterea
3710 3558 3817 3591 esse

2213 3609 2467 3670 arbitror,
2484 3609 2629 3672 quod
2646 3624 2811 3671 neque
2834 3610 3043 3657 haeresis
3060 3610 3175 3657 ulla
3192 3610 3265 3658 ibi
3288 3612 3481 3659 sumsit
3500 3615 3730 3661 exordii:
3742 3631 3815 3675 ιη,

2211 3685 2259 3728 et
2291 3695 2405 3729 mos
2428 3680 2565 3728 inibi
2586 3686 2829 3729 servatur
2850 3681 3129 3743 antiquus,
3160 3696 3261 3741 eos,
3289 3682 3386 3745 qui
3409 3684 3650 3745 gratiam
3674 3685 3817 3749 bap-

2214 3752 2359 3799 tismi
2403 3752 2699 3815 suscepturi
2743 3756 2889 3803 sunt;
2912 3751 3135 3814 publice,
3164 3753 3295 3801 idest
3316 3754 3583 3801 Fide/ium
3607 3762 3815 3819 populo

2212 3822 2480 3877 audiente,
2509 3821 2822 3885 Symbolum
2850 3822 3083 3873 reddere.
3112 3823 3255 3873 Hinc
3287 3824 3550 3886 publicus
3574 3828 3817 3877 auditus

2211 3893 2590 3955 adjectionem
2636 3893 2850 3943 nullam
2894 3892 3252 3944 admittebat.
3298 3898 3507 3946 Contra
3539 3896 3601 3944 in
3625 3901 3813 3946 ceteris

2213 3964 2338 4012 locis
2365 3969 2583 4028 propter
2624 3964 2916 4013 nonnullos
2954 3965 3220 4014 haereticos
3245 3966 3437 4015 addita
3460 3969 3719 4031 quaedam
3748 3972 3819 4018 vi-

2212 4036 2345 4094 deri,
2371 4050 2468 4099 per
2506 4050 2627 4099 quae
2677 4035 2891 4085 novellae
2915 4036 3168 4086 doctrinas
3196 4052 3381 4086 sensus
3399 4039 3704 4089 crederetur
3726 4056 3818 4089 car.-

2210 4107 2358 4156 cludi
2378 4121 2394 4154 :
2407 4107 2619 4169 quibus
2632 4107 2827 4158 statim
2839 4108 2951 4158 ista
2967 4108 3254 4159 subnectit
3271 4123 3285 4159 :
3308 4109 3421 4158 Nos
3443 4116 3625 4159 tamen
3650 4112 3814 4161 illum

2210 4179 2456 4228 ordinem
2466 4179 2671 4241 sequium
2678 4194 2925 4243 ur,q-uem
2939 4180 2999 4227 in
3014 4181 3055 4229 A
3064 4180 3345 4243 quilejensi
3354 4182 3589 4230 Ecclesia
3603 4182 3818 4233 lavacri

2211 4250 2394 4313 gratia
2413 4250 2755 4313 suscepimus.
2776 4250 2879 4301 Vel
2889 4250 2998 4301 hoc
3012 4264 3195 4302 unum
3208 4252 3422 4314 primos
3432 4253 3610 4315 hujus
3631 4268 3818 4319 opus-

2212 4320 2325 4371 culi
2348 4320 2613 4371 editionis
2649 4324 2915 4372 auctores
2951 4334 3183 4373 monere
3210 4322 3521 4387 debuisset,
3558 4337 3635 4376 ne
3673 4326 3815 4377 illud

2216 4391 2512 4454 Cypriane,
2526 4402 2633 4441 nec
2645 4392 2978 4455 Hieronymo
2989 4392 3396 4454 adscriberent,
3412 4406 3659 4456 quorum
3674 4410 3820 4448 neu-

2212 4465 2300 4512 ter
2343 4462 2403 4510 in
2440 4462 2772 4526 Aquilejensi
2801 4463 3034 4512 Ecclesia
3064 4464 3268 4513 lavacri
3289 4466 3531 4527 gratiam
3561 4470 3814 4533 suscepit.

2209 4534 2388 4586 Suum
2413 4532 2575 4585 illum
2597 4534 2855 4586 ordinem
2892 4536 3277 4600 Aquilejensis
3306 4537 3581 4590 Ecclesia
3612 4540 3698 4590 ita
3720 4553 3814 4592 ex-

2209 4604 2396 4668 plicat.
2432 4606 2532 4654 His
2578 4608 2821 4665 (Patrem
2852 4607 3321 4670 omnipotentem)
3373 4609 3821 4661 additurzlnvi-

2208 4675 2415 4725 sibitem
2437 4682 2482 4725 ct
2526 4677 2929 4741 impassibilem.
2972 4678 3264 4728 Sciendum
3287 4681 3431 4743 quod
3464 4681 3571 4730 duo
3599 4682 3693 4731 isti
3717 4700 3822 4732 ser-

2210 4761 2393 4796 mones
2416 4748 2477 4795 in
2500 4748 2742 4798 Ecclesia:
2784 4749 3045 4798 Romana:
3090 4749 3335 4812 Symbolo
3382 4767 3492 4799 non
3519 4752 3816 4802 habentur.

2205 4819 2424 4869 Constat
2452 4825 2631 4869 autem.
2675 4821 2827 4885 apud
2848 4835 2947 4870 nos
2974 4822 3185 4870 additos
3210 4823 3455 4872 hereseos
3475 4839 3678 4875 caussa
3704 4827 3817 4876 Sa-

2200 4889 2359 4952 bellii,
2386 4891 2532 4941 illius
2552 4891 2800 4955 profecto,
2823 4907 2939 4956 quae
2962 4907 2999 4940 α
3034 4894 3232 4942 nostris
3269 4895 3698 4958 Patripassiana
3724 4914 3818 4961 ap—

2201 4962 2449 5023 pellatur,
2496 4963 2643 5027 idest,
2676 4978 2792 5026 qum
2818 4968 2866 5011 el
2894 4964 3112 5013 Patrem
3152 4965 3333 5029 ipsum
3360 4966 3437 5014 vel
3484 4981 3552 5015 ea!
3585 4968 3817 5033 Virgine

2201 5038 2400 5082 natum
2433 5034 2578 5096 dicit,
2617 5040 2662 5083 et
2697 5034 2957 5083 visibilem
2976 5035 3186 5097 factum
3229 5052 3349 5097 esse,
3374 5037 3450 5086 vel
3470 5052 3706 5101 passum
3729 5040 3815 5102 af-

2200 5105 2387 5166 ﬁrmat
2409 5106 2471 5155 in
2496 5119 2680 5156 Carne.
2717 5107 2780 5155 Ut
2820 5120 2944 5170 ergo
2985 5107 3357 5157 excluderetur
3385 5109 3511 5157 talis
3536 5110 3813 5175 impietas,

2201 5175 2265 5223 de
2277 5177 2438 5226 Patre
2454 5178 2703 5226 videntur
2715 5178 2825 5226 haec
2841 5178 3110 5227 addidisse
3138 5180 3229 5227 Ma
3226 5178 3387 5243 jores,
3403 5186 3448 5229 et
3475 5181 3678 5231 invisit)
3686 5183 3812 5231 item

2200 5246 2419 5297 Patrem
2456 5254 2614 5312 atque
2644 5249 3028 5313 impassibilem
3051 5249 3265 5299 dixisse.
3300 5251 3519 5301 Constat
3541 5253 3697 5303 enim
3724 5256 3817 5302 Fi-

2202 5320 2357 5381 lium,
2401 5336 2513 5369 non.
2550 5321 2767 5370 Patrem
2790 5321 3149 5369 incarnatum
3172 5328 3216 5370 et
3239 5337 3305 5370 ac
3327 5338 3489 5371 carne
3514 5330 3735 5383 natum,
3764 5333 3811 5373 et

2200 5407 2267 5441 ea:
2290 5392 2570 5440 nativitate
2585 5393 2767 5440 curn-is
2783 5392 2984 5440 Filium
3003 5392 3261 5441 visibilem
3284 5400 3330 5441 et
3350 5393 3665 5458 passibilem
3690 5399 3814 5458 fac-

2203 5469 2337 5511 tum.
2362 5462 2678 5513 Orientales
2713 5462 2991 5513 Ecclesias
3002 5476 3146 5526 pene
3169 5477 3372 5515 omnes
3397 5465 3457 5515 in
3480 5467 3684 5527 primis
3710 5481 3812 5518 ar—

2201 5533 2390 5584 ticulis
2413 5533 2636 5585 tradere
2659 5534 3063 5585 animadvertit
3090 5548 3102 5583 :
3143 5535 3308 5583 Credo
3332 5536 3393 5583 in.
3428 5551 3607 5584 unum
3636 5539 3813 5586 Deum

2198 5605 2417 5654 Patrem
2440 5605 2874 5667 omnipotentem;
2894 5610 2940 5653 et
2962 5605 3025 5654 in
3051 5605 3329 5655 Christum
3347 5607 3551 5669 Jcsum,
3578 5611 3807 5657 unicum

2199 5676 2403 5724 Filium
2424 5675 2554 5737 ejus,
2580 5676 2877 5725 Dominum
2895 5682 3153 5725 nostrum.
3176 5677 3398 5729 Scilicet
3420 5690 3537 5728 non
3559 5691 3810 5731 numero

2198 5762 2395 5810 unum,
2418 5748 2517 5797 sed
2542 5748 2944 5799 universitate:
2971 5749 3069 5812 qui
3087 5754 3384 5812 prepterea
3400 5765 3545 5799 unus
3566 5750 3807 5815 dicitur,

2199 5818 2354 5882 quod
2387 5818 2533 5870 alius
2561 5832 2678 5871 non
2717 5821 2807 5870 sit.
2840 5820 2985 5880 Quid
3009 5821 3120 5879 Dei,
3152 5820 3289 5883 quid
3313 5821 3496 5869 Patris
3522 5825 3812 5875 vocabula

2197 5890 2466 5955 indicent,
2491 5893 2685 5955 paucis
2709 5892 2978 5957 exponit;
3003 5890 3222 5946 Divinaa
3258 5891 3646 5958 generationis
3678 5895 3814 5949 Filii
