3894 6416
82 405 175 461 253

1289 399 1482 453 VlTA.
1521 401 1654 453 LIB.
1676 388 1759 454 ‘II.
1794 400 1947 453 CAP.
1987 400 2137 452 XIV.

3256 397 3364 454 254

79 507 109 547 ει
133 492 301 575 Petra
327 484 1238 575 ωζξφιῖίῖξφὲξιβςτξξξξξθξὲψε
1259 489 1663 575 seseese
1680 498 1739 575 Α
1827 487 1911 575 Ψ-
1940 485 2220 575 tesseris
2242 486 2378 575 res

77 563 385 615 credendum
397 563 618 614 Patrem
640 560 794 613 unici
815 559 939 612 Filii
963 561 1066 614 Dei
1079 560 1304 613 Domini
1320 562 1521 625 nostri,
1545 573 1663 614 non

77 635 461 687 discutiendum
478 645 627 696 esse,
658 634 1019 698 pronunciat.
1045 635 1361 698 Postquam
1384 633 1568 687 multa
1593 633 1666 686 de

79 707 203 759 Filio
228 705 328 757 Dei
357 705 543 767 unico,
583 704 655 756 de
679 704 973 770 Trinitate,
1012 705 1198 768 deque
1229 704 1461 769 Virgine
1485 709 1665 757 matre

80 779 321 836 dixisset,
336 781 536 828 contra
547 778 906 841 Paganorum
930 777 1373 829 obtrectationes
1399 776 1661 841 insurgit,

79 863 174 902 nos
194 848 565 912 irridentium,
592 849 820 912 quando
835 848 1079 901 audiunt
1093 849 1391 913 praedicari
1415 848 1665 912 Virginis

84 925 307 987 partum,
354 921 564 984 quibus
612 920 709 971 ubi
752 921 1068 973 secundum
1095 934 1333 974 sensum
1356 933 1555 974 eorum
1575 932 1668 972 re-

82 992 312 1057 spondit,
327 992 456 1044 haac
469 991 665 1043 subdit
689 1007 702 1043 :
719 992 798 1042 Ni
830 993 911 1042 hil
932 992 1008 1042 ibi
1026 994 1191 1043 ducas
1208 991 1551 1057 impossibile,
1574 990 1668 1040 ubi

83 1066 253 1114 aderat
277 1064 447 1113 virtus
476 1063 764 1126 Altissimi,
796 1064 957 1116 Nihil
994 1066 1056 1115 de
1094 1067 1345 1116 humu-na
1369 1064 1669 1129 fragilitate
1750 1100 1755 1103 -

83 1136 253 1201 cogites
285 1135 378 1185 ubi
400 1134 680 1200 plenitudo
722 1137 900 1186 inerat
932 1137 1458 1201 divinitutis.N0tat,
1479 1137 1542 1188 in
1574 1138 1671 1188 E0-

86 1207 255 1258 clesiai
281 1207 559 1259 Romana
584 1208 640 1258 et
662 1206 1034 1260 Orientalium
1051 1208 1318 1272 Symbolo
1334 1221 1453 1261 non
1473 1207 1671 1261 haberi

86 1277 388 1337 articulum,
428 1278 695 1328 descendit
729 1279 802 1329 ad
853 1280 1095 1343 inferna,
1140 1280 1261 1333 vim
1297 1283 1490 1334 tamen
1511 1280 1672 1334 verbi

86 1350 305 1402 eandem
326 1364 433 1400 esse
456 1350 519 1399 in
539 1366 595 1401 eo
620 1352 764 1415 quod
786 1352 1023 1416 sepultus
1037 1352 1255 1401 dicitur.
1275 1353 1442 1405 Hunc
1457 1353 1670 1405 articu-

1825 565 1903 611 11.
1938 559 2220 611 Johannis
2249 557 2650 622 Apocalypsis.

1823 630 2064 681 Rufinus
2086 630 2244 682 hunc
2260 629 2581 682 indiculum
2595 627 3016 692 Scripturarum
3035 628 3116 681 ita
3141 629 3367 682 conclu-

1765 701 1874 753 dit:
1903 702 2024 751 llaec
2064 708 2210 764 sunt,
2239 716 2356 765 quae
2395 704 2582 751 Patres
2626 702 2777 750 intra
2801 714 3064 750 canonem
3103 701 3370 751 concluse-

1764 777 1911 833 runt,
1942 778 1986 821 et
2010 788 2077 823 ea:
2123 772 2317 837 quibus
2364 773 2514 822 Fidei
2538 776 2733 822 nostra:
2773 772 3088 821 assertiones
3125 778 3369 822 constare

1766 845 2065 893 voluerunt.
2096 844 2386 893 Sciendum
2407 850 2585 893 tamen
2607 850 2694 905 est,
2729 843 2873 908 quod
2895 847 2940 891 et
2975 843 3079 892 alii
3103 843 3227 892 ltbri
3246 850 3373 893 sunt

1748 916 2052 975 .Cunonici,
2084 916 2173 964 sed
2207 916 2558 964 Ecclesiastici
2586 931 2622 964 a
2656 913 2954 979 majoribus
2999 915 3274 980 appellati.
3299 916 3372 967 Hi

1752 1000 1903 1042 vero
1928 988 2349 1050 subsequentes
2376 988 2533 1038 sunt.

2382 1084 2664 1135 CLASSIS
2685 1085 2761 1135 II.‘

2316 1180 2467 1234 Libri
2499 1182 2874 1234 Ecclesiastici.

2546 1283 2589 1333 Ι.

2283 1379 2475 1430 Veli-ris
2502 1380 2767 1432 Testumen
2778 1387 2817 1430 ti

85 1421 210 1486 lum,
234 1424 289 1474 et
310 1421 781 1486 subsequentem,
796 1424 955 1473 tertia
967 1423 1051 1473 die
1066 1425 1364 1474 resurrexit
1387 1441 1423 1473 a
1444 1424 1673 1474 mortuis
1762 1458 1769 1459 κ

84 1493 272 1547 divinis
302 1493 602 1558 scripturis
625 1494 756 1546 fuse
777 1498 833 1547 et
846 1495 1181 1548 doctissime
1202 1497 1490 1561 explanat.
1508 1495 1671 1558 Quod

84 1566 271 1617 dicitur
296 1565 552 1629 judicare
574 1566 720 1616 vivos
757 1572 802 1616 et
824 1572 1084 1630 mortuos,
1133 1580 1261 1620 non.
1287 1568 1417 1621 ideo
1453 1568 1673 1620 dictum

83 1636 326 1701 ait,qu
362 1637 468 1687 alii
489 1637 616 1699 vivi,
651 1637 753 1688 alii
786 1640 990 1688 mortui
1022 1639 1096 1689 ad
1122 1639 1401 1703 judicium
1428 1640 1672 1704 veniant,

82 1709 158 1758 sed
183 1709 321 1773 quod
340 1709 565 1759 animus
589 1710 754 1760 simul
770 1710 1042 1775 judicabit
1064 1716 1370 1777 etcorporu,
1395 1713 1456 1761 in
1480 1712 1675 1778 quibus

82 1782 208 1829 uicos
228 1781 463 1845 animus,
489 1786 731 1832 mortuos
753 1797 983 1847 corpora
996 1784 1320 1835 nominavit.
1334 1787 1401 1836 In
1431 1783 1671 1848 Spiritus

86 1852 256 1904 Sancti
280 1853 826 1906 commemoratione
836 1854 1133 1919 adimpleri
1147 1856 1317 1908 docet
1330 1856 1673 1920 mysterium

85 1924 370 1976 Trinitatis.
397 1924 628 1976 Distinc
635 1925 848 1978 tionem
860 1939 1235 1990 personarum
1248 1931 1422 1990 paucis
1433 1930 1674 1989 complec-

85 1995 226 2058 titur,
237 1995 410 2059 inque
430 1994 546 2047 illis
559 1998 873 2063 vocabulis,
886 1998 979 2048 ubi
999 2000 1060 2049 de
1077 1999 1358 2049 divinitate
1378 2000 1673 2049 ordinatur

90 2066 239 2129 Fides,
282 2078 345 2117 IN
380 2067 493 2116 Deo
517 2067 680 2117 Patre
713 2068 844 2132 dici,
874 2074 919 2119 et
951 2081 1016 2122 IN
1053 2070 1264 2121 Christo
1293 2071 1431 2120 Filio
1476 2070 1590 2134 ejus
1625 2075 1673 2120 et

89 2148 141 2188 IN
160 2137 363 2201 Spiritu
415 2138 635 2189 Sancto.
669 2141 736 2190 In
771 2140 990 2204 ceteris,
1022 2141 1122 2194 ubi
1146 2158 1258 2192 non
1288 2142 1350 2191 de
1370 2142 1669 2206 divinitate,

86 2208 163 2258 sed
192 2209 250 2258 de
270 2211 552 2271 creaturis,
579 2216 625 2260 et
649 2211 711 2261 de
735 2213 1005 2277 mysteriis
1026 2229 1198 2265 sermo
1222 2219 1311 2274 est,
1337 2225 1398 2265 IN
1426 2214 1676 2279 praeposi-

90 2281 268 2329 tionem
293 2297 408 2332 non
439 2282 593 2345 addi,
629 2288 691 2332 ut
724 2283 944 2334 dicatur
971 2297 1034 2338 IN
1071 2286 1274 2337 Sancta
1308 2286 1562 2350 Ecclesia,
1585 2285 1676 2336 sed

90 2351 329 2401 Sanctam
348 2353 649 2404 Ecclesium
672 2356 994 2405 credendam
1009 2371 1130 2420 esse,
1144 2373 1255 2407 non
1276 2362 1335 2407 ut
1378 2358 1567 2418 Deum,
1586 2356 1676 2406 sed

87 2428 137 2471 ut
183 2423 476 2474 Ecclesium
541 2425 648 2475 Deo
709 2434 1107 2491 congregatum.
1173 2429 1239 2480 Et
1284 2429 1673 2491 remissionem,

89 2509 184 2544 non
204 2496 263 2548 in
304 2497 679 2547 remissionem
704 2504 1047 2562 peccatorum
1076 2514 1089 2551 :
1133 2505 1179 2551 et
1214 2501 1673 2563 resurrectionem,

88 2581 183 2615 non
195 2579 253 2618 IN
266 2569 707 2619 resurrectionem
722 2571 919 2621 carnis.
935 2572 1119 2633 Quare
1133 2573 1257 2624 haec
1271 2572 1677 2636 praepositione

89 2651 158 2701 IN,
171 2644 479 2693 creatorem
494 2653 529 2692 a
544 2641 820 2694 creaturis
841 2644 1076 2705 secerni,
1121 2643 1317 2696 divina
1338 2643 1587 2708 separari
1604 2646 1677 2697 ab

88 2709 349 2763 humanis.
373 2712 488 2763 Hic
511 2724 583 2765 ex
609 2713 907 2767 occasione
944 2716 1361 2779 Scripturarum
1385 2715 1679 2769 volumina

89 2787 381 2853 enumerat,
417 2795 546 2846 Quae
565 2785 860 2834 secundum
895 2786 1175 2850 majorum
1211 2787 1559 2838 traditionem
1580 2804 1679 2853 per

90 2851 340 2915 Spiritum
383 2855 653 2907 anctum
692 2856 981 2919 inspirata,
1025 2858 1319 2907 creduntur
1364 2865 1411 2908 et
1433 2851 1678 2911 Ecclesiis

96 2923 277 2997 Christi
297 2927 528 2979 tradita.
557 2926 621 2978 Id
658 2938 721 2978 se
744 2932 1017 2991 praestare
1039 2929 1120 2981 ait
1158 2930 1386 2979 evidenti
1427 2946 1674 2997 numero,

90 2995 209 3045 sicut
233 3012 297 3047 ex
320 2998 554 3049 Patrum
565 3002 929 3050 monumentis
945 3001 1261 3065 accepimus.
1282 3004 1400 3053 Hos
1429 2995 1677 3056 librosin

94 3068 216 3118 duas
256 3068 471 3122 classes
525 3069 750 3135 dividit,
812 3070 873 3124 in
919 3071 1220 3123 Canonicos
1267 3073 1672 3139 Eeclesiasticos,

93 3148 125 3191 a
141 3150 227 3192 me
246 3138 336 3193 hic
358 3140 691 3207 dispositos.

696 3239 980 3294 CLASSIS
1001 3242 1045 3293 Ι.

630 3336 780 3389 Libri
803 3338 1084 3391 Canonici.

863 3439 907 3490 Ι.

607 3535 800 3589 Veteris
844 3534 1177 3589 Testamenti.

145 3637 186 3685 1.
222 3634 476 3688 Genesis.

143 3703 189 3757 9.:
223 3707 473 3759 Exodus.

143 3780 187 3827 3.
218 3778 531 3831 Leviticus.

142 3848 187 3901 4.
219 3850 523 3901 Numerus.

143 3922 182 3969 5.
218 3917 746 3974 Deuteronomium.

144 3994 184 4041 5.
217 3992 383 4044 Jesus
398 3993 580 4043 Nave.
706 4028 715 4035 .

143 4060 190 4113 7.
219 4064 481 4115 Judicem
507 4060 679 4113 simul
704 4074 838 4113 cum
872 4060 1046 4114 Ruth.

141 4138 182 4182 8.
232 4136 561 4201 Regnorum
604 4132 733 4185 libri
771 4135 866 4185 IV.
905 4146 1053 4198 quos
1092 4133 1322 4187 Hebraai
1375 4134 1522 4189 duos
1566 4148 1675 4189 nu-

316 4208 562 4259 merant.

140 4279 182 4328 9.
213 4278 702 4344 Paralipomenon,
719 4274 860 4329 alias
863 4276 1038 4343 δίδοι·
1060 4277 1314 4332 Dierum.

142 4353 213 4400 10.
256 4351 454 4403 Esdras
473 4348 602 4402 libri
627 4350 696 4400 II.

142 4418 218 4472 1l.
251 4421 477 4473 Esther.

142 4488 212 4543 1‘2.
249 4492 465 4545 Esaias.

142 4565 212 4612 13.
245 4562 577 4615 Hieremias.

143 4632 217 4686 14.
249 4635 525 4687 Ezechiel.

142 4704 217 4757 15.
250 4706 469 4760 Daniel.

144 4780 212 4827 16.
245 4776 564 4832 Duodecim
587 4776 1005 4844 Prophetarum
1031 4776 1172 4833 liber
1193 4791 1366 4832 unus.

145 4851 216 4900 17.
247 4851 373 4903 Job.

146 4923 216 4971 18.
249 4921 457 4973 Psalmi
476 4921 676 4975 David.

143 4990 221 5045 19.
256 4994 579 5047 Proverbia.

141 5061 220 5118 20.
252 5065 640 5119 Ecclesiastes.

144 5132 224 5190 21.
255 5138 488 5192 Cantica
520 5137 900 5192 Canticorum.

612 5306 754 5360 Novi
796 5237 1131 5361 Tiitamenti.

1058 5002 1077 5188 ξ
1145 5065 1483 5121 Salomonis.

144 5376 190 5432 1.
223 5378 496 5433 Μαῐιὶιωί.

144 5448 191 5502 ‘2.
226 5451 415 5505 Marci.

148 5520 193 5574 3.
225 5526 413 5577 Lucae.

148 5593 193 5647 4.
224 5594 521 5648 Johannis.

149 5669 190 5738 5.
224 5668 389 5721 Lucae
412 5669 594 5738 Actus
618 5667 1041 5738 Apostolorum.

148 5736 193 5789 6.
207 5740 359 5791 Pauli
393 5737 655 5804 Epistolas
678 5736 840 5793 'XIV.

149 5812 191 5860 Ἰ.
224 5812 368 5864 Petri
395 5812 661 5877 Epistolis
684 5812 753 5865 II.

149 5883 192 5933 8.
226 5885 424 5937 Jacobi
440 5897 573 5939 una.

150 5953 179 6005 9
229 5957 393 6010 Judse
409 5969 542 6010 una.

1058 5382 1084 5649 ἶ
1149 5486 1457 5553 Evangelia
1488 5484 1583 5538 IV.

1835 1485 1881 1534 1.
1909 1479 2197 1545 Sapientia
2232 1479 2569 1534 Salomonis.

1834 1557 1883 1606 2.
1920 1553 2205 1618 Sapientia
2221 1552 2436 1617 Sirach,
2462 1551 2586 1607 sive
2604 1550 3058 1607 Ecclesiasticus.

1835 1629 1862 1676 3
1875 1663 1888 1676 .
1931 1626 2157 1677 Tobias.

1834 1701 1883 1749 4.
1917 1696 2138 1750 Judith.

1834 1772 1880 1824 5.
1918 1770 2363 1824 Maccabeeorum
2392 1766 2541 1821 libri.

2547 1868 2618 1921 II.

2346 1970 2486 2023 Novi
2517 1970 2850 2025 Testamenti.

1836 2076 1882 2123 1.
1908 2069 2176 2132 Libellus,
2202 2068 2302 2133 qui
2333 2068 2542 2122 dicitur
2562 2072 2802 2121 Pastoris
2824 2071 2946 2126 sive
2968 2072 3195 2123 Hermae.

1762 2160 1765 2161 ν
1834 2148 1884 2195 2.
1928 2143 2103 2204 Alter,
2141 2141 2240 2206 qui
2282 2142 2602 2207 appellatur
2642 2144 2774 2194 Duae
2817 2143 2915 2195 vim
2959 2144 3053 2199 vel
3094 2145 3380 2197 Judicium

1773 2216 1938 2267 Petri.
3224 2248 3227 2253 -

1836 2289 1924 2339 Ita
1940 2287 2050 2340 hos
2072 2287 2219 2340 duos
2237 2286 2413 2339 libros
2434 2287 2756 2351 postremos
2768 2299 2902 2339 cum
2918 2286 3254 2341 doctissimo
3268 2289 3376 2342 Co-

1773 2359 1968 2411 telerio
1991 2358 2054 2410 in
2081 2359 2304 2412 Judicio
2319 2358 2391 2411 de
2406 2359 2615 2408 Hermae
2636 2360 2863 2422 pastore
2890 2371 3019 2424 pag.
3045 2362 3123 2412 73.
3174 2359 3379 2412 distin-

1776 2431 1998 2494 gendos
2041 2433 2333 2495 putamus.
2391 2431 2456 2481 In
2487 2428 2734 2481 editione
2773 2429 2963 2481 Barrei
3000 2430 3225 2481 Hermes
3268 2443 3376 2496 pro

1777 2503 1987 2552 Hermae
2009 2514 2304 2566 perperam
2334 2501 2559 2565 legitur.
2602 2500 2847 2553 Rufinus
2877 2500 3089 2563 scribit,
3132 2503 3378 2567 majores

1775 2579 2009 2627 nostros
2033 2575 2158 2625 haec
2192 2572 2303 2636 legi
2337 2573 2569 2637 quidem
2590 2571 2653 2623 in
2667 2571 2937 2623 Ecclesiis
2970 2572 3242 2635 voluisse,
3267 2588 3376 2623 non

1779 2655 1959 2696 tamen
1989 2645 2228 2712 proferri
2257 2644 2331 2694 ad
2363 2644 2738 2693 auctoritatem
2769 2658 2838 2691 ea:
2859 2643 2960 2693 his.
3011 2644 3162 2693 Fidei
3184 2646 3381 2707 conﬁr—

1777 2720 2065 2769 mundum.
2090 2719 2354 2769 Ceterum
2370 2716 2493 2780 ipse
2507 2715 2567 2766 in
2585 2715 2692 2766 hoc
2711 2715 2971 2778 catalogo
2986 2716 3379 2767 concinnando

1779 2794 2064 2856 sequutus
2088 2791 2176 2841 est
2188 2800 2468 2840 canonem
2493 2787 2883 2849 Hebraeorum,
2901 2786 3056 2849 quod
3068 2789 3124 2838 et
3145 2787 3288 2839 alios
3305 2800 3380 2839 ex

1776 2864 2037 2929 patribus
2062 2866 2231 2913 antea
2245 2860 2450 2911 fecisse
2467 2860 2827 2921 compertum
2862 2862 2969 2909 est.
2998 2858 3379 2929 Nihilominus

1776 2928 1906 2987 sevo
1937 2935 2061 2998 ipso
2086 2933 2277 2995 Ruﬁni
2298 2930 2603 2993 divinahuj
2613 2942 2682 2980 us
2701 2929 2978 2980 secundae
2988 2928 3201 2980 Classis
3215 2930 3381 2982 libro-

1774 3018 1905 3058 rum
1940 3004 2162 3056 Veteris
2186 3001 2539 3054 Testamenti
2566 3000 2878 3052 auctoritas
2894 3000 2966 3051 ab
2986 3000 3258 3053 universa
3283 3003 3380 3053 Ec-

1775 3077 1948 3130 clesia
1968 3076 2165 3140 agnita
2179 3075 2237 3125 et
2255 3074 2482 3137 recepta
2509 3077 2616 3124 est.
2636 3073 2782 3123 Nam
2800 3070 3114 3123 Concilium
3128 3073 3223 3123 III.
3243 3073 3378 3125 Car-

1773 3150 2115 3214 thaginense
2154 3156 2374 3198 canone
2416 3143 2497 3197 47.
2546 3142 2730 3195 codex
2774 3142 3044 3214 Ecclesiae
3098 3142 3382 3197 Africana

1769 3213 1894 3285 cap.
1925 3220 2130 3271 XXIV.
2168 3215 2539 3270 Innocentius
2562 3217 2604 3267 Ι.
2618 3215 2783 3280 epist.
2798 3216 2872 3266 II.
2893 3213 2968 3266 ad
2984 3214 3375 3279 Exsuperium

1697 3295 1747 3367 ρ
1774 3293 2113 3367 Tolosatem,
2139 3287 2581 3367 etéugustinus
2722 3288 2797 3367 ΙΙζ
2815 3286 2890 3367 de
2912 3286 3182 3367 Doctrina
3218 3286 3380 3367 Chri-

1778 3364 1967 3416 stiana
1997 3375 2117 3427 cap.
2143 3362 2290 3412 VIII.
2335 3360 2387 3424 §.
2416 3362 2497 3410 13.
2529 3359 2722 3411 demto
2754 3359 2974 3409 Pustore
2995 3357 3261 3408 etJudicio
3275 3358 3380 3408 Pe-

1777 3436 1866 3499 tri,
1892 3435 2000 3487 hos
2024 3444 2226 3485 omnes
2249 3431 2396 3483 inter
2418 3430 2593 3482 libros
2622 3429 2910 3479 canonicos
2941 3433 3374 3481 recensuerunt.

1775 3508 1923 3559 Hinc
1945 3504 2224 3559 refutatur
2245 3503 2505 3554 Andreas
2534 3500 2814 3563 Riveltus,
2831 3500 2931 3565 qui
2962 3501 3024 3553 in
3047 3500 3381 3553 Pseudocri-

1776 3579 1889 3633 tico
1904 3579 2000 3631 lib.
2025 3580 2093 3630 II.
2118 3589 2239 3641 cap.
2254 3576 2375 3627 XV.
2393 3578 2701 3639 postquam
2712 3573 2905 3625 Ruﬁni
2927 3584 3092 3637 opus,
3111 3572 3376 3625 omnium

1776 3663 2063 3704 consensu
2073 3649 2349 3698 emditum
2363 3651 2413 3696 et
2436 3646 2567 3696 lectu
2583 3645 2986 3709 dignissimum,
3013 3644 3373 3709 appellasset,

1776 3724 1974 3775 statim
1987 3720 2207 3772 addidit
2228 3733 2241 3771 :
2276 3719 2387 3768 nisi
2403 3717 2548 3782 quod
2558 3717 2796 3781 Papistis
2812 3716 3051 3781 displicet
3072 3717 3135 3766 in
3152 3732 3209 3766 eo
3229 3717 3377 3781 quod

1774 3810 1897 3845 cum
1933 3794 2268 3857 Hieronymo
2297 3790 2579 3854 diligenter
2603 3789 2765 3838 libros
2785 3788 3073 3837 canonicos
3091 3803 3128 3838 a
3145 3802 3261 3838 non
3287 3802 3373 3839 ca-

1772 3866 1985 3916 nonicis
2008 3863 2369 3914 discriminat.
2398 3861 2507 3912 Sed
2519 3861 2721 3913 eodem
2738 3871 2868 3912 aevo
2884 3859 3154 3932 Ecclesiae
3173 3863 3377 3932 aucto;-

1772 3939 1913 3991 ritas
1937 3936 2147 3988 rectius
2183 3946 2283 3986 eos
2317 3932 2746 3982 discriminavit:
2768 3930 2923 3994 quod
2948 3930 3209 3979 haereticis
3229 3936 3274 3980 ει
3286 3930 3377 3981 ιτς..

1772 4015 1882 4059 veto
1906 4019 2256 4072 nequaquam
2291 4004 2480 4069 placet.
2524 4001 2861 4053 Notandum
2897 4006 3146 4072 tamenne
3172 4001 3375 4072 Ruﬁno

1773 4070 2086 4146 Epistolam
2108 4077 2181 4129 ad
2213 4076 2487 4128 Hebraeos
2508 4073 2658 4125 inter
2680 4072 2829 4123 XIV.
2868 4071 3176 4146 canonicas
3200 4070 3376 4146 Paulo

1770 4143 1963 4217 tribui,
1989 4151 2130 4203 alias
2154 4147 2424 4201 tredecim
2442 4146 2581 4197 solae
2611 4149 2828 4197 essent.
2853 4144 3103 4217 Caeteras
3128 4143 3377 4208 Scriptu-

1772 4240 1886 4291 ras,
1905 4215 2279 4277 duabus’istis
2304 4220 2585 4272 classibus
2608 4216 3048 4291 praetermissasﬁ
3072 4215 3223 4291 inter
3246 4228 3377 4291 apo:

1771 4288 2018 4364 cryphas
2034 4296 2278 4348 Rufinus
2302 4293 2380 4346 ait
2415 4290 2736 4364 memorari,
2755 4303 2894 4355 quas
2922 4289 2983 4337 in
2999 4289 3252 4364 @cclesiis
3265 4288 3377 4364 tegi

1772 4360 2082 4420 notuerunt.
2107 4368 2226 4421 Dici
2253 4365 2511 4415 Sanctam
2533 4362 2848 4425 Ecclesium,
2874 4361 3184 4425 quaeFidem
3213 4360 3377 4411 Chri-

1770 4444 1840 4491 sti
1853 4443 2124 4503 integram
2136 4442 2307 4489 servat
2325 4442 2384 4488 et
2396 4448 2515 4487 non
2525 4434 2716 4495 habet,
2741 4431 3015 4482 maculam
3046 4435 3144 4480 aut
3156 4444 3355 4494 rugam
3364 4468 3377 4490 ,

1772 4516 1838 4566 ut
1866 4513 2250 4575 distinguatur
2282 4509 2355 4559 ab
2378 4505 2647 4558 Ecclesiis
2667 4503 3088 4575 haereticorum,
3112 4516 3229 4575 quas
3260 4516 3375 4575 non

1775 4590 1906 4637 sunt
1928 4572 2280 4634 sine—macula
2295 4580 2353 4631 et
2382 4589 2528 4641 ruga
2556 4574 2832 4640 perﬁdiae.
2863 4572 3119 4626 Subinde
3140 4572 3376 4626 hmreti-

1772 4670 1972 4710 corum
1995 4655 2126 4706 licet
2146 4665 2264 4705 non
2286 4649 2565 4710 omnium,
2592 4647 2691 4710 qui
2733 4645 3071 4710 hujusmodi
3105 4645 3376 4699 ecclesias

1693 4728 1754 4802 D
1772 4741 1888 4783 non
1913 4728 2142 4802 sanctas
2163 4724 2671 4788 congregaverant,
2714 4718 2921 4773 seriem
2943 4717 3026 4771 ita
3061 4716 3373 4773 subnectit.

1839 4805 1884 4853 1.
1911 4798 2177 4850 Marcion.

1834 4877 1883 4925 2.
1918 4869 2277 4922 Valentinus.

1837 4947 1886 4996 3.
1921 4942 2122 4995 Ebion.

1841 5020 1891 5067 4.
1934 5011 2304 5066 Manichacus.

1837 5086 1888 5141 5.
1925 5085 2140 5137 Paulus
2165 5083 2596 5136 Samosatenus.

1840 5163 1885 5212 6.
1922 5156 2225 5209 Photinus.

1836 5236 1885 5283 '7.
1915 5229 2108 5282 Arius.

1836 5309 1882 5357 8.
1919 5298 2260 5354 Eunomius.

1833 5375 1886 5429 9.
1923 5374 2203 5425 Donatus.

1835 5444 2263 5580 igeggdlaigdfio
2290 5507 2547 5575 articulo,
2574 5508 2674 5573 qui
2717 5506 2791 5560 ad
2818 5504 3007 5580 carnis
3037 5503 3385 5580 resurrectio-

1771 5605 1897 5639 nem
1920 5575 2373 5640 attinetRuﬂnus
2388 5582 2603 5634 multus
2614 5582 2702 5632 est
2730 5582 2929 5632 contra
2950 5575 3383 5638 Valentinianos,

1773 5660 2128 5720 Manichacus,
2172 5659 2229 5709 et
2252 5654 2505 5719 Inﬁdetes,
2533 5653 2773 5704 fortasse
2799 5649 2971 5701 etiam
2997 5651 3195 5700 contra
3233 5647 3389 5711 obje-

1776 5734 1995 5785 ctiones
2011 5730 2117 5782 sibi
2140 5730 2214 5782 ab
2231 5730 2577 5790 Hieronymo
2593 5727 2784 5788 (quem
2803 5725 2999 5773 tamen
3026 5731 3386 5784 nequaquam

1777 5806 2059 5866 nominat)
2092 5802 2164 5854 de
2206 5800 2316 5853 hoc
2360 5798 2560 5850 eodem
2605 5794 2842 5848 articulo
2892 5794 3189 5866 impactus.
3216 5790 3379 5866 Quod

1781 5876 1937 5929 enim
1960 5864 2102 5928 libro
2127 5875 2192 5925 II.
2222 5870 2512 5937 Apologiee
2536 5868 2608 5921 de
2632 5866 2903 5933 singulari
2955 5864 3257 5937 disciplina
3280 5864 3385 5927 Ec-

1782 5948 1973 6001 clesia:
2000 5936 2358 6011 Aquileiensis
2396 5955 2496 6008 pro
2526 5954 2588 5996 se
2633 5941 2757 6007 jam
2779 5939 3019 6002 dixerat,
3043 5937 3155 5990 hoc
3176 5936 3387 5989 iterum

1700 1924 1754 1999 B
