3894 6408
93 348 201 405 257

1357 355 1551 409 VITA.
1588 356 1725 412 LIB.
1755 358 1825 412 II.
1860 359 2015 413 CAP.
2049 360 2199 415 XVI.

3304 368 3412 432 258

92 465 1461 566 ξέῐυεεξῖίοξὶοξξτ.ξξξεεῖιξέῖνξε
1478 474 1713 566 trees
1734 479 1798 553 A
1812 485 2189 566 sese-verae
2209 488 2546 566 Virginiae
2572 492 2647 546 ed
2669 493 3091 552 Demetriadem
3115 499 3410 566 Virginem

91 538 166 587 ad
203 539 361 589 hunc
406 539 611 589 dixisse
626 540 931 592 videantur.
957 543 1024 594 In
1046 540 1232 593 indice
1254 544 1462 606 pariter
1482 544 1610 598 haec
1630 546 1715 599 le-

94 615 365 673 guntur:
408 610 654 675 Symboli
685 612 944 675 expositio
981 627 1096 662 non
1124 618 1195 662 est
1241 614 1529 680 Cypriani,
1570 617 1717 681 quod

95 681 372 730 haereticos
406 683 724 746 posteriores
766 688 1061 733 enumerat.
1105 686 1171 735 In
1193 685 1448 738 Censura
1471 698 1714 751 Oporum

93 752 365 816 Origenis
394 753 718 805 editionum
742 753 1177 819 Basileensium,
1203 757 1309 807 Ubi
1337 760 1615 810 Erasmus
1641 760 1714 811 de

97 824 376 875 librariis
393 826 672 887 queritur,
689 825 799 876 hoc
815 827 1032 878 crimen
1048 826 1158 877 illis
1175 828 1472 881 adscribit:
1496 830 1716 894 Symbo-

96 895 210 942 lum
228 911 269 944 a
287 896 488 960 Ruﬁno
511 896 860 960 implicatum,
880 898 941 946 in
970 899 1241 962 Cypriani
1258 915 1453 950 nomen
1479 908 1715 952 transtu-

99 964 313 1030 lerunt;
336 967 431 1016 sed
449 968 530 1016 ita
552 967 739 1017 multis
761 969 1122 1033 commutatis,
1148 976 1206 1019 ut
1230 970 1352 1035 ipsa
1374 988 1456 1021 res
1478 974 1714 1022 clamitet

97 1051 211 1107 n‘on
244 1052 383 1087 casu
419 1038 509 1087 sed
554 1038 615 1087 de
646 1038 925 1107 industria
953 1039 1161 1107 [actum
1211 1043 1495 1107 esse._Hoc
1546 1048 1712 1107 pacto

98 1098 371 1150 Erasmus
406 1101 707 1166 expungit,
731 1114 862 1164 qua:
898 1098 1119 1167 pridem
1141 1103 1202 1155 in
1225 1098 1711 1157 Declarationibus

101 1170 233 1240 suis
244 1170 325 1223 ad
343 1184 619 1224 censuras
639 1172 953 1224 Facultatis
976 1173 1313 1226 Parisiensis
1337 1176 1600 1240 Cypriani
1618 1176 1715 1230 fae-

104 1248 225 1297 tum
248 1244 439 1305 ratus,
463 1243 768 1308 scripserat
790 1247 927 1297 tom.
958 1245 1055 1296 IX.
1088 1244 1340 1309 Operum
1368 1246 1586 1299 edionis
1606 1248 1713 1312 pri-

101 1326 213 1367 ma:
240 1325 380 1378 pag.
403 1312 529 1369 701.
554 1313 901 1379 Optandum,
919 1319 985 1367 ut
1004 1314 1065 1366 in
1079 1328 1233 1367 nova
1255 1316 1506 1370 editione
1528 1318 1710 1382 hujus

104 1385 577 1449 praetentisst
604 1385 1032 1451 Explicationis,
1057 1387 1366 1451 praeteritas
1384 1401 1585 1441 omnes
1611 1391 1709 1454 Cy-

102 1456 306 1523 priani,
322 1456 680 1521 Hieronymi,
694 1462 751 1509 et
763 1456 954 1520 Ruﬁni
965 1457 1295 1510 nominibus
1308 1472 1561 1525 excusas,
1574 1474 1709 1514 cum

102 1527 403 1581 codicibus
420 1528 557 1579 Mss.
574 1526 876 1592 diligenter
897 1527 1139 1591 collata,
1163 1531 1561 1592 emendentur,
1577 1544 1709 1585 con-

103 1602 267 1652 textu
299 1599 362 1651 in
391 1599 581 1664 capita
603 1599 805 1661 scisso,
828 1612 902 1652 ne
931 1600 1189 1664 Symboli
1208 1601 1449 1663 articuli,
1474 1603 1564 1655 vel
1596 1619 1709 1653 ser-

101 1685 302 1731 mnes,
329 1672 399 1722 ut
416 1672 587 1723 vocat
599 1670 852 1734 Ruﬁnus,
873 1671 1374 1725 indiscriminatim
1390 1679 1447 1726 et
1468 1674 1705 1727 confuse

103 1755 233 1795 cum
254 1742 619 1807 explicatione
641 1743 767 1807 ipsa
785 1743 1125 1808 coalescant,
1151 1745 1637 1807 quemadmodum
1652 1749 1712 1799 In

103 1814 305 1879 primis
319 1813 674 1867 editionibus
691 1814 1041 1869 coaluerunt.
1061 1816 1271 1867 Paulus
1286 1817 1579 1870 Manutius
1591 1831 1707 1871 om-

100 1886 260 1938 nium
284 1885 503 1949 optime
525 1884 791 1937 distinxit
812 1885 873 1937 in
899 1899 1007 1939 sua
1027 1886 1275 1940 editione
1297 1889 1557 1941 Romana
1578 1902 1707 1956 ope-

102 1970 226 2010 rum
266 1956 464 2009 Sancti
516 1956 782 2021 Cypriani
811 1958 949 2009 anni
982 1956 1142 2012 1563.
1165 1958 1225 2012 in
1258 1958 1389 2012 folio
1420 1973 1551 2026 pag.
1575 1959 1698 2017 381.

103 2028 323 2093 Singuli
358 2028 515 2081 enim
552 2027 777 2080 articuli
813 2030 1120 2093 separatim
1161 2029 1441 2096 dispositi,
1474 2038 1533 2084 et
1570 2035 1703 2085 ante

104 2100 364 2164 singulas
402 2100 777 2151 enarrationis
811 2104 999 2165 partes
1035 2100 1265 2154 diverso
1298 2102 1620 2156 charactere
1642 2104 1703 2156 in

104 2171 291 2224 medio
311 2171 537 2235 paginae
553 2172 834 2236 expressi,
849 2171 1166 2236 legentium
1181 2173 1398 2229 occulis
1414 2174 1598 2227 offerri
1613 2174 1705 2228 de-

107 2244 254 2294 bent.
286 2241 651 2294 Editionibus
665 2242 790 2307 jam
818 2241 1084 2295 adductis
1101 2246 1526 2309 subsequentes
1542 2258 1703 2298 acce-

102 2313 259 2368 dant.
273 2314 655 2379 Lugdunensis
664 2314 814 2379 apud
829 2314 1229 2367 Sebastianum
1239 2317 1555 2381 Gryphium
1567 2330 1703 2371 cum

103 2385 371 2449 operibus
395 2386 587 2438 Sancti
616 2386 880 2450 Cypriani
904 2390 971 2438 A.
1000 2387 1066 2437 D.
1093 2385 1253 2441 1537.
1282 2388 1343 2439 in
1365 2388 1440 2443 8'.
1468 2393 1605 2441 tom.
1631 2392 1701 2451 II,

106 2468 231 2521 pag.
257 2454 381 2510 154.
406 2454 594 2506 Jacobi
617 2456 847 2506 Pamelii
881 2469 1013 2508 cum
1043 2456 1247 2509 iisdem
1270 2458 1556 2522 operibus,
1584 2460 1704 2509 An-

105 2529 324 2592 tuerpiz
339 2539 441 2592 per
455 2529 544 2578 Jo.
565 2526 838 2579 Stelsium
859 2526 1017 2582 1568.
1044 2527 1122 2579 in.
1142 2528 1235 2580 fol.
1265 2530 1498 2582 Mariani
1521 2530 1703 2584 Victo-

103 2598 168 2651 rii
193 2611 328 2650 cum
357 2598 629 2662 operibus
653 2598 809 2651 Santi
827 2599 1178 2663 Hieronymi.
1194 2600 1375 2651 Romae
1395 2600 1458 2652 in
1480 2601 1703 2654 uadibus

104 2678 304 2743 Populi
334 2678 578 2731 Romani
608 2679 678 2731 A.
699 2679 769 2731 D.
799 2677 955 2733 1576.
981 2683 1135 2731 tomo
1159 2680 1257 2731 IX.
1284 2693 1413 2746 pag.
1442 2680 1565 2737 108.
1591 2684 1698 2734 De-

102 2751 277 2813 nique
300 2752 560 2802 Renatus
576 2751 920 2802 Laurentius
935 2750 1178 2802 Barreus
1193 2751 1437 2805 eandem
1452 2754 1703 2817 Symboli

102 2821 556 2885 [inplicationem
576 2833 709 2873 cum
747 2821 877 2873 aliis
919 2820 1119 2885 Ruﬁni
1142 2824 1411 2887 operibus
1438 2825 1707 2889 vulgavit

104 2893 362 3020 Parisiiigg
393 2891 550 2959 apud
609 2892 943 2947 Michaelem
991 2893 1271 2947 Sonnium
1325 2897 1395 2949 Α.
1440 2894 1507 2950 D.
1563 2895 1704 2953 1350

108 2976 230 3020 pag.
365 2999 384 3015 .

709 3081 941 3135 CAPUT
963 3081 1091 3135 XV.

102 3200 144 3250 Ι.
153 3195 787 3249 ΑηαιοιίίΑιεωαηᾰνίηἱ
797 3214 975 3249 canon
987 3198 1307 3264 paschalisa
1321 3198 1525 3263 Ruﬁno
1542 3198 1710 3250 latine

614 3270 1036 3356 EjusnEpistolse
1075 3286 1259 3321 omnes
1303 3272 1703 3356 deperdilafhlll
1728 3279 1778 3356 ρ

159 3340 368 3406 Aliqua
389 3356 418 3391 e
436 3341 633 3392 Latino
660 3343 723 3392 in
746 3342 989 3393 Graecum
1018 3357 1318 3394 sermonem
1343 3342 1637 3393 transtulit.

159 3458 185 3509 Ι
209 3455 473 3522 Egidius
488 3456 802 3510 Bucherius
817 3458 876 3510 in
893 3458 1313 3512 Commentario
1337 3458 1408 3511 de
1435 3458 1707 3511 Doctrina

100 3534 428 3593 temporum
455 3542 585 3594 pag.
615 3528 738 3584 439.
770 3543 801 3581 e
829 3531 1015 3583 veteri
1042 3531 1236 3583 codice
1262 3531 1368 3583 Ms.
1403 3531 1625 3596 primus
1647 3530 1707 3582 in

99 3601 289 3653 lucem
321 3600 503 3652 edidit
531 3601 781 3653 Anatolii
804 3602 1175 3655 Alexandrini
1196 3603 1565 3655 Laodicensis
1586 3603 1710 3666 epi-

99 3673 260 3737 scopi
277 3672 569 3725 Canonem
589 3674 933 3739 paschalem,
950 3674 1120 3737 cujus
1142 3674 1466 3727 versionem
1482 3676 1706 3723 Latinam

98 3743 310 3796 Ruﬁno
335 3755 504 3807 atque
528 3755 728 3795 omnes
739 3744 1064 3797 adscribere
1083 3745 1165 3797 ait
1186 3758 1315 3810 pag.
1343 3743 1465 3799 450.
1490 3743 1708 3795 scilicet

102 3821 385 3879 tanquam
422 3816 763 3869 Eusebianse
801 3818 929 3881 ejus
955 3818 1222 3869 Historiae
1245 3817 1338 3881 adj
1349 3816 1703 3881 ungendum.

99 3888 347 3940 Ruﬁnus
380 3889 536 3940 enim
566 3888 949 3940 Eusebianam
984 3889 1298 3940 Historiam
1321 3887 1497 3941 latine
1530 3888 1709 3940 verrit

102 3964 280 4022 atque
307 3958 481 4010 etiam
499 3959 884 4025 interpolavit.
902 3959 1011 4012 Adi
1024 3960 1308 4012 Jacobum
1332 3959 1626 4012 Usserium
1642 3958 1702 4009 in

100 4032 475 4095 Syntagmate
497 4030 568 4083 de
591 4031 762 4082 LXX.
788 4032 1199 4096 Interpretibus
1223 4043 1343 4096 cap.
1372 4031 1439 4095 V,
1463 4043 1592 4094 pag.
1616 4028 1705 4094 50,

98 4103 200 4154 ubi
224 4114 300 4153 ex
314 4102 411 4153 lib.
441 4102 537 4153 VI.
561 4114 682 4167 cap.
710 4103 860 4155 XIII.
884 4102 1076 4155 locum
1095 4100 1505 4167 interpolatum
1529 4100 1705 4153 addu-

100 4173 197 4226 cit.
220 4172 505 4226 Eusebius
539 4173 694 4226 enim
717 4176 1008 4228 Canonem
1030 4174 1187 4226 hunc
1215 4172 1706 4226 decemnovenna-

97 4244 213 4297 lem
235 4244 436 4297 laudat
470 4245 565 4298 lib.
600 4246 720 4297 VII.
761 4246 910 4297 Hist.
947 4259 1071 4311 cap.
1110 4246 1315 4299 XXVI.
1348 4249 1406 4297 et
1426 4243 1579 4296 Beda
1598 4242 1708 4296 ini-

99 4316 176 4369 tio
220 4316 490 4381 Epistolas
516 4317 589 4369 de
628 4316 1014 4381 Equinoctio,
1057 4330 1234 4383 quam
1257 4316 1707 4370 emendatiorem

99 4388 282 4440 edidit
304 4389 505 4440 Petrus
530 4390 869 4441 Franciscus
888 4389 1203 4442 Chiﬁletius
1218 4389 1278 4441 in
1298 4387 1708 4440 Dissertatione

98 4459 170 4512 de
200 4458 357 4511 Beda
378 4472 500 4524 cap.
530 4462 627 4512 III.
652 4460 875 4512 Laudat
890 4461 1061 4513 etiam
1089 4473 1211 4525 cap.
1238 4461 1335 4522 IV,
1362 4462 1421 4511 et
1443 4458 1705 4510 XXXIII.

100 4530 169 4583 de
192 4530 432 4582 Ratione
460 4535 801 4596 temporum,
818 4531 1021 4584 deinde
1037 4531 1387 4584 Colmannus
1405 4531 1704 4582 Scotorum

101 4602 421 4666 Episcopus
442 4602 606 4667 apud
618 4602 866 4655 eundem
890 4602 1103 4655 Bedam
1125 4603 1222 4654 lib.
1240 4603 1334 4655 III.
1360 4600 1574 4653 Hister.
1599 4601 1702 4651 Ec-

102 4673 443 4726 clesiasticaa
478 4674 668 4736 gentis
701 4673 1022 4739 Anglorum
1044 4686 1167 4739 cap.
1198 4673 1378 4725 XXV.
1408 4675 1498 4725 Jo.
1524 4673 1705 4723 Geor-

102 4744 233 4807 gius
242 4744 578 4797 Herwartus
592 4745 651 4797 in
666 4746 750 4797 No
760 4758 828 4798 va
836 4745 1209 4810 Chronologia
1219 4757 1345 4810 cap.
1356 4742 1704 4796 CGXXXVI.

105 4815 353 4868 Canonis
394 4815 570 4881 hujus
605 4816 931 4870 Anatoliani
976 4818 1204 4870 initium
1231 4828 1267 4869 a
1296 4815 1518 4881 vulgari
1549 4826 1702 4868 anno

105 4888 314 4940 Christi
342 4885 463 4944 27⁸1.
492 4888 658 4941 Probi
682 4889 1041 4955 Imperatoris
1064 4888 1312 4949 secundo,
1351 4886 1583 4939 deducit
1604 4899 1619 4947 ;
1644 4888 1707 4939 at

109 4971 241 5012 vero
260 4959 579 5012 Eucherius
601 4961 674 5012 ab
694 4973 851 5015 anno
869 4961 1243 5016 antecedente
1262 4958 1390 5016 276.
1417 4958 1705 5012 deducen-

108 5028 245 5084 dum
275 5044 405 5084 esse
436 5031 750 5086 contendit.

163 5131 235 5183 II.
269 5131 463 5195 Atque
489 5130 616 5184 haec
638 5130 792 5184 dicta
814 5131 933 5184 sint
952 5130 1025 5184 de
1047 5130 1238 5184 Ruﬁni
1261 5130 1499 5183 sinceris
1522 5133 1581 5182 et
1604 5140 1703 5194 ge:

108 5201 296 5253 nuinis
325 5201 612 5266 operibus,
643 5215 777 5266 quae
797 5204 967 5255 nobis
984 5208 1310 5267 supersunt.
1329 5204 1475 5254 Nam
1490 5200 1705 5265 Episto-

108 5270 189 5324 las
220 5273 297 5322 ad
333 5274 583 5323 timorem
610 5274 707 5323 Dei
729 5275 1132 5325 eznhortatorias
1154 5274 1354 5325 multas
1386 5273 1446 5325 in
1476 5272 1706 5324 Genna-

108 5343 524 5410 dianiCatalogi
538 5346 720 5410 capite
753 5347 873 5411 VII,
897 5351 1263 5406 memoratas,
1291 5342 1705 5410 postgenerale

110 5419 188 5468 tot
214 5416 565 5470 saeculorum
590 5417 903 5478 silentium,
931 5418 1144 5471 alicubi
1166 5418 1317 5470 inter
1336 5417 1546 5468 blattas
1562 5420 1618 5467 et
1642 5415 1706 5466 ti-

110 5500 242 5540 neas
266 5489 588 5541 etiamnum
609 5490 957 5555 delitescere,
970 5490 1071 5543 vix
1083 5491 1293 5554 sperari
1307 5502 1476 5554 posse
1500 5500 1704 5539 cense-

112 5571 255 5613 mus.
280 5563 429 5611 Inter
461 5561 579 5621 has,
614 5561 804 5626 inquit
833 5561 1177 5622 Gennadius,
1211 5560 1565 5625 paweminent
1602 5558 1705 5607 illae

113 5646 243 5691 quas
295 5633 371 5682 ad
408 5632 643 5682 Probum
681 5633 839 5684 dedit.
888 5634 1028 5685 Haec
1075 5638 1164 5685 est
1200 5633 1403 5684 Anicia
1440 5631 1706 5682 Falconia

116 5701 307 5765 Proba,
336 5705 495 5756 Sexti
519 5705 765 5756 Petronii
792 5706 955 5756 Probi
986 5718 1151 5764 uxor,
1176 5716 1348 5768 super
1372 5714 1570 5754 omnes
1593 5704 1706 5752 Im-

116 5776 240 5833 perii
262 5775 506 5828 Romani
525 5776 766 5828 feminas
790 5789 996 5841 genere
1020 5776 1253 5842 perinde
1274 5788 1341 5827 ac
1365 5776 1576 5826 virtute
1599 5773 1707 5824 cla-

116 5844 353 5908 rissima,
392 5848 465 5900 ad
513 5860 691 5912 quam
716 5848 912 5900 scribit
945 5849 1035 5900 Jo.
1056 5848 1502 5912 Chrysostomus
1526 5845 1704 5910 Epist.

118 5914 225 5972 168.
250 5932 544 5985 quamque
569 5920 949 5984 Hieronymus
970 5921 1145 5985 Epist.
1164 5919 1380 5971 XCVII.
1399 5917 1539 5971 alias
1556 5918 1701 5969 VIII.

1811 558 2056 639 :Iulianse
2086 559 2284 639 ﬁliam,
2295 566 2377 639 _et
2400 564 2600 616 Probae
2622 572 2878 639 neptem,
2912 570 3076 621 miris
3100 575 3158 624 et
3182 558 3410 639 magnis

1810 627 2078 682 laudibus
2115 634 2355 697 extollit,
2395 647 2641 698 quarum
2676 627 2940 692 laciniam
2986 641 3079 693 hic
3122 627 3404 697 assuefm:

1811 701 1991 775 Proba
2006 703 2118 763 illa,
2144 704 2347 769 inquit,
2373 708 2625 757 omnium
2648 710 3004 775 dignitatum,
3028 719 3074 763 et
3098 722 3298 766 cuncta
3314 732 3414 766 no-

1812 772 2030 850 bilitatis
2050 776 2109 850 in
2138 775 2267 850 Orbe
2291 778 2535 828 Romano
2559 772 2756 829 nomen
2774 772 3041 833 illustri-us
3065 800 3079 836 :
3103 787 3258 850 cujus
3275 789 3415 838 Sam-

1811 846 1984 921 ctitas,
2009 852 2054 894 et
2078 847 2139 895 in
2164 849 2436 921 universos
2457 850 2634 915 e/fusa
2669 852 2877 902 bonitas
2898 855 3063 904 etiam
3099 846 3249 921 apud
3271 860 3413 909 Bar-

1811 917 1957 995 beros
1979 920 2294 995 venerabilis
2315 922 2441 987 fuit,
2468 938 2636 985 quam
2660 926 2829 974 trium
2852 917 3144 977 liberorum
3164 930 3410 995 Probini,

1814 988 2036 1053 Olybrii,
2063 996 2109 1040 et
2133 991 2294 1040 Probi
2318 1008 2431 1041 non
2452 993 3053 1057 fatigaruntordinarii
3069 988 3408 1051 consulatusi

1807 1066 1863 1137 et
1889 1076 2079 1137 quum,
2113 1062 2343 1112 incensis
2364 1065 2690 1137 direptisque
2712 1068 2977 1131 omnibus,
3001 1070 3065 1119 in
3094 1071 3227 1121 Urbe
3247 1074 3412 1137 capti-

1809 1132 1948 1206 vitas
1962 1134 2050 1192 sit,
2094 1149 2243 1206 nunc
2281 1136 2493 1186 habitas
2502 1153 2597 1187 vcn
2604 1139 2817 1189 undare
2831 1141 3032 1206 dicitur
3040 1132 3409 1206 possessiones,

1808 1205 2050 1278 etfacere
2071 1204 2174 1255 sibi
2196 1207 2398 1257 amicos
2420 1208 2484 1257 de
2507 1209 2702 1273 iniqno
2729 1204 3067 1274 Mammona,
3094 1214 3189 1278 qui
3211 1230 3264 1264 se
3284 1216 3413 1265 reci-

1806 1276 1966 1339 piant
1998 1277 2059 1325 in
2101 1284 2303 1327 aeterna
2327 1278 2692 1343 tabernacula,
2718 1287 2778 1331 ut
2799 1283 3092 1333 erusbescat
3104 1276 3294 1335 omnis
3318 1287 3412 1335 Ec-

1807 1346 2082 1397 clesiastici
2104 1349 2395 1399 ministerii
2408 1351 2634 1415 gradus.
2651 1358 2696 1403 et
2711 1368 2863 1402 cassa
2878 1356 3112 1404 nomina
3122 1358 3413 1407 monacho-

1805 1432 1934 1467 rum
1977 1433 2145 1467 emere
2185 1421 2409 1484 praedia,
2457 1427 2612 1471 tanta
2654 1423 2929 1473 nobilitate
2962 1426 3235 1480 vendente.
3271 1428 3410 1480 Haec

1806 1489 2093 1561 scribebat
2112 1490 2495 1556 Hieronymus
2522 1498 2589 1546 A.
2616 1494 2680 1544 D.
2707 1494 2830 1550 414.
2868 1501 2999 1559 post
3022 1497 3233 1549 Urbem
3260 1499 3410 1561 jam-

1804 1560 2024 1632 pridem
2067 1562 2141 1613 ab
2176 1561 2398 1615 Alarico
2425 1564 2723 1629 direptam,
2758 1566 3018 1631 adeoque
3048 1574 3183 1632 post
3216 1560 3409 1621 Ruﬁni

1803 1631 2047 1702 obitum,
2070 1639 2136 1685 ut
2152 1633 2298 1686 infra
2320 1633 2599 1687 dicemus.
2613 1636 2862 1689 Ruﬁnus
2877 1650 3012 1702 ergo
3026 1631 3205 1691 tantm
3217 1638 3413 1692 heroi-

1811 1701 1899 1754 dis
1913 1704 2340 1757 necessitudine
2355 1705 2575 1771 claruit,
2597 1707 2828 1771 perinde
2842 1721 2909 1761 ac
2918 1701 3212 1762 J'Ohannes
3229 1710 3403 1776 Chry-

1812 1778 2125 1836 sostomus,
2141 1780 2199 1828 et
2213 1776 2617 1842 Hieronymus,
2633 1779 2983 1831 sanctissimi
2993 1780 3121 1833 viri.
3134 1782 3213 1833 De
3228 1782 3413 1834 Proba

1728 1850 1784 1925 B
1808 1844 2044 1925 insuper
2064 1846 2258 1925 aliqua
2278 1847 2399 1901 dixi
2419 1848 2483 1902 in
2510 1850 2971 1915 Antiquitatibus
2992 1852 3192 1907 Hortw
3212 1852 3315 1906 lib.
3338 1854 3409 1905 II.

1804 1929 1933 1982 cap.
1959 1918 2058 1969 IV.
2091 1918 2143 1983 §.
2179 1916 2231 1973 3.
3060 1976 3069 1981 .

1863 1991 1956 2042 III.
1983 1990 2372 2056 Hieronymus
2394 1991 2495 2047 lib.
2528 1995 2618 2047 III.
2654 1994 2951 2060 Apologia
2987 2007 3121 2061 pag.
3162 1995 3289 2052 468.
3318 1998 3411 2050 Ru

1801 2061 1986 2114 ﬂnum
2013 2063 2104 2115 his
2136 2065 2328 2116 verbis
2358 2065 2696 2131 alloquitur:
2723 2073 2782 2117 tu
2817 2068 2982 2118 etiam
3000 2068 3223 2119 Latinos
3245 2068 3410 2120 libros

1802 2134 1866 2205 in
1890 2134 2132 2184 Graecum
2155 2136 2311 2185 vertis
2326 2152 2343 2186 :
2367 2137 2521 2187 nobis
2543 2139 2674 2187 dare
2700 2140 2898 2189 nostris
2920 2145 3145 2190 externa
3166 2140 3412 2205 prohibe-

1801 2204 1917 2256 bis?
1942 2208 2097 2268 Quos
2120 2206 2297 2259 libros
2319 2220 2352 2260 e
2386 2210 2591 2263 Latino
2613 2210 2938 2262 inGrsecum
2950 2204 3271 2263 sermonem
3292 2213 3410 2262 Ru-

1800 2277 1955 2330 ﬁnus
2009 2278 2259 2330 verterit.
2294 2279 2646 2344 ignoramus.
2683 2283 2808 2344 Hoc
2829 2286 3026 2335 tamen
3048 2283 3189 2335 satis
3210 2282 3412 2337 refellit

1801 2349 2184 2401 Humfredum
2206 2350 2474 2413 Hodium,
2506 2353 2608 2415 qui
2628 2352 2727 2404 lib.
2746 2349 2790 2405 Ιῖ
2816 2354 2890 2405 de
2912 2353 3222 2406 Bibliorum
3246 2354 3409 2406 texti-

1801 2421 1911 2472 bus
1935 2420 2307 2485 originalibus
2328 2435 2450 2486 cap.
2481 2424 2574 2474 IX.
2600 2422 2647 2486 ς.
2673 2423 2725 2478 3.
2750 2437 2879 2489 pag.
2904 2422 2993 2478 51.
3017 2428 3280 2477 constare
3308 2426 3408 2490 ait,

1802 2494 2042 2541 Ruﬁnum
2061 2493 2368 2543 Graecorum
2381 2494 2664 2545 literarum
2674 2510 2790 2545 non
2804 2496 2970 2560 fuisse
2984 2496 3137 2545 valde
3148 2497 3408 2561 peritum,

1800 2578 1895 2613 nec
1937 2563 2251 2614 intelleasisse
2290 2565 2425 2628 quid
2465 2573 2549 2617 τοῦ
2588 2567 2719 2618 πάνυ
2760 2567 3108 2631 signiﬁcaret,
3134 2567 3408 2619 Ruﬁnum

1803 2634 2036 2697 scilicet,
2062 2636 2163 2698 qui
2184 2635 2256 2687 ad
2282 2636 2516 2701 triginta
2527 2649 2712 2689 annos
2728 2638 2877 2690 inter
2892 2641 3122 2690 Graecos
3144 2644 3409 2691 versatus

1801 2704 2184 2770 doctissimos,
2206 2706 2268 2758 in
2290 2706 2362 2759 de
2376 2709 2631 2758 maxima
2646 2715 2800 2773 parte
2817 2710 3122 2759 Graecorum
3136 2708 3413 2759 bibliothe-

1802 2792 1923 2826 cam
1953 2778 2165 2902 liartlilnis
2199 2777 2422 2845 exibuit,
2461 2785 2529 2833 ut
2564 2780 2646 2834 ait
2680 2780 3009 2834 Gennadius
3041 2780 3103 2834 in
3141 2780 3408 2846 Catalogo

1802 2860 1929 2902 can.
2097 2886 2113 2901 .

1802 2860 1929 2915 cap.
1957 2860 2113 2902 xvu.

2398 2966 2633 3021 CAPUT
2657 2968 2807 3020 XVI.

1801 3083 1846 3134 Ῑ.
1879 3082 1970 3133 An
2013 3083 2248 3146 Ruﬁnus
2290 3083 2467 3134 Flavii
2506 3084 2737 3150 Josephi
2774 3099 2998 3151 operum
3040 3084 3271 3134 Latinus
3311 3084 3409 3134 in—

1870 3159 2083 3219 terpres.
2123 3156 2193 3207 II.
2239 3156 2407 3206 Varia
2444 3155 2507 3206 de
2546 3156 2768 3222 Josephi
2811 3156 3197 3220 antiquissimo
3232 3156 3408 3206 codice

1865 3226 2277 3277 Mediolanensi.
2320 3229 2418 3280 ΙΙΙ.
2446 3228 2600 3278 Num
2619 3229 2987 3292 Hieronymus
3019 3233 3065 3278 et
3091 3227 3407 3277 Ambrosius

1865 3298 2161 3362 Josephum
2195 3299 2386 3348 Latine
2421 3299 2791 3350 converterint.
2823 3300 3119 3365 Egesippus
3155 3304 3227 3349 est
3261 3299 3411 3348 Jose-

1862 3369 2008 3434 phus
2044 3370 2107 3418 de
2128 3370 2271 3420 Bello
2292 3371 2524 3422 Judaico
2560 3370 2628 3421 ab
2654 3370 2936 3421 Ambrosio
2970 3372 3160 3421 Latine
3181 3375 3417 3419 contrac-

1865 3445 1996 3491 ctus.
2034 3441 2112 3491 IV
2147 3441 2412 3490 Friderici
2456 3442 2717 3493 Gronovii
2760 3442 2974 3492 collatio
3017 3442 3163 3491 inter
3192 3442 3418 3505 phrases

1862 3510 2155 3572 Ambrosii,
2194 3516 2239 3561 et
2273 3513 2530 3577 Egesippi
2561 3512 2864 3577 adprobata
2904 3518 2950 3563 et
2981 3512 3199 3578 defensa
3234 3512 3304 3564 V.
3327 3510 3416 3561 Jo-

1865 3582 2018 3647 sephi
2039 3583 2209 3632 versio
2233 3584 2433 3645 Ruﬁno
2462 3583 2824 3649 abjudicatur.

1866 3700 1908 3750 Ι.
1934 3698 2026 3750 Ad
2047 3699 2482 3753 lucubrationes
2519 3700 2756 3762 alienas,
2799 3700 3007 3753 Ruﬁno
3064 3699 3402 3765 adscriptas,

1806 3769 2067 3823 devenio.
2106 3771 2426 3836 Principem
2457 3771 2649 3825 locum
2681 3772 2944 3825 obtinent
2975 3771 3152 3824 Flavii
3187 3772 3409 3836 Josephi

1804 3841 1989 3905 Opera
2017 3841 2241 3903 Omnia,
2268 3854 2516 3906 quorum
2541 3856 2572 3897 e
2598 3846 2795 3897 Graeco
2818 3844 2879 3895 in
2907 3845 3172 3895 Latinum
3197 3855 3413 3907 sermo-3

1804 3924 1938 3965 nem
1969 3913 2207 3975 antiqua
2239 3913 2555 3977 translatio,
2590 3915 2765 3979 vulgo
2812 3915 3079 3977 Ruﬁnum
3115 3919 3406 3966 auctorem

1804 3984 2053 4047 prmfert,
2074 3984 2158 4035 De
2180 3983 2290 4035 hoc
2313 3984 2549 4036 minime
2572 3984 2799 4037 dubitat
2821 3983 3117 4049 Philippus
3141 3984 3406 4035 Labbeus

1805 4054 1867 4106 in
1886 4055 2039 4106 notis
2063 4055 2137 4108 ad
2164 4054 2497 4119 Catalogum
2520 4053 2845 4107 Bellarmini
2871 4058 3005 4107 tom.
3032 4056 3099 4106 II.
3126 4066 3253 4119 pag.
3281 4052 3405 4108 308.

1805 4130 1866 4179 et
1887 4129 2016 4191 post
2037 4138 2171 4178 eum
2193 4126 2525 4179 Ludovicus
2539 4128 2805 4192 Dupinus
2830 4130 2966 4180 tom.
2993 4128 3085 4178 III.
3107 4125 3409 4177 Bibliothe-

1807 4209 1911 4250 ca).
1935 4198 2083 4251 Hinc
2097 4197 2364 4263 Ruﬁnus,
2385 4203 2450 4250 ut
2469 4201 2681 4264 certus,
2706 4212 2813 4251 nec
2835 4198 3048 4252 dubius
3061 4197 3299 4262 Josephi
3329 4197 3410 4249 in-

1806 4271 2043 4334 terpres,
2089 4282 2209 4322 non
2253 4282 2378 4323 raro
2427 4271 2501 4323 ab
2532 4271 2855 4336 imperiosis
2900 4270 3113 4324 criticis
3148 4271 3412 4329 Erasmo,

1807 4341 2107 4406 Scaligero,
2149 4343 2506 4402 Casaubono,
2538 4343 2779 4407 aliisque
2803 4343 3132 4394 immaniter
3155 4340 3407 4405 vapulat.

1806 4412 1992 4465 Mitior
2014 4417 2208 4466 tamen
2232 4416 2288 4465 et
2319 4415 2539 4466 cautior
2570 4419 2660 4466 est
2682 4417 2895 4479 Caspar
2918 4414 3184 4466 Barthius
3206 4412 3267 4463 in
3290 4411 3410 4463 Ad-

1808 4483 2074 4536 versariis
2096 4483 2191 4535 lib.
2222 4485 2418 4537 XLIV.
2446 4496 2550 4549 cap
2577 4485 2784 4537 XXIII.
2813 4485 2877 4537 in
2913 4483 3045 4547 ﬁne,
3072 4482 3173 4535 ubi
3195 4493 3410 4546 anceps

1802 4554 2006 4617 haeret,
2030 4568 2171 4608 num
2188 4555 2248 4607 in
2262 4555 2514 4620 Josepho
2539 4557 2812 4608 Ruﬁnum
2839 4560 3132 4620 agnoscat.
3158 4556 3227 4606 In
3244 4554 3411 4606 Com-

1799 4626 2078 4679 mentario
2125 4625 2200 4678 ad
2242 4625 2617 4679 Claudianum
2652 4639 2782 4692 pag.
2806 4625 2965 4683 1105.
3002 4628 3287 4693 Interpres,
3316 4625 3409 4677 in-

1726 4706 1786 4781 D
1809 4698 1954 4779 snite
1977 4698 2212 4781 ζίξεεεολὲ.
2230 4712 2322 4748 ηεο
2343 4700 2753 4781 Rumone.”
2775 4699 3171 4781 ξεθίςυξίοτῖεηει
3194 4714 3289 4781 re
3311 4698 3405 4781 “£0

1808 4768 1868 4818 in
1884 4768 2067 4819 multis
2089 4770 2369 4834 indignus.
2388 4771 2633 4823 Vossius
2655 4772 2754 4825 lib.
2774 4773 2842 4825 II.
2861 4772 2934 4824 de
2949 4769 3248 4823 Historicis
3264 4770 3415 4821 Lati-

1801 4840 1894 4892 nis
1908 4853 2031 4906 cap.
2050 4841 2149 4893 XI.
2173 4841 2245 4893 de
2271 4840 2500 4895 Ruﬁnol
2516 4855 2760 4908 oquens,
2783 4844 2911 4897 haec
2931 4843 3227 4896 memoriae
3255 4853 3412 4894 man-

1802 4911 2000 4965 davit:
2035 4912 2180 4963 Inter
2211 4913 2344 4977 alia,
2375 4930 2493 4978 que
2525 4915 2843 4966 Gennadius
2874 4920 2923 4967 et
2959 4932 3026 4967 ex
3048 4931 3106 4966 eo
3130 4914 3410 4966 Honorius

1801 4988 2199 5047 commemorat,
2239 4986 2759 5038 ClementisRomani
2782 4988 3180 5052 Recognitiones
3202 4993 3250 5036 et
3284 4985 3410 5038 Fla-

1801 5055 1951 5105 vium
1999 5056 2295 5121 Josephum
2337 5058 2527 5109 Latine
2547 5059 2845 5111 transtulit.
2882 5060 2954 5110 De
2989 5058 3268 5110 Clementis
3300 5058 3408 5109 Re-

1803 5128 2228 5192 cognitionibus
2243 5131 2662 5194 postGennadii
2683 5131 3085 5185 testimonium
3095 5142 3212 5182 non
3226 5134 3300 5179 est
3317 5144 3409 5178 cur

1802 5199 2151 5253 dubitemus.
2175 5202 2254 5252 De
2276 5202 2501 5267 Jcsepho
2528 5208 2721 5256 tamen
2737 5204 3052 5254 Gennadius
3067 5200 3406 5254 etIIonorius

1802 5271 2241 5333 omnino-silent,
2257 5275 2555 5337 speciatim
2566 5276 2787 5337 saltem,
2802 5274 2912 5327 nisi
2923 5272 3235 5339 generatim
3248 5270 3407 5335 loqui

1803 5342 2086 5407 dicamus,
2110 5344 2209 5395 ubi
2233 5345 2563 5400 Gennadius
2578 5348 2676 5409 ait,
2690 5347 2964 5398 Ruﬁnum
2978 5344 3234 5393 maxima
3251 5350 3409 5408 parte

1805 5415 2110 5465 Graecorum
2129 5415 2467 5468 bibliothecas
2488 5420 2699 5469 Latinis
2714 5416 3060 5475 exhibuisse,
3079 5415 3201 5467 Hoc
3218 5419 3407 5468 tamen

1803 5488 2102 5553 grneratim
2125 5487 2362 5553 dictum,
2394 5503 2531 5543 mox
2559 5490 2833 5556 singulari
2857 5487 3292 5542 enumeratione
3324 5487 3405 5539 ita

1804 5559 2074 5624 explicat:
2097 5561 2295 5611 Basilii
2323 5563 2532 5627 scilicet,
2556 5568 2611 5615 et
2634 5574 2767 5626 quas
2788 5563 3241 5624 subsequuntur,
3257 5560 3405 5610 Jose-

1799 5632 1903 5697 phi
1924 5632 2157 5685 nomine
2180 5634 2331 5685 haud
2353 5634 2659 5697 reticendo,
2689 5634 2811 5685 siin
2834 5633 2944 5684 illis
2969 5631 3189 5684 fuisset.
3210 5634 3298 5685 Ex
3320 5646 3409 5685 ve-

1806 5704 2036 5763 teribus,
2064 5706 2164 5767 qui
2184 5705 2466 5768 loquatur.
2500 5706 2705 5757 unicus
2729 5710 2819 5757 est
2836 5705 3191 5755 Cassiodorus
3206 5704 3408 5756 ineun-

1803 5775 1877 5826 tis
1909 5776 2060 5827 sexti
2095 5776 2294 5828 saeculi
2328 5777 2606 5840 scriptor:
2643 5778 2812 5829 testis
2847 5778 2970 5843 ipse
3002 5778 3237 5842 quidem
3266 5779 3407 5830 satis

1802 5844 2077 5911 locuples,
2106 5849 2277 5900 modo
2310 5848 2625 5913 perspicuis
2647 5849 2993 5914 disertisque
3035 5851 3229 5904 verbis
3252 5852 3405 5914 Ruﬁ-

1804 5932 1940 5966 num
1959 5918 2192 5983 Josepbi
2216 5919 2581 5984 lnterpretem
2606 5920 2833 5975 faceret.
2853 5922 3029 5987 Atqui
3050 5935 3265 5988 anceps
3280 5934 3406 5974 om-
