3894 6398
502 373 608 433 259

1784 371 2029 424 RUFINI
2082 370 2525 424 PRESBYTERI

3701 355 3802 414 360

498 492 635 545 nino
657 493 748 546 est
768 492 1140 546 Cassiodorus
1161 507 1175 556 ;
1200 492 1384 555 deque
1404 488 1563 563 libris
1579 493 1769 554 septem
1786 486 2084 563 captivita-
2114 492 2176 563 Α
2193 485 2344 539 edita
2365 484 2597 563 Josephi
2620 484 2883 563 versione
2909 476 3174 563 conferre
3185 490 3303 533 non
3320 475 3715 563 potnlt,_quod
3738 489 3804 563 ea

500 565 576 616 tis
610 566 733 619 sive
757 566 888 619 belli
915 565 1136 619 Judaici
1163 565 1382 616 tantum
1414 561 1682 625 loquitur,
1722 573 1839 612 non
1868 560 1938 611 de
1960 560 2086 612 aliis

498 640 906 703 Antiquitatum
934 637 1477 698 Judaicarum,quos
1503 647 1565 685 se
1591 632 1657 681 ab
1680 634 1871 683 amicis
1895 647 2096 695 magno

505 710 680 760 labore
703 711 758 759 in
787 710 945 758 libros
968 709 1143 759 XXII.
1173 707 1371 758 Latine
1394 705 1700 757 vertendos
1734 717 1966 755 curasse
1998 704 2095 766 ait,

496 794 673 844 quum
686 781 940 832 nondum
956 791 990 829 a
1001 790 1290 842 quoquam
1306 777 1479 829 latine
1497 777 1644 827 versi
1660 776 1925 827 fuissent.
1940 779 2097 823 Verba

495 855 621 917 ejus
645 852 713 902 de
735 857 941 915 septem,
970 863 1116 913 quos
1133 850 1271 912 dixi,
1291 847 1459 911 libris,
1484 848 1610 899 hmo
1624 853 1760 898 sunt
1779 860 1897 910 cap.
1918 847 2093 897 XVII.

502 925 571 974 de
594 924 959 974 Institutione
982 922 1310 972 divinarum
1332 920 1656 971 literarum:
1685 919 1790 977 Qui
1813 920 1979 966 etiam
2002 920 2096 969 Jo-

503 996 732 1058 sephus)
748 999 795 1043 et
830 994 965 1043 alios
997 998 1191 1058 septem
1215 992 1373 1041 libros
1397 992 1721 1056 captivitatis
1742 990 2098 1039 Judaicwmi-

500 1067 663 1116 rabili
706 1067 882 1115 nitore
927 1065 1508 1129 conscripsitﬂuorum
1546 1062 1955 1111 translationem
1997 1062 2096 1110 alii

500 1140 855 1203 Hieronymo,
871 1138 972 1186 alii
983 1137 1286 1194 Ambrosio,
1302 1135 1403 1184 alii
1419 1135 1681 1199 deputant
1710 1136 1965 1184 RUFINO:
1978 1148 2097 1198 qua:

502 1209 636 1258 dum
655 1209 849 1258 talibus
873 1207 1214 1268 adscribitur,
1232 1206 1458 1256 omnino
1482 1204 1734 1254 dictionis
1759 1204 1974 1253 eximiae
1996 1218 2098 1252 me-

500 1280 613 1329 rita
635 1280 999 1330 declarantur.
1026 1280 1164 1330 Haec
1178 1279 1441 1344 produnt,
1468 1289 1580 1340 quo
1602 1276 1725 1327 loco
1750 1276 1982 1337 Ruﬁnus
1996 1274 2095 1326 ha-

498 1353 742 1404 beretur.
760 1353 1025 1410 Caussas,
1039 1362 1141 1402 cur
1152 1362 1220 1403 ea
1233 1349 1533 1401 translatio
1548 1347 1791 1411 singulis
1804 1346 2097 1410 adscripta

500 1422 687 1485 fuerit,
711 1423 1148 1480 investigemus.
1186 1423 1256 1472 Et
1277 1420 1461 1484 primo
1485 1418 1738 1482 quidem,
1764 1417 1916 1481 quod
1940 1417 2097 1468 Rufi-

499 1506 642 1545 num
662 1495 898 1557 spectat,
924 1492 1046 1557 ipse
1069 1493 1145 1544 ob
1171 1495 1256 1544 tot
1274 1491 1417 1544 alias
1442 1503 1577 1542 suas
1601 1489 2001 1542 translationes
2037 1488 2097 1540 in

500 1574 599 1616 ore
651 1563 913 1616 omnium
962 1565 1316 1616 versabatur.
1364 1564 1549 1625 Quare
1590 1560 1826 1627 Josephi
1862 1572 2096 1626 quoque

501 1635 797 1687 translatio
815 1635 896 1687 illi
920 1634 1167 1687 adscribi
1192 1633 1352 1687 facile
1374 1634 1576 1698 potuit.

565 1708 634 1758 II.
678 1706 1033 1758 Jamdudum
1080 1719 1278 1758 rumor
1318 1706 1617 1767 increbuit,
1666 1704 1725 1756 in
1766 1702 2096 1754 Bibliotheca

502 1777 868 1828 Ambrosiana
889 1778 1083 1841 ipsum
1106 1778 1292 1842 Ruﬁni
1315 1776 1750 1842 autographum,
1777 1774 1871 1828 vel
1894 1774 2097 1828 saltem

2196 571 2313 610 non
2342 549 2555 623 praesto
2584 558 2755 609 esset.
2786 556 2908 608 Hoc
2930 567 3047 606 non
3068 554 3285 604 factum
3309 549 3467 602 dolet
3492 550 3719 600 Caveus
3736 549 3803 623 in

2198 618 2399 682 Ruﬁno
2424 632 2487 681 Α.
2516 632 2580 681 D.
2606 628 2727 683 390.
2754 628 2861 680 Sed
2886 639 2993 690 ego
3026 625 3228 677 certior
3249 623 3434 673 factus
3463 632 3618 681 sum,
3647 618 3807 670 codi-

2196 715 2321 753 cem
2344 703 2415 752 ab
2439 700 2603 752 editis
2624 713 2740 751 non
2772 699 3119 761 discrepare;
3145 696 3203 746 in
3215 707 3327 758 quo
3354 697 3637 756 praeterea
3666 702 3807 741 nus-

2196 786 2370 836 quam
2395 773 2585 825 Rufini
2602 782 2814 821 nomen
2829 770 3075 833 apparet.
3094 768 3206 817 Cur
3220 768 3413 816 autem
3429 766 3726 836 appareat,
3758 764 3805 812 si

2194 833 2383 907 Ruﬁni
2412 856 2527 895 non
2551 846 2676 894 est?
2698 842 2996 892 Librorum
3017 839 3087 889 de
3113 838 3252 886 Bello
3269 836 3502 907 Judaico
3520 833 3798 883 Rufinum

2194 916 2266 967 ab
2277 905 2567 967 nonnullis
2579 914 2943 976 interpretem
2962 909 3163 975 putari,
3176 909 3254 958 ait
3266 905 3650 976 Cassiodorus
3667 918 3795 976 ;non

2196 991 2391 1038 tamen
2416 985 2688 1036 horumce
2712 973 2985 1034 librorum
3006 980 3121 1031 deA
3134 975 3511 1041 ntiquitatibus
3529 973 3802 1023 Judaicis.

2194 1058 2313 1108 Hos
2357 1056 2509 1109 enim
2544 1058 2780 1108 Senator
2813 1057 3074 1113 testatur,
3105 1063 3166 1101 se
3186 1048 3251 1098 ab
3275 1046 3468 1096 amicis
3488 1044 3802 1096 vertendos

2196 1141 2446 1191 curasse,
2470 1127 2627 1191 quod
2650 1128 2845 1178 Graece
2869 1126 3097 1176 tantum
3117 1121 3459 1191 legerentur.
3489 1116 3810 1191 Cassiodgri

2197 1202 2371 1254 verba
2397 1187 2470 1251 ex
2488 1187 2711 1261 eodem,
2727 1195 2881 1261 quod
2895 1194 3160 1260 superius
3173 1188 3611 1261 adduxi,capite
3622 1187 3783 1261 XVII
3791 1223 3803 1234 .

2197 1273 2269 1324 de
2294 1272 2655 1324 institutione
2687 1257 3009 1320 divinarum
3038 1264 3348 1324 literarum,
3406 1260 3523 1312 huc
3567 1257 3802 1310 adfero:

2194 1345 2354 1395 Hunc
2379 1349 2557 1392 tamen
2610 1338 2946 1404 (Josephum
2970 1338 3031 1386 de
3083 1329 3805 1404 Antiqutitaibus_.ludai§i§l

2194 1415 2260 1466 ab
2274 1424 2482 1466 AMICIS
2494 1400 3055 1475 Nosi‘msiquoniam
3072 1411 3142 1456 est
3157 1404 3365 1454 subtilis
3376 1402 3549 1475 nimis
3559 1400 3809 1475 et‘multi-

2192 1487 2356 1552 ptiar,
2404 1500 2604 1549 magno
2628 1472 2886 1532 tabo-rein
2923 1480 3073 1529 libris
3110 1478 3273 1528 XXII.
3315 1473 3551 1552 eonvefti
3582 1472 3810 1536 fecimus

2196 1545 2255 1608 in
2289 1545 2565 1608 Latinum.
2600 1556 2675 1607 Hi
2705 1554 2887 1617 amici,
2924 1563 3170 1616 quorum
3196 1558 3368 1613 opera
3388 1546 3448 1597 in
3468 1545 3805 1617 Graecorum

2196 1631 2422 1695 scriptis
2465 1628 2625 1681 Latio
2661 1615 2954 1679 donandis
2968 1620 3340 1695 Cassiodorus
3363 1615 3812 1695 utebatur-xqui-

2194 1686 2331 1753 nam
2355 1700 2580 1763 fuerint,
2607 1698 2924 1751 videamus.
2944 1698 3010 1747 In
3033 1690 3539 1763 Institutiouejam
3555 1686 3813 1739 adducta

2200 1778 2300 1823 tres
2332 1761 2651 1825 tantum—ab
2672 1783 2738 1822 eo
2761 1767 3048 1821 nominari
3075 1762 3379 1829 comperio.
3407 1761 3480 1812 Hi
3501 1764 3684 1811 sunt:

502 1848 901 1935 939313131???
910 1847 1095 1935 l9“?
1106 1849 1575 1935 ἓΡΡῘΕῙυῖἓῗέἮλὲη
1592 1848 1684 1935 3‘}-
1692 1847 2073 1935 Ξοῖἓίῖδὶξίῗὲἵ
2070 1874 2096 1935 _‘
2117 1857 2171 1933 Β
2263 1871 2313 1926 l.
2340 1870 2690 1935 Epiphanius
2709 1866 3084 1928 scholasticus.
3102 1862 3200 1935 qui
3215 1860 3468 1935 οοάίφθω
3476 1856 3807 1935 ἓηοδῖθλὲυω

504 1919 622 1983 ptio
658 1919 1009 1985 descriptum
1040 1920 1272 1971 servari.
1316 1920 1557 1983 Primus,
1581 1930 1750 1982 quem
1773 1918 1954 1982 reperi
1971 1920 2095 1983 ejus

503 1990 836 2043 meminisse
858 1991 1019 2043 initio
1043 1990 1237 2043 saeculi
1262 1991 1411 2041 XVI.
1438 1993 1528 2041 est
1547 1990 1801 2039 Ponticus
1834 1989 2100 2039 Virunius

502 2061 563 2112 in
574 2060 706 2112 Vita
717 2062 817 2112 Em
825 2061 1105 2113 manuelis
1117 2061 1469 2122 Chrysolorae
1482 2064 1616 2113 ante
1630 2072 1767 2111 suas
1779 2060 1835 2111 in
1847 2061 1895 2123 ej
1904 2073 1973 2111 us
1987 2062 2101 2109 Ero-

503 2133 716 2183 temata
738 2143 774 2183 a
794 2132 1043 2183 Guarino
1075 2132 1783 2195 contracta,Declarationes
1808 2131 2103 2180 tumultua-

499 2203 634 2266 rias,
683 2215 830 2267 quas
873 2208 1043 2257 vocat
1083 2205 1345 2254 Fert-ariae
1389 2204 1572 2256 editas
1603 2203 1755 2268 apud
1791 2203 2103 2253 Johannem

501 2273 819 2324 Macae/ium
841 2277 909 2327 Α.
941 2277 1007 2326 D.
1033 2274 1187 2331 139.
1213 2276 1274 2327 in
1298 2274 1372 2329 8°.
1398 2276 1687 2326 Ponticum
1724 2275 1794 2326 de
1822 2274 2103 2326 hacJose-

502 2345 658 2409 phini
680 2346 893 2399 codicis
906 2347 1275 2400 translatione
1285 2347 1545 2411 mirificej
1556 2347 1883 2399 udicantem
1899 2350 2105 2408 praestat

500 2416 713 2469 audire.
744 2419 891 2470 Nam
927 2423 984 2471 et
1014 2420 1164 2471 circa
1200 2422 1267 2471 A.
1308 2420 1371 2470 D.
1407 2418 1531 2474 350.
1571 2422 1627 2469 et
1648 2419 1721 2470 ab
1756 2418 2105 2481 Hieronymo

501 2486 845 2553 descriptam
877 2489 1139 2543 afﬁrmat.
1180 2491 1368 2543 Verba
1400 2490 1529 2553 ejus
1544 2489 1671 2541 haec
1701 2492 1870 2541 sunt:
1912 2489 2105 2538 Exstat

505 2557 627 2608 Divi
650 2560 973 2625 Hieronymi
999 2567 1046 2611 et
1067 2564 1298 2626 propria
1316 2576 1508 2623 manu,
1536 2562 1826 2626 originalis
1852 2560 1979 2611 liber
1992 2561 2107 2609 Ru-

500 2630 622 2694 fini,
648 2631 709 2679 in
733 2632 1138 2682 DiviAmbrosii
1157 2632 1470 2693 Mediolani,
1495 2633 1554 2680 in
1572 2648 1734 2697 capsa
1750 2632 1998 2698 plumbi,,
2021 2646 2108 2696 per

494 2702 588 2766 jor
616 2703 837 2766 (nempe
859 2704 1008 2756 male
1030 2704 1264 2755 habitus
1293 2704 1341 2754 si
1358 2704 1504 2755 bene
1520 2706 1785 2767 auguror)
1811 2704 1905 2768 qui
1922 2704 1983 2752 in
2008 2718 2109 2768 pa-

500 2773 656 2838 pyris
666 2774 743 2823 vel
753 2775 1152 2825 characteribus
1164 2773 1655 2838 Langobardorum
1676 2775 1936 2837 antiquis.
1951 2774 2107 2824 Anni

503 2850 630 2893 sunt
653 2844 798 2895 mille
819 2851 865 2894 et
893 2852 1107 2896 centum
1129 2852 1174 2896 et
1197 2846 1605 2910 quinquaginta
1628 2845 1706 2894 vel
1728 2847 1888 2904 circa,
1919 2850 1978 2894 ut
1993 2860 2103 2909 ego,

505 2917 601 2979 qui
637 2932 750 2967 non
785 2918 1017 2981 ignarus
1046 2918 1271 2967 illarum
1315 2916 1625 2979 formarum
1648 2917 1847 2965 multas
1872 2917 2107 2981 paginas

505 2986 771 3049 uoluerim,
806 2994 1101 3053 antequam
1125 2987 1341 3052 aliquid
1362 3003 1665 3051 cognoscere
1686 2988 1989 3053 potuissem.
2018 2989 2107 3040 Sic

505 3058 760 3109 Ponticus
792 3060 1086 3111 Virunius:
1113 3059 1184 3111 de
1206 3071 1320 3123 quo
1342 3059 1589 3123 homine,
1607 3059 1793 3123 deque
1810 3060 1936 3123 ejus
1967 3059 2108 3111 scri-

506 3128 618 3193 ptis
633 3130 1088 3194 quamplurimis,
1105 3138 1221 3182 non
1237 3141 1418 3195 pauca
1431 3143 1467 3182 a
1479 3143 1574 3182 me
1589 3130 1863 3183 adnotata
1885 3129 2108 3194 prodie-

505 3204 640 3251 runt
659 3201 722 3252 in
743 3201 933 3253 Diario
962 3200 1340 3254 Literatorum
1365 3202 1544 3255 Italiae
1566 3207 1702 3255 tom.
1744 3202 1950 3253 XXIV.
1977 3215 2104 3267 pag.

505 3267 627 3324 245.
646 3272 880 3334 Nempe,
906 3270 1136 3322 Virunio
1146 3272 1354 3336 judice,
1379 3273 1763 3337 Hieronymus
1784 3273 1975 3326 medio
2001 3286 2108 3325 sae-

503 3340 633 3392 culo
646 3342 742 3394 IV.
760 3341 1115 3395 characteres
1134 3344 1416 3405 adhibuit,
1434 3346 1534 3409 qui
1556 3350 1750 3397 tamen
1772 3346 1984 3398 saeculo
2009 3347 2104 3397 VI.

501 3413 670 3491 apud
681 3425 790 3465 nos
802 3414 1051 3491 primum
1074 3416 1208 3491 visi:
1227 3417 1445 3491 Quippe
1469 3419 1609 3491 tunc
1623 3417 1975 3491 Langobardi
2000 3419 2106 3491 Ita-

502 3483 637 3535 liam
655 3483 902 3548 ingressi
925 3491 1080 3539 sunt.
1106 3488 1214 3539 Sed
1236 3489 1458 3538 Pontico
1482 3489 1767 3541 credenda
1789 3489 1918 3542 haec
1941 3488 2107 3541 relin-

505 3566 772 3619 quamus,
789 3558 886 3620 qui
902 3564 960 3610 et
974 3561 1269 3613 Ravennae
1285 3561 1497 3613 vidisse
1514 3573 1575 3612 se
1598 3561 1679 3612 ait
1694 3561 1920 3613 tabulas
1937 3574 2109 3625 papy-

502 3638 698 3707 raceas
723 3629 831 3680 sub
854 3630 1150 3707 ‘Hadriano
1172 3633 1413 3695 Augusto
1426 3632 1732 3684 confectas.
1758 3634 1956 3707 Neque
1978 3633 2104 3685 haec

502 3696 718 3750 dixisse
739 3703 1062 3761 contentus,
1088 3707 1348 3762 testatur,
1375 3708 1515 3755 tunc
1534 3716 1734 3755 recens
1751 3704 1958 3768 (nuper)
1979 3705 2106 3756 Cor-

504 3781 792 3832 cyrenses.
849 3784 953 3824 seu
986 3773 1249 3837 Phaeaces,
1282 3775 1632 3839 privilegium
1656 3775 1829 3825 duum
1860 3776 2102 3825 millium

502 3856 777 3890 annorum
794 3841 959 3892 literis
969 3846 1151 3894 aureis
1165 3847 1543 3911 conscriptum,
1557 3861 1678 3896 cum
1686 3847 1916 3912 propria
1932 3862 2059 3896 man
2068 3863 2102 3896 ιι

505 3912 815 3963 Alexandri
840 3916 1050 3980 Magni,
1077 3918 1302 3967 Venetiis
1319 3919 1682 3982 depromsisse.
1718 3919 1819 3970 Cui
1849 3925 1898 3969 et
1931 3921 2103 3971 Sena-

504 3989 823 4066 t'orescaput
847 3986 1219 4066 denudarunt,
1250 3996 1294 4039 et
1318 3991 1533 4055 majora
1562 3996 1943 4041 concesserunt.
1970 3993 2102 4044 Fuit

503 4055 926 4139 Ponticuscerte
950 4059 1037 4139 vir
1046 4062 1413 4139 perinsignis,
1433 4062 1888 4114 divinationibus
1908 4068 2101 4116 tamen

500 4127 622 4206 suis
643 4127 879 4206 miriﬁce
899 4130 1233 4206 indulgens,
1250 4135 1464 4198 quique
1487 4135 1699 4198 proprii
1720 4135 1933 4206 ingenii
1957 4134 2099 4187 deli-

501 4197 599 4248 riis
651 4208 713 4249 se
757 4199 914 4252 facile
955 4201 1137 4266 abripi
1191 4197 1415 4256 sineret.
1449 4197 1806 4269 Hujusmodi'
1837 4205 2098 4258 homines

503 4280 803 4351 nunquam
823 4270 1284 4351 desuntLEetrus
1306 4274 1539 4351 Paullus
1555 4276 1785 4351 ABoscha
1800 4277 1943 4328 libro
1962 4278 2003 4327 Ι.
2020 4278 2097 4351 de

500 4339 725 4424 Origine
756 4346 830 4424 et.
849 4346 1021 4424 statu-
1040 4344 1407 4424 Bibliotheca
1436 4348 1832 4424 Ambrgsianae
1856 4360 1982 4424 pag.
2009 4348 2095 4424 1οε

499 4412 751 4484 codicem
774 4412 937 4467 illum
974 4416 1447 4470 Mediolanensem
1483 4432 1599 4471 non
1620 4419 1968 4484 Hieronymi,
1995 4420 2129 4480 sed,

498 4483 686 4545 Ruﬁni
706 4497 888 4540 manu
910 4486 977 4536 ab
993 4487 1122 4538 hinc
1136 4505 1313 4539 annos
1328 4489 1473 4540 mille
1492 4496 1537 4539 et
1556 4496 1804 4541 trecentos
1820 4483 2095 4557 Scriptum

470 4560 722 4638 narrat:
757 4559 961 4638 qua-iu
990 4564 1169 4638 aetate
1192 4561 1549 4638 adsignanda
1572 4563 2095 4638 Virunio_proxime

499 4625 733 4679 accedit.
760 4627 849 4679 Ad
878 4626 1002 4682 haec
1025 4644 1096 4683 ex
1118 4634 1205 4684 Jo.
1234 4625 1397 4686 Petro
1424 4634 1697 4687 Puricello
1726 4634 1782 4686 in
1808 4625 2089 4686 Disserta-

2200 1955 2299 2007 pro
2322 1928 2655 1995 defensione
2678 1937 2911 1991 Concilli
2933 1928 3811 2007 Chalcedonensis,_Cas_siodoro

2200 2000 2514 2079 ﬂagitante,
2552 2012 2818 2064 Latinum
2863 2009 3009 2069 fecit,
3046 2019 3120 2059 ex
3163 2004 3395 2079 laudata
3437 2000 3812 2079 Institutione

2348 2073 2526 2137 XVII.
2554 2096 2744 2147 quem,
2765 2082 2969 2147 inquit,
2995 2080 3225 2152 codicem
3249 2091 3284 2152 9
3302 2076 3418 2124 viro
3447 2073 3807 2123 disertissin

2200 2148 2518 2223 Epiphanio
2540 2156 2765 2219 fecimus
2785 2154 2847 2203 in
2862 2153 3123 2203 Latinum
3147 2149 3212 2199 de
3236 2148 3680 2223 ercasermone
3694 2159 3813 2223 con-

2202 2214 2350 2279 tini.
2389 2214 2591 2281 Exstat
2618 2228 2680 2278 in
2714 2224 2948 2277 Concilii
2985 2221 3196 2275 Labbei
3226 2224 3368 2272 tom.
3403 2216 3498 2269 1v.
3536 2227 3671 2281 pag.
3724 2214 3807 2269 81.

2204 2303 2371 2365 cujus
2388 2299 2816 2352 emendationes
2834 2295 3093 2365 vulgavit
3106 2290 3372 2365 Baluzius
3384 2289 3443 2365 in
3456 2298 3611 2365 nova
3628 2285 3809 2365 Cone-

2204 2358 2393 2425 ctione
2417 2370 2794 2423 Conciliorum
2819 2358 2959 2432 pag:
2968 2364 3124 2421 1400.
3143 2360 3374 2425 Didymi
3393 2360 3569 2412 etiam
3589 2358 3808 2432 exposi—

2207 2446 2375 2494 tiones
2386 2441 2708 2495 Salomonis
2720 2429 3170 2496 Pro—verbiorum,
3184 2438 3243 2486 et
3256 2434 3373 2485 VII.
3393 2429 3805 2483 Canonicarum

2204 2515 2577 2580 Epistolarum
2595 2514 2702 2564 sibi
2716 2513 2788 2564 ab
2805 2508 3119 2575 Epiphanio
3132 2507 3316 2580 fuisse
3325 2500 3659 2580 translatas,
3677 2500 3809 2580 Cas-

2208 2571 2469 2639 siodorus
2501 2584 2688 2651 prodit
2717 2571 2926 2647 cap.‘v'
2940 2586 2997 2633 et
3020 2576 3425 2651 V111.Ad_haac
3448 2571 3807 2651 Epiphanius

2207 2644 2523 2719 Sozomenl,
2550 2644 2805 2708 Socratis
2826 2655 2885 2707 et
2912 2649 3241 2706 Theodoriti
3264 2644 3545 2719 Historias
3571 2654 3811 2695 conver-

2207 2730 2276 2782 tit
2304 2730 2476 2793 inque
2509 2716 2613 2779 XII
2638 2728 2814 2778 libros
2847 2722 3172 2793 distribuit;
3201 2719 3410 2793 quibus
3433 2716 3496 2768 in
3522 2726 3803 2793 compen-

2207 2800 2367 2852 dium
2385 2784 2653 2859 redactis,
2681 2798 2914 2850 Senator
2936 2805 3105 2847 suam
3126 2789 3486 2857 Tripartitam
3508 2784 3805 2839 conﬂavit.

2206 2872 2395 2934 Hujus
2417 2869 2809 2934 praefationem
2838 2865 3091 2918 consule.

2269 2925 2321 2996 ‘2'.
2347 2925 2578 2991 Bella-lor
2599 2939 2884 3005 presbyter,
2909 2932 3169 2999 Origenis
3188 2927 3539 3005 Hom_ilias_In
3561 2925 3806 3005 Esdram

2206 2988 2379 3065 Latio
2389 2988 2641 3075 donavit,
2666 2988 3093 3075 rogatu'pariter
3115 3001 3453 3065 Cassiodori,
3471 2988 3579 3052 hec
3597 2997 3807 3052 eodem

2207 3090 2352 3140 teste
2373 3096 2494 3147 cap.
2518 3082 2638 3133 VII.

2649 3163 2812 3213 Joan.
2836 3128 3227 3224 Chrysostomi
3244 3151 3520 3207 Homilias
3528 3149 3806 3224 XXXIV.

2137 3227 2187 3304 C
2204 3237 2264 3290 in
2274 3220 2572 3302 epistolam
2585 3232 2657 3284 ad
2668 3220 3165 3304 IIebraaoslatlnas'
3172 3227 3305 3279 fecit
3317 3220 3655 3304 Cassiodoro
3656 3222 3808 3304 item

2206 3291 2652 3373 obsequuturus,
2679 3316 2852 3369 quem
2874 3301 3007 3355 vide
3036 3301 3145 3354 hoc
3171 3298 3475 3352 testantem
3502 3307 3629 3359 cap.
3656 3291 3807 3344 VIII.

2268 3409 2389 3459 Hos
2425 3418 2558 3470 ergo
2588 3404 2791 3453 amicos
2820 3405 2957 3464 tres,
2980 3413 3099 3453 non
3121 3398 3282 3461 alios,
3300 3392 3806 3470 inconvertendis

2203 3478 2440 3543 Josephi
2454 3467 2881 3543 Afntiquitatibus
2895 3472 3141 3543 {Iudaicis
3158 3467 3526 3543 Cassiodorus

2168 3614 2171 3615 ν
2205 3528 2437 3615 praeque
2460 3528 2664 3615 ceteris
2689 3538 2963 3615 fortissis,
2997 3539 3063 3615 ut
3095 3545 3201 3615 ego
3235 3531 3493 3615 arbitror,
3530 3528 3804 3615 pmninm

2204 3600 2514 3677 principem
2537 3610 2939 3673 Epiphaniam,
2958 3607 3048 3658 cui
3073 3605 3297 3677 aliasea
3310 3600 3609 3677 translatio
3630 3600 3805 3677 inter-

2204 3672 2343 3736 dum
2370 3672 2657 3743 tribuitur,
2683 3680 2811 3732 licet
2828 3680 2981 3730 illam
2998 3676 3374 3729 Cassiodorus
3394 3673 3443 3725 ei
3459 3672 3802 3724 nominatim

2200 3768 2321 3808 non
2344 3756 2571 3808 tribuat.
2599 3755 2782 3815 Quare
2801 3751 2954 3802 nullo
2981 3749 3150 3800 modo
3179 3745 3389 3809 ambigi
3417 3746 3624 3809 potest,
3650 3743 3797 3815 quin

2202 3827 2383 3878 codex
2417 3814 2850 3886 Ambrosianus,
2894 3822 3020 3886 ipsa
3052 3821 3221 3872 relate
3253 3815 3572 3869 Cassiodori
3615 3814 3804 3866 Justi-

2199 3899 2373 3950 niano
2388 3898 2721 3961 imperante,
2748 3894 2945 3946 Latine
2966 3896 3254 3961 exemtus,
3277 3890 3350 3940 ab
3365 3888 3556 3961 amicis
3572 3886 3803 3961 Cassio-

2200 3969 2322 4020 dori
2356 3957 2638 4033 prodierit.
2672 3966 2881 4017 Mirum
2903 3966 3007 4027 est,
3038 3963 3194 4013 viros
3219 3960 3418 4033 doctos
3443 3958 3726 4033 hactenus
3743 3957 3801 4008 in

2201 4030 2542 4093 contrariam
2554 4037 2896 4089 sententiam
2909 4047 3024 4086 uno
3036 4034 3263 4099 agmine
3276 4031 3467 4082 ivisse.
3486 4030 3630 4081 Nam
3656 4041 3804 4091 pree—

2200 4117 2285 4164 ter
2302 4114 2425 4174 jam
2448 4109 2726 4160 adductos
2739 4110 3014 4164 Renatus,
3032 4103 3367 4155 Laurentius
3396 4100 3536 4174 dels
3557 4100 3799 4174 Barrein

2202 4171 2509 4248 prefatione
2558 4180 2631 4230 ad
2678 4178 2953 4243 opuscula
2990 4176 3203 4248 Rufini,
3235 4174 3306 4225 de
3337 4172 3521 4248 eo‘sic
3557 4171 3797 4248 scribit:

2196 4244 2415 4317 Josephi
2430 4253 2589 4301 etiam
2609 4251 2863 4299 Latinam
2878 4249 2997 4312 fecit
3014 4247 3316 4307 historiam,
3333 4244 3489 4317 cujus
3518 4244 3805 4317 exemplar

2198 4314 2501 4375 asservatur
2521 4321 2820 4371 Mediolani
2848 4321 2911 4369 in
2933 4321 3038 4369 aede
3064 4318 3248 4368 Sancti
3279 4314 3569 4373 Ambrosii,
3593 4315 3801 4378 Lango-

2196 4395 2427 4445 bardicis
2444 4394 2703 4457 scriptum
2724 4392 2907 4442 literis.
2931 4392 3036 4442 Hic
3047 4387 3352 4443 conformia
3362 4386 3536 4438 habet
3545 4388 3800 4457 Johanues

2196 4467 2477 4520 Henricus
2497 4456 2868 4529 Hettingerus
2887 4464 2948 4515 in
2960 4459 3391 4514 Bibliothecario
3415 4471 3538 4522 cap.
3572 4460 3642 4510 II.
3668 4458 3723 4521 §.
3744 4456 3796 4511 3.

2194 4551 2324 4604 pag.
2351 4536 2419 4593 33
2443 4543 2499 4589 et
2520 4538 2906 4599 Hieronymus
2919 4532 3246 4586 Welschius
3267 4531 3327 4604 in
3349 4530 3591 4604 epistola
3605 4528 3677 4579 ad
3697 4530 3795 4580 Bo-

2174 4608 2178 4612 ’
2197 4601 2350 4661 sium
2365 4614 2496 4674 post
2510 4608 2881 4660 Reinesianas
2896 4619 3025 4671 pag.
3044 4604 3166 4659 470.
3184 4602 3455 4655 Ruﬁnum
3471 4601 3541 4652 de
3564 4611 3797 4665 compa-

502 4651 733 4705 αιυυυυιυ·
760 4651 849 4679 Λα
871 4651 1002 4709 μῶυ
1025 4651 1096 4683 ex
1118 4651 1205 4684 δυ.
1234 4651 1397 4686 retro
1424 4651 1697 4687 ναι-ωειιο
1726 4651 1782 4686 1n
1808 4651 2089 4686 ursserta-
2114 4651 2171 4723 D
2202 4651 3025 4690 "‘“mK'V""“':"‘":""'—':'.I'"U'
3055 4651 3100 4659 --
3120 4651 3165 4659 ν-
3185 4651 3454 4684 ——————.—~~
3611 4651 3618 4652 κ
3697 4651 3717 4665 ι

502 4699 655 4770 uene
688 4698 996 4753 Namnam
1025 4714 1147 4767 cap.
1182 4704 1376 4756 LXIV.
1409 4705 1459 4769 ε.
1496 4704 1563 4759 35
1589 4718 1713 4770 pag.
1747 4704 1867 4761 372.
1895 4707 1967 4757 ab
2001 4706 2092 4755 Αι-
2190 4686 2302 4770 Et:
2319 4675 3793 4770 2039323321.PPE¥?¥.§EE??E?E“.’f‘ﬁTi‘limﬁfﬂ

498 4766 593 4841 tila
613 4770 1067 4841 pastaquilejam
1089 4766 1365 4840 eversam,
1391 4766 1811 4841 autograpbum
1828 4777 1901 4830 ad
1923 4780 2091 4830 Insu-

497 4839 625 4923 bres
658 4840 1303 4923 perlatum,conjectura
1318 4839 1430 4923 non
1451 4839 1600 4923 futili
1628 4839 1884 4923 arbitrari
1904 4862 1966 4902 se
1989 4849 2084 4901 ait.

498 4911 905 4996 benensittam
942 4927 1149 4996 secure
1181 4923 1238 4971 et
1278 4918 1514 4972 feliciter
1541 4921 1961 4996 divinantibust
1997 4923 2085 4996 ἄρ.

495 4982 879 5068 Habillanius,
904 4987 1281 5068 quipodicegp
1295 4993 1692 5068 contrectavit,
1705 4993 1791 5046 vir
1813 4993 1875 5045 in
1890 4992 1963 5057 dij
1972 4992 2087 5068 udi-

715 5056 1052 5141 hujusmodi
1074 5062 1311 5141 cimeliis
1334 5065 1540 5141 nppido
1566 5054 1776 5141 sagax,
1780 5070 1839 5117 et
1874 5054 2087 5141 peritus

496 5137 672 5202 quam
709 5132 975 5191 maxime,
1015 5132 1077 5186 in
1108 5134 1303 5188 Museo
1345 5137 1539 5189 Italico
1574 5141 1709 5189 tom.
1754 5138 1798 5188 Ι.
1841 5148 1971 5202 pag.
1998 5134 2083 5191 12.

494 5200 772 5265 scriptum
810 5206 1052 5258 testatur
1080 5213 1206 5258 ante
1240 5223 1416 5259 annos
1438 5208 1583 5259 mille
1615 5215 1660 5259 et
1683 5200 2086 5270 ccntutnihaud

493 5273 662 5322 multo
686 5279 806 5339 post
836 5277 1025 5341 Ruﬁni
1047 5276 1250 5330 atatem
1281 5296 1294 5333 :
1333 5280 1427 5333 cui
1463 5285 1520 5333 et
1542 5282 1665 5345 ipse
1698 5281 1905 5333 librum
1932 5281 2086 5332 adsi-

493 5349 648 5417 gnat,
696 5358 809 5410 quo
847 5349 926 5401 ait
963 5352 1458 5417 contiueriatiquot
1483 5353 1643 5403 libros
1665 5352 2083 5417 FlaviiJosephi

488 5415 551 5464 de
567 5417 994 5483 Antiquitatibus
1014 5423 1278 5484 Judaicis,
1304 5415 1502 5489 Rufino
1527 5426 1827 5487 interprete.
1848 5426 1931 5476 De
1960 5415 2086 5475 lite-

489 5499 680 5561 rarum
712 5491 895 5544 forma
924 5495 1006 5546 sic-
1035 5499 1231 5548 censet
1253 5513 1268 5545 :
1294 5497 1579 5561 Scriptura
1602 5497 1797 5547 codicis
1820 5511 1932 5546 non
1953 5511 2085 5559 qua-

489 5559 665 5632 drata,
679 5563 767 5610 sed
781 5565 1048 5615 minutior
1057 5574 1146 5629 est,
1165 5568 1343 5632 qualis
1358 5559 1463 5617 meo
1476 5568 1784 5618 Justiniani
1798 5566 2079 5629 obtinebat,

488 5629 675 5711 [οῖ’ζηῖε
695 5632 804 5711 Γετθ
825 5638 1086 5711 εξφιίἰὶεγᾳί
1121 5629 1287 5703 quam
1313 5654 1384 5690 επ
1412 5642 1604 5689 charta
1634 5640 1974 5690 Ravennensi
2003 5655 2085 5688 re"

494 5701 715 5783 tulimqu
749 5706 811 5783 in
854 5707 985 5759 libro
1014 5710 1075 5783 7V.
1108 5701 1168 5761 de
1200 5728 1257 5761 re
1301 5712 1665 5777 diplomatica.
1705 5712 1797 5763 Sic
1830 5711 2085 5763 Mabillo—

494 5776 645 5847 nius.
671 5776 817 5828 Sunt
840 5792 971 5833 vero
1000 5782 1321 5847 fragmenta
1349 5776 1625 5835 ﬁbrarum
1654 5784 1748 5834 VI.
1784 5783 1903 5834 VII.
1936 5784 2083 5843 VIII,

496 5846 594 5899 IX.
610 5851 655 5897 et
672 5849 741 5901 X.
761 5851 822 5900 de
835 5846 1262 5917 Antiquitatibus
1276 5856 1542 5919 Judaicis,
1559 5856 1632 5906 ab
1654 5855 1916 5920 imperito
1939 5867 2087 5907 com-

495 5923 725 5981 pactore
753 5920 901 5975 male
938 5923 1229 5987 disposita.
1258 5926 1359 5978 Vir
1378 5938 1645 5978 summus
1667 5927 1920 5981 codicem
1953 5940 2086 5980 cum

2190 4758 2387 4877 taarlnen
2403 4751 2545 4875 minii
2560 4752 2629 4804 de
2644 4752 2673 4802 J
2680 4749 2881 4815 osephi
2895 4748 3160 4814 operibus
3177 4746 3240 4800 in
3264 4745 3530 4798 Latinum
3547 4744 3794 4797 vertisse

2190 4837 2224 4877 ο
2283 4837 2377 4877 am
2399 4836 2462 4876 es
2493 4861 2507 4875 .

2187 4836 2377 4891 palam
2399 4836 2507 4876 esu.

2248 4925 2340 4976 III.
2374 4921 2485 4975 Sed
2531 4933 2652 4985 cur,
2689 4918 2913 4985 inquies
2960 4917 3239 4971 librorum
3266 4916 3367 4969 VII
3404 4914 3467 4966 de
3502 4911 3643 4965 Bello
3688 4913 3793 4964 Ju-

2188 4995 2342 5045 daico
2355 4995 2551 5047 Latina
2562 4993 2878 5057 translatio,
2893 4990 2963 5043 ad
2976 4990 3393 5055 Hieronymum
3419 4988 3788 5051 interpretem

2185 5067 2341 5132 quod
2379 5067 2460 5119 ait
2500 5067 2753 5129 Senator,
2791 5064 3067 5130 pertinere
3099 5060 3406 5127 aliquando
3430 5058 3649 5112 credita
3670 5060 3792 5132 est?

2185 5130 2459 5191 Caussam
2496 5137 2699 5202 accipe.
2750 5137 3134 5201 Hieronymus
3177 5134 3236 5185 in
3287 5132 3449 5198 epist.
3490 5132 3608 5194 LII,
3652 5130 3789 5182 alias

2184 5211 2442 5262 XXVIII.
2466 5208 2649 5272 (Nunc
2670 5208 2825 5269 LXI.)
2841 5207 2914 5259 ad
2937 5205 3239 5258 Luciuium
3260 5205 3538 5257 Beeticum
3556 5204 3790 5268 scripta,

2182 5282 2309 5335 haec
2331 5281 2542 5333 habet:
2585 5281 2754 5330 Porro
2795 5278 3014 5343 Josephi
3052 5277 3230 5337 libros,
3256 5282 3301 5326 et
3323 5276 3652 5327 Sanctorum
3676 5277 3784 5326 Pa-

2183 5357 2282 5419 piae
2302 5359 2345 5403 et
2362 5352 2650 5417 Polycarpi
2668 5351 2951 5400 valumina
2970 5349 3141 5413 falsus
3165 5350 3237 5399 ad
3261 5352 3305 5398 te
3324 5362 3519 5397 rumor
3536 5347 3779 5412 pertulit,

2182 5442 2218 5475 a
2244 5440 2325 5473 me
2350 5424 2633 5485 translata,
2660 5424 2794 5486 quia
2816 5422 3022 5485 ncgocii
3046 5421 3168 5481 mei,
3202 5436 3292 5469 nec
3318 5419 3521 5469 virium
3546 5423 3634 5481 est,
3669 5425 3789 5468 tan-

2184 5502 2263 5547 tas
2285 5512 2366 5545 res
2382 5496 2638 5545 eademin
2657 5494 2883 5543 alteram
2900 5494 2973 5542 lin
2982 5508 3176 5557 guamc
3187 5492 3486 5557 cmprimere.
3500 5496 3788 5541 venustate.

2182 5571 2321 5621 Haec
2334 5568 2699 5631 IIironymus.
2716 5566 3085 5617 Postmodum
3099 5565 3217 5616 viro
3229 5576 3439 5628 magno
3451 5562 3670 5627 aliquid
3686 5564 3788 5613 ocii

2182 5646 2227 5690 et
2250 5640 2449 5689 uirium
2492 5639 2564 5691 ad
2603 5639 2919 5702 Josephum
2973 5636 3400 5688 tranferendum
3424 5636 3773 5699 suppetiisse

2184 5712 2609 5771 existimatum:
2637 5710 2789 5774 quod
2820 5715 3014 5761 tamen
3037 5708 3307 5772 suppetiit
3331 5720 3655 5770 nunquam.
3696 5709 3779 5759 De

2183 5784 2485 5836 Ambrosio
2511 5782 2670 5835 aliter
2697 5782 3113 5834 disserendum.
3142 5782 3383 5831 Exstant
3397 5779 3524 5831 libri
3546 5780 3783 5831 V.Lalini

2184 5855 2246 5906 de
2270 5855 2410 5906 Bello
2441 5856 2694 5919 Judaico,
2720 5868 2820 5907 seu
2846 5854 2907 5904 de
2933 5853 3095 5905 Gestis
3122 5852 3460 5910 Judworum,
3487 5851 3588 5915 qui
3611 5851 3782 5903 etiam

2183 5930 2255 5979 de
2295 5928 2448 5978 Urbis
2479 5927 2979 5992 Hierosolymitanm
3007 5924 3217 5975 excidio
3245 5928 3552 5989 propterea
3573 5921 3782 5976 inscri—
