3894 6410
56 378 139 438 :zo‘l
1245 366 1437 419 VITA.
1473 366 1608 418 LIB.
1643 363 1714 419 II.
1750 367 1903 419 CAP.
1942 366 2090 419 xvr.

56 495 256 557 buntur,
292 488 442 555 quod
472 488 607 541 inde
641 500 677 539 a
717 482 1054 539 Maccabais
1096 481 1171 535 ad
1201 480 1615 557 Hierosolyma

57 566 193 619 urbis
219 555 273 615 et
286 561 481 626 templi
503 560 729 612 ruinam
754 559 863 609 sub
890 557 950 608 T.
976 555 1327 620 Vespasiano
1353 559 1615 619 Augusto

53 638 396 689 deducantur.
427 632 499 683 Hi
516 632 642 683 libri
658 628 1000 696 jamdudum
1026 627 1298 692 Egesippi,
1318 626 1440 678 sive
1462 627 1623 691 Αἰσε-

54 708 194 772 δέρρί,
236 710 335 758 aut
366 703 652 768 Hegesippi
694 700 1003 772 conditoris
1044 712 1259 772 nomen
1274 699 1618 772 praeterunt:

56 769 187 842 quod
228 776 569 829 recentiores
608 773 839 841 criticos
868 770 1105 823 mirifice
1131 770 1311 822 torsit.
1337 770 1446 820 Alii
1470 769 1623 820 enim

56 851 352 913 Egesippum
386 847 549 899 illum
583 846 885 913 putabunt,
926 844 1023 906 qui
1049 843 1223 894 libros
1249 842 1327 913 V.
1355 842 1622 913 Historia

57 911 438 972 Ecclesiastica
480 911 871 977 snb'Aniceto
917 914 1183 980 pontiﬁce
1225 912 1454 976 scripsit
1477 911 1624 963 circa

59 998 110 1043 Α.
135 994 194 1045 D.
241 989 358 1046 170.
390 992 537 1045 teste
578 987 826 1043 Eusebio
863 986 1056 1038 multis
1087 986 1147 1036 in
1168 984 1325 1045 locis,
1357 984 1623 1036 etIIiero-

57 1076 209 1129 uymo
236 1063 292 1115 in
319 1062 586 1125 Catalogo
610 1073 732 1125 cap.
762 1059 941 1111 XXII.
962 1058 1155 1129 Hujus
1181 1057 1478 1129 sententia
1505 1056 1621 1121 pti-

54 1127 170 1187 xnus
184 1138 392 1197 auctor,
419 1145 593 1197 quem
611 1131 871 1194 viderim,
892 1128 1002 1181 fuit
1013 1127 1351 1181 Guillelmus
1368 1129 1624 1179 Pastren-

58 1210 198 1271 gicus
246 1205 559 1258 Petrarcba
588 1203 947 1256 necessarius
982 1200 1044 1253 in
1077 1200 1407 1263 Originibus
1431 1211 1623 1271 rerum

59 1270 135 1330 iol.
160 1276 357 1333 Q7.Alii
388 1276 723 1341 Egesippum
755 1272 1060 1338 quemdam
1084 1271 1417 1336 genuinum,
1437 1270 1623 1336 junio-

62 1363 162 1401 rem
186 1355 390 1407 tamen,
430 1347 850 1412 excogitarunt.
884 1346 961 1397 At
984 1349 1184 1408 postea
1207 1343 1268 1394 in
1301 1344 1428 1406 ejus
1453 1344 1622 1394 atate

58 1420 381 1484 adsignanda
410 1420 519 1470 sibi
544 1431 767 1483 ungues
778 1416 976 1468 rodere
1002 1421 1059 1468 et
1074 1419 1245 1479 caput
1260 1414 1512 1479 scalpere
1529 1426 1625 1466 eo.

58 1495 148 1545 acti
172 1494 318 1544 sunt.
336 1492 512 1543 Istius
530 1491 681 1542 enim
700 1487 964 1552 Egesippi
986 1487 1169 1538 codex
1197 1488 1451 1548 Gracus,
1470 1486 1624 1537 unde

60 1565 222 1616 versio
234 1563 431 1615 Latina
446 1560 695 1625 ﬂuxerit,
708 1571 997 1622 nusquam
1014 1561 1275 1623 repertus
1292 1564 1396 1609 est.
1416 1560 1623 1606 Latinus

58 1637 203 1686 etiam
230 1633 460 1699 perinde
481 1646 548 1685 ac
569 1634 803 1685 Gracus
826 1631 936 1683 iste
958 1630 1277 1694 Egesippus,
1307 1628 1624 1693 generatim

57 1707 282 1759 indictus
306 1711 442 1761 ante
454 1705 736 1758 saculum
762 1703 876 1755 XII.
899 1714 1013 1766 quo
1041 1702 1334 1753 Johannes
1353 1701 1624 1752 Saresbe-

58 1778 234 1829 riensis
257 1776 412 1829 illius
439 1776 699 1828 meminit
714 1776 770 1827 in
784 1773 1111 1826 Policratico
1130 1774 1259 1822 libro
1283 1773 1376 1825 VI.
1404 1774 1460 1823 et
1482 1772 1627 1823 VIII.

58 1849 132 1900 Ad
159 1849 278 1902 hac
307 1848 507 1911 junior
516 1846 611 1899 hic
622 1847 919 1911 Egesippus
934 1844 1122 1908 aliqua
1134 1847 1345 1910 narrat,
1363 1856 1481 1897 non
1497 1845 1626 1895 tan-

63 1928 166 1972 tum
182 1920 387 1972 saculo
420 1932 501 1980 1v,
518 1918 617 1970 sed
629 1918 801 1970 etiam
818 1930 858 1969 Χ
876 1917 1123 1981 primum
1143 1915 1358 1982 audita,
1376 1914 1426 1966 si
1450 1917 1625 1965 Vossio

58 1990 494 2043 auscultamusin
509 1990 604 2041 lib.
623 1992 690 2041 II.
710 2001 831 2054 cap.
845 1988 993 2040 XIV.
1012 1987 1082 2039 de
1110 1987 1414 2043 Historicis
1440 1988 1625 2047 Gracis

61 2075 209 2126 prope
242 2062 432 2114 linem.
475 2060 768 2125 Philippus
793 2059 1086 2111 Cluverius
1115 2057 1176 2121 in
1205 2059 1624 2121 Commentario

60 2135 117 2184 de
144 2134 313 2185 tribus
335 2131 525 2186 Rheni
558 2130 737 2184 alveis
768 2144 896 2195 pag.
921 2129 1007 2184 71.
1028 2130 1101 2181 ab
1149 2130 1445 2198 Hegcsippo
1473 2128 1626 2185 Rhe-

60 2217 177 2256 num
195 2204 481 2257 bicornem
503 2217 575 2255 ex
606 2202 836 2266 Virgilio
864 2201 974 2253 dici
996 2201 1415 2264 animadvertit,
1439 2212 1626 2265 neque

61 2289 168 2327 eum
190 2288 310 2327 esse
330 2273 653 2327 Theodosio
677 2276 817 2338 Imp.
845 2272 1243 2336 antiquiorem.
1256 2274 1396 2337 Ejus
1416 2278 1625 2334 atatem,

61 2348 117 2399 de
143 2360 244 2411 qua
266 2359 435 2400 nemo
456 2347 772 2398 etiamnum
790 2344 928 2409 quid
954 2345 1089 2397 certi
1115 2345 1398 2398 afﬁrmare
1424 2344 1626 2410 potuit,

60 2423 263 2470 auctore
284 2418 567 2480 Cluverio,
601 2430 710 2468 nos
726 2416 1173 2481 designabimus.
1194 2416 1300 2469 Hic
1310 2415 1608 2480 Egesippus

61 2490 141 2552 qui
171 2489 623 2556 hypobolimaus
658 2488 763 2553 est,
809 2486 1019 2540 alicubi
1040 2488 1409 2550 incrustatus,
1435 2489 1491 2538 et
1519 2487 1628 2538 sub

62 2562 279 2627 corrupti
300 2562 554 2613 nominis
566 2559 722 2612 larva
735 2560 1093 2622 delitescens,
1108 2570 1385 2624 perquam
1402 2557 1562 2609 facile
1578 2572 1629 2606 se

62 2645 314 2696 suamque
338 2635 573 2685 atatem
597 2631 921 2683 criticorum
949 2631 1169 2681 notitia
1195 2629 1490 2680 subduxit.
1520 2628 1629 2680 Sed

64 2717 157 2755 rem
181 2704 482 2768 aliquando
507 2703 847 2767 aperiamus.
873 2704 928 2753 Is
952 2706 1043 2753 est
1067 2713 1245 2766 purus
1269 2702 1443 2766 putus
1465 2702 1632 2753 Jose—

64 2776 190 2838 phus
213 2777 271 2827 de
298 2777 441 2827 Bello
468 2775 699 2827 Judaico
712 2774 1329 2833 Latinecontraetus,is
1341 2773 1630 2831 nimirum,

65 2861 210 2909 quem
226 2850 579 2900 subobscure
609 2860 643 2897 a
666 2847 873 2897 Sancto
904 2845 1206 2897 Ambrosio
1223 2842 1633 2896 Mediolanensi

68 2919 371 2972 translatum
384 2920 470 2971 ait
482 2917 873 2970 Cassiodorus.
886 2917 1007 2968 Hoc
1020 2916 1367 2968 membrana
1383 2931 1479 2966 non
1494 2930 1631 2979 una,

68 2991 149 3040 sed
159 2990 347 3045 multa
364 3003 568 3054 eaque
578 2988 996 3052 antiquissima
1011 3003 1024 3051 ;
1037 2988 1146 3039 hoc
1160 2993 1428 3048 sermo,et
1446 2986 1633 3050 stilus;

67 3061 155 3112 hoc
169 3063 320 3127 ratio,
353 3063 468 3115 hoc
501 3061 807 3113 illustrium
839 3059 1203 3123 quorundam
1230 3060 1292 3110 in
1305 3071 1365 3110 re
1389 3058 1637 3110 literaria

66 3132 299 3186 vivorum
313 3134 629 3187 auctoritas
644 3132 872 3184 abunde
892 3132 1250 3191 confirmant,
1266 3130 1395 3183 And
1403 3142 1526 3182 reas
1541 3132 1634 3187 Ma—

68 3203 185 3267 sius,
209 3218 383 3259 sacra
405 3204 762 3267 antiquitatis
786 3203 988 3267 peritia
1014 3202 1320 3263 excellens,
1345 3201 1454 3253 hoc
1482 3201 1635 3253 idem

3205 372 3310 433 262

1638 482 1696 557 Α
1723 481 1948 557 codices
1972 483 2102 557 Mss.
2126 480 2296 557 longe
2316 482 2726 557 antiquissimi,
2751 486 2927 551 atque
2953 486 3320 556 integerrimi,

1726 555 2007 607 sinceram
2021 553 2213 606 Vossii
2228 556 2690 608 membranarum
2710 556 3015 613 lectionem
3027 553 3321 628 perperam

1724 642 1953 686 erasum,
1991 628 2377 689 restituentes,
2405 627 2551 679 infra
2582 631 3058 685 numerabuntur.
3098 627 3216 699 Ego
3240 637 3323 689 in-

1724 699 1889 749 terim
1911 699 2060 749 hanc
2101 699 2401 747 erasionem
2425 699 2639 752 saculo
2671 702 2791 754 XII.
2823 704 3203 768 antiquiorem
3225 710 3325 761 vix

1724 774 1883 842 puto.
1897 770 2121 842 Etenim
2135 770 2435 842 Ordericus
2448 772 2649 823 Vitalis
2663 772 2724 823 in
2738 774 3003 840 Historia,
3019 790 3194 840 quam
3210 795 3326 842 per-

1724 841 1889 916 duxit
1915 841 1998 916 ad
2034 843 2101 916 A.
2128 842 2191 891 D.
2220 841 2378 916 1141.
2412 842 2628 916 primus
2652 846 2911 897 omnium
2934 851 3197 914 occurrit,
3212 841 3326 916 qui

1724 913 1881 964 hunc
1902 914 2231 978 Egesippum
2251 912 2584 965 laudaverit.
2612 916 2895 969 Laudavit
2915 922 3108 972 autem
3125 912 3217 974 lib.
3241 912 3322 977 II.

1724 997 1854 1059 pag.
1892 983 2015 1059 498.
2061 984 2379 1059 Egesippus,
2410 984 2616 1059 inquit,
2649 988 2734 1036 vir
2754 996 2970 1040 sanctus
2987 998 3035 1041 et
3059 995 3320 1059 eruditus,

1724 1055 2104 1118 Apostolorum
2118 1055 2439 1120 temporibus
2456 1058 2683 1117 vicinus,
2703 1059 2763 1108 in
2782 1062 2972 1125 quinto
2990 1055 3324 1117 Commenta;

1723 1126 2177 1200 riorumsuorttm
2190 1128 2323 1177 libro
2332 1128 2567 1200 JacobiJ
2568 1130 2671 1195 usti
2682 1133 2945 1183 meminit.
2960 1137 3075 1185 Hae
3088 1139 3325 1200 leguntur

1723 1196 1822 1248 lib.
1836 1211 1875 1248 v
1891 1197 2156 1250 editionis
2187 1198 2394 1251 Barrei.
2427 1200 2641 1252 Eodem
2664 1213 2790 1254 avo
2804 1196 3325 1260 0rdericiJo.'Sares-

1724 1268 2003 1321 beriensis
2016 1282 2146 1321 cum
2162 1270 2288 1322 aliis
2313 1270 2597 1323 historicis
2620 1273 2970 1338 Egesippum
2985 1276 3245 1332 laudavit
3266 1282 3325 1334 in

1724 1340 2056 1392 Policratico
2079 1340 2178 1392 lib.
2197 1343 2270 1392 VI
2293 1354 2417 1406 cap.
2443 1342 2640 1394 XVIII.
2667 1357 2797 1409 pag.
2825 1342 2948 1402 318.
2973 1353 3033 1400 et
3051 1349 3149 1401 lib.
3179 1352 3321 1404 VIII.

1726 1423 1848 1475 cap.
1887 1411 2090 1484 XVIII.
2123 1413 2179 1463 et
2201 1413 2355 1464 XIX.
2380 1425 2508 1478 pag.
2552 1412 2657 1468 552
2673 1421 2730 1466 et
2746 1414 2867 1470 555.
2894 1418 3145 1484 Scriptor
3165 1422 3325 1475 Ano-

1724 1495 1938 1547 nymus
1956 1483 2017 1533 de
2033 1484 2191 1533 modo
2211 1484 2348 1549 legcn
2359 1484 2416 1534 di
2441 1485 2669 1535 Sacram
2682 1483 3034 1553 Scripturam
3039 1506 3201 1554 nuper
3211 1495 3329 1547 edi-

1728 1559 1821 1606 tus
1843 1555 1916 1606 ab
1930 1555 2231 1607 Edmundo
2246 1556 2567 1608 Martenein
2582 1557 2875 1611 Thesauro
2898 1562 3325 1618 Anecdotorum

1724 1627 1863 1676 tom.
1907 1628 1951 1677 Ι.
1996 1639 2124 1691 pag.
2152 1624 2275 1682 488.
2314 1628 2556 1691 monuit,
2592 1627 2863 1693 legendos
2899 1647 2967 1682 ex
2998 1633 3158 1685 latere
3178 1636 3329 1688 Jose-

1727 1697 1902 1761 phum
1917 1702 1963 1746 et
1980 1698 2614 1764 Egesippu-m.Heuricus
2632 1701 2895 1754 Valesius
2915 1704 2989 1756 ad
3011 1706 3326 1761 Eusebium

1728 1768 1891 1845 libri.
1937 1781 2141 1845 (ιαμ-ξε.
2175 1770 2460 1845 o_bser_v_at,
2498 1771 2560 1823 in
2588 1772 2858 1826 Ecclesia
2883 1775 3168 1830 Pariensis
3197 1792 3350 1845 per»,

1728 1841 1964 1904 antiquo
1981 1840 2175 1913 codice
2192 1842 2529 1904 Eusebiano,
2555 1855 2628 1895 ex
2651 1845 2841 1908 Ruﬁni
2869 1848 3147 1913 versione,
3175 1840 3330 1905 sem-

1728 1913 2096 1977 perJoseppus
2118 1911 2247 1978 legi,
2291 1914 2392 1965 ubi
2416 1914 2474 1966 in
2497 1914 2696 1967 Graco
2722 1920 2814 1968 est
2835 1917 3093 1979 Ἰώσηπος.
3129 1911 3329 1977 Petrus

1724 1982 2061 2059 Apollonius
2078 1984 2390 2059 Collatinus
2413 1984 2485 2037 de
2510 1985 2797 2059 Cattaneis
2815 1990 3198 2059 Novariensis,
3217 1996 3332 2048 De-

1726 2056 1976 2133 cembrio
2009 2054 2287 2133 aqualis,_
2310 2060 2649 2133 argumento
2684 2058 2906 2133 hausto,
2930 2074 3004 2113 ex
3025 2054 3328 2133 Egesippo,

1727 2127 2016 2180 excidium
2032 2128 2617 2192 Hierosolymitanum
2630 2132 2881 2185 carmine
2892 2127 3119 2187 heroico
3135 2127 3331 2188 uesta;

1728 2199 1864 2263 psit,
1880 2203 1938 2250 et
1952 2199 2012 2250 in
2032 2201 2238 2262 quator
2251 2199 2427 2252 libros
2440 2200 2705 2265 digessit,
2724 2202 2782 2254 in
2806 2215 3057 2266 quorum
3073 2210 3329 2264 secundo

1728 2270 1881 2335 Josip
1888 2286 1947 2319 us
1960 2281 2064 2334 pro
2076 2270 2306 2342 Josepho
2320 2277 2654 2342 usurpatur,
2666 2278 2725 2325 et
2734 2273 2961 2338 dactylo
2971 2279 3327 2342 exprimitur.

1728 2342 2022 2393 Hactenus
2047 2341 2197 2392 dicta
2220 2341 2608 2406 undequaque
2640 2343 2941 2397 conﬁrmat
2963 2341 3329 2412 praestantis-

1730 2421 1914 2473 simus
1940 2418 2301 2493 Mabillonius
2324 2420 2386 2473 in
2414 2422 2613 2475 Museo
2637 2422 2830 2476 Italico
2854 2428 2992 2478 tom.
3017 2427 3059 2477 Ι.
3082 2440 3213 2493 pag.
3240 2428 3326 2486 14.

1728 2493 1969 2545 laudens
2007 2492 2382 2545 veterrimnm
2421 2493 2677 2546 codicem
2699 2495 3061 2551 Bibliotheca
3083 2501 3330 2554 Ambro-

1730 2565 1929 2627 siana,
1971 2563 2033 2615 in
2077 2576 2191 2628 quo
2226 2576 2347 2616 non
2390 2564 2665 2631 Egesippi,
2712 2579 2816 2619 seu
2860 2568 3079 2634 Joseppi
3117 2570 3248 2622 liber
3270 2574 3325 2624 V.

1728 2635 1939 2699 legitur
1948 2634 2009 2687 in
2020 2635 2297 2699 superiori
2307 2636 2562 2700 margine
2574 2637 2821 2702 plurium
2835 2640 3187 2704 paginarum.
3199 2645 3332 2693 sicut

1731 2707 1885 2781 enim
1919 2706 2180 2781 Iosephus
2220 2708 2424 2781 Grace
2437 2708 2690 2781 Ἰώσηπος
2712 2709 2938 2775 dicitur,
2969 2711 3051 2764 ita
3071 2713 3333 2781 Joseppus

1732 2778 1932 2850 Latine
1954 2779 2028 2829 ab
2055 2778 2365 2842 interprete
2392 2778 2584 2831 dictus
2608 2784 2698 2832 est
2712 2793 2813 2844 pro
2826 2782 3002 2847 Josep.
3021 2783 3168 2836 Hinc
3182 2778 3335 2850 post-

1734 2862 1803 2922 ea
1839 2849 2090 2922 Josepoh,
2127 2850 2413 2915 lgisippus,
2454 2855 2512 2903 et
2535 2852 2769 2904 tandem
2797 2856 3030 2917 spurius
3051 2849 3330 2922 Egesipus,

1733 2920 2076 2972 instarillius
2090 2922 2418 2973 vetustioris
2431 2922 2653 2985 prodiit.
2672 2923 2838 2975 Initio
2848 2923 2975 2975 libri
2985 2927 3056 2976 II.
3069 2920 3332 2989 ejusdem

1734 2992 1946 3044 codicis
1963 2991 2397 3044 Mediolnaensis
2418 2992 2544 3045 hac
2558 2994 2857 3058 leguntur:
2874 2995 3192 3047 Ambrosius
3212 2999 3333 3062 epi-

1733 3078 1920 3127 scopus
1934 3062 1997 3112 de
2021 3063 2195 3113 Graeco
2213 3063 2490 3112 transtulit
2514 3064 2574 3112 in
2599 3064 2854 3117 latinum.
2871 3066 3061 3118 Alium
3073 3068 3337 3121 codicem

1733 3134 2160 3196 Taurinensem,
2188 3132 2596 3193 Mediolanensi
2611 3135 2957 3197 conformen,
2976 3138 3188 3191 ibidem
3215 3142 3331 3193 Ma-

1735 3206 2005 3257 billonius
2028 3208 2306 3257 recenset.
2331 3204 2525 3258 Codex
2546 3207 2794 3260 canobii
2812 3209 3256 3263 Cremifanensis
3270 3212 3333 3264 in

66 3274 243 3340 Olfecit,
264 3284 546 3342 quantum
573 3274 836 3340 colligere
856 3286 1171 3347 possumus
1195 3286 1267 3325 ex
1279 3270 1632 3347 LatiniLatl-
1656 3272 1707 3347 ο
1734 3278 1965 3329 Austria
1974 3276 2125 3341 apud
2142 3276 2462 3329 Fabricium
2477 3278 2536 3330 in
2549 3279 2897 3333 Bibliotheca
2911 3281 3107 3334 Latina
3118 3287 3331 3335 tom.Ill.

67 3347 127 3397 bii
140 3347 206 3399 ad
229 3362 355 3401 eum
368 3349 508 3402 dato
528 3359 803 3412 responso
838 3348 990 3398 A.D.
1029 3344 1188 3400 1566.
1213 3347 1434 3397 tom.Il.
1471 3345 1633 3409 Epis-

69 3420 282 3471 telarum
310 3434 437 3485 pag.
462 3418 586 3475 119.
609 3421 843 3471 Lectum
872 3418 1021 3471 enim
1038 3430 1073 3468 a
1098 3418 1276 3468 Masio
1309 3418 1635 3481 Egesippum

69 3490 278 3543 miratur
293 3492 573 3553 Latinius,
586 3493 798 3556 quippe
810 3492 907 3555 qui
926 3502 1057 3551 eum
1070 3502 1187 3541 non
1197 3490 1392 3553 magni
1408 3489 1634 3540 faceret.

68 3562 157 3613 Sed
172 3576 233 3615 eo
246 3565 429 3629 magis
444 3564 953 3627 miratur,Masium
965 3574 1033 3614 eo
1048 3562 1304 3614 animum
1316 3561 1635 3623 induxisse,

67 3639 120 3684 ut
138 3635 203 3685 ab
234 3635 519 3687 Ambrosio
565 3635 740 3687 latine
762 3646 1002 3687 versum
1038 3636 1282 3698 putaret,
1308 3634 1417 3683 nisi
1439 3638 1639 3694 tamen,

68 3705 246 3769 inquit,
260 3709 305 3756 si
340 3707 660 3757 adolescenti
673 3706 913 3769 fortasse,
926 3707 1173 3755 nondum
1190 3705 1263 3754 ad
1268 3705 1375 3769 jud
1382 3704 1641 3753 icandum

67 3784 188 3840 apto,
211 3794 268 3827 ea
284 3779 544 3829 excidisse
560 3778 702 3840 velis,
721 3793 837 3843 qua
860 3778 1259 3827 exercitationis
1276 3782 1490 3825 tantum
1512 3791 1642 3838 gra-

70 3849 131 3896 tia
153 3855 399 3902 tentasset.
428 3853 519 3903 Ita
553 3853 659 3903 est.
688 3849 1025 3902 Ambrosius
1054 3848 1369 3911 adolescens,
1391 3848 1642 3899 necdum

68 3921 363 3987 episcopus,
378 3922 540 3975 istud
554 3934 700 3986 opus
713 3921 1087 3974 concinnasse
1099 3921 1345 3969 dicendus
1365 3924 1471 3971 est.
1493 3919 1643 3969 Lati-

68 3993 198 4053 nius,
215 3999 269 4046 et
283 4007 310 4045 a
320 3996 355 4046 b
371 4008 440 4047 eo
453 3993 757 4046 consultus
770 3992 1106 4045 Guillelmus
1140 3990 1378 4043 Sirletus
1417 3990 1644 4054 ignora-

70 4062 203 4126 bant,
228 4066 285 4116 in
310 4066 579 4131 Egesippo
604 4063 1113 4127 Josephumlatere:
1137 4061 1293 4125 quod
1305 4061 1397 4113 alii
1414 4073 1644 4124 quoque

68 4140 182 4187 ante
202 4136 625 4201 ignoraverant.
657 4136 913 4201 Angelus
942 4133 1522 4198 Decembrius,domo
1551 4133 1646 4183 Vi-

70 4205 276 4263 tlletano
298 4210 357 4260 in
374 4208 737 4271 Insubribus,
769 4208 830 4259 in
851 4206 1048 4258 Politia
1078 4205 1342 4265 literaria,
1369 4217 1543 4269 quam
1559 4204 1648 4256 di-

71 4278 203 4330 cavit
226 4280 319 4333 Pio
346 4282 416 4333 II.
440 4282 607 4332 Pont.
633 4281 781 4332 Max.
804 4278 933 4331 hac
956 4278 1130 4329 habet
1151 4278 1294 4328 libro
1310 4278 1358 4328 1.
1386 4279 1546 4328 Parte
1577 4277 1644 4326 V.

71 4348 150 4400 fol.
177 4349 224 4406 9.
248 4364 375 4418 pag.
407 4350 442 4407 2
467 4351 736 4404 editionis
759 4351 1120 4415 Augustana
1159 4348 1311 4412 apud
1334 4349 1649 4400 Henricum

72 4421 385 4483 Steynerum
414 4427 486 4475 A.
531 4422 595 4473 D.
636 4420 793 4478 1540.
818 4422 881 4473 in
918 4420 1073 4473 folio:
1106 4419 1364 4484 Ejusdem
1399 4420 1651 4470 Historia

71 4491 397 4549 (Judaorum
431 4506 469 4547 a
514 4494 763 4558 Josepho
807 4493 1019 4557 cripta)
1066 4490 1380 4540 venerabilis
1423 4491 1652 4557 scriptor

73 4562 369 4630 .-Egcsippus
389 4565 831 4631 complectendus.
857 4564 1227 4616 Decembrius
1250 4562 1655 4627 primigenium

72 4632 179 4686 libri
187 4641 497 4700 auctorem,
516 4637 844 4702 Egesippum
855 4635 1089 4699 quidem
1102 4634 1172 4685 ab
1189 4636 1229 4683 Α
1242 4633 1469 4683 mbrosio
1488 4642 1650 4684 tamen

72 4706 246 4760 Latine
282 4709 629 4760 translatum
661 4708 904 4773 putavit.
948 4707 1039 4759 Sic
1058 4706 1213 4758 enim
1250 4706 1332 4757 ait
1354 4705 1498 4757 libro
1530 4707 1649 4759 VII.

75 4778 214 4829 l’arte
252 4781 506 4832 LXXVI.
545 4779 637 4832 fol.
688 4777 808 4835 138.
848 4777 1167 4843 {Egesippr
1188 4777 1504 4827 vocabulum
1527 4778 1657 4827 His.

75 4849 211 4898 tirici
228 4850 412 4915 Graeci,
434 4866 503 4900 eae
522 4866 690 4915 capra
712 4856 758 4900 et
781 4865 914 4915 equo
928 4849 1309 4913 compositum:
1337 4849 1506 4913 quide
1529 4848 1657 4902 bello

79 4920 165 4967 'l'iti
176 4920 1273 4987 cumJudaisscripsit,adoctoreAmbrosio
1285 4921 1473 4969 Latine
1487 4927 1659 4971 trans-

76 4989 216 5043 latus.
230 4994 566 5046 Decembrio
575 4994 858 5046 addamus
870 4992 1175 5058 Georgium
1189 4992 1509 5044 Cortesium
1527 4994 1658 5045 Car-

74 5061 319 5118 dinalem.
341 5067 450 5118 Hic
467 5065 881 5130 postepistolas
906 5076 1043 5116 suas
1069 5076 1196 5128 pag.
1225 5061 1348 5117 354.
1369 5065 1495 5124 quin
1508 5064 1660 5129 Αἰθο-

74 5132 216 5197 δίρρὶ,
233 5137 514 5202 interpres
536 5136 1048 5199 fueritAmbrosius,
1061 5134 1395 5198 neutiquam
1413 5133 1658 5199 dubitat,

76 5205 161 5257 sed
176 5213 370 5269 postea
401 5212 463 5261 et
477 5208 601 5273 ipse
614 5209 971 5273 Afgesippum
995 5206 1285 5258 Ambrosii
1307 5206 1552 5257 eundem
1573 5206 1657 5257 fa-

74 5276 155 5338 cit,
178 5284 346 5343 atque
360 5280 545 5344 illum,
559 5280 630 5332 de
646 5294 760 5345 quo
774 5280 1055 5331 Eusebius
1072 5287 1129 5330 et
1147 5279 1530 5342 Hieronymus
1546 5291 1660 5330 me-

76 5349 361 5404 minerunt.
389 5354 620 5404 Isaacus
646 5352 891 5404 Vossius
915 5351 975 5402 in
999 5350 1329 5414 Appendice
1353 5350 1424 5400 ad
1449 5350 1658 5402 librum

75 5419 133 5471 de
174 5422 340 5475 LXX.
378 5425 797 5488 Interpretibus
837 5436 964 5487 pag.
1008 5421 1127 5475 127.
1154 5422 1410 5485 Egesippi
1446 5434 1660 5474 nomen

76 5504 172 5543 non
194 5507 264 5546 ex
285 5512 461 5560 capra
487 5498 543 5547 et
564 5512 717 5561 equo,
742 5498 808 5547 ut
840 5494 1241 5559 pronunciavit
1268 5494 1656 5556 Decembrius,

78 5564 161 5614 sed
194 5578 264 5619 ex
287 5568 517 5632 Josippo
558 5570 746 5619 ortum
782 5566 1201 5618 animadvertit.
1237 5564 1475 5615 Librarii
1509 5565 1661 5618 enim

77 5636 265 5703 Josippi
288 5651 507 5691 nomen
536 5639 683 5690 idest
704 5638 946 5702 Josephi,
976 5640 1276 5688 mutarunt
1296 5636 1354 5686 in
1390 5636 1616 5700 lgisippi
1644 5651 1657 5688 :

78 5709 212 5768 “ejus
236 5711 312 5759 rei
339 5709 613 5775 (loquitur
635 5709 899 5770 Vossius)
921 5708 1082 5772 ﬁdem.
1101 5707 1313 5770 faciunt
1340 5706 1661 5757 membr-ante

80 5785 249 5829 nostra
288 5788 617 5847 pervetusta,
665 5782 725 5831 in
767 5781 961 5846 quibus
992 5795 1144 5829 eraso
1183 5779 1395 5842 .Iosippi
1422 5779 1658 5843 nomine,

81 5849 292 5902 alterum
306 5854 657 5903 substitutum
668 5858 956 5919 comparet.
970 5852 1197 5905 Paullus
1210 5850 1560 5902 Colomesius
1577 5863 1662 5902 ea-

81 5918 197 5974 dem
220 5923 391 5978 refert
416 5936 551 5991 pag.
570 5926 691 5983 685.
710 5918 958 5992 operum
978 5922 1243 5978 editionis
1264 5921 1521 5974 Fabricii.
1548 5921 1659 5977 Alii

1739 3350 1822 3401 sic
1844 3349 2196 3401 inscribitur:
2236 3348 2511 3399 Tractatus
2532 3350 2806 3400 Ambrosii
2825 3353 3057 3417 episcopi
3095 3353 3158 3404 de
3206 3355 3337 3404 His-

1739 3421 1881 3472 toria
1905 3421 2126 3485 Josephi
2164 3421 2381 3485 captivi,
2437 3421 2691 3471 translati
2734 3422 2800 3472 ab
2844 3424 2960 3488 ipso
2992 3425 3056 3475 de
3079 3428 3256 3477 Gnaeo
3280 3427 3343 3476 in

1738 3493 2020 3545 Latinum.
2043 3491 2237 3543 Alium
2270 3492 2546 3557 codicem,
2573 3493 2861 3559 Egesippi,
2896 3500 2954 3548 et
2977 3496 3171 3548 Sancti
3207 3500 3343 3549 Am-

1739 3564 1915 3617 brosii
1927 3565 2161 3616 nomina
2174 3565 2587 3629 praferentem,
2603 3570 2795 3621 servat
2810 3566 3113 3621 Florentia
3138 3568 3346 3622 Biblio-

1740 3636 1909 3687 theca
1931 3635 2242 3698 Gaddiana,
2264 3648 2299 3687 a
2314 3648 2405 3687 me
2427 3641 2815 3689 contrectatus
2828 3640 2895 3690 A.
2914 3639 2979 3689 D.
3005 3638 3160 3694 1717.
3175 3655 3348 3690 mense

1739 3707 1891 3758 Maii.
1916 3708 2103 3758 Caveo
2118 3706 2179 3758 in
2202 3707 2715 3761 Ilistorialiteraria
2750 3711 2817 3759 A.
2845 3711 2916 3760 D.
2951 3710 3072 3765 374.
3101 3711 3228 3764 hac
3256 3725 3349 3763 ea-

1740 3779 1875 3830 dem
1898 3778 2150 3830 Historia
2174 3778 2392 3843 vulgati
2419 3780 2674 3845 Egesippi
2688 3779 2873 3833 laxior
2883 3785 2974 3833 est
2994 3782 3219 3847 Josephi
3238 3785 3346 3835 La-

1741 3851 1861 3902 tina
1872 3850 2197 3911 conversio,
2234 3850 2293 3901 in
2310 3863 2427 3913 qua
2461 3864 2643 3915 pauca
2658 3856 2905 3913 exstent,
2929 3865 3060 3916 qua
3084 3854 3141 3905 in
3165 3854 3345 3907 Flavii

1740 3921 2029 3984 JosephiA
2039 3921 2420 3983 ntiquitatibus
2435 3928 2480 3971 et
2501 3923 2643 3972 Bello
2655 3923 2888 3973 Judaico
2909 3936 3029 3975 non
3048 3927 3344 3977 habeantur.

1741 3992 1985 4044 Liberior
2005 3991 2225 4057 Josephi
2250 3992 2311 4041 de
2347 3992 2492 4043 Bello
2523 3993 2754 4043 Judaico
2778 3995 3148 4059 interpretatio
3172 4009 3347 4047 voca-

1745 4070 1839 4118 tur
1859 4075 1894 4114 a
1917 4062 2111 4115 Paullo
2136 4062 2453 4115 Colomesio
2489 4077 2616 4127 pag.
2643 4062 2767 4119 695.
2806 4065 3075 4129 Operum.
3102 4067 3151 4116 A
3168 4066 3347 4117 Fran-

1746 4136 1896 4188 cisco
1914 4133 2215 4187 Petrarcha
2226 4134 2285 4185 in
2316 4134 2610 4187 Itinerario
2627 4136 2853 4199 Syriaco
2890 4149 3019 4201 pag.
3043 4135 3170 4191 562.
3199 4138 3349 4202 Ope-

1745 4220 1876 4259 rum
1890 4207 2157 4259 editionis
2175 4206 2516 4258 Basileensis
2532 4206 2798 4259 laudatur
2812 4208 3110 4273 Egesippus
3126 4208 3261 4259 libro
3271 4211 3350 4259 III

1746 4280 2141 4340 Historiarum,
2167 4279 2463 4343 Josephum
2494 4284 2717 4330 secutus.
2744 4280 3086 4333 Hortensius
3114 4281 3351 4335 Landus

1749 4350 2191 4404 Mediolanensis
2202 4349 2472 4412 Medicus,
2488 4350 2737 4415 plurium
2749 4351 3108 4405 voluminum
3133 4352 3350 4405 Italico-

1747 4434 1879 4476 rum
1903 4427 1961 4475 et
1996 4421 2328 4474 Latinorum
2361 4423 2563 4474 auctor
2581 4422 2920 4487 ingeniosus
2943 4427 3002 4475 et
3022 4422 3265 4487 lepidus,
3292 4423 3353 4475 in

1752 4506 1838 4557 eo,
1860 4492 2016 4557 quod
2040 4493 2234 4545 Italico
2255 4492 2509 4542 Ferutam
2522 4493 2849 4557 scriptorum
2867 4498 3100 4543 veterum
3120 4498 3167 4542 et
3181 4508 3355 4544 recen-

1755 4565 1893 4614 tium
1915 4563 2208 4627 inscripsit
2228 4575 2356 4626 pag.
2399 4562 2485 4616 17.
2512 4563 2610 4627 ait,
2635 4563 3000 4628 Hegesippum
3021 4579 3228 4615 errores
3258 4566 3353 4616 Jo-

1677 4641 1735 4716 D
1751 4635 1923 4716 sephi.
1950 4634 2366 4716 castigavisse._
2402 4634 2616 4716 Neuter
2635 4633 2936 4716 Josephum
2974 4634 3034 4716 in
3058 4636 3352 4716 [legesippo

1752 4706 2028 4759 latentem
2065 4705 2225 4757 Vidit.
2264 4705 2595 4757 Notandum
2632 4708 2722 4757 est
2747 4710 2959 4771 tamen,
2982 4708 3354 4760 Ambrosium

1756 4790 1874 4831 non
1903 4783 2020 4830 tam
2062 4776 2427 4841 interpretem
2449 4776 2680 4842 Iasephl
2701 4777 2994 4842 librorum,
3022 4792 3195 4843 quam
3217 4780 3355 4833 novi

1756 4849 1942 4913 operis
1965 4847 2319 4901 conditorem
2343 4848 2547 4912 fuisse;
2577 4850 2786 4915 quippe
2815 4851 2913 4915 qui
2940 4852 3117 4905 libros
3140 4857 3354 4916 septem,

1757 4920 1814 4972 iu
1838 4921 2081 4985 quinque
2096 4922 2459 4981 contraxerit,
2481 4926 2538 4974 et
2554 4922 2626 4974 de
2640 4935 2747 4975 suo
2759 4922 3029 4987 quadam
3051 4923 3356 4985 addiderit,

1755 4990 1912 5044 unde
1924 4990 2050 5043 libri
2067 4994 2210 5044 atas
2235 4992 2516 5046 educitur.
2541 4994 2572 5044 J
2579 5006 2680 5046 ure
2696 5006 2829 5058 ergo
2854 4995 3087 5046 Isaacus
3112 4993 3355 5046 Vossius

1756 5062 1817 5115 in
1857 5063 2184 5126 Appendice
2228 5077 2410 5129 nuper
2451 5064 2701 5117 adducta
2732 5065 2934 5118 refellit
2971 5065 3357 5118 Christianum

1756 5133 2133 5197 Schoranum,
2156 5136 2389 5198 Josephi
2406 5135 2833 5199 Antiquitatum
2848 5136 3109 5188 Latinam
3123 5136 3361 5189 transla-

1757 5205 1974 5258 tionem
1995 5205 2202 5257 Ruilno
2220 5206 2583 5259 tribuentem.
2601 5210 2633 5259 J
2640 5220 2741 5259 ure
2763 5207 2934 5259 etiam
2958 5207 3207 5260 afﬁrmat
3227 5218 3357 5258 ver-

1758 5279 1978 5328 sionem
1998 5276 2252 5341 Egesippi
2269 5277 2394 5329 sive
2415 5277 2631 5343 Josippi
2646 5290 2776 5329 esse
2788 5278 3096 5339 Ambrosii,
3131 5277 3357 5340 hocque

1759 5354 1872 5399 tam
1882 5353 2212 5407 certumesse,
2226 5362 2389 5411 quam
2414 5349 2558 5412 quod
2570 5349 2947 5400 certissimum.
2964 5348 3073 5401 Sed
3096 5350 3245 5399 errat
3268 5347 3357 5399 vir

1757 5424 2065 5485 prastans,
2084 5419 2223 5471 dum
2249 5418 2574 5472 versionem
2602 5419 2732 5470 Betti
2761 5420 2984 5470 Judaici
3009 5431 3139 5471 esse
3162 5418 3357 5471 Ruﬁni

1759 5505 1830 5543 ex
1852 5492 1982 5543 stilo
2006 5490 2167 5556 argui
2195 5492 2518 5543 arbitratur.

1822 5565 1915 5615 IV.
1955 5562 2246 5615 Johannes
2284 5562 2602 5615 Fridericus
2635 5562 2958 5615 Gronovius
2992 5561 3361 5615 Monobiblon

1759 5636 2196 5687 observatorum
2208 5634 2265 5684 in
2279 5634 2658 5697 Scriptoribus
2670 5634 3086 5686 Ecclesiasticis
3100 5634 3363 5698 vulgavit

1758 5708 2084 5759 Daventria
2098 5706 2247 5771 apud
2257 5708 2538 5758 Joannem
2550 5707 2889 5759 Columbum
2906 5708 3360 5760 A.D.1651.in-l2.

1759 5780 1860 5831 Vir
1891 5779 2096 5831 doctus
2122 5780 2183 5830 in
2206 5779 2317 5830 hoc
2349 5792 2537 5843 opere,
2569 5780 2764 5831 stilum
2779 5779 3207 5830 Ambrosianum
3228 5791 3361 5831 cum

1758 5850 2085 5915 Josippiano
2104 5849 2403 5914 commitit,
2417 5851 2764 5916 easdemque
2776 5851 3014 5916 phrases
3029 5852 3100 5904 ad
3114 5856 3362 5914 utroque

1757 5922 2170 5988 frequentatae,
2186 5921 2420 5979 easdem
2430 5921 2710 5979 dictiones
2720 5928 2781 5979 et
2792 5924 3097 5979 verborum
3107 5923 3361 5991 argutias
