3894 6396
479 385 585 442 2263
1773 380 2017 433 RUFINI
2048 380 2105 432 Ρ]

2204 372 2487 432 SBYTERI
3674 370 3781 427 261

475 500 707 565 utrique
725 496 992 565 Scriptori
1014 498 1073 550 in
1095 496 1310 572 deliciis
1332 495 1552 572 passim
1574 493 1819 572 habitas,
1842 506 2075 572 sexcen-
2095 497 2152 572 Α
2174 494 2401 572 majora
2417 501 2602 572 opera
2612 488 2874 572 condere.
2920 486 3407 571 SedGronovium
3429 485 3745 572 audiamus
3773 500 3787 537 :

483 574 557 626 tis
578 562 721 625 locis
742 562 1012 633 utrinque
1026 568 1335 634 productis,
1349 567 1665 619 emendatis
1677 571 1733 617 et
1756 567 2072 630 illustratis,
2095 562 2152 572 ”
2172 567 2257 616 Ita
2272 565 2441 614 multa
2452 563 2602 628 apud
2616 570 2889 626 utrunque
2899 562 3119 625 gemina
3129 575 3395 634 germana
3408 562 3789 623 reperiuntur,

482 644 893 698 animadvertit
916 631 1046 705 cap:
1063 643 1103 691 Ι.
1121 641 1206 691 Vl.
1224 640 1320 690 XI.
1338 640 1491 689 XVI.
1516 640 1665 689 XXI.
1685 640 1860 689 XXII.
1880 640 2073 689 XXIII.
2178 636 2372 709 quibus
2392 636 2515 684 bene
2532 636 2731 683 exactis
2762 635 2857 682 υίασ
2878 634 3047 709 possis
3070 633 3223 709 pali,
3247 631 3386 709 quin
3402 644 3584 709 unum
3605 644 3713 709 esse
3735 635 3795 709 et

483 717 687 768 XXIV.
702 715 773 765 iis
796 702 1218 778 praetermissis,
1245 723 1374 775 qua
1387 710 1497 762 etsi
1512 710 1675 761 valde
1688 711 1987 761 Ambrosio
1998 709 2075 761 fa—
2177 707 2751 780 professorumnomen
2766 705 3003 780 auctoris
3019 704 3122 765 sui,
3147 708 3212 780 et
3204 703 3279 752 hu
3275 702 3369 766 jus
3384 702 3792 780 dissimulantis

481 787 717 848 miliara,
733 772 868 847 quia
884 788 1077 834 tamen
1090 785 1146 833 et
1162 772 1486 845 aqualibus
1505 781 1876 845 frequentata,
1892 781 2081 843 magis
2179 778 2339 853 illud,
2370 778 2555 853 scripti
2577 782 2852 853 auctorem
2872 776 3152 853 arclames.
3176 776 3321 826 Rem
3337 774 3523 853 plane
3553 772 3795 853 conﬁcit

486 870 680 910 avum
702 845 876 919 quam
900 857 1194 906 auctorem
1230 866 1537 917 coarguere
1568 853 1911 904 viderentur.
1945 854 2084 904 Hac
2182 849 2261 899 νὶι
2274 862 2497 900 summe
2513 848 2719 900 doctus
2742 860 2809 899 ac
2828 845 3220 919 taliumjudex
3235 850 3390 919 certe
3407 845 3795 919 perspicacis:

484 932 605 980 tam
648 916 832 979 multa
852 930 910 978 et
937 931 1059 977 tam
1098 916 1434 989 singularia,
1487 924 1709 987 sibique
1734 924 1959 987 similia,
1980 936 2087 975 nec
2188 921 2372 971 simus
2396 921 2565 970 Lucas
2587 920 2978 969 Hotsteniusin
2994 919 3109 969 ﬁne
3132 916 3445 989 Monobibli
3460 916 3733 989 editionis
3754 916 3797 966 Ι.

483 999 617 1052 alibi
639 999 828 1061 obvia,
842 1010 958 1050 non
974 986 1221 1060 duobus,
1236 996 1339 1048 sed
1362 986 1464 1048 uni
1477 986 1704 1047 tantum
1733 986 1955 1047 auctori
1982 994 2088 1047 ad-
2188 990 2261 1042 ad
2287 1002 2349 1042 se
2365 990 2516 1041 dono
2538 989 2697 1041 missi
2709 991 2781 1041 ab
2804 991 3036 1061 auctore
3065 988 3367 1061 Gronovio,
3388 986 3802 1061 ubihacmanu

483 1057 900 1123 scribendafln
923 1068 1071 1121 duos
1093 1057 1248 1120 enim
1261 1068 1465 1139 cadere
1489 1068 1765 1139 potuisse,
1798 1080 1969 1119 nemo
1993 1064 2093 1139 qui
2192 1074 2298 1139 sua
2315 1060 2614 1139 adnotavit.
2633 1076 2647 1111 :
2666 1061 2904 1139 Quanvir
2924 1060 3105 1139 doctus
3126 1060 3309 1139 primo
3334 1057 3805 1139 harum-observa:

483 1143 611 1195 hac
633 1140 889 1206 paullum
918 1143 1183 1191 accurate
1204 1130 1587 1203 perpenderit,
1604 1139 1713 1189 sibi
1729 1150 1987 1201 unquam
2011 1137 2093 1188 ra-
2193 1133 2404 1208 tionum
2447 1132 2621 1208 capite
2661 1132 2866 1208 erudite
2909 1131 3158 1208 disputat
3198 1137 3261 1180 de
3286 1130 3476 1208 spurio

484 1214 590 1265 cile
610 1200 987 1277 persuaserit:
1014 1208 1166 1273 quod
1190 1200 1384 1261 tamen
1403 1209 1512 1259 sibi
1530 1200 1863 1273 persuaderi
1882 1220 2094 1272 passus
2193 1204 2432 1277 nomine,
2465 1209 2512 1251 et
2556 1203 2619 1252 de
2660 1218 2780 1252 vero
2816 1202 2930 1277 ejus
2953 1202 3211 1277 Hislo_ria_
3234 1205 3455 1277 auctore
3486 1200 3801 1277 Ambrosio,

484 1288 575 1338 est
606 1270 980 1335 Sebastianus
1003 1270 1204 1332 Nanus
1228 1270 1627 1332 Tillemontius
1650 1280 1711 1331 in
1727 1270 2095 1332 Commenta-
2194 1276 2592 1337 conﬁrmantur
2632 1274 2948 1323 auctoritate
2991 1272 3369 1337 antiquissimi
3412 1271 3612 1322 codicis
3638 1272 3719 1322 Μ.
3743 1270 3802 1321 S.

484 1355 586 1406 riis
598 1354 672 1405 de
692 1352 944 1404 Historia
960 1350 1346 1403 ecclesiastica
1371 1354 1507 1401 tom.
1536 1352 1578 1401 Ι.
1600 1362 1711 1415 pag
1738 1349 1861 1404 541.
1879 1349 2098 1413 judicio
2193 1346 2435 1397 Palatini
2471 1345 2533 1394 in
2567 1344 2830 1395 Vaticana
2870 1344 3215 1403 Bibliotheca,
3241 1343 3334 1393 ubi
3359 1344 3466 1393 haec
3499 1342 3685 1415 operis
3718 1343 3807 1415 in-

488 1425 850 1490 quidemnon
867 1421 1544 1485 suo,sedalienoductus,
1560 1413 1861 1473 auctorum
1881 1416 2101 1473 scilicet
2195 1418 2415 1490 scriptio
2444 1416 2707 1490 habetur:
2754 1416 2953 1490 Incipit
2990 1421 3248 1490 tractatus
3293 1415 3481 1490 Sancti
3526 1413 3809 1490 Ambrosii

488 1486 1076 1561 postremweditionis
1100 1492 1353 1557 Operum
1379 1493 1572 1544 Sancti
1592 1492 1904 1556 Ambrosii,
1932 1491 2100 1542 Pari-
2198 1488 2470 1561 Episcopi,
2487 1488 2595 1561 Ade
2614 1487 2860 1561 Historia
2908 1487 3123 1561 Josippi
3169 1487 3387 1561 captivi,
3424 1486 3711 1561 translata
3738 1500 3809 1561 ea:

487 1557 584 1616 iiiis
610 1578 843 1619 excusa
871 1565 1023 1630 apud
1049 1564 1132 1613 J0.
1181 1564 1488 1628 Baptistam
1526 1563 1902 1627 Coignardum
1917 1565 1983 1615 Α.
2018 1564 2096 1613 D.
2202 1560 2376 1609 Graeco
2394 1560 2449 1608 in
2475 1558 2755 1609 Latinum.
2787 1558 3047 1617 Quocirca
3075 1563 3341 1623 expuncto
3356 1557 3495 1621 falso
3514 1557 3811 1630 Hegesippi

492 1637 650 1693 1690.
668 1637 730 1689 in
744 1629 912 1689 folio.
932 1635 1225 1699 Siquidem
1255 1635 1363 1687 viri
1394 1634 1561 1694 docti,
1585 1634 1841 1699 mihique
1862 1633 2095 1687 amicis-
2200 1632 2438 1687 nomine,
2473 1644 2627 1679 verus
2651 1630 2800 1695 operi
2825 1630 3013 1679 titulus
3038 1630 3114 1679 sic
3137 1630 3539 1679 constituendus
3560 1629 3811 1678 videtur:

496 1709 646 1769 simi,
674 1708 736 1759 in
776 1706 1111 1772 prafatione
1139 1706 1309 1770 primi
1351 1705 1663 1757 voluminis
1685 1718 1813 1771 pag.
1839 1704 1889 1760 5.
1913 1706 2092 1769 aiunt,
2202 1703 2388 1753 Sancti
2409 1702 2683 1752 Ambrosii
2716 1702 2948 1767 episcopi
2983 1703 3321 1753 continuatio
3361 1700 3619 1752 Historia
3638 1701 3816 1766 gentis

500 1778 1337 1843 comparationem,aGronoveo
1349 1777 2096 1840 institutam,fallacemesse,
2194 1775 2512 1825 Judaeorum
2558 1790 2626 1825 ea:
2672 1774 2913 1839 Josippo.
2963 1778 3033 1824 Its
3055 1774 3363 1824 Holslenius
3384 1774 3443 1826 in
3465 1786 3574 1826 suo
3605 1786 3813 1826 exem-

491 1862 673 1913 quum
702 1862 775 1901 ex
806 1848 1139 1901 auctoribus
1173 1847 1604 1911 diversissimis,
1630 1848 1780 1900 inter
1803 1861 1866 1900 se
1888 1847 2097 1900 afﬁnes
2118 1908 2158 1913 _
2197 1847 2339 1910 plari
2354 1860 2512 1899 nunc
2525 1844 2893 1898 Bibliotheca
2918 1845 3226 1912 Angelica.
3258 1848 3348 1898 Ab
3364 1846 3616 1898 Henrico
3640 1844 3814 1898 Vale-

493 1908 769 1985 loquendi
812 1919 1088 1972 formulas
1109 1919 1246 1971 hinc
1287 1924 1347 1971 et
1386 1919 1521 1972 inde
1564 1908 1822 1971 resecare
1866 1924 1926 1972 et
1949 1932 2096 1972 com—
2116 1908 2171 1982 B
2198 1908 2288 1970 sio
2311 1918 2375 1970 in
2397 1917 2554 1970 notis
2570 1917 2644 1970 ad
2665 1908 3039 1971 Ammianum
3062 1917 3161 1969 lib.
3184 1918 3332 1968 XVI.
3368 1929 3489 1981 cap.
3508 1918 3636 1968 VII.
3668 1916 3815 1968 dici-

499 2004 726 2057 ponere,
753 1990 938 2043 cuivis
951 1994 1241 2055 promtum
1265 1990 1379 2041 sit:
1406 1990 1665 2054 nihilque
1687 1990 1823 2043 huic
1841 1991 1996 2055 operi
2009 1990 2099 2042 in-
2207 1992 2299 2041 tur
2318 1988 2578 2056 Josippus
2610 1987 2681 2039 ab
2712 1989 2908 2039 Sancto
2937 1988 3218 2039 Ambrosio
3262 2003 3439 2039 versus
3460 1989 3523 2037 in
3546 1988 3815 2037 Latinum

498 2062 573 2115 sit
594 2060 963 2115 Ambrosiam
996 2060 1110 2112 stili
1129 2060 1826 2125 judiciique.Tillemuntlus
1861 2076 2011 2111 suum
2028 2064 2108 2110 his
2205 2074 2523 2112 sermonem.
2556 2059 2661 2112 His
2684 2060 2934 2113 concinit
2953 2062 3041 2112 J0.
3069 2060 3339 2124 Pricaus,
3359 2059 3447 2110 vir
3471 2060 3531 2111 et
3561 2058 3696 2123 ipse
3725 2058 3816 2110 do-

494 2133 781 2186 calculum
816 2131 1056 2193 addidit,
1103 2130 1333 2183 dicendl
1375 2130 1774 2183 characterem
1819 2132 2109 2196 placidum
2206 2130 2406 2185 ctrina
2424 2131 2757 2197 prastantia
2778 2132 3144 2195 conspicuus.
3162 2131 3327 2182 Initio
3344 2130 3497 2182 enim
3515 2129 3814 2194 Egesippi,

494 2204 669 2258 nimis
681 2205 881 2256 etlene
892 2203 1169 2255 ﬂuentem
1188 2207 1370 2263 ratus,
1397 2214 1572 2265 quam
1584 2205 1929 2254 utAmbrosio
1952 2205 2107 2258 tribui
2207 2214 2379 2267 quem
2405 2202 2699 2256 Cornelius
2728 2202 3071 2254 Gualtherus
3081 2203 3154 2253 ab
3171 2214 3234 2254 se
3252 2201 3607 2253 illustratum
3632 2199 3815 2253 edidit

498 2276 704 2342 possit,
748 2274 1150 2337 dictionesque
1188 2273 1347 2338 ipsas
1394 2274 1451 2326 in
1479 2271 1676 2326 multis
1710 2274 1971 2338 ejusdem
1995 2282 2108 2334 avi
2211 2274 2443 2325 Coloniae
2463 2275 2615 2340 apud
2636 2274 2945 2323 Maternum
2973 2273 3268 2325 Chalinum
3288 2276 3356 2325 Α.
3377 2274 3443 2324 D.
3470 2271 3632 2327 1559.
3656 2272 3723 2323 in
3736 2277 3807 2323 8°.

499 2347 728 2412 scriptis
751 2345 916 2398 facile
932 2357 1243 2397 occurrere.
1265 2346 1481 2397 Verum
1503 2344 1641 2397 hac
1669 2345 1844 2397 nimis
1866 2358 2109 2412 genera-

493 2419 598 2473 tim
621 2417 898 2470 dicuntur
928 2434 939 2466 :
957 2428 1066 2468 nec
1082 2417 1371 2468 Ambrosii
1392 2415 1563 2468 stilus
1573 2429 1692 2469 non
1711 2423 1802 2470 est
1816 2418 2076 2482 placidus
2091 2447 2106 2473 ν

494 2502 604 2542 nec
615 2488 744 2540 lene
756 2487 959 2540 ﬂuens.
977 2486 1268 2539 Dictiones
1285 2498 1453 2551 vero,
1489 2499 1634 2552 quas
1659 2488 1960 2539 Gronovius
1982 2502 2110 2542 cor-

492 2559 652 2622 rasit,
674 2568 967 2622 nusquam
987 2557 1253 2622 spissius,
1281 2569 1458 2621 quam
1480 2557 1633 2620 apud
1655 2559 2001 2609 Ambrosium
2022 2573 2111 2612 oc-

497 2632 774 2683 currunt:
803 2641 913 2680 nec
942 2627 1207 2680 formula
1225 2627 1357 2691 ipse
1379 2632 1499 2680 tam
1522 2640 1720 2693 pauca
1738 2644 1948 2679 numero
1969 2638 2108 2685 sunt.

499 2706 559 2753 et
578 2701 640 2753 in
663 2699 874 2764 quovis
898 2699 1171 2763 scriptore
1186 2699 1384 2751 obvia
1397 2736 1411 2761 ,
1431 2703 1499 2751 ut
1510 2699 1709 2751 multis
1722 2700 1969 2753 adscribi
1982 2714 2106 2767 pos‘

498 2770 976 2835 sint;singulares
1002 2768 1158 2821 enim
1174 2773 1233 2821 et
1262 2770 1527 2833 plurima
1556 2775 1716 2834 sunt,
1740 2772 1954 2835 unique
1976 2774 2110 2822 Am-

497 2842 672 2891 brosio
696 2839 1321 2905 familiares;praterea
1340 2840 1581 2891 nemini.
1597 2841 1701 2891 His
1724 2841 1886 2906 visis,
1900 2842 2089 2909 Philip

494 2928 596 2977 pus
619 2912 867 2975 Labbeus,
886 2909 1081 2963 talium
1097 2910 1482 2974 etipsejudex
1506 2913 1825 2974 aptissimus,
1838 2913 1895 2964 in
1908 2915 2044 2966 tom.
2063 2917 2106 2971 Ι.

496 2983 568 3036 de
584 2983 964 3047 Scriptoribus
990 2980 1247 3047 pathQO.
1279 2983 1545 3032 Gronovii
1570 2984 1962 3047 conjecturam
1990 2999 2108 3039 non

496 3055 922 3120 improbabilem
930 3055 950 3118 j
959 3054 1239 3116 udicavit;
1258 3054 1352 3106 vel
1369 3054 1479 3105 dici
1490 3054 1696 3107 debere
1709 3056 1937 3108 censuit
1950 3060 2110 3108 Pseu—

496 3125 908 3191 doegesippum
919 3126 1224 3178 Ambrosio
1240 3124 1552 3190 atqualem,
1568 3127 1856 3180 Ambrosii
1874 3130 2048 3181 verba
2059 3137 2108 3180 et

496 3201 766 3247 sententias
800 3196 1225 3249 studiosissime
1234 3197 1599 3250 amulatione
1616 3198 1979 3251 suﬁ‘uratum.
1997 3201 2106 3250 Nec

2208 2345 2459 2398 Pricaus
2481 2358 2662 2397 manu
2677 2358 2786 2397 sua
2798 2344 2923 2398 hac
2940 2345 3239 2398 adnotavit
3259 2359 3273 2396 :
3292 2345 3478 2394 Petrus
3502 2343 3810 2394 Serica-ius

2205 2417 2281 2467 ad
2322 2417 2629 2467 Martialem
2687 2416 2776 2468 lib.
2833 2418 2874 2467 1.
2909 2417 3047 2481 epig.
3088 2414 3177 2479 '76,
3224 2417 3433 2466 Pseudo
3473 2415 3811 2480 Hegesippus

2207 2488 2324 2552 (qui
2359 2488 2422 2537 in
2466 2492 2661 2537 vetusto
2706 2488 2805 2537 Ms.
2852 2487 3216 2552 Glosographo
3256 2486 3321 2536 in
3355 2501 3490 2546 voce,
3516 2485 3811 2549 defccnero,

2206 2558 2522 2609 Ambrosius
2564 2560 2626 2609 in
2668 2559 2983 2624 Hegesippo,
3005 2558 3217 2622 citatur)
3245 2559 3310 2609 de
3327 2558 3469 2609 Bello
3500 2558 3744 2608 Judaico
3767 2565 3813 2608 et

2207 2632 2415 2680 excidio
2459 2631 2953 2696 Hierosolymitano
2998 2630 3088 2683 lib.
3135 2632 3175 2681 I.
3227 2645 3350 2696 cap.
3388 2629 3609 2680 XXXII.
3636 2631 3815 2681 Anto-

2207 2701 2357 2760 nius,
2374 2702 2578 2766 inquit,
2600 2702 2885 2767 Cleopatra:
2899 2702 3079 2752 amori
3093 2702 3446 2765 defaneralus
3470 2701 3811 2759 inservicbat,

2208 2778 2367 2837 atque
2391 2773 2637 2822 addictus
2666 2773 2779 2836 ejus
2803 2773 3013 2822 libidim
3046 2772 3439 2835 famulabatur.
3479 2772 3815 2837 Hegesippus

2212 2843 2300 2893 hic
2342 2848 2414 2893 est
2443 2844 2832 2908 supposititius,
2878 2849 2925 2893 et
2968 2844 3171 2908 inﬁma
3195 2844 3359 2909 plane
3383 2843 3657 2893 vetustatis
3676 2846 3815 2893 scri-

2209 2920 2350 2978 ptor,
2397 2914 2493 2978 qui
2536 2930 2648 2963 non
2693 2920 2966 2963 contentus
2995 2914 3163 2963 verbis
3203 2914 3443 2979 Josephi,
3475 2918 3533 2963 ut
3556 2913 3815 2963 videatur

2210 2985 2427 3049 aliquid
2450 2985 2576 3034 novi
2611 2983 2822 3049 afferre,
2859 3000 2991 3050 sape
3014 2985 3166 3035 nobis
3197 2985 3470 3035 sincerum
3489 2999 3584 3034 vas
3606 2985 3812 3033 incru-

2208 3061 2311 3106 stat
2333 3071 2346 3107 :
2368 3057 2513 3121 quod
2540 3058 2730 3121 magni
2748 3057 3006 3121 Scaligeri
3025 3057 3086 3107 in
3101 3055 3682 3107 Animadversionibus
3695 3056 3811 3105 Eu-

2206 3127 2439 3177 sebianis
2486 3128 2549 3177 de
2590 3144 2647 3177 eo
2683 3128 2959 3191 judicium
2985 3133 3074 3180 est.
3105 3130 3188 3180 EX
3233 3127 3510 3181 Scriverio
3534 3127 3665 3180 hac
3689 3128 3812 3179 Pri-

2205 3211 2364 3251 caus
2404 3198 2466 3250 in
2505 3199 2817 3263 exemplari
2860 3199 3226 3252 Bibliotheca
3271 3198 3579 3264 Angelica,
3627 3200 3809 3263 cujus

497 3267 890 3358 anzmginquit,
936 3282 1099 3358 ovum
1122 3282 1218 3358 ovo
1244 3268 1700 3358 sgigiliuanuam
1726 3271 2028 3358 ‘ambrosii
2050 3276 2108 3324 et
2138 3281 2188 3358 ρ
2208 3269 2454 3358 margini
2475 3272 2723 3358 Iuctatus
2746 3271 2920 3322 etiam
2946 3271 3233 3358 in'spers‘it.
3257 3271 3524 3322 Veterum
3539 3269 3814 3358 codicum

498 3338 980 3403 Pseudoegesippi
996 3337 1208 3390 locutio
1233 3338 1344 3390 sibi
1373 3339 1576 3391 similis
1593 3344 1700 3391 est.
1726 3342 1863 3403 Nos,
1888 3343 2103 3393 duorum

500 3422 628 3463 eam
640 3422 788 3472 esse,
802 3409 961 3461 nullo
969 3410 1142 3461 modo
1153 3410 1521 3462 concedimus
1539 3425 1554 3474 ;
1569 3411 1669 3462 sed
1688 3414 1995 3475 utramque
2031 3415 2104 3465 ab

500 3496 612 3530 uno
636 3481 953 3543 eodemque
980 3480 1208 3544 ingenio
1222 3483 1280 3532 et
1298 3494 1473 3532 manu
1491 3481 1820 3543 profectam,
1838 3498 1953 3533 cum
1978 3487 2105 3533 viris

500 3551 746 3616 egregiis
780 3551 1110 3603 statuimus.
1146 3551 1337 3617 Magni
1365 3553 1553 3616 operis
1581 3553 1937 3605 Bollandiani
1972 3555 2106 3606 Scri-

499 3626 692 3685 ptores
713 3623 849 3673 tom.
875 3622 942 3671 V.
966 3621 1122 3672 Junii
1145 3634 1272 3686 pag.
1297 3621 1418 3681 390,
1448 3621 1545 3676 391
1576 3628 1636 3674 et
1661 3623 1781 3677 400.
1811 3624 1883 3675 de
1907 3631 2105 3678 nostro

500 3691 781 3756 Egesippo
806 3690 1001 3751 locuti,
1016 3691 1287 3743 Gronovii
1303 3692 1666 3753 sententiam,
1685 3698 1818 3757 post
1830 3698 2102 3755 Lubbeum,

499 3761 656 3813 haud
679 3763 1371 3826 obscureamplcctuntur.
1391 3763 1722 3815 Ludovicus
1740 3764 1913 3816 Vives
1944 3770 2104 3817 tanto

498 3837 634 3885 ante
665 3833 729 3884 in
770 3833 982 3885 librum
1030 3834 1182 3885 XXI.
1225 3846 1348 3898 cap.
1389 3835 1461 3887 X.
1486 3835 2009 3901 SancliAugustini
2034 3839 2105 3890 de

501 3903 741 3956 Civitate
763 3904 882 3967 Dei,
904 3904 1251 3954 Ambrosium
1267 3905 1423 3969 operi
1437 3910 1657 3970 patrem
1677 3907 2101 3972 adsignaverat.

496 3975 784 4037 Adsignat
797 3976 971 4028 etiam
992 3977 1256 4041 princeps
1277 3976 1449 4029 editio
1462 3978 1744 4042 Brixiana,
1764 3982 1855 4028 hoc
1875 3982 2105 4028 lemmate

497 4047 802 4111 inscripta:
850 4047 1179 4113 Hegesippi,
1226 4048 1670 4113 historiographi
1708 4050 2025 4101 ﬁdelissimi
2047 4052 2107 4102 et

496 4118 645 4169 inter
654 4118 1010 4171 Christianos
1031 4118 1414 4182 disertissimi,
1433 4120 1686 4171 Historia
1695 4120 1766 4172 de
1782 4123 1917 4169 Bello
1933 4124 2107 4170 Judai.

502 4200 590 4252 co,
605 4188 814 4252 sceptri
824 4187 1166 4253 sublatione,
1176 4191 1207 4241 J
1214 4189 1516 4241 udaorum
1528 4192 1840 4252 dispersione
1855 4197 1903 4239 et
1915 4192 2107 4245 Hiero-

499 4262 582 4311 sol
596 4259 857 4324 ymitano
867 4259 1106 4323 excidio,
1120 4272 1152 4309 a
1176 4260 1311 4312 divo
1322 4262 1582 4309 Ambrosio
1594 4260 2108 4315 Mediolanensium

500 4330 794 4395 Antistite,
810 4342 843 4383 e
854 4332 1053 4383 Graca
1061 4330 1239 4382 latina
1255 4331 1405 4383 facta
1415 4343 1545 4382 cum
1560 4332 1818 4395 ejusdem
1833 4338 2109 4397 anaeepha-

505 4402 737 4455 laosiet
751 4401 980 4455 tabellis
1005 4403 1526 4467 congruentiarum,
1552 4416 1683 4455 cum
1709 4405 1945 4469 Josephi
1964 4408 2109 4456 libris

500 4474 673 4525 etiam
688 4473 758 4525 de
769 4474 953 4538 gestis
965 4474 1433 4526 Maccabaorum.
1452 4474 1660 4527 Brixia
1672 4487 1772 4539 per
1790 4478 2108 4529 Antonium

503 4546 785 4596 Moretum
822 4544 972 4600 1500.
1013 4544 1074 4596 in
1111 4545 1266 4598 folio.
1293 4545 1441 4597 Huic
1462 4546 1718 4598 succedit
1741 4548 1914 4600 editio
1943 4550 2101 4600 Pari-

506 4616 731 4678 siensis,
755 4616 849 4667 cui
861 4619 970 4665 hac
993 4616 1588 4669 verbainscribuntur.
1612 4618 1890 4683 Egesippi
1918 4620 2102 4670 Histo-

502 4686 596 4734 ria
618 4686 679 4734 de
689 4687 898 4735 excidio
914 4688 1426 4752 Hierosolymitano,
1452 4705 1487 4738 a
1510 4690 1644 4739 Divo
1687 4690 1969 4741 Ambrosio
1990 4692 2103 4741 Me-

503 4757 808 4807 diolanensi
835 4758 1089 4818 antistite,
1119 4774 1145 4807 e
1171 4760 1350 4809 Graeca
1370 4761 1572 4810 Latina
1592 4762 1754 4825 facta.
1786 4763 2019 4813 Parisiis
2042 4765 2104 4813 in

504 4827 704 4878 adibus
726 4828 1066 4878 Ascensionis
1097 4828 1251 4884 1510.
1300 4831 1362 4880 in
1382 4832 1532 4894 folio.
1560 4833 1912 4885 Coloniensis
1937 4834 2108 4886 etiam

507 4899 801 4951 sumtibus
818 4899 1110 4953 Godefridi
1128 4902 1396 4966 Hittorpii
1406 4903 1561 4967 apud
1571 4906 1599 4954 J
1606 4916 1657 4954 ο.
1672 4905 1927 4956 Soterem
1950 4907 2016 4955 A.
2035 4907 2104 4956 D.

507 4970 665 5025 1530.
691 4971 751 5022 in
777 4970 910 5022 folio
939 4972 1022 5023 sic
1045 4975 1374 5036 pranotata.
1401 4974 1657 5038 Egesippi
1681 4976 2109 5041 historiographi

505 5044 647 5091 inter
669 5042 964 5107 Scriptores
1002 5044 1368 5094 ecclesiasticos
1397 5046 1757 5109 vetustissimi,
1783 5047 1846 5095 de
1882 5047 2037 5096 rebus
2071 5062 2107 5098 a

502 5114 821 5163 Judaorum
848 5114 1196 5179 Principibus
1218 5116 1282 5165 in
1299 5115 1570 5165 obsidione
1591 5117 1802 5180 fortiter
1822 5119 1994 5182 gestis,
2020 5118 2106 5169 de-

506 5200 608 5250 que
632 5185 843 5234 excidio
870 5186 1397 5251 Hierosolymorum,
1442 5187 1795 5253 aliarumque
1826 5189 2107 5239 civitatum

504 5255 874 5320 adjacenlium
897 5256 1023 5306 libri
1042 5272 1092 5309 v.
1121 5258 1244 5307 divo
1267 5257 1579 5308 Ambrorsio
1598 5260 1986 5310 Mcdiolanensi
2000 5262 2107 5325 epi-

505 5343 658 5392 scopo
680 5328 981 5393 interprete.
1008 5329 1166 5380 Idem
1189 5330 1492 5378 Gronovius
1521 5342 1642 5395 cap.
1661 5333 1703 5382 Ι.
1720 5344 1783 5383 re
1805 5331 2108 5397 diligenter

506 5411 775 5463 expensa,
799 5400 1166 5455 Ambrosium,
1197 5400 1383 5452 virum
1418 5400 1715 5465 disertum,
1734 5408 1883 5453 aetate
1925 5404 2107 5453 adole-

506 5471 880 5526 scentiori,aut
896 5472 957 5520 in
973 5471 1214 5521 emordiis
1245 5471 1594 5535 pontificatus
1618 5475 1724 5537 sui,
1743 5489 1877 5538 opus
1899 5475 1996 5522 hoc
2020 5474 2105 5522 lu—

505 5542 630 5590 sisse
663 5542 986 5594 arbitratur.
1011 5542 1314 5594 Ambrosio
1344 5547 1547 5606 tamen,
1584 5550 1651 5595 ut
1672 5544 1780 5595 hoc
1805 5557 1949 5608 opus
1969 5557 2107 5595 con-

507 5612 683 5676 deret,
702 5626 1004 5677 nunquam
1021 5626 1279 5677 vacasse,
1291 5614 1455 5666 aiunt
1470 5619 1757 5667 curatores
1773 5616 2107 5667 Ambrosia-

507 5696 601 5735 na
617 5686 898 5745 editionis,
925 5689 982 5736 et
1009 5698 1084 5736 ex
1105 5685 1176 5735 iis
1212 5687 1630 5738 Tillemontius.
1659 5687 1765 5737 Sed
1801 5687 1910 5737 hoc
1946 5686 2105 5738 nulla

508 5755 727 5807 ratione
742 5758 921 5807 aiunt.
946 5756 1217 5817 Nunquid
1234 5770 1436 5810 vacare
1461 5771 1580 5809 non
1599 5758 1803 5822 potuit,
1826 5757 1966 5808 dum
1997 5758 2106 5810 fuit

508 5827 837 5878 Consularis
855 5826 1104 5891 Liguria
1139 5832 1198 5878 ct
1224 5829 1471 5882 zEmilia
1494 5831 1520 5881 ‘2
1542 5829 1717 5891 Quasi
1740 5842 1876 5883 vero
1898 5835 1957 5883 et
1977 5831 2105 5883 aliis

502 5898 922 5972 inmagistratu
932 5900 1228 5965 occupatis
1262 5912 1383 5954 non
1396 5902 1684 5959 vacaverit
1706 5902 1901 5970 spissa
1921 5907 1979 5958 et
1992 5902 2105 5958 hoc

2122 4646 2180 4721 D

2211 3343 2347 3393 Mss.
2363 3341 2633 3391 Ambrosii
2644 3355 2855 3394 nomen
2873 3342 3315 3407 praferentium,
3334 3354 3482 3405 quos
3498 3341 3809 3406 appellavi,

2204 3426 2508 3465 numerum
2526 3419 2715 3477 auget,
2744 3414 3225 3478 Cantabrigiensis
3249 3428 3283 3465 a
3298 3413 3495 3465 Carolo
3508 3413 3813 3464 Daubuzio

2204 3485 2470 3537 laudatus
2488 3486 2545 3535 in
2570 3486 2711 3537 libro
2725 3488 2765 3536 Ι.
2791 3485 2862 3537 de
2885 3486 3234 3537 Testimonio
3256 3485 3489 3549 Josephi
3512 3486 3536 3547 ἒ
3561 3484 3645 3538 11-
3675 3497 3811 3549 pag.

2207 3556 2292 3610 16.
2320 3557 2377 3607 in
2403 3569 2519 3619 quo
2548 3557 2742 3608 codice
2768 3557 2841 3607 ad
2868 3557 3043 3607 ﬁnem
3067 3557 3193 3607 libri
3219 3559 3256 3606 Ι.
3285 3556 3516 3621 perinde
3531 3568 3597 3606 ac
3612 3555 3675 3606 in
3693 3556 3814 3607 Me-

2206 3627 2545 3690 diolanensi,
2564 3627 2835 3691 leguntur
2850 3628 2976 3680 hac
2992 3628 3167 3679 verba
3184 3642 3196 3678 :
3216 3628 3521 3677 Beatissimi
3535 3627 3814 3676 Ambrosii

2207 3699 2491 3747 translatio
2536 3713 2603 3747 ea:
2641 3700 2889 3762 Josepho.
2939 3698 3093 3748 Liber
3114 3700 3326 3762 primus
3350 3698 3586 3761 emplicit.
3614 3698 3811 3748 Unum

2207 3768 2728 3832 Claromontanum,
2756 3782 2791 3820 a
2811 3783 2903 3821 me
2947 3782 3119 3834 supra
3149 3770 3483 3831 indicatum,
3509 3773 3812 3820 curatores

2207 3842 2473 3893 editionis
2524 3842 2919 3893 Ambrosiana
2957 3842 3315 3900 addiderunt,
3341 3841 3401 3892 in
3423 3853 3536 3904 quo
3561 3840 3809 3891 liberiv.

2205 3913 2297 3964 his
2321 3912 2511 3964 verbis
2534 3912 2899 3964 inscribitur:
2930 3912 3117 3961 Sancti
3141 3912 3415 3961 Ambrosii
3434 3912 3687 3976 episcopi,
3716 3911 3818 3959 Di-

2204 3984 2496 4047 spersionis
2538 3983 2857 4032 Judaorum
2906 3984 3084 4033 Flavii
3119 3983 3340 4047 Josephi
3362 3984 3815 4047 Historiographi

2205 4055 2506 4119 capitulum
2532 4060 2812 4119 quartum.
2833 4054 2992 4106 Alios
3005 4054 3153 4106 duos
3168 4059 3443 4106 memorat
3458 4053 3727 4105 Barthius
3757 4059 3813 4104 in

2204 4125 2565 4177 Adversariis
2581 4126 2678 4176 lib.
2705 4126 2967 4176 XXXIV.
2993 4137 3115 4190 cap.
3142 4126 3239 4176 XI.
3276 4137 3405 4189 pag.
3432 4122 3589 4179 1564.
3608 4125 3710 4176 ubi
3735 4131 3815 4176 ta-

2206 4209 2338 4249 men
2369 4197 2510 4262 ipse,
2540 4197 2881 4261 impudentia
2905 4212 3019 4245 non
3037 4211 3214 4261 parva
3236 4197 3651 4256 monachorum,
3673 4197 3812 4246 Am-

2206 4268 2445 4317 brosium
2465 4268 2807 4331 interpretem
2830 4267 3076 4331 afﬁctum
3094 4271 3298 4331 suopte
3321 4267 3550 4331 ingenio
3566 4267 3811 4318 arbitra-

2207 4343 2336 4390 tur:
2364 4337 2519 4402 quod
2542 4340 2753 4390 temere
2787 4340 2844 4390 et
2865 4337 3100 4390 ridicule
3123 4338 3340 4390 dictum
3363 4341 3468 4389 est.
3493 4338 3605 4389 Cur
3630 4338 3806 4400 enim,

2205 4415 2264 4462 et
2292 4410 2385 4461 cui
2417 4410 2565 4461 bono
2587 4410 2854 4461 monachi
2872 4411 2955 4462 tot
2976 4409 3271 4462 codicibus
3291 4409 3506 4473 ubique
3524 4408 3808 4474 dispersis

2206 4481 2458 4533 alienum
2480 4480 2753 4530 Ambrosii
2774 4493 2998 4543 nomen,
3030 4493 3148 4532 non
3171 4493 3309 4533 vero
3330 4480 3508 4544 aliud,
3533 4492 3568 4531 a
3591 4481 3811 4545 ﬁngere

2199 4553 2521 4605 voluissent
2543 4557 2566 4600 ?
2588 4554 2804 4617 Nempe
2838 4564 2911 4605 ex
2933 4553 3031 4601 illa
3052 4553 3209 4615 fama
3230 4552 3469 4617 vulgari,
3493 4551 3564 4603 de
3585 4563 3705 4614 qua
3724 4552 3813 4603 lo-

2204 4624 2403 4687 quitur
2428 4623 2796 4685 Cassiodorus,
2825 4623 2874 4673 si
2897 4622 3170 4675 audimus
3213 4627 3503 4675 curatores
3535 4622 3809 4674 editionis

2203 4694 2618 4747 Ambrosiana.
2633 4696 2847 4746 Verum
2864 4694 2913 4745 si
2928 4707 3002 4746 ex
3026 4694 3122 4743 illa
3139 4695 3297 4759 fama
3312 4693 3630 4758 quidquam
3650 4697 3807 4745 recte

2202 4766 2522 4830 deducitur,
2548 4767 2873 4831 Hieronymi
2894 4766 3088 4829 etiam,
3113 4768 3169 4818 et
3190 4766 3380 4830 Rufini
3390 4777 3557 4829 aque
3578 4776 3647 4816 ac
3667 4766 3807 4814 Am-

2202 4838 2384 4899 brosii,
2416 4840 2669 4899 nomina,
2693 4837 3133 4902 Pseudocgisippi
3162 4837 3458 4889 codicibus
3487 4837 3687 4901 efﬁngi
3709 4836 3807 4889 de-

2203 4910 2482 4961 buissent.
2509 4911 2757 4972 Uterque
2810 4909 2964 4960 enim
3013 4912 3222 4973 prater
3243 4908 3593 4958 Ambrosium
3627 4907 3805 4972 vulgo

2201 4980 2435 5044 Josephi
2459 4980 2739 5043 interpres
2752 4980 3003 5032 creditus
3015 4980 3169 5044 apud
3194 4982 3545 5032 Senatorem.
3577 4981 3657 5031 At
3678 4980 3807 5031 Bar-

2203 5050 2363 5103 thius
2387 5050 2445 5102 id
2475 5051 2637 5103 dixit.
2669 5051 2799 5114 quia
2823 5062 3027 5103 verum
3049 5050 3298 5114 aliquem
3313 5051 3666 5115 Egesippum,
3688 5062 3804 5102 non

2198 5122 2475 5187 spurium,
2493 5122 2649 5173 hunc
2665 5138 2772 5171 esse
2782 5123 3039 5186 putabat,
3054 5122 3389 5171 immanibus
3411 5128 3590 5172 tamen
3613 5137 3806 5171 cumu-

2204 5192 2285 5252 lis,
2318 5207 2386 5241 ea:
2412 5193 2601 5255 Ruﬁni
2635 5194 2863 5257 Josepho
2892 5193 3090 5257 petitis,
3116 5192 3536 5256 interpolatum.
3564 5192 3655 5243 Sic
3678 5205 3803 5244 cen-

2203 5263 2321 5314 suit
2362 5263 2459 5314 lib.
2513 5264 2706 5314 XLVI.
2753 5277 2873 5328 cap.
2896 5265 2992 5313 IV.
3035 5264 3245 5328 pagina
3266 5262 3424 5318 ‘21‘28.
3451 5264 3557 5316 Sed
3581 5276 3659 5315 ex
3674 5265 3793 5326 jam

2202 5335 2466 5386 adductis
2481 5335 2608 5387 hac
2620 5339 2989 5387 evanescunt.
3005 5337 3207 5387 Contra
3232 5348 3364 5400 ergo
3380 5335 3463 5387 sic
3486 5340 3639 5387 recte
3658 5348 3797 5387 con-

2202 5406 2448 5457 cluditur
2476 5420 2491 5455 :
2530 5419 2604 5457 ex
2626 5406 2798 5468 fama,
2832 5418 2970 5457 vera
2996 5406 3248 5469 quidem,
3273 5413 3329 5458 et
3350 5410 3518 5459 certa.
3548 5406 3798 5458 Ambro-

2203 5478 2342 5537 sius,
2364 5477 2600 5540 Josephi
2641 5477 2816 5528 libros
2846 5477 3071 5541 aliquos
3111 5483 3451 5530 contractos.
3478 5478 3668 5541 deque
3697 5492 3802 5530 suo

2201 5548 2411 5599 alicubi
2434 5554 2654 5611 auctos,
2672 5547 2843 5599 latine
2860 5549 3123 5609 edidisse,
3143 5550 3354 5612 quibus
3378 5550 3509 5601 licet
3525 5550 3800 5601 subdubi-

2202 5622 2409 5679 tanter,
2440 5618 2725 5682 adscripta
2764 5619 2933 5671 fuerit
2973 5620 3151 5671 latina
3194 5620 3487 5672 translatio
3518 5620 3798 5672 librorum

2203 5691 2322 5740 VII.
2379 5690 2443 5738 de
2470 5690 2614 5739 Bello
2647 5690 2894 5751 Judaico,
2929 5703 3108 5754 quum
3149 5696 3368 5743 certum
3390 5692 3708 5743 eorundem
3733 5692 3800 5742 li-

2201 5761 2435 5812 brorum
2460 5762 2782 5826 interpretis
2808 5775 3019 5814 nomen
3042 5764 3414 5827 ignoraretur.
3440 5765 3526 5814 Ex
3555 5763 3648 5814 his
3684 5763 3799 5815 falli

2201 5832 2567 5896 deprehendo
2588 5834 2868 5893 Jacobum
2897 5834 3241 5886 Durantium
3269 5834 3576 5886 Casellium
3597 5834 3698 5886 lib.
3724 5835 3794 5885 ΙΙ.

2199 5904 2501 5959 Variarum
2513 5903 2825 5960 lectionum
2847 5917 2968 5972 cap.
2990 5906 3140 5958 XIII.
3162 5906 3264 5959 ubi
3292 5906 3539 5959 adducto
3561 5904 3802 5974 Josephi
