3894 6410
56 414 184 477 265
1297 418 1490 474 VITA.
1536 420 1670 477 LIB.
1718 415 1786 479 ii.
1832 422 1983 479 CAP.
2038 426 2186 480 XVI.

55 531 421 587 testimonio
444 544 521 584 ex
546 531 691 584 libro
715 545 771 584 v.
798 532 870 584 de
898 531 1053 585 Bello
1076 530 1336 593 Judaico,
1370 545 1507 585 mox
1536 535 1690 587 aliud

54 607 113 656 ei
140 602 343 656 simile
366 602 612 655 adducit
634 616 708 656 ex
723 604 961 668 vulgato
978 604 1280 669 Egesippo,
1299 604 1382 655 sic
1397 606 1686 669 praefatus:

52 676 433 740 IIegesippus,
459 674 558 738 qui
595 674 814 739 Josephi
839 675 1144 724 Historiam
1173 676 1303 727 κατὰ
1333 675 1464 727 πόδα
1491 691 1689 740 sequu-

54 754 149 798 tus
185 751 281 809 est,
325 751 375 795 et
412 746 596 809 potius
618 746 651 809 f
650 752 840 795 unctus
869 745 1193 809 interpretis,
1220 760 1391 810 quam
1412 748 1693 812 scriptoris

55 817 276 883 o/Ticio.
303 819 494 868 Immo
518 822 782 882 utroque,
811 817 1100 881 Scriptoris
1124 817 1415 881 nimirum,
1448 822 1505 870 et
1531 820 1694 868 inter-

52 890 259 955 pretis,
277 892 669 952 contraquam
691 889 1270 940 Vossiusarbitratur
1292 889 1387 939 lib.
1410 891 1479 939 II.
1504 889 1577 941 de
1602 892 1692 941 1Ιὶ-

57 961 311 1013 storicis
334 961 557 1011 Graecis
581 972 704 1025 cap.
730 961 879 1011 XIV.
914 962 1062 1024 Ergo
1085 959 1343 1024 Egcsippi
1366 972 1580 1012 nomen
1604 967 1693 1013 est

55 1032 337 1096 spici-ium
372 1035 433 1082 et
465 1042 672 1081 recens
694 1043 841 1095 opus
864 1030 1056 1095 ipsum
1080 1030 1399 1093 genuinum
1424 1036 1479 1082 et
1502 1038 1689 1085 vetus.

59 1105 220 1155 ,Ενο
245 1101 661 1154 Theodosiano
686 1101 941 1166 plerique
958 1113 1160 1153 omnes
1176 1102 1427 1153 eundem
1443 1102 1691 1166 illigant;

56 1176 97 1225 ii
124 1174 341 1231 etiam,
368 1172 472 1236 qui
490 1172 839 1222 Ambrosium
857 1174 984 1237 ejus
1009 1172 1364 1223 conditorem
1378 1185 1495 1225 non
1519 1187 1694 1238 agno-

55 1249 269 1296 scunt.
292 1246 415 1296 Nec
437 1248 595 1305 ante,
613 1256 720 1295 nec
732 1248 863 1308 post
879 1256 933 1296 v.
958 1242 1239 1295 saeculum
1264 1244 1575 1295 arbitratur
1599 1246 1695 1292 Til—

56 1316 398 1369 lemontius
434 1319 590 1366 tomo
610 1316 650 1366 I.
677 1327 804 1380 pag.
832 1314 919 1368 54.
943 1320 1002 1367 et
1026 1316 1289 1378 gronovii
1324 1317 1694 1364 observationi-

58 1388 181 1438 bus
194 1388 274 1439 de
294 1385 436 1438 stilo
451 1385 837 1437 Ambrosiano
853 1384 1151 1445 conformi,
1172 1385 1313 1436 nihil
1335 1386 1501 1437 solidi
1519 1400 1695 1451 oppo-

58 1458 151 1509 nit
182 1469 330 1522 pag.
356 1456 481 1510 541.
511 1455 756 1521 Scriptor
770 1471 900 1505 sane
918 1457 1182 1520 antiquus
1200 1457 1408 1508 dicitur
1431 1458 1505 1508 ab
1530 1461 1695 1507 lsaaco

54 1531 427 1581 Casaubono
461 1529 711 1579 Exercit.
744 1530 838 1580 III.
874 1539 1007 1592 pag.
1031 1526 1154 1582 205.
1182 1528 1451 1579 editionis
1475 1530 1518 1580 Ι.
1556 1532 1694 1581 Ilaec

58 1613 188 1653 una
214 1599 527 1652 distinctio
541 1600 819 1663 ambages
836 1599 1062 1663 frangit,
1081 1612 1213 1663 quae
1226 1601 1507 1651 Vossium
1524 1604 1696 1648 irreli-

3289 427 3397 484 266

1790 553 1858 587 ex
1894 540 2070 588 Graeco
2095 538 2284 588 itidem
2305 553 2421 588 non
2446 537 2622 588 solum
2646 537 2937 598 emendati,
2963 538 3053 589 sed
3073 537 3239 589 etiam
3269 553 3400 605 sup-

1787 610 1931 673 pleti.

1850 682 1926 730 De
1951 681 2174 746 imperii
2208 680 2443 731 rationis
2465 680 2573 730 sive
2595 680 2659 729 de
2679 680 2989 731 Maccabeis
3011 680 3143 731 liber
3164 696 3331 744 unus,
3357 697 3393 732 a

1791 752 2062 802 Desiderio
2085 753 2317 802 Erasmo
2350 751 2704 802 Roterodamo
2735 752 3058 816 rccognitus.
3081 752 3302 802 Basileae
3324 766 3393 802 ea:

1790 822 2013 886 ofﬁcina
2031 822 2390 873 Frobeniana.
2418 821 2575 876 1543.
2606 823 2665 873 in
2694 822 2846 873 folio.

1852 893 2122 946 Gelenius
2146 894 2204 944 in
2225 893 2561 957 praefatione
2585 897 2850 951 testatur,
2866 904 2927 943 se
2942 890 3121 944 libros
3136 894 3398 957 Antiqui-

1793 970 1978 1017 tatum
2024 964 2098 1015 ad
2126 971 2297 1013 vetera
2329 964 2663 1028 exemplaria
2690 964 2891 1013 Latina
2910 964 3051 1016 Belli
3070 964 3296 1016 Judaici
3318 965 3392 1017 ad

1792 1040 2022 1089 Graecos
2047 1036 2275 1087 codices
2299 1035 2451 1086 duos
2478 1036 2900 1098 rec0gnovisse.
2916 1035 3026 1087 Sed
3049 1036 3122 1088 ob
3133 1037 3393 1100 Antiqui-

1795 1111 1978 1160 tatum
2001 1106 2431 1170 inelegantiam,
2453 1118 2573 1157 non
2597 1110 2762 1169 putat
2776 1108 2849 1158 ab
2868 1118 2987 1157 uno
3004 1113 3259 1169 utrunque
3272 1123 3399 1168 opus

1797 1181 1993 1231 Latine
2039 1191 2405 1241 conversum,
2446 1176 2538 1230 vel
2579 1177 2689 1228 hac
2713 1189 2830 1228 una
2854 1178 3201 1243 conjectura,
3236 1178 3392 1242 quod

1793 1262 1971 1314 quum
1987 1250 2277 1314 Josephus
2301 1249 2361 1299 in
2385 1247 2760 1300 concionibus
2784 1247 2859 1298 sit
2880 1248 3096 1311 ubique
3121 1248 3212 1300 sui
3236 1248 3395 1299 simi-

1790 1320 1882 1383 lis,
1912 1320 2044 1372 haec
2080 1321 2309 1383 quoties
2337 1320 2396 1371 in
2428 1320 2609 1383 Opere
2646 1317 3079 1381 Antiquitatum
3110 1318 3393 1377 incidunt,

1792 1393 1997 1443 miram
2025 1391 2342 1442 balbutiem
2364 1390 2631 1441 referant.
2655 1390 2866 1440 Contra
2886 1390 2947 1440 in
2964 1389 3261 1453 sequentis
3272 1401 3397 1452 ope-

1794 1463 1872 1515 ris
1896 1462 2250 1514 orationibus
2271 1462 2504 1523 Ruﬁnus
2523 1460 2758 1525 propius
2780 1460 3101 1525 Josephum
3133 1461 3401 1525 adsequi-

1796 1539 1904 1596 tur,
1952 1534 2200 1598 ejusque
2235 1530 2701 1583 declamatoriam
2738 1530 3027 1594 quandam
3066 1531 3396 1583 facultatem

1792 1604 1962 1670 longe
1990 1604 2203 1667 magis,
2221 1615 2399 1667 quam
2421 1604 2515 1655 ille
2538 1602 2700 1662 alter,
2715 1602 2982 1666 quisquis
2998 1606 3109 1665 est,
3127 1605 3397 1664 exprimit:

1789 1676 1848 1727 id
1880 1676 2038 1739 quod
2063 1675 2396 1729 evidentius
2430 1679 2667 1738 apparet
2688 1674 2749 1724 in
2772 1674 3022 1732 duabus,
3056 1674 3231 1725 altera
3252 1673 3399 1726 libro

1790 1748 1885 1797 III.
1913 1746 2011 1798 ubi
2034 1746 2599 1798 dissuadetmortem
2615 1744 2724 1795 sibi
2741 1743 3235 1806 consciscendam,
3247 1746 3399 1792 altera

1790 1818 1936 1870 libro
1986 1820 2106 1870 VII.
2156 1817 2257 1869 ubi
2305 1816 2549 1868 eandem
2594 1828 2716 1866 rem
2758 1828 2928 1867 verso
2971 1816 3105 1868 stilo
3150 1814 3395 1879 suadet;

62 1884 666 1979 “91.929.539.331?
677 1885 1465 1979 Ξὲἓῖἓοὲδὶἶοξῗὲἷίίὲἳέἒῗθξ
1468 1891 1687 1979 ἒυδρθὲί’
1713 1906 1769 1979 Β
1797 1901 1994 1979 sinus.
2011 1902 2086 1970 ex.
2109 1888 2362 1979 Είθέηδὲί
2379 1888 2466 1979 ‘1‘“
2477 1888 2687 1938 “dam
2710 1885 3254 1979 ἒβνδοηδνθυυβμθὲ.
3269 1898 3394 1979 “53"

61 1964 131 2012 ut
155 1957 1199 2020 crediditBarthiusjureaFrederico
1216 1958 1498 2009 Gronovio
1511 1960 1690 2006 retula-
1713 1957 1769 1979 υ
1794 1962 1880 2012 Ita
1906 1960 2170 2023 Gelenius,
2201 1961 2263 2011 in
2296 1960 2495 2022 Ruﬁno
2519 1972 2653 2009 cum
2678 1957 2804 2009 aliis
2828 1969 3045 2009 errans.
3086 1958 3177 2010 Ab
3197 1958 3293 2009 his
3313 1958 3397 2009 di-

64 2038 166 2082 tus
191 2042 333 2094 cap.
376 2028 588 2079 XXIV.
613 2040 667 2092 p.
693 2026 815 2081 265.
843 2028 946 2079 sed
970 2028 1161 2092 potius
1184 2028 1413 2094 Josepho
1438 2041 1540 2093 per
1559 2029 1697 2079 Am-
1795 2044 1966 2083 versa
1987 2036 2078 2084 est
2100 2032 2272 2084 editio
2299 2043 2384 2095 pei
2398 2031 2530 2081 inde
2550 2030 2774 2093 Latina,
2801 2030 3042 2082 Basileaa
3064 2028 3217 2081 facta
3242 2029 3396 2093 apud

1795 2103 2141 2154 Frobenium
2181 2108 2246 2153 A.
2285 2103 2353 2153 D.
2380 2099 2539 2155 1567.
2579 2101 2640 2151 in
2681 2099 2835 2161 folio,
2858 2099 2960 2151 ubi
2992 2100 3051 2151 in
3075 2099 3201 2151 sola
3228 2100 3406 2151 inter-

1794 2174 2112 2239 pretatione
2134 2174 2264 2225 libri
2288 2175 2358 2223 de
2388 2171 2750 2234 Maccabeeis,
2768 2182 2901 2234 qum
2925 2170 3143 2235 incipit,
3161 2171 3406 2235 disputa-

1794 2253 1971 2308 turus,
1999 2259 2061 2298 se
2080 2246 2317 2309 genium
2339 2244 2537 2306 Rufini
2561 2254 2877 2307 agnoscere
2900 2244 2983 2294 ait
3006 2242 3289 2293 Emericus
3304 2241 3402 2292 Bi-

1793 2320 1971 2381 gotius
1993 2319 2144 2370 inter
2168 2315 2442 2381 epistolas
2466 2315 2846 2367 Reinesianas
2868 2314 2942 2365 ad
2962 2315 3284 2368 Antonium
3295 2316 3403 2367 Bo-

1796 2390 1947 2441 sium
1970 2402 2099 2454 pag.
2138 2387 2261 2442 382.
2285 2387 2398 2439 Sed
2417 2399 2490 2438 ex
2515 2386 2801 2438 hactenus
2824 2385 2994 2437 dictis
3015 2384 3145 2438 haec
3169 2398 3403 2450 quoque

1794 2460 2102 2523 sententia,
2141 2458 2302 2511 nulla
2330 2463 2593 2511 veterum
2628 2457 2969 2509 auctoritate
2991 2456 3235 2519 firmata,
3259 2458 3401 2510 satis

1797 2545 2087 2597 superque
2122 2530 2414 2583 refellitur.
2439 2529 2677 2593 Josepbi
2704 2529 2832 2580 libri
2869 2528 2997 2580 XX.
3022 2526 3095 2582 de
3118 2528 3273 2582 Bello
3298 2530 3402 2581 Ju-

1796 2604 1981 2664 daico,
2001 2607 2340 2669 septemque
2365 2602 2437 2654 de
2459 2600 3154 2664 Antiquitatibusludaicis
3169 2602 3280 2650 sine
3305 2616 3403 2650 no-

1795 2676 1949 2727 mine
1972 2675 2303 2739 interpretis
2326 2672 2506 2725 edidit
2531 2675 2819 2737 Augustae
2843 2673 2930 2723 J0.
2957 2670 3230 2723 Schulser
3251 2685 3407 2724 anno

1798 2746 1955 2802 1470.
1979 2749 2039 2799 in
2072 2747 2204 2798 folio
2232 2757 2460 2810 magno.
2481 2744 2888 2807 Quinquennio
2914 2743 3100 2795 serius
3117 2745 3406 2793 oculatissl-

1795 2831 1958 2872 mum
1986 2818 2097 2871 hac
2138 2817 2198 2868 in
2229 2830 2291 2869 re
2325 2829 2388 2869 se
2414 2815 2670 2867 ostendit
2691 2813 3116 2864 Bartholomieus
3146 2815 3404 2880 Ptatyna,

1796 2890 1961 2943 Sedis
1985 2887 2338 2955 Apostolicw
2351 2886 2842 2948 Bibliothecarius,
2856 2885 2958 2949 qui
2974 2886 3213 2950 Josepbi
3227 2886 3405 2938 libros

1798 2963 1919 3012 VII.
1946 2960 2018 3012 de
2042 2959 2186 3010 Bello
2215 2959 2470 3022 Judaico,
2501 2957 2575 3009 ab
2598 2969 2661 3009 se
2684 2956 3203 3021 recognitos,nullo
3227 2958 3406 3010 inter-

1796 3031 1974 3100 pretis
1996 3031 2229 3084 nomine
2252 3032 2548 3094 adjuncto,
2563 3040 2697 3100 cum
2709 3027 2817 3079 hac
2832 3028 3205 3093 inscrlptionc
3224 3032 3404 3091 vulga-

1797 3098 1877 3157 vit
1909 3119 1922 3155 ε
1953 3103 2328 3153 Historiarum
2349 3100 2573 3165 Josephi
2597 3098 2723 3149 libri
2735 3104 3188 3163 numeroseptem.
3205 3102 3272 3151 In
3288 3100 3405 3153 ilne

58 1678 293 1726 verunt
318 1673 383 1723 in
407 1674 569 1736 parte
595 1671 775 1723 altera
793 1671 923 1723 libri
944 1672 1041 1723 III.
1067 1672 1138 1723 de
1160 1672 1462 1723 Historicis
1478 1673 1695 1724 Latinis

59 1757 204 1810 pag.
256 1743 391 1797 706.
434 1742 534 1793 ubi
572 1743 903 1807 Egesippum
940 1742 1091 1795 inter
1134 1743 1448 1807 Scriptores
1482 1746 1694 1793 incertae

59 1816 246 1865 aetatis
268 1816 514 1866 locavit.
532 1817 718 1875 Quare
727 1815 864 1865 huic
879 1814 1335 1878 Pseudoegesippo
1348 1829 1445 1863 non
1471 1817 1693 1863 Pseudo-

64 2103 328 2151 brosium
364 2103 683 2162 contracto,
714 2104 771 2151 et
790 2098 1001 2150 alicubi
1016 2106 1206 2165 aucto,
1221 2104 1429 2164 praeter
1443 2100 1695 2152 nominis

62 2173 541 2237 corruptionem,
561 2171 833 2234 quaedam
844 2172 1084 2224 infarcta
1100 2177 1261 2235 sunt,
1278 2184 1411 2236 qum
1424 2175 1695 2234 pristinam

66 2245 192 2297 veri
214 2244 484 2297 auctoris
508 2243 715 2294 faciem
727 2242 810 2294 sic
821 2244 1225 2303 immutarunt,
1247 2250 1301 2293 ut
1316 2246 1451 2293 alius
1467 2246 1697 2293 credere-

68 2324 182 2369 tur.
199 2315 539 2369 Gronovius
549 2326 673 2380 cap.
692 2316 840 2365 XVI.
855 2327 986 2379 pag.
1006 2314 1127 2369 165.
1147 2315 1221 2367 de
1234 2318 1344 2376 ipso
1359 2330 1508 2376 opere
1520 2319 1627 2364 meo
1640 2316 1698 2362 li-

66 2389 212 2440 teris
237 2387 624 2450 consignavit
651 2402 662 2435 :
687 2386 932 2435 Judaicse
953 2386 1156 2435 Iliados
1180 2386 1443 2447 conditor,
1468 2388 1567 2451 qui
1590 2387 1698 2435 He-

65 2459 305 2525 gesippi,
334 2471 512 2523 quam
536 2471 634 2506 suo
653 2457 895 2517 nomine,
930 2458 1077 2507 nosci
1096 2457 1311 2509 maluit.
1334 2457 1534 2522 Operis
1560 2469 1696 2509 con-

66 2530 477 2594 ditoritribuit
492 2527 651 2592 quod
673 2528 945 2580 Librariis
967 2528 1341 2581 tribuendum
1359 2530 1696 2577 erat.llienim

69 2602 153 2654 uti
179 2614 258 2654 ex
277 2603 411 2666 jam
427 2600 601 2652 dictis
623 2600 925 2652 manifeste
947 2604 1213 2665 patet,ex
1227 2600 1443 2665 Josippi
1463 2600 1697 2651 nomine

71 2674 458 2738 Hegesippum
482 2675 609 2724 sive
643 2672 976 2737 Egesippum
1003 2673 1385 2724 conﬂxerunt.
1422 2674 1697 2723 Erasmus

68 2746 243 2810 epist.
296 2743 471 2799 1303.
513 2744 783 2808 epiSCOpo
825 2743 1065 2795 Rivensi
1102 2756 1233 2809 pag.
1259 2742 1417 2798 1420.
1443 2745 1695 2808 Operum

68 2825 216 2869 tom.
268 2818 371 2868 Ill.
410 2818 576 2868 Parte
620 2817 687 2866 lI.
717 2815 851 2867 edit.
888 2827 1059 2868 nova
1094 2820 1176 2867 ita
1199 2816 1433 2867 scribit:
1458 2816 1697 2879 Rufinus

71 2889 302 2954 quidem
340 2887 496 2936 nihil
522 2901 773 2951 unquam
794 2888 948 2937 vertit
972 2887 1115 2937 bona
1135 2887 1249 2951 fide
1270 2888 1359 2937 sed
1385 2889 1447 2937 in
1473 2888 1570 2937 hoc
1593 2901 1698 2935 au-

69 2967 214 3009 ctore
238 2960 544 3024 (Josepho)
556 2959 808 3008 videntur
824 2958 986 3008 multi
1006 2973 1103 3008 suo
1128 2959 1313 3008 lusisse
1325 2958 1570 3009 arbitrio.
1586 2959 1699 3010 Sa:-

70 3031 185 3084 culi
210 3033 313 3092 IV,
357 3030 701 3095 scriptorem
725 3034 889 3095 putat
915 3031 1259 3083 Pearsonius
1288 3031 1350 3082 in
1373 3031 1696 3082 Annalibus

73 3103 339 3156 Paulinis
363 3114 498 3167 pag.
526 3101 607 3155 50.
626 3101 857 3166 quando
878 3102 1156 3154 nimirum
1177 3114 1294 3154 non
1315 3102 1568 3165 deerant,
1598 3103 1696 3165 qui

70 3176 295 3241 lingua
320 3175 527 3227 latina
552 3174 808 3225 studium
832 3174 1023 3227 adhuc
1041 3174 1388 3237 excolerent,
1409 3176 1581 3233 judice
1596 3176 1688 3223 Til-

60 3248 348 3300 lemontio
394 3252 537 3298 tom.
582 3247 625 3297 Ι.
660 3257 790 3311 pag.
836 3245 959 3302 540.
996 3245 1325 3311 cujusmodi
1362 3246 1688 3297 censendus

60 3319 441 3377 Ambrosius,
467 3317 563 3369 vir
583 3317 790 3369 nobilis
815 3320 1205 3381 etRomanus,
1218 3316 1516 3369 Cornelius
1528 3320 1686 3367 Gaul-

61 3393 287 3455 theme,
311 3392 494 3457 cujus
515 3390 689 3442 editio
705 3390 961 3456 Egesippi
980 3403 1100 3443 non
1116 3392 1294 3443 semel
1307 3390 1533 3456 prodiit,
1550 3406 1667 3452 quae

61 3465 191 3516 dam
206 3466 354 3529 ejus
364 3467 707 3515 assumenta
724 3475 798 3516 ex
813 3463 1079 3514 codicum
1094 3464 1234 3514 Mss.
1253 3462 1555 3515 collatione
1565 3463 1684 3514 dis-

62 3538 257 3591 tinxit.
294 3536 576 3588 Barthius
610 3535 784 3587 etiam
818 3534 1015 3587 multis
1054 3534 1116 3586 in
1140 3535 1283 3587 locis
1318 3535 1679 3587 emaculavit.

62 3610 221 3663 Idem
258 3621 424 3674 opus
469 3611 659 3659 exstat
699 3607 985 3659 insertum
1028 3608 1303 3659 Historias
1341 3607 1683 3659 Christianas

62 3680 373 3734 Laurentii
404 3679 614 3741 Barrei,
655 3678 882 3728 Pasisiis
919 3691 1156 3731 excusa)
1180 3678 1333 3744 apud
1367 3679 1682 3729 Michaelem

64 3753 357 3803 Sonm'um
397 3754 469 3803 Α.
511 3751 579 3804 D.
611 3749 768 3805 1563.
808 3763 939 3816 pag.
974 3750 1097 3805 123.
1143 3754 1202 3803 et
1239 3752 1299 3802 in
1332 3750 1682 3804 Bibliotheca

62 3827 305 3877 Patrum
346 3821 728 3887 Lugdunensi
753 3828 894 3875 tom.
920 3825 988 3874 V.
1019 3835 1151 3888 pag.
1178 3821 1337 3877 1123.

122 3898 191 3950 V.
227 3899 386 3950 Hec
408 3894 600 3947 fusius
622 3906 657 3948 a
678 3908 771 3949 me
797 3895 1012 3960 scripta
1035 3899 1176 3947 sunt
1196 3907 1269 3948 ne
1290 3894 1529 3960 Josepbi
1550 3907 1682 3949 ver-

64 3970 293 4023 sionem
308 3967 540 4022 nullam
558 3967 764 4031 Rufino
778 3968 1197 4030 adscribamus,
1212 3975 1365 4029 utque
1375 3969 1679 4026 ejusnomen

67 4056 136 4094 ex
159 4042 480 4096 codicibus
502 4042 643 4093 Mss.
671 4042 903 4107 perinde
918 4052 987 4092 ac
1008 4039 1681 4106 typisimpressislosephi

68 4117 246 4181 iibris,
275 4127 713 4183 expungamus,
731 4116 1055 4181 prmsertim
1067 4126 1203 4167 vero
1219 4126 1293 4165 ex
1318 4112 1568 4165 editione
1579 4112 1684 4177 pri-

66 4202 157 4242 ma
180 4192 346 4243 inter
379 4200 582 4242 omnes
596 4189 788 4241 Rufini
804 4200 1018 4241 nomen
1035 4188 1429 4253 prasterentes,
1443 4197 1577 4249 quae
1591 4188 1682 4235 hac

64 4264 389 4330 epigraphe
418 4266 789 4327 praenotatur.
822 4261 1044 4327 Josephi
1077 4259 1202 4311 libri
1224 4260 1339 4310 XX.
1372 4259 1687 4323 Antiquita-

69 4343 179 4385 tum
227 4337 294 4385 de
332 4335 515 4386 Graeco
548 4335 610 4383 in
642 4334 903 4385 Latinum
936 4332 1174 4383 traducti
1188 4346 1289 4396 per
1320 4330 1683 4382 Venerabilem

69 4410 343 4473 Ruﬁnum
376 4405 785 4473 Aquilejensem,
819 4407 1002 4456 virum
1025 4405 1412 4455 doctissimum.
1438 4403 1513 4453 De
1540 4402 1683 4453 Bello

66 4480 306 4532 Judaico
347 4478 479 4529 libri
532 4478 648 4532 VII.
670 4494 770 4544 per
788 4478 1020 4530 eundem
1045 4476 1300 4527 traducti.
1332 4475 1562 4525 Venetiis
1588 4490 1685 4539 per

72 4551 437 4619 Raynaldum
463 4550 527 4601 de
550 4552 874 4616 Novimagio
899 4549 1059 4607 1481.
1086 4551 1149 4600 in
1182 4549 1330 4614 folio.
1357 4550 1522 4601 Hanc
1546 4548 1684 4601 sub-

74 4626 347 4689 sequitur
370 4624 486 4677 alia
509 4623 683 4676 editio
707 4624 920 4690 pariter
940 4624 1164 4676 Veneta
1186 4621 1337 4686 apud
1363 4622 1452 4671 Jo.
1467 4619 1686 4671 Vercel-

74 4696 300 4751 lensem
326 4699 399 4748 A.
425 4697 494 4747 D.
520 4694 685 4751 1480.
712 4696 936 4749 in-i'ollo
953 4710 970 4761 ;
988 4707 1127 4747 mox
1151 4694 1261 4746 alia
1284 4692 1499 4744 ibidem
1526 4691 1678 4756 apud

74 4769 505 4823 Bernardinum
523 4767 946 4821 Vercellensem
968 4770 1036 4819 A.
1061 4767 1129 4831 D,
1165 4764 1324 4819 1502.
1348 4763 1588 4828 in-folio,
1623 4768 1679 4815 et

78 4840 529 4896 Mediolanensis
542 4840 695 4906 apud
718 4838 1110 4893 Alexandrum
1128 4837 1509 4890 Minutianum
1524 4840 1591 4888 Α.
1610 4837 1675 4887 D.

80 4914 236 4970 1513.
274 4915 340 4966 in
371 4913 520 4966 folio.
555 4915 673 4965 Has
699 4912 910 4978 excipit
930 4911 1221 4963 Erasmica
1254 4910 1365 4963 hoc
1402 4909 1566 4961 titulo
1592 4908 1682 4960 in-

78 4989 263 5052 signis
295 4999 310 5039 :
352 4986 532 5036 Flavii
552 4985 790 5051 Josephi,
811 4985 1002 5051 patria
1025 4982 1532 5047 Hierosolymitnni,
1557 4980 1685 5030 reli-

78 5062 235 5123 gione
248 5057 454 5121 Judzi,
468 5058 609 5107 inter
634 5057 834 5108 Graecos
858 5056 1322 5121 historiographos
1344 5068 1470 5104 cum
1487 5052 1685 5118 primis

78 5130 332 5195 facundi,
358 5142 526 5194 opera
554 5128 802 5194 quedam
824 5129 1024 5194 Rufino
1052 5128 1352 5193 presbytero
1384 5126 1685 5190 interprete.

80 5203 283 5262 Quibus
305 5206 425 5269 post
448 5200 693 5266 primam
714 5201 954 5251 aliorum
978 5198 1411 5262 editionem,loca
1433 5212 1526 5246 nec
1543 5211 1686 5269 pau-

82 5293 160 5341 ca,
186 5292 282 5327 nec
306 5268 540 5325 omnino
562 5272 687 5324 levis
705 5274 964 5324 momenti
977 5288 1044 5323 ea:
1058 5271 1538 5321 vetustissimorum
1550 5268 1689 5318 codi-

82 5365 202 5399 cum
231 5347 522 5399 collatione
544 5346 807 5396 restituta.
824 5344 1045 5396 Basileze
1056 5344 1206 5409 apud
1227 5342 1539 5393 Johannem
1558 5341 1688 5390 Fro-

84 5421 302 5471 benium
347 5423 490 5471 1524.
530 5418 592 5467 in
623 5417 775 5481 folio.
815 5418 1143 5482 Elegantior
1176 5414 1352 5468 editio
1375 5418 1481 5473 est,
1514 5424 1688 5476 quam

86 5492 367 5545 decennio
420 5490 604 5544 serius
646 5492 941 5545 accuravit
979 5486 1381 5553 Sigismondus
1420 5484 1689 5538 Gelenius

84 5566 395 5632 inscripta:

145 5630 322 5687 Flauii
355 5634 579 5701 Josephi
598 5635 1009 5700 Antiquitatum
1037 5632 1404 5685 J-udaicarum
1427 5630 1553 5682 libri
1573 5630 1690 5682 ΧΧ.

89 5710 156 5758 ad
178 5713 356 5759 vetera
382 5705 722 5772 exemplaria
745 5707 1030 5773 diligenter
1051 5701 1333 5771 aeeogniti.

146 5780 222 5832 De
276 5780 421 5831 Bello
472 5778 706 5831 Judaico
760 5778 887 5829 libri
950 5778 1062 5830 VII.
1109 5792 1176 5827 ea:
1220 5774 1500 5826 collatione
1547 5772 1693 5822 Grie-

92 5867 279 5905 corum
302 5851 552 5904 codicum
577 5850 1128 5917 castiqutioresquam
1149 5861 1409 5917 unqunm
1425 5850 1550 5897 ante
1572 5844 1693 5895 red-

96 5926 210 5988 diti,
721 5916 727 5917 “
972 5916 979 5917 “
1128 5925 1139 5935 °
1402 5916 1411 5927 ’

154 6000 363 6050 Contra
404 5997 674 6063 Apioncm
717 5995 838 6047 lilri
872 5994 943 6049 11.
977 6009 1076 6060 pro
1114 5999 1383 6059 corruptis
1423 5994 1549 6041 ante
1570 5988 1692 6055 jam

376 6086 671 6145 PATROL.
708 6083 881 6143 XXI.

1790 3179 1873 3229 sic
1888 3176 2102 3240 legitur
2124 3189 2137 3226 :
2166 3173 2439 3238 impressit
2462 3172 2642 3222 clarus
2666 3176 2712 3221 et
2735 3170 3054 3234 diligentiss.
3071 3171 3276 3234 arti/ese
3299 3172 3400 3221 Ar-

1786 3248 1983 3298 noldus
2004 3248 2284 3298 Pannarts
2305 3243 2526 3295 natione
2544 3244 2845 3294 Germanus
2862 3242 2923 3291 in
2934 3242 3094 3292 domo
3107 3242 3212 3291 viri
3228 3241 3387 3291 nobi-

1787 3321 1853 3371 lis
1876 3320 2023 3371 Petri
2051 3320 2113 3369 de
2135 3319 2287 3379 Max,
2317 3316 2448 3365 civis
2466 3314 2722 3375 Romani,
2747 3327 2896 3364 anno
2917 3314 3198 3363 ineat-nati
3231 3312 3383 3364 Verbi

1785 3391 1944 3447 1475.
1994 3390 2082 3441 die
2118 3404 2239 3441 vero
2274 3387 2362 3442 25.
2389 3387 2622 3438 .Novem.
2670 3385 2861 3449 Seden,
2904 3386 3062 3436 Sixto
3103 3385 3194 3436 IV.
3221 3386 3381 3436 Pent.

1782 3465 1917 3514 Mam
1941 3478 2091 3514 anno
2114 3462 2227 3525 ejus
2248 3459 2299 3515 5.
2331 3458 2573 3523 Platyna
2594 3456 2915 3508 emendavit.
2940 3455 3274 3507 Notandum
3300 3461 3389 3508 est

1781 3535 1875 3588 hic
1912 3535 2124 3588 librum
2154 3535 2249 3585 ΙΙΙ.
2288 3533 2389 3584 IV.
2418 3533 2489 3582 V.
2514 3531 2607 3582 VI.
2640 3533 2699 3581 et
2727 3530 2849 3587 VII,
2881 3539 3001 3580 non
3019 3527 3260 3593 Josephi,
3285 3528 3389 3580 sed

1780 3608 1997 3672 Josippi
2021 3619 2056 3658 a
2082 3606 2323 3670 Platyna
2346 3602 2605 3666 inscribi,
2628 3614 2703 3653 ne
2726 3601 2998 3664 cuiquam
3019 3600 3278 3672 insolens
3301 3602 3386 3654 vi-

1781 3670 2004 3739 deatur,
2030 3679 2091 3731 in
2114 3676 2500 3730 Ambrosiana
2519 3673 2786 3728 versione
2799 3672 3091 3737 Josippum
3113 3683 3215 3736 pro
3236 3670 3389 3721 Jose-

1779 3753 1891 3815 pho
1916 3749 2206 3815 appellari.
2224 3749 2465 3812 Platyna
2479 3758 2726 3810 quoque,
2742 3757 2861 3796 non
2884 3744 3107 3793 Plalina
3124 3744 3389 3808 inprimis

1784 3814 2146 3875 Editionibus
2180 3820 2408 3883 dicitur,
2441 3819 2617 3881 inque
2657 3815 2947 3881 epitaphio
2984 3814 3060 3867 ad
3088 3816 3389 3868 dexteram

1782 3899 2007 3961 portam
2026 3894 2314 3945 minorem
2328 3888 2587 3942 Basilicas
2600 3889 2660 3961 Li
2668 3888 2939 3961 berianm,
2957 3885 3113 3961 quod
3127 3886 3390 3961 Mabillof

1781 3956 1916 4019 nius
1958 3964 2266 4029 exscripsit
2317 3968 2456 4014 tom.
2501 3963 2543 4012 Ι.
2584 3959 2768 4011 Musei
2815 3956 2988 4029 italici
3019 3969 3149 4021 pag.
3172 3956 3261 4029 66.
3284 3957 3389 4010 Rei

1782 4051 2055 4091 caussam
2079 4028 2212 4090 vide
2225 4034 2381 4099 apud
2404 4032 2779 4085 Lambecium
2799 4030 2858 4081 in
2876 4028 3386 4091 notisadPlatynm

1782 4110 2092 4164 Historiam
2117 4110 2493 4160 Mantuanam
2510 4115 2637 4169 pag.
2651 4100 2776 4156 445.
2796 4101 3086 4164 Platynam
3105 4111 3243 4153 vero
3253 4100 3388 4149 Bar-

1784 4184 2150 4243 tholomteum,
2186 4190 2303 4231 non
2322 4177 2646 4242 Baptistam,
2675 4172 2815 4238 dixi,
2838 4174 2976 4238 quia
2987 4184 3050 4225 se
3065 4171 3191 4237 ipse
3203 4170 3287 4224 sic
3308 4169 3387 4223 di-

1782 4257 1889 4319 xit,
1915 4259 1972 4308 et
1996 4254 2079 4305 sic
2107 4264 2240 4305 eum
2263 4249 2454 4303 adhuc
2478 4246 2867 4312 superstitem,
2891 4244 2987 4297 alii
3014 4243 3303 4319 dixerunt
3323 4243 3384 4319 in

1784 4314 1974 4382 Diario
1998 4326 2355 4378 literatorum
2380 4320 2560 4374 Italiae
2586 4324 2723 4371 tom.
2750 4319 2899 4371 x111.
2924 4328 3054 4383 pag.
3079 4314 3202 4371 416.
3218 4314 3385 4369 Addo

1785 4403 2189 4463 Hieronymum
2215 4394 2559 4446 Aleandrum
2577 4392 2862 4454 seniorem,
2884 4388 2947 4440 in
2970 4388 3161 4463 officio
3183 4385 3387 4439 Biblio-

1788 4460 2025 4527 thecarii
2049 4467 2362 4535 Apostolici
2380 4479 2455 4519 ex
2480 4467 2736 4528 Platynee
2752 4460 3186 4535 successoribus
3202 4473 3384 4521 unum,

1786 4546 1884 4612 qui
1908 4545 1968 4596 in
1991 4530 2364 4595 decessorum
2387 4535 2657 4612 Catalogo
2685 4537 2790 4612 Ms.
2810 4530 3386 4612 Bathm_ag

1784 4602 1976 4685 pellat.
2005 4614 2215 4666 Eodem
2240 4609 2498 4673 consilio,
2512 4610 2572 4660 in
2587 4606 2828 4685 edendis
2840 4602 3246 4685 Josephilibris
3261 4603 3383 4654 VII.

1785 4674 1857 4743 de
1879 4688 2022 4740 Bello
2043 4685 2274 4738 Judaico
2299 4694 2417 4735 una
2438 4693 2573 4733 cum
2611 4678 2841 4731 duobus
2866 4680 3063 4728 contra
3086 4674 3386 4739 Apionem,

1706 4719 1761 4792 Β
1785 4719 1857 4816 ἒξ
1877 4719 2449 4825 ἔᾱιὲρνᾶριιτοόὶωω,
2485 4754 2607 4805 sine
2630 4752 2865 4825 nomine
2888 4719 3389 4825 interpreltisusus,

1779 4841 1869 4889 est
1891 4820 2285 4898 quinquennio
2309 4828 2496 4880 serius
2517 4823 2861 4898 Ludovicus
2894 4820 3175 4898 Cendrata
3210 4820 3390 4872 Vero-

1782 4892 1997 4967 nensis,
2022 4892 2164 4954 dum
2190 4900 2344 4965 typis
2366 4895 2777 4963 exprimendos
2802 4893 3027 4946 curavit
3046 4892 3268 4967 Veronae
3289 4905 3387 4967 per

1784 4962 2110 5040 magistrum
2151 4962 2372 5023 Petrum
2401 4970 2618 5040 Maufcr
2650 4967 2935 5040 Gallicum,
2951 4968 3021 5018 A.
3043 4966 3110 5017 D.
3320 4964 3384 5012 in

1781 5037 1928 5113 folio.
1945 5045 2228 5098 Cendrata
2251 5056 2396 5107 opus
2413 5037 2629 5094 dicavit
2641 5037 2893 5092 Antonio
2910 5039 3150 5113 Donato,
3165 5038 3386 5113 Xeroum

1786 5107 1925 5174 tunc
1949 5117 2203 5178 Praetori,
2230 5114 2451 5181 pridem
2474 5116 2687 5177 Legato
2709 5124 2812 5177 pro
2832 5108 3143 5174 Republica
3165 5107 3386 5181 Veneta

1784 5194 1857 5247 ad
1902 5194 2118 5256 Regem
2151 5177 2479 5247 Galliarum,
2521 5191 2579 5237 et
2599 5184 2672 5236 ad
2709 5193 3014 5256 summum
3046 5177 3381 5256 Pontificem

1787 5247 2018 5319 Sixtum
2042 5262 2185 5313 lV.a
2205 5271 2321 5324 quo
2346 5271 2459 5310 non
2484 5258 2672 5309 solum
2690 5253 2943 5319 equestri
2960 5249 3263 5317 dignitate,
3280 5247 3383 5300 sed

1788 5349 1931 5400 raro,
1957 5346 2032 5386 ne
2068 5332 2257 5385 dicam
2297 5329 2488 5391 unico,
2528 5327 2809 5391 exemplo,
2842 5324 3017 5400 etiam
3040 5324 3383 5400 iRcsaaurea

1787 5391 2037 5462 donatus
2072 5405 2180 5457 est.
2217 5404 2339 5454 Hoc
2373 5401 2661 5466 ignoravit
2696 5397 2931 5450 Carolus
2963 5392 3293 5466 Cartharius
3325 5391 3385 5443 in

1790 5479 2124 5534 Narratione
2136 5464 2419 5528 historica
2423 5472 2494 5524 de
2509 5474 2662 5526 Rosa
2671 5480 2849 5522 aurea
2866 5464 3174 5532 pontificis.
3191 5465 3386 5515 Eorun-

1788 5533 1919 5605 dem
1941 5550 2219 5603 librorum
2246 5547 2363 5597 VII.
2399 5545 2471 5597 de
2507 5542 2649 5593 Bello
2681 5540 2913 5590 .Iudaico
2932 5536 3256 5601 elegantem
3283 5533 3387 5586 ha-

1791 5627 1998 5677 bemus
2026 5619 2284 5673 ltalicam
2309 5615 2760 5675 translationem,
2782 5609 3085 5662 Florentia:
3107 5618 3386 5660 excusem

1790 5693 1943 5760 apud
1966 5690 2452 5760 Bartbolomeeum
2478 5688 2536 5738 P.
2565 5695 2729 5760 anno
2752 5680 2987 5760 149§.in
3009 5678 3142 5731 tolio
3155 5678 3280 5731 sine
3291 5690 3391 5731 no-

1790 5753 1947 5820 mine
1971 5762 2317 5829 interpretis,
2333 5759 2432 5824 qui
2454 5770 2528 5811 ex
2555 5754 2804 5818 Platyme
2827 5753 3079 5829 editione
3095 5764 3261 5829 suam
3283 5762 3388 5829 exf-

1790 5839 2019 5906 pressit,
2041 5822 2285 5898 idéoque
2317 5822 2514 5894 Rufini
2534 5838 2760 5906 nomen
2778 5830 2931 5906 recte
2950 5823 3169 5906 omisit,
3184 5822 3392 5906 Omisit

1790 5894 2021 5977 quoque
2067 5894 2333 5969 Vossius,
2363 5915 2399 5977 a
2441 5913 2569 5977 quo
2594 5900 2661 5977 in
2702 5896 3115 5977 Etymologico,
3140 5894 3391 5977 v._preeti

1790 5965 2061 6037 laudatur
2083 5965 2328 6031 eruditus
2349 5965 2569 6041 Josepbi
2585 5973 2863 6037 interpres.
2889 5968 3266 6025 contumeliae
3285 5965 3392 6030 igi-
