3894 6412
64 381 163 442 269

1280 380 1474 442 VITA.
1508 380 1643 444 LIB.
1677 390 1749 445 II.
1783 388 1937 445 CAP.
1974 386 2152 447 XVH.

3265 394 3374 464 270

61 502 141 584 ἔρ.
166 498 644 584 Chrysostomus,
672 499 1146 584 etl‘iieronymus
1165 503 1602 584 gommentaria
1603 506 1663 557 in
1688 512 1748 584 Α
1763 507 1835 584 ad
1856 508 2259 584 evincendum,
2279 522 2455 575 quam
2471 512 2807 567 abhorreret
2836 516 2910 567 ab
2930 528 3082 570 nova
3096 520 3369 571 Bibliorum

60 573 296 624 Minores
319 570 638 635 prophetas
660 571 978 635 ediderant,
1005 573 1150 626 nihil
1169 573 1452 638 loquutus
1475 577 1548 628 de
1565 579 1665 642 Cy-

59 642 177 697 rillo
200 641 600 695 Alexandrino
622 644 1056 711 etTheodorito,
1075 647 1173 710 qui
1195 646 1257 699 in
1268 647 1474 700 eodem
1490 660 1665 713 argu-

60 718 250 769 mento
274 714 497 767 versati
513 720 672 768 sunt.
690 716 1168 781 Chrysostomum
1188 719 1374 769 Sancti
1389 720 1667 771 Johannis

63 789 286 839 Constan
296 786 598 852 tinopolitz
615 787 800 853 elogio
813 788 1081 854 designat
1098 792 1519 855 Hieronymum
1532 793 1668 843 San-

60 860 121 908 cli
142 859 507 923 praenomine
530 858 687 911 haud
714 864 897 913 vocat.
915 862 1055 914 Haec
1075 862 1328 927 produnt
1348 863 1666 916 libriaucto~

61 943 173 982 rem
194 930 420 982 vixisse
449 942 631 994 quum
656 931 916 983 nondum
938 934 1264 985 communis
1280 947 1562 999 ergaeum
1574 949 1665 988 ve-

60 1002 272 1055 neratio
306 1003 367 1054 et
388 1003 585 1055 cultus
608 1002 964 1057 inolevisset.
989 1007 1072 1057 De
1096 1010 1343 1070 utroque
1369 1013 1557 1059 tamen
1582 1009 1664 1059 sic

58 1074 329 1138 loquitur,
350 1074 523 1137 quasi
547 1074 894 1139 jampridem
917 1078 1182 1130 mortuis.
1209 1080 1286 1130 At
1306 1080 1541 1141 Ruﬁnus
1563 1079 1666 1131 de-

59 1147 253 1198 cennio
265 1149 406 1197 ante
421 1145 855 1211 Hieronymum,
872 1148 1113 1199 triennio
1128 1155 1239 1211 post
1251 1152 1663 1213 Chrysostomum

60 1215 323 1268 excessit.
370 1216 640 1281 Origenis
668 1217 1113 1283 Explanationes
1141 1221 1305 1285 parvi
1326 1220 1663 1282 admodum,

61 1289 229 1340 immo
246 1286 417 1341 nihili
442 1288 590 1340 facit.
617 1290 740 1341 Hoc
750 1302 901 1353 quan
910 1296 1032 1343 tum
1044 1292 1235 1355 Ruﬁni
1245 1293 1480 1358 genium
1492 1293 1666 1346 dede-

61 1363 194 1424 ceat,
232 1359 535 1428 neminem
568 1360 732 1425 fugit.
757 1362 954 1427 Ruﬁno
983 1364 1162 1428 enim,
1192 1364 1289 1429 qui
1314 1364 1545 1429 Origeni
1566 1377 1666 1430 per

61 1431 247 1484 omnia
257 1430 702 1485 addictissimus
718 1432 842 1495 fuit,
860 1433 1000 1498 quid
1015 1434 1107 1487 his
1127 1435 1482 1500 praefationis
1497 1439 1665 1486 verbis

62 1505 246 1556 minus
271 1504 570 1569 proprium
592 1504 788 1570 attingi
809 1510 1042 1571 potest?
1067 1506 1325 1571 Origenes
1347 1512 1528 1557 autem
1542 1523 1664 1573 pro-

58 1577 172 1641 prio
185 1580 376 1626 tenore
392 1575 680 1626 decurrens
690 1576 1081 1641 allegoriarum
1090 1579 1269 1644 magis
1279 1579 1477 1644 lepida,
1496 1594 1665 1644 quam

63 1647 447 1698 historiearum
461 1647 923 1712 explanationum
935 1649 1114 1701 solida
1135 1655 1182 1700 et
1202 1651 1431 1700 tenenda
1445 1665 1661 1716 compo-

62 1720 151 1769 nit.
180 1720 327 1773 Mox
350 1718 750 1784 Hieronymum
767 1720 976 1785 arguit,
991 1721 1148 1785 quod
1163 1722 1241 1771 vel
1246 1736 1345 1786 per
1356 1722 1662 1787 allegorias,

61 1791 130 1841 vel
158 1806 259 1855 per
295 1790 573 1855 fabulosas
603 1790 925 1843 Judeeorum
958 1792 1278 1843 traditiones
1306 1797 1417 1844 tota
1438 1796 1553 1858 ejus
1576 1794 1668 1844 de-

1764 580 2248 654 interpretatione,
2275 594 2408 647 qum
2431 595 2552 635 non
2575 586 2748 636 LXX.
2768 588 3140 654 Interpretes,
3156 596 3372 654 Aposto-

1762 650 1872 726 lico
1895 664 1991 703 ore
2011 651 2297 715 laudatos,
2325 654 2426 707 sed
2451 656 2722 708 Ebrseum
2746 650 3006 711 codicem
3030 650 3373 726 sequeretur

1765 725 1929 775 Hanc
1952 736 2121 776 suam
2145 727 2495 778 sententiam
2507 728 2640 780 alibi
2656 742 2776 781 sem
2786 725 3177 797 eliterumque
3192 738 3374 786 contir-

1764 800 1907 868 mat.
1934 797 2078 847 Nam
2100 800 2645 868 prmterquamquod
2670 800 2728 851 in
2746 802 3127 866 explicatione
3144 810 3372 868 Symboli

1764 866 1962 915 Italam
1986 867 2309 920 versionem
2333 873 2611 931 sectatur;
2628 872 2688 922 in
2702 873 2955 924 Historia
2968 887 3075 926 sua
3088 866 3371 927 Eusebians

1762 938 1863 989 lib.
1894 939 1987 988 VI.
2033 951 2158 1004 cap.
2186 941 2389 991 XXIII.
2431 941 2557 993 haec
2594 943 2769 996 habet
2794 959 2806 994 :
2843 944 2908 993 Id
2925 960 3028 1009 pro
3053 961 3171 995 vero
3194 948 3372 998 solum

1767 1009 2074 1083 habendum
2090 1011 2154 1059 in
2169 1011 2467 1076 Scripturis
2478 1013 2699 1075 divinis,
2718 1015 2863 1078 quod
2881 1016 3032 1066 LXX.
3055 1019 3371 1083 Interpretes

1765 1081 2163 1131 transtulerunt
2189 1100 2199 1131 :
2224 1084 2491 1147 quoniam
2502 1085 2561 1133 id
2583 1085 2759 1135 solum
2781 1088 3033 1152 est,quod
3049 1081 3370 1141 auctoritate

1765 1152 2068 1217 Apostolica
2093 1155 2481 1225 conﬁrmatum
2503 1160 2591 1209 est.
2619 1156 2764 1218 Scio,
2793 1170 2977 1210 novos
2994 1161 3193 1209 Eusebii
3210 1164 3369 1210 inter-

1764 1228 1975 1287 pretes.
2005 1224 2330 1290 Masculum,
2361 1224 2930 1293 Christophorsonum,
2954 1229 3225 1281 Valesium
3242 1232 3369 1286 hmo

1766 1308 1884 1347 non
1924 1296 2155 1359 habere,
2196 1297 2329 1359 quia
2365 1296 2612 1351 fortasse
2636 1298 2697 1350 in
2720 1300 2947 1352 codices
2978 1308 3279 1366 corruptos
3313 1310 3373 1356 et

1766 1379 2006 1418 mancos
2026 1367 2376 1430 inciderunt,
2391 1372 2454 1420 ut
2465 1368 2536 1422 de
2552 1369 2782 1422 duobus
2803 1371 3003 1435 primis
3023 1372 3106 1425 ait
3122 1373 3372 1438 Alphon-

1764 1453 1855 1488 sus
1878 1437 2124 1489 Salmero
2151 1439 2213 1491 in
2237 1439 2641 1504 prolegomeno
2679 1440 2730 1495 5.
2758 1441 2964 1493 biblico
2986 1455 3115 1508 pag.
3149 1437 3236 1499 54.
3264 1446 3373 1498 Sed

1763 1510 1997 1574 Ruﬁnus
2020 1510 2623 1565 Eusebianmversioni
2637 1512 2708 1564 de
2726 1526 2832 1565 suo
2848 1513 2977 1566 haec
2989 1514 3373 1568 inseruit.Ideo

1765 1581 1950 1646 magis
1992 1594 2113 1633 rem
2141 1587 2405 1635 nostram
2439 1584 2799 1635 conﬁrmant.
2838 1585 3112 1648 Nunquid
3140 1599 3276 1639 vero
3301 1587 3372 1640 de

1764 1653 1962 1716 Ruﬁno
1972 1652 2031 1704 id
2046 1652 2826 1718 afﬂrmabimus.Hieronymi
2838 1656 3107 1708 amicitiae
3124 1661 3368 1707 seiterum

1763 1724 2060 1777 insinuare
2081 1724 2357 1788 voluisse,
2372 1736 2589 1778 novam
2609 1726 2737 1789 ejus
2757 1725 3068 1778 editionem
3085 1730 3373 1790 adproban-

1768 1796 1872 1847 do?
1920 1799 1995 1847 At
2038 1796 2174 1860 quis
2202 1809 2323 1848 non
2344 1796 2523 1861 videt,
2560 1796 2671 1848 hoc
2700 1797 2828 1861 ipso
2867 1797 3219 1863 Hieronymo
3241 1812 3373 1853 esse

59 1862 1551 1960 inutiliter:ista":zerieeiiéérirmee
1564 1880 1667 1960 nr
1692 1886 1746 1960 B
1766 1869 2130 1960 ίολιιτίοξυιξιι
2148 1869 2247 1950 sui
2265 1873 2402 1960 999s
2420 1868 2743 1960 νετῆίοξξιξηι
2760 1867 2891 1960 libri
2906 1869 3245 1960 θεῖίανοξιιῖη
3258 1885 3373 1960 ξιυιξ

60 1935 333 1997 referunt,
348 1934 461 1991 sed
483 1946 677 1999 neque
697 1947 783 1997 ea,
798 1947 933 2000 qum
956 1935 1016 1987 in
1039 1936 1456 2001 Hieronymum
1480 1937 1573 1989 hic
1590 1942 1670 1990 at-

62 2019 162 2071 que
174 2006 322 2059 alibi
347 2005 568 2058 cadunt
591 2019 718 2071 pag.
744 2006 834 2062 86.
861 2011 921 2059 et
948 2006 1071 2061 147.
1098 2008 1335 2071 Ruﬁnus
1359 2008 1514 2061 enim
1528 2022 1671 2061 nus«

61 2090 226 2143 quam
252 2089 321 2130 se
345 2077 454 2129 viri
481 2078 675 2130 Sancti
703 2078 1104 2131 adversarium
1137 2079 1391 2132 ostendit
1414 2084 1580 2132 extra
1602 2079 1671 2131 li-

62 2152 183 2204 bros
213 2162 327 2216 pro
357 2162 424 2202 se
453 2149 517 2202 in
553 2162 688 2203 eum
733 2150 997 2204 studiose
1039 2151 1411 2217 compositos.
1454 2154 1518 2204 In
1542 2151 1669 2203 aliis

61 2234 383 2288 nunquam.

113 2295 224 2347 Sed
248 2292 563 2345 molestius
587 2297 680 2345 est
702 2292 857 2358 quod
879 2298 1099 2359 auctor,
1120 2307 1183 2347 se
1205 2306 1326 2347 non
1346 2292 1545 2347 Italam
1569 2295 1671 2345 Sa-

61 2379 164 2420 crm
186 2366 510 2431 Scriptura
530 2365 846 2418 editionem
861 2377 935 2418 ex
951 2367 1124 2418 LXX.
1146 2365 1561 2430 Interpretibus
1578 2366 1672 2418 de-

63 2437 317 2500 ductam,
343 2435 449 2488 sed
479 2435 790 2501 Vulgatam,
813 2437 888 2488 ab
916 2437 1267 2502 Hieronymo
1290 2435 1365 2489 ad
1397 2436 1669 2489 Ebraicos

63 2509 244 2562 fontes
260 2520 626 2573 expressam,
638 2512 841 2573 utpote
857 2509 1010 2561 inter
1019 2509 1164 2562 alias
1181 2511 1670 2572 praestantissimum,

65 2582 218 2646 sequi
237 2580 604 2646 proﬁteatur.
626 2580 778 2643 Quid
787 2580 896 2633 hoc
912 2581 1244 2641 absurdius,
1262 2584 1321 2634 et
1335 2592 1371 2633 a
1384 2580 1673 2644 Ruﬁniin-

62 2652 222 2718 genio
246 2654 312 2705 et
328 2651 560 2717 scriptis
575 2650 817 2705 alienius
831 2655 858 2703 ?
869 2653 1186 2704 Pseudo-Ru
1190 2652 1295 2717 ﬁni
1306 2652 1482 2705 verba
1492 2653 1674 2700 audia—

65 2738 186 2777 mus
208 2742 222 2774 :
251 2723 456 2773 dehinc
480 2724 655 2773 nostri
676 2724 849 2787 operis
873 2728 932 2774 ut
957 2724 1115 2775 lector
1137 2728 1412 2788 agnoscat,
1437 2727 1483 2773 et
1503 2737 1674 2787 quam

65 2797 160 2845 sim
188 2795 495 2848 editionem
524 2799 796 2859 sequutus,
831 2798 877 2845 et
899 2809 1006 2861 quo
1025 2795 1296 2860 precipue
1315 2793 1671 2858 considerato,

66 2882 261 2918 munus
287 2866 389 2917 hoc
401 2864 744 2929 difﬁcillime
752 2867 1164 2931 explanationis
1179 2866 1613 2929 assumserim,ut
1625 2865 1675 2916 si

64 2946 105 2989 et
132 2940 245 3005 ipse
274 2938 343 2989 de
370 2952 564 2989 eorum
597 2952 828 2989 numero
849 2943 939 3001 est,
964 2942 1061 2989 aut
1085 2937 1149 2989 de
1178 2937 1358 2987 nihilo
1387 2951 1472 2987 me
1493 2937 1676 3002 fecisse

65 3014 359 3077 cognoscat,
378 3014 441 3060 ut
464 3020 650 3063 ISTAM
659 3020 1084 3064 POSTBRIORBM
1095 3019 1452 3073 BDITIONBM,
1464 3023 1583 3074 quae
1594 3024 1675 3059 se-

64 3083 307 3134 cundum
329 3081 585 3132 Ebrcum
596 3081 920 3148 appellatur,
938 3082 1204 3146 eligerem.
1217 3080 1673 3146 Quandoquidem

60 3155 115 3204 in
138 3153 428 3221 prioribus
451 3153 776 3205 editionibus
797 3152 1115 3205 elocutiones
1142 3153 1343 3203 uitiatae
1359 3153 1669 3219 frequenter

58 3241 269 3278 sensum
289 3225 373 3277 vel
387 3225 645 3277 doctrina
655 3226 732 3278 vel
748 3226 1091 3277 narrationis
1102 3225 1402 3290 dirumpan
1412 3228 1447 3288 t,
1463 3228 1521 3274 ut
1537 3224 1670 3274 divi-

60 3301 277 3351 natione
324 3298 505 3363 magis
546 3313 717 3391 qualn
750 3298 1061 3391 conditione
1094 3312 1232 3363 opus
1267 3312 1372 3347 esse
1395 3297 1660 3391 uideatur.
1687 3315 1736 3391 Ο

60 3373 398 3391 ἢΑ-----Α-
438 3373 605 3391 ---ΔΑΜ
629 3370 647 3391 ἔ
694 3385 719 3391 ρ.
743 3375 889 3391 ιμμμ-
919 3371 1020 3391 ,ιέᾼ
1065 3370 1151 3391 -ι-ἐ
1183 3383 1286 3391 ﬂ-..
1318 3383 1408 3391 μ...
1438 3368 1666 3391 l-.....'.....'

59 3373 401 3426 POSTBRIOB
428 3373 612 3421 autem
626 3370 722 3421 illa
741 3370 1041 3431 translatio,
1058 3370 1152 3420 etsi
1178 3383 1292 3420 non
1316 3369 1665 3431 multumipsi

58 3442 332 3495 contextui
353 3441 660 3508 splendoris
675 3442 902 3507 adjecit:
930 3448 1112 3493 tamen
1139 3440 1503 3492 elocutionum
1525 3441 1666 3490 inte-

59 3516 244 3578 gritate
277 3514 417 3581 illa,
446 3528 565 3579 quae
606 3514 855 3565 discimus
877 3515 1294 3578 interceptarum
1315 3513 1525 3563 damna
1556 3512 1667 3575 fre-

60 3593 279 3651 quenter
304 3586 485 3636 eiulat.
510 3585 681 3637 Hunc
701 3585 910 3650 locum,
925 3589 990 3638 ut
1011 3584 1403 3649 Rufinianum,
1420 3584 1666 3637 adduxit

63 3657 422 3711 Humt’redus
434 3656 693 3722 Hoydius
703 3656 765 3709 in
774 3656 1054 3708 Addendis
1065 3656 1220 3721 operi
1246 3669 1353 3709 suo
1369 3655 1441 3708 de
1456 3655 1665 3708 Biblio-

61 3744 181 3783 rum
218 3728 490 3783 textibus
528 3728 901 3794 originalibus
928 3728 989 3780 in
1011 3728 1125 3780 ﬁne
1155 3727 1364 3793 Syllabi
1387 3728 1662 3793 capitum.

63 3802 330 3856 Adduxit
351 3800 529 3852 etiam
552 3801 642 3853 Jo.
657 3800 869 3854 Millius
884 3801 943 3852 in
956 3799 1399 3865 Prolegomenis,
1410 3801 1483 3852 ad
1497 3804 1664 3849 Testa-

61 3879 330 3927 mentum
352 3873 603 3934 Novum,
628 3872 835 3925 Oxonii
859 3872 1059 3925 Greece
1083 3872 1300 3924 editum
1321 3876 1385 3923 A.
1408 3873 1476 3922 D.
1502 3870 1660 3926 1707.

59 3944 113 3997 in
134 3944 294 3998 folio.
320 3954 456 4008 pag.
483 3940 571 3998 83.
594 3943 708 3996 Col.
736 3942 787 3998 1.
814 3943 925 3996 Sed
951 3948 1143 3995 tamen
1167 3941 1388 3995 addidit
1401 3943 1553 3994 intra
1565 3955 1661 4008 pa-

61 4015 381 4069 renthesim
404 4014 536 4078 (nisi
560 4014 748 4065 titulus
776 4013 1168 4066 Commentarii
1189 4028 1288 4064 nos
1307 4013 1446 4077 forte
1461 4013 1659 4078 fallat).

61 4088 201 4150 Quin
220 4085 413 4151 fallat,
424 4096 545 4138 non
555 4089 648 4139 est
667 4085 1103 4152 ambigendum.
1117 4085 1393 4137 Ruﬁnum
1404 4088 1659 4135 sincerum

62 4171 153 4223 pro
174 4158 366 4213 veteri
389 4156 638 4211 editione
660 4158 815 4210 LXX
826 4156 1009 4224 virali,
1026 4161 1223 4223 utpote
1238 4157 1311 4210 ab
1324 4170 1429 4209 suo
1448 4160 1661 4219 Origene

60 4237 281 4296 exacta,
297 4228 588 4283 adversus
602 4229 1019 4296 Hieronymum
1032 4229 1285 4290 stetisse,
1298 4231 1493 4279 nemini
1505 4232 1663 4278 mani-

61 4303 273 4356 festum
299 4314 425 4355 non
446 4303 536 4355 est
558 4316 571 4353 :
598 4314 714 4366 quo
730 4302 966 4354 nomine
981 4300 1064 4353 sic
1080 4301 1352 4354 eumdem
1365 4303 1661 4351 Stridonen-

60 4388 175 4428 sem
195 4375 503 4428 doctorem
525 4374 737 4427 acriter
756 4372 1047 4427 vellicavit
1068 4372 1212 4425 libro
1234 4375 1306 4425 II.
1330 4372 1655 4438 Apologia:

60 4446 158 4511 An,
186 4451 250 4496 ut
266 4444 593 4496 divinarum
610 4444 1014 4510 scripturarum
1036 4443 1215 4507 libros,
1228 4457 1362 4509 quos
1375 4444 1450 4494 ad
1469 4444 1665 4509 plenis-

59 4519 258 4569 simum
277 4518 434 4568 Fidei
458 4518 903 4583 instrumentum,
927 4516 1174 4567 Ecclesiis
1198 4516 1403 4568 Christi
1423 4516 1661 4581 Apostoli

60 4589 428 4650 tradiderunt,
452 4603 597 4638 nova
612 4603 761 4638 nunc
776 4593 822 4638 et
840 4587 906 4639 ab
915 4587 1119 4638 Judaeis
1128 4592 1339 4638 mutata
1349 4588 1664 4652 interpreta-

60 4662 198 4711 tione
240 4660 523 4711 mulares?
544 4663 601 4710 Et
623 4666 733 4723 post
750 4674 909 4723 pauca
933 4677 947 4711 ε
983 4661 1092 4711 Ista
1117 4675 1261 4725 vero,
1293 4674 1408 4724 qua
1429 4675 1578 4710 nunc
1603 4665 1661 4710 tu

60 4733 454 4799 interpretaris,
473 4736 520 4782 et
540 4747 638 4798 per
653 4731 916 4783 Ecclesiae
935 4736 982 4782 et
1000 4731 1351 4794 monasteria,
1374 4747 1473 4797 per
1494 4733 1663 4797 cpida

61 4809 105 4853 et
124 4804 347 4856 castella
373 4803 714 4868 transmittis,
732 4803 1059 4869 quommodo
1077 4803 1432 4868 suscipiemus
1453 4808 1478 4856 ?
1518 4805 1661 4855 Tan-

62 4891 228 4942 quam
251 4876 468 4941 diuina,
478 4888 553 4927 an
579 4881 849 4940 tanquam
870 4876 1122 4927 humana
1136 4875 1240 4943 ?,Et
1256 4876 1391 4941 quid
1403 4876 1660 4942 facimus,

61 4948 204 5010 quod
227 4963 352 5014 quae
360 4947 755 5013 prophetarum
765 4947 843 4998 vel
857 4947 1249 5012 Legislalorum
1265 4947 1579 4997 nominibus
1594 4949 1660 4997 ti-

63 5019 334 5081 tulanlur,
373 5019 590 5070 veriora
613 5018 720 5069 haec
755 5018 848 5069 abs
865 5023 927 5080 te,
944 5032 1113 5084 quam
1141 5018 1259 5083 illa,
1291 5034 1408 5084 quae
1421 5020 1662 5085 Apostoli

61 5091 427 5154 probaverunt
447 5090 808 5155 afﬁrmantur
822 5094 846 5139 ?
881 5090 1031 5141 Istud
1051 5092 1399 5142 commissum
1419 5092 1507 5142 dic
1530 5106 1659 5156 quo-

62 5164 217 5214 modo
240 5161 657 5215 emendabitur?
688 5164 861 5213 Immo
880 5161 1031 5225 nefas
1044 5162 1313 5227 quomodo
1323 5164 1662 5229 expiabitur?

64 5233 118 5283 Si
128 5235 281 5285 enim
291 5235 355 5284 in
367 5233 700 5300 explicanda
713 5233 819 5299 lege
828 5234 1044 5299 aliquid
1062 5233 1220 5284 aliter
1238 5235 1481 5296 sensisse,
1501 5235 1661 5286 dam-

60 5307 236 5358 nobile
258 5305 415 5373 apud
425 5311 470 5356 te
480 5305 717 5368 ducitur,
732 5306 915 5371 ipsam
931 5305 1095 5370 legem
1107 5310 1399 5370 pervertere
1423 5307 1485 5356 in
1500 5308 1662 5358 aliud

60 5394 228 5443 quam
237 5376 481 5444 Apostoli
492 5377 857 5439 tradiderunt,
871 5378 1073 5443 quoties
1087 5377 1662 5443 damnabilejudican—

64 5450 192 5501 dum
214 5451 324 5501 est?
351 5450 464 5502 Cur
484 5463 597 5501 non
615 5450 793 5514 magis
809 5464 911 5515 pro
936 5448 1104 5515 hujus
1128 5450 1422 5501 temeritate
1437 5451 1619 5502 dicam
1645 5470 1656 5502 :

63 5524 155 5585 qui
171 5538 245 5573 ea:
267 5525 339 5572 tot
362 5525 409 5571 et
430 5522 597 5571 tantis
608 5520 965 5586 prudentibus
981 5526 1027 5572 et
1045 5521 1246 5572 sanctis
1260 5522 1412 5586 viris,
1426 5524 1524 5587 qui
1537 5529 1662 5575 ante

62 5594 302 5657 fuerunt,
328 5594 406 5645 ad
428 5592 574 5643 istud
598 5608 733 5659 opus
754 5608 921 5644 ausus
951 5594 1020 5644 sit
1040 5607 1244 5645 manus
1264 5594 1489 5647 mittere.
1531 5596 1662 5655 Quis

65 5666 364 5729 prcsumsit
383 5681 570 5717 sacras
592 5665 782 5717 Sancti
807 5665 1051 5732 Spiritus
1072 5671 1293 5732 voces,et
1314 5666 1507 5718 divina
1520 5669 1664 5720 volu-

68 5739 219 5789 mina
245 5740 537 5791 temerare?
548 5738 688 5791 Hmc
698 5738 932 5801 Ruﬁnus
948 5751 1050 5804 pro
1062 5739 1322 5793 versione
1337 5740 1494 5792 LXX
1515 5743 1660 5792 vii-ali

69 5815 266 5863 contra
278 5811 713 5876 Hieronymum.
740 5808 980 5875 Reliqua
992 5810 1253 5875 longiora
1272 5816 1428 5875 sunt,
1441 5828 1592 5874 quam
1606 5820 1661 5864 ut

70 5883 262 5934 omnia
277 5881 390 5936 huc
399 5881 784 5935 adducantur.
799 5882 1164 5947 Augustinus
1176 5895 1311 5936 cum
1325 5896 1394 5936 eo
1409 5887 1566 5934 sensit
1579 5901 1660 5947 ep.

72 5953 345 6007 LXXXII.
369 5954 512 6009 alias
534 5953 692 6008 XIX.
714 5953 765 6017 §.
779 5952 866 6010 35.
885 5953 1388 6020 Sedjamadducta
1400 5957 1663 6008 sumciunt

1688 4692 1745 4767 D

1768 1953 1942 2006 quam
1966 1941 2157 2004 Ruﬁni
2169 1939 2452 1992 amicitias
2469 1939 2685 1991 coluit?
2702 1938 2895 1991 Colere
2907 1944 3106 1992 autem
3120 1942 3376 1990 debuisset

1767 2016 1894 2076 post
1916 2012 2197 2075 rejectum
2220 2023 2255 2063 a
2278 2012 2476 2074 Ruﬁno
2494 2011 2803 2075 Origenem
2813 2015 3221 2077 receptamque
3232 2013 3375 2064 abeo

1769 2084 2280 2149 Ilieronymianam
2303 2082 2623 2134 Bibliorum
2638 2082 2980 2135 versionem.
2995 2083 3026 2134 .l
3031 2095 3127 2136 am
3142 2099 3196 2134 se
3209 2086 3375 2146 prodit

1768 2155 2039 2207 immanis
2061 2155 2393 2207 allucinatio
2410 2154 2732 2207 Sebastiani
2747 2154 3045 2219 Munsteri,
3067 2158 3375 2217 suspicantis

1766 2226 1828 2277 in
1866 2226 2202 2290 praefatione
2235 2224 2457 2276 Veteris
2488 2224 2838 2276 Testamenti
2868 2225 2942 2276 ab
2969 2237 3033 2276 se
3059 2226 3295 2278 Ebraice
3318 2229 3377 2277 et

1769 2298 1969 2350 Latine
1998 2297 2136 2350 editi
2163 2295 2384 2346 Basileae
2398 2310 2465 2345 ere
2482 2295 2711 2359 ofﬁcina
2732 2295 3024 2345 Bebeliana
3043 2299 3112 2347 A.
3126 2298 3193 2348 D.
3214 2295 3372 2350 1534.

1768 2382 1897 2434 pag.
1922 2368 2008 2423 ll.
2037 2369 2099 2420 in
2127 2367 2281 2432 folio,
2319 2368 2584 2431 Ruﬁnum
2607 2366 2790 2419 fuisse
2811 2371 3107 2419 auctorem
3137 2367 3376 2432 Vulgata:

1768 2441 1974 2491 Latinae
2001 2439 2319 2493 versionis:
2342 2438 2454 2487 sive
2475 2439 2710 2502 Rufinus
2731 2437 2899 2500 fuerit
2914 2438 3039 2499 sive,
3062 2453 3376 2504 quicunque

1770 2513 1934 2575 alius,
1961 2513 2229 2565 Fortasse
2248 2511 2523 2560 Munstero
2545 2509 2653 2562 fuit
2675 2509 2861 2561 fraudi
2874 2510 3026 2562 male
3048 2509 3375 2563 intellectus

1772 2584 2029 2645 Gelasius,
2049 2583 2121 2635 de
2143 2583 2343 2646 Ruﬁno
2366 2582 2428 2632 in
2451 2583 2693 2634 Decreto
2711 2581 2795 2633 sic
2818 2582 3062 2645 loquens
3088 2581 3379 2633 :Nonnul-

1771 2657 1850 2708 las
1876 2654 2583 2720 Scripturasinterpretatus
2597 2668 2647 2703 es
2660 2657 2694 2703 t.
2714 2654 2864 2705 Ante
2876 2656 3187 2703 Munsterum
3209 2654 3378 2705 Paul-

1771 2728 1857 2779 lus
1899 2728 1962 2777 de
1993 2724 2366 2790 Middelburgo
2398 2725 2459 2776 in
2492 2726 2657 2777 Parte
2691 2726 2760 2776 II.
2784 2724 2932 2777 libro
2958 2727 2999 2776 Ι.
3027 2725 3091 2775 de
3115 2725 3379 2775 Paschate

1769 2812 2022 2853 errorem
2045 2798 2182 2851 huic
2205 2796 2459 2849 similem
2474 2796 2753 2865 hauserat
2769 2808 2842 2848 ex
2860 2796 3137 2849 Gennadii
3149 2797 3373 2850 verbis:

1772 2873 2127 2935 Quaecunque,
2151 2869 2446 2935 praemissis
2465 2867 2709 2933 prologis
2731 2882 2767 2917 a
2800 2868 3015 2917 Latinis
3042 2867 3315 2931 leguntur,
3340 2883 3376 2918 a

1770 2944 1971 3006 Ruﬁno
2014 2943 2368 3006 interpretata
2394 2944 2540 2990 sunt.
2561 2938 2739 3003 Atqui
2762 2940 2882 2990 tam
2912 2938 3172 3003 Gelasius,
3198 2951 3374 3003 quam

1772 3014 2090 3066 Gennadius
2125 3012 2198 3065 de
2221 3010 2522 3077 opusculis
2545 3009 2915 3074 quorundam
2927 3010 3258 3063 Grecorum
3273 3013 3375 3063 Pa-

1771 3091 1940 3151 trum,
1964 3096 2084 3137 non
2114 3083 2188 3135 de
2206 3082 2342 3135 ullis
2367 3082 2545 3133 Sacra:
2573 3081 2868 3146 Scriptura:
2899 3079 3082 3145 libris,
3116 3092 3152 3133 a
3174 3082 3374 3145 Ruﬁno

1764 3159 1967 3221 versis,
2001 3158 2337 3220 loquuntur.

1830 3234 2174 3294 Quanquam
2188 3228 2318 3280 haec
2335 3224 2477 3278 satis
2493 3239 2505 3275 :
2534 3225 3038 3278 Commentarium
3060 3230 3257 3279 tamen
3272 3229 3372 3277 alia

1766 3304 1939 3357 etiam
1957 3315 2032 3355 ex
2042 3300 2246 3353 eodem
2260 3299 2440 3365 petita
2452 3300 2654 3351 nostro
2667 3297 2758 3363 abj
2767 3297 3016 3350 udicant.
3038 3302 3218 3348 Auctor
3234 3301 3370 3348 enim

1765 3375 2058 3429 neminem
2080 3374 2232 3426 inter
2250 3371 2487 3424 Latinos
2511 3370 2691 3422 fuisse
2714 3370 2811 3434 ait,
2837 3370 2940 3434 qui
2950 3370 3259 3435 prophetas
3269 3383 3373 3423 ex-

1764 3446 2105 3513 planaverit.
2123 3444 2364 3496 Videtur
2376 3453 2511 3507 ergo
2527 3441 2826 3507 ignorasse
2841 3442 3369 3506 Hieronymistudia:

1763 3532 1940 3585 quem
1962 3515 2337 3584 postmodum
2360 3515 2511 3567 inter
2534 3513 2705 3578 Syros
2715 3518 2763 3563 et
2787 3514 2988 3564 Graecos
3000 3514 3197 3566 statim
3208 3516 3370 3585 adnu-

1763 3584 1961 3644 merat.
1983 3593 2062 3642 Ex
2074 3589 2164 3641 his
2175 3587 2358 3640 fuisse
2375 3587 2474 3651 ait,
2490 3586 2592 3649 qui
2602 3585 3009 3649 Prophetarum
3022 3586 3223 3651 scripta
3238 3584 3372 3635 edis-

1761 3678 1933 3714 serere
1966 3662 2287 3723 niterentur,
2313 3658 2798 3724 Chrysostomum
2831 3663 2889 3710 et
2909 3658 3327 3721 Hieronymum
3355 3674 3365 3705 :

1763 3747 2011 3799 quorum
2035 3732 2188 3798 prior
2203 3730 2569 3794 Grmce,alter
2585 3729 2786 3781 Latine
2800 3729 2858 3782 id
2882 3730 3171 3794 praestitit.
3198 3729 3368 3780 Deni-

1762 3820 1875 3872 que
1897 3819 1931 3858 a
1953 3804 2291 3871 praefatione
2303 3803 2473 3855 abest
2482 3801 2785 3865 modestia,
2799 3802 2998 3865 Ruﬁno
3011 3802 3260 3872 propria.
3275 3804 3369 3872 rie-

1761 3871 1875 3943 que
1897 3875 2283 3930 omittendum
2299 3873 2455 3938 quod
2472 3874 2669 3926 scribit
2679 3872 2777 3925 lib.
2791 3874 2833 3925 Ι.
2846 3873 2905 3924 in
2914 3875 3094 3925 Amos
3104 3871 3363 3938 pag.123.

1770 3952 1969 4001 Thecue
1992 3952 2175 3998 autem
2200 3944 2413 4003 viculus
2445 3960 2550 3994 esse
2573 3954 2841 3996 DICITUR.
2872 3944 2935 3992 in
2955 3958 3063 4007 quo
3081 3948 3361 4006 pastorum

1763 4021 1963 4074 habitet
1990 4017 2306 4081 multitudo,
2328 4016 2555 4080 septimo
2577 4031 2614 4065 a
2638 4014 2904 4065 Bethleem
2926 4013 3057 4063 urbe
3079 4012 3364 4064 milliaria.

1763 4096 1902 4146 Ilaec
1915 4091 2071 4145 olent
2087 4089 2512 4152 Hieronymum
2528 4085 2763 4152 prologo
2777 4086 2839 4137 in
2853 4088 3034 4137 Amos
3045 4086 3366 4135 scribentem:

1766 4166 1967 4216 Thecue
1987 4177 2081 4213 sesc
2091 4159 2331 4211 millibus
2352 4159 2425 4209 ad
2448 4158 2767 4208 medianam
2777 4156 2999 4222 plagam
3014 4156 3154 4206 abest
3173 4155 3360 4207 aSan.

1756 4243 1841 4289 cta
1861 4234 2144 4287 Bethleem.
2164 4235 2233 4285 Et
2252 4233 2313 4285 in
2334 4230 2682 4283 Hieremiam
2692 4231 2916 4295 cap.Vl.
2944 4229 3211 4278 Thecuam
3229 4242 3360 4293 quo-

1761 4324 1861 4374 que
1888 4307 2133 4358 viculum
2175 4319 2279 4356 esse
2312 4304 2372 4354 in
2409 4308 2590 4354 monte
2610 4303 2795 4368 sitiqn,
2818 4306 2868 4374 et
2889 4301 3007 4351 ΧΗ.
3034 4300 3277 4350 millibus
3300 4299 3365 4350 ab

1760 4373 2148 4444 Hierosolymis
2163 4381 2479 4442 separatum
2495 4375 2686 4425 cotidie
2707 4373 2875 4424 oculis
2897 4374 3185 4444 cernimus.
3198 4374 3262 4420 De
3274 4374 3368 4444 hoc

1758 4452 1932 4503 viculo
1961 4441 2184 4503 erudite
2206 4441 2327 4514 agit
2339 4446 2667 4499 Hadrianus
2684 4444 3049 4497 Relandusin
3061 4441 3372 4494 Palmstina

1757 4525 2045 4577 illustrata
2078 4525 2217 4573 tom.
2257 4521 2323 4571 II.
2360 4530 2489 4583 pag.
2531 4515 2688 4572 1028.
2715 4517 2949 4578 Ruﬁnus
2980 4526 3137 4578 vero,
3168 4515 3267 4578 qui
3296 4514 3369 4566 ad

1764 4597 1890 4648 XX.
1922 4605 2107 4647 annos
2133 4589 2549 4654 Hierosolyma
2561 4588 2725 4651 vixit,
2742 4586 3011 4650 nunquid
3030 4587 3297 4636 Thecuam
3313 4591 3371 4639 et

1763 4668 1888 4733 ipse
1914 4665 2144 4716 lustrare
2153 4674 2273 4715 non
2287 4660 2508 4725 debuit,
2526 4660 2632 4733 sed
2649 4659 2842 4733 alieno
2862 4661 3048 4733 relatu
3068 4659 3214 4733 deea
3229 4660 3369 4711 scri-

1767 4729 1900 4792 bere
1926 4752 1939 4788 :
1966 4735 2172 4786 viculus
2193 4748 2296 4784 esse
2319 4732 2555 4783 dicitur?
2576 4732 2775 4795 Rufino
2798 4731 2992 4793 etiam,
3021 4729 3220 4782 tandiu
3232 4734 3366 4792 apud

1760 4808 2080 4864 Orientales
2097 4810 2339 4869 morato,
2355 4816 2561 4869 parum
2575 4802 3015 4867 convenitquod
3026 4801 3187 4868 pagi
3198 4802 3285 4857 47.
3303 4804 3364 4851 de

1770 4881 1983 4935 Veneris
2005 4878 2156 4930 stella
2177 4890 2282 4929 seu
2302 4875 2572 4939 Lucifero,
2590 4886 2626 4927 a
2644 4874 2945 4927 Saracenis
2967 4874 3139 4936 culto,
3157 4873 3365 4938 pariter

1760 4967 1833 5006 ex
1855 4952 2041 5005 alieno
2064 4949 2267 5009 relatu,
2292 4946 2706 5011 dicitur;quem
2725 4960 2894 5010 usque
2917 4946 3077 4995 hodie
3100 4944 3365 4995 Saraceni

1760 5025 1924 5076 colere
1967 5031 2312 5075 FBRUNTUR.
2340 5021 2463 5071 Hoc
2495 5018 2642 5071 dixit
2674 5018 3065 5081 Hieronymus
3086 5015 3182 5067 lib.
3215 5018 3283 5066 ll.
3307 5015 3370 5066 in

1758 5100 1941 5149 Amos
1965 5107 2089 5160 cap.
2120 5093 2190 5145 V.
2216 5091 2383 5143 Sidus
2406 5091 2504 5142 Dei
2528 5089 2704 5151 vestri,
2729 5089 2986 5139 Hebraice
3007 5088 3210 5138 dicitur
3239 5086 3375 5136 Cho-

1758 5167 1912 5229 chab,
1945 5164 2348 5227 idestLuciferi,
2366 5177 2528 5228 quem
2547 5162 2813 5214 Saraceni
2823 5162 3100 5226 hucusque
3110 5172 3370 5229 veneran-

1761 5246 1867 5290 tur.
1894 5228 2242 5291 Consulatur
2264 5237 2353 5288 Jo.
2381 5235 2662 5287 Seldenus
2697 5233 2758 5285 in
2793 5234 3168 5298 Syntagmate
3192 5231 3261 5281 II.
3297 5228 3371 5279 de

1758 5311 1882 5363 Diis
1917 5310 2077 5374 Syris
2114 5321 2241 5373 cap.
2286 5307 2379 5359 IV.
2419 5307 2568 5371 Ergo
2610 5305 2703 5358 hic
2728 5302 3200 5364 Pseudo-Ruﬁnus
3222 5300 3370 5353 vixit

1758 5393 1894 5435 ante
1908 5383 2175 5434 exortam
2201 5377 2567 5431 Muhamedis
2580 5381 2799 5430 sectam
2813 5391 2828 5440 ;
2846 5388 2994 5440 opus
3007 5379 3170 5422 tamen
3188 5378 3368 5433 praeter

1761 5453 2129 5518 Gennadium,
2148 5450 2438 5515 ignoravit
2450 5450 2682 5501 Senator
2700 5460 2828 5512 cap.
2850 5448 2944 5498 III.
2963 5445 3035 5496 de
3052 5445 3369 5518 Institutione

1760 5526 2087 5579 divinarum
2114 5514 2428 5587 literarum,
2446 5522 2546 5574 ubi
2567 5535 2638 5573 ex
2658 5519 2876 5572 Latinis
2892 5528 3073 5568 unum
3088 5514 3370 5580 Hierony-

1761 5611 1924 5651 mum
1947 5602 2003 5649 ct
2025 5596 2399 5649 Ambrosium
2416 5593 2473 5645 in
2496 5592 2810 5656 Prophetas
2835 5588 3137 5653 scripsisse
3150 5602 3372 5638 comme-

1760 5673 1965 5722 morat.
1991 5667 2156 5731 Quod
2190 5667 2262 5719 ad
2293 5664 2520 5718 dicendi
2545 5665 2934 5715 characterem
2969 5660 3178 5712 attinet
3212 5661 3369 5722 Ruﬁ-

1760 5742 1932 5793 niano
1953 5740 2403 5805 haudquaquam
2417 5733 2656 5796 accedit,
2667 5733 2765 5797 qui
2779 5738 2870 5786 est
2882 5731 3218 5805 elegantior,
3230 5734 3375 5805 lucu-

1758 5813 1980 5874 lentior,
2008 5804 2193 5876 eoque
2215 5810 2412 5863 minus
2429 5807 2735 5859 aiiectatus
2751 5810 2810 5858 et
2828 5804 3106 5858 tumidus.
3122 5804 3233 5857 Sed
3254 5804 3377 5857 alio

1760 5885 1882 5939 abit
1914 5882 2237 5948 Theophilus
2253 5879 2597 5945 Raynaudus
2618 5880 2944 5931 Erotemate
2956 5879 3028 5930 Χ.
3045 5877 3118 5931 de
3133 5876 3299 5931 Malis
3315 5880 3374 5932 et.

1761 5956 1930 6010 bonis
1962 5955 2123 6009 libris
2153 5959 2294 6007 tom.
2321 5953 2419 6004 XI.
2451 5952 2705 6018 Operum
2726 5963 2860 6017 pag.
2882 5948 3008 6007 994.
3046 5949 3148 6003 ubi
3169 5962 3246 6002 ex
3267 5950 3371 6000 ele-
