3894 6400
552 361 653 421 271

1847 355 2093 412 RUFINI
2139 357 2570 413 PRESBYTERI

3759 362 3862 418 27E

537 477 734 558 gantia
748 474 1186 558 etconcinnitale,
1205 489 1322 558 quae
1337 473 1495 554 inhis
1510 472 1932 558 Cotniiicntariis
1943 471 2148 558 efflore-
2171 478 2401 558 Arunt,
2439 477 2506 524 ut
2547 469 2808 552 libellum
2829 472 3025 524 Ruﬁni
3054 473 3240 558 nostri
3275 486 3406 558 esse
3435 473 3706 555 crederet
3730 489 3745 527 :
3775 488 3854 556 qu

535 541 649 600 scil.
677 547 904 609 Ruﬁno,
933 551 996 596 ut
1017 546 1114 609 ait,
1141 543 1407 608 Scriptori
1432 543 1678 608 impolita
1700 548 1748 592 et
1767 541 2020 605 barbaro,
2041 543 2141 594 ab-

532 621 774 686 judicat.
802 617 1070 668 Similiter
1085 616 1258 667 sentit
1273 615 1344 666 de
1363 614 1754 686 Explicatione
1767 613 2032 686 Symboli.
2049 618 2146 662 Nos

544 700 757 752 tamen,
781 688 992 752 quibus
1014 699 1132 738 non
1153 687 1287 737 licet
1309 698 1440 737 esse
1463 692 1579 736 tam
1592 685 1842 748 disertis,
1859 685 1930 736 de
1950 688 2145 734 utrius-

543 776 657 827 que
675 763 806 812 stilo
817 771 951 811 cum
967 757 1318 808 doctissimis
1333 757 1470 809 viris
1490 757 1653 808 aliter
1667 757 1902 808 omnino
1918 757 2148 806 sentien—

543 839 684 885 dum
708 836 999 896 putamus.
1022 829 1186 880 Istud
1206 841 1354 893 opus
1368 828 1642 890 Rufinum
1665 828 1913 890 mentiri,
1949 830 2147 888 primus

543 904 805 956 omnium
819 903 988 965 longe
1005 905 1139 952 ante
1149 899 1533 963 Raynaudum
1549 900 1805 952 sodalem
1820 912 2013 963 suum,
2024 903 2148 947 sub-

539 975 814 1026 odoratus
837 973 1024 1024 fuerat
1042 974 1368 1023 Franciscus
1389 971 1579 1020 Hibera
1605 971 1668 1020 in
1697 970 2146 1021 Commentariis

538 1048 612 1098 ad
639 1047 758 1097 XII.
785 1044 1098 1108 Prophetas
1121 1043 1300 1091 Romae
1320 1043 1570 1106 primum
1603 1041 1777 1092 editis
1814 1041 1966 1105 apud
1987 1041 2143 1090 Jaco-

539 1120 666 1166 bum
695 1116 1020 1166 Tornerium
1039 1116 1188 1166 A.D.
1217 1113 1372 1168 1590.
1389 1114 1550 1167 ill-4'.
1575 1115 1711 1164 Istic
1736 1113 1892 1164 enim
1912 1111 2143 1176 pag.91-

539 1189 592 1253 δ.
619 1187 706 1242 78.
742 1188 816 1238 ad
849 1187 1024 1238 verba
1060 1187 1227 1236 Osea
1262 1197 1386 1249 cap.
1413 1187 1478 1234 II‘.
1510 1185 1639 1234 Ecce
1659 1199 1752 1248 ego
1777 1185 1981 1233 la-ctabo
2005 1198 2146 1242 eam,

542 1272 679 1324 qua
698 1258 855 1308 verba
873 1255 1223 1317 Pseudo-Ruf
1220 1257 1346 1305 inus
1374 1269 1504 1320 pag.
1518 1255 1606 1309 4‘2.
1625 1257 1708 1306 sic
1725 1255 1976 1320 explicat
2001 1270 2013 1304 :
2042 1256 2148 1304 La-

543 1332 704 1380 ctatio
729 1344 940 1394 quoque
963 1328 1140 1378 cibum
1158 1342 1372 1376 manna
1390 1329 1600 1376 videtur
1623 1329 1917 1376 ostendere:
1943 1328 2150 1378 Ribera

543 1403 672 1454 hac
719 1401 918 1452 scribit
951 1413 964 1449 :
1001 1400 1198 1448 lactare
1235 1400 1332 1447 hoc
1359 1399 1468 1448 loco
1491 1399 1773 1462 significat
1807 1398 2041 1462 decipere
2063 1413 2078 1447 :
2103 1404 2148 1446 et

543 1475 642 1524 hoc
665 1471 885 1524 verbum
893 1470 1063 1534 juxta
1072 1471 1537 1535 significationem
1547 1485 1709 1519 suam
1725 1470 1919 1519 multos
1931 1469 2146 1534 decepit,

543 1545 606 1594 in
629 1544 826 1609 quibus
843 1544 1143 1606 Rupertum
1166 1547 1211 1590 et
1231 1543 1348 1604 Ruf
1348 1544 1535 1592 inum:
1559 1543 1706 1606 quod
1720 1542 1942 1606 quidem
1953 1542 2146 1600 miror,

543 1632 717 1681 quum
764 1616 952 1668 Graecae
994 1613 1195 1677 lingua
1237 1614 1370 1662 satis
1395 1614 1598 1678 peritus
1632 1613 1818 1675 fuerit,
1859 1619 1947 1660 ete
1972 1616 2147 1662 Graeco

545 1688 698 1738 verbo
723 1686 958 1751 potuerit
989 1685 1284 1748 intelligere
1309 1685 1444 1748 quid
1473 1685 1666 1733 valeret
1689 1685 1967 1733 Lati-num.
1990 1684 2150 1732 Jam-

545 1758 760 1826 pridem
781 1771 1039 1821 caperam
1059 1757 1200 1804 mihi
1223 1756 1562 1820 persuadere,
1584 1757 1692 1804 haec
1710 1755 1770 1803 in
1795 1761 1896 1804 tres
1909 1756 2150 1818 Prophe-

547 1839 629 1881 tas
653 1828 1060 1880 Commentaria
1081 1841 1194 1876 non
1215 1842 1318 1877 esse
1341 1828 1538 1890 Rufini
1561 1827 1727 1886 iltius,
1741 1827 1839 1890 qui
1869 1828 1928 1875 in
1953 1829 2146 1876 Hiero-

547 1917 774 1967 nymum
788 1901 1004 1966 scripsit
1015 1900 1218 1964 (impar
1230 1914 1472 1963 congress
1481 1915 1539 1947 us
1549 1899 1766 1961 Achilli)
1787 1914 1815 1962 q
1826 1899 1930 1948 uod
1950 1899 2147 1948 utrius-

551 1990 654 2040 que
690 1973 875 2038 Operis
913 1971 1067 2021 stilus
1106 1973 1176 2020 sit
1215 1971 1537 2020 dissimilis:
1574 1975 1621 2020 et
1642 1984 1791 2019 nunc
1813 1984 1879 2019 ea:
1911 1970 2014 2020 hac
2042 1971 2156 2034 ejus

551 2043 992 2109 interpretatione
1016 2043 1190 2106 magis
1213 2042 1473 2105 intelligo.

610 2118 708 2169 III.
747 2115 1022 2180 Ejusdem
1055 2115 1358 2165 commatis
1392 2117 1483 2164 est
1513 2112 1644 2164 Vita
1670 2112 1879 2162 Sanctae
1901 2113 2158 2176 Eugeniae

562 2188 802 2252 Virginis
825 2193 871 2235 et
896 2186 1178 2250 martyris,
1207 2196 1386 2247 quam
1409 2186 1562 2235 foras
1587 2184 1750 2236 misit.
1773 2189 2086 2245 Rosweydus
2101 2187 2154 2232 in

550 2261 806 2312 Historia
827 2258 1122 2310 eremitica
1138 2268 1266 2320 pag.
1296 2257 1417 2310 340.
1433 2259 1652 2308 incerto
1675 2256 1912 2320 quidem
1935 2264 2154 2316 auctore,

551 2342 888 2395 quanquam
909 2330 970 2380 in
990 2330 1142 2381 notis
1159 2341 1287 2393 pag.
1312 2327 1435 2381 349.
1460 2328 1731 2379 Goldasto
1745 2330 1994 2376 adsentire
2009 2330 2155 2376 vide-

553 2409 665 2466 tur,
689 2415 817 2455 eam
841 2403 1048 2465 Rufino
1069 2401 1419 2453 adscribenti
1438 2415 1450 2450 :
1469 2401 1640 2461 Quod,
1663 2401 1870 2464 inquit,
1897 2401 1946 2448 si
1962 2415 2029 2449 ex
2051 2402 2158 2450 Mss

551 2475 663 2538 ipse
683 2475 885 2538 hausit,
907 2474 1068 2538 facile
1098 2473 1389 2522 consentio.
1413 2473 1557 2522 Certe
1579 2473 1732 2521 stilus
1763 2488 1875 2520 non
1897 2473 2105 2522 abludit
2120 2488 2157 2522 α

551 2547 672 2595 stilo
687 2546 904 2608 Rufini.
924 2545 1168 2596 Vossius
1187 2544 1440 2594 concinit
1455 2543 1552 2594 lib.
1567 2545 1617 2594 II
1634 2543 1706 2594 de
1727 2543 2032 2595 Historicis
2049 2546 2158 2596 La-

551 2617 688 2669 tinis
713 2630 834 2681 cap.
863 2618 960 2668 XI.
987 2619 1110 2668 lioc
1134 2621 1329 2666 tamen
1353 2628 1536 2666 unum
1547 2621 1603 2667 et
1618 2615 1790 2670 nimis
1813 2619 2049 2676 generale
2072 2631 2158 2665 ar-

553 2695 916 2754 gumentum,
941 2700 1015 2739 ex
1039 2685 1189 2750 stilo,
1206 2699 1325 2739 non
1337 2691 1430 2738 est
1452 2699 1678 2751 semper
1689 2689 2068 2738 tutum.Vossii
2095 2691 2158 2737 de

553 2760 826 2812 Coldasto
849 2759 1026 2812 verba
1045 2759 1171 2810 hac
1197 2761 1334 2810 sunt
1358 2773 1370 2808 :
1407 2759 1553 2822 quod
1581 2758 1755 2820 facere
1775 2757 2014 2808 arbitror
2035 2775 2157 2809 mae-

551 2831 958 2896 nuscriplorum
979 2831 1092 2893 fide
1115 2830 1435 2883 subnixum.
1459 2833 1644 2882 Immo
1674 2844 1747 2882 ex
1769 2831 2012 2896 simplici
2027 2845 2158 2884 con-

545 2905 772 2968 jectura
797 2915 860 2953 se
890 2902 948 2953 id
981 2903 1168 2954 facere
1189 2903 1274 2954 ait
1301 2901 1586 2951 Goldastus
1610 2901 1672 2954 in
1694 2902 1850 2954 notis
1875 2903 1947 2954 ad
1981 2909 2156 2968 caput

559 2977 731 3027 XVII.
763 2979 899 3026 tom.
930 2975 971 3024 Ι.
998 2976 1177 3039 partis
1200 2977 1244 3026 1.
1281 2976 1496 3026 Rerum
1519 2974 2027 3028 Alamannicarum
2063 2977 2157 3026 Ve-

553 3048 849 3096 tustissima
863 3047 1112 3109 historia,
1129 3047 1338 3113 inquit,
1357 3048 1568 3098 Sancta
1583 3049 1858 3113 Eugeniae,
1872 3050 2156 3114 interprete

559 3120 756 3182 eodem,
781 3130 844 3170 NI
874 3131 1104 3171 FALLOR
1121 3121 1347 3181 Rufino.
1380 3121 1447 3171 In
1471 3121 1665 3173 codice
1681 3135 1812 3174 meo
1836 3124 1941 3175 Ms.
1967 3126 2162 3174 exstat

564 3194 790 3243 Sancta
813 3191 1087 3254 Eugenia
1108 3193 1378 3256 Historia,
1401 3193 1474 3243 ab
1495 3193 1606 3245 hac
1629 3206 1746 3246 non
1757 3193 2164 3258 parumdiver-

564 3276 648 3324 sa,
685 3263 962 3326 nulloque
993 3263 1284 3328 adscripto
1316 3263 1547 3316 nomine
1569 3267 1842 3318 auctoris.

1134 3379 1365 3432 CAPUT
1390 3379 1590 3432 XVIII.

563 3498 608 3550 Ι.
644 3494 754 3546 Sub
777 3494 972 3557 Rufini
983 3495 1204 3544 nomine
1215 3495 1413 3560 duplex
1428 3497 1682 3550 Libellus
1698 3497 1874 3558 Fidei,
1889 3501 2160 3564 superiori

621 3567 809 3617 saculo
832 3567 1020 3616 editus.
1037 3569 1104 3617 II.
1129 3567 1314 3626 Prior,
1338 3569 1617 3618 continens
1632 3581 1735 3621 x11.
1750 3571 2161 3622 Anathematis-

627 3655 760 3703 mos,
782 3639 988 3703 Rufino
1012 3644 1194 3689 nostra
1219 3640 1449 3690 minime
1469 3641 1860 3702 attribucndus,
1877 3645 1966 3692 sed
1983 3644 2161 3696 alteri.

627 3715 722 3765 III.
747 3711 918 3762 Multo
941 3712 1126 3762 minus
1145 3713 1423 3777 posterior,
1436 3714 1736 3778 Pelagiana
1759 3713 1871 3764 labe
1893 3716 2120 3778 infectus
2145 3733 2159 3771 :

626 3791 820 3850 septem
856 3785 1055 3847 Rufini
1090 3791 1442 3834 recensentur.
1493 3789 1588 3839 IV.
1623 3786 1894 3836 Posterior
1933 3787 2162 3839 Libellus

626 3858 896 3921 Rufinum
929 3856 1281 3907 Palaestinum
1295 3857 1370 3906 vel
1395 3857 1570 3908 alium
1593 3867 1866 3910 auctorem
1895 3860 2067 3912 habet.

628 3976 670 4027 Ι.
696 3973 1088 4037 Quastionem
1101 3973 1527 4039 gravissimam,
1540 3973 1804 4040 interque
1817 3981 1988 4039 magni
2005 3983 2164 4028 nomi-

563 4046 657 4098 nis
679 4045 910 4098 criticos
926 4045 1338 4110 theologosque
1349 4048 1644 4112 agitatam,
1660 4048 1982 4114 adgredior,
1995 4056 2162 4100 utrum

565 4117 772 4179 Rufino
800 4116 1159 4180 Aquilejensi
1170 4122 1321 4169 recte
1337 4118 1721 4183 adscribatur,
1737 4133 1940 4185 necne,
1952 4121 2164 4186 duplex

567 4188 794 4237 Libellus
815 4188 987 4250 Iv'idei',
1011 4189 1299 4251 praterito
1323 4189 1538 4242 saculo
1553 4191 1890 4254 oxantiquis
1906 4195 2165 4242 codicibus

568 4261 707 4311 Mss.
723 4259 785 4310 in
805 4259 996 4310 lucem
1021 4259 1280 4311 eductus.
1300 4261 1368 4311 In
1382 4259 1580 4325 altero,
1602 4262 1702 4325 qui
1713 4263 2054 4326 estbrevior,
2071 4278 2165 4318 va-

565 4331 635 4382 rii
657 4329 1127 4383 anathematismi
1137 4327 1338 4384 cbntra
1352 4333 1542 4386 varias
1553 4334 1806 4386 hareses
1822 4339 2159 4397 proferuntur.

568 4406 632 4455 In
650 4404 850 4467 altero,
875 4403 1078 4466 quiest
1100 4403 1302 4469 fusior,
1321 4404 1694 4470 Pelagianam
1706 4407 1863 4459 virus
1884 4410 2165 4474 expandi-

565 4481 677 4528 tur.
703 4477 851 4527 Hinc
873 4475 1125 4528 bareses
1149 4478 1590 4540 omnes,iisdem
1613 4479 1816 4532 libellis
1831 4486 2164 4543 comprehen-

569 4560 668 4600 sa.
682 4549 889 4613 Rufino
913 4549 1286 4614 Aquilejensi,
1306 4553 1608 4616 utriusque
1631 4551 1806 4606 libelli
1829 4556 2044 4608 credito
2057 4569 2164 4609 au-

502 4659 510 4665 .
569 4621 712 4672 ctori
739 4622 896 4674 nullo
919 4635 1038 4675 non
1065 4636 1275 4688 genere
1299 4627 1780 4679 contumeliarum
1795 4627 2162 4693 adjudicata.

2173 1856 2228 1930 B

2244 556 2504 596 errorum
2526 542 2940 607 suspicionem,
2953 555 3067 607 qua
3079 544 3234 608 apud
3259 545 3637 598 Anastasium
3649 548 3862 606 pontiﬁ-

2245 628 2374 667 cem
2395 616 2774 678 laboraverat,
2799 615 3039 666 Romam
3063 615 3270 679 redux,
3297 617 3406 668 liac
3429 617 3684 675 formula
3705 618 3862 668 Fidei

2245 699 2439 739 coram
2454 687 2790 738 Innocentio
2816 699 3172 750 successore,
3196 688 3270 738 ab
3295 701 3358 738 se
3369 688 3570 752 procul
3581 701 3862 741 excusse-

2246 761 2338 810 rit.
2357 760 2504 810 Hinc
2526 759 2680 810 idem
2698 758 2959 809 Norisius
2973 759 3282 822 provincia
3302 773 3425 812 sua
3445 765 3505 811 et
3521 767 3728 822 nostra,
3747 777 3862 822 quae.

2249 842 2366 880 una
2388 835 2498 893 est,
2523 829 2856 893 gratulatur,
2872 830 3162 893 insignem
3183 831 3530 894 Scriptorem
3542 833 3795 880 Rnﬁnum
3815 846 3862 879 se

2249 901 2406 952 omni
2444 901 2678 952 tandem
2710 901 3071 964 Origeniana
3107 903 3362 953 baresos
3401 903 3530 954 labe
3557 914 3862 966 purgasse,

2250 972 2454 1023 Norisii
2479 972 2826 1022 sententiam
2837 973 3142 1034 amplexus
3154 977 3243 1022 est
3258 972 3556 1036 Josephus
3575 976 3862 1022 Cardianus

2247 1043 2550 1108 Aguirrius
2585 1043 2646 1092 in
2681 1043 3122 1094 Commentariis
3146 1043 3220 1093 ad
3254 1045 3628 1107 Tbeologiam
3667 1045 3862 1094 Sancti

2249 1114 2511 1165 Anselmi
2528 1118 2668 1164 tom.
2685 1114 2782 1164 Ill.
2801 1117 2966 1164 tract.
2984 1114 3074 1163 VI.
3095 1126 3220 1176 cap.
3241 1115 3488 1165 LXVIII.
3509 1113 3772 1178 disputJ
3787 1115 3808 1168 l
3823 1115 3862 1168 1.

2251 1189 2390 1236 sect.
2419 1184 2470 1237 5.
2491 1186 2540 1248 ξ.
2569 1185 2654 1238 39.
2684 1195 2818 1248 pag.
2841 1183 2965 1237 204.
2994 1183 3263 1235 editionis
3293 1187 3592 1238 Romana.
3610 1186 3733 1236 Sex
3761 1187 3862 1236 viri

2251 1257 2466 1307 summi
2487 1257 2561 1306 ab
2585 1255 2872 1307 adscititio
2889 1255 3082 1306 Ruﬁni
3095 1258 3327 1309 nomine
3348 1257 3575 1320 decepti
3587 1263 3753 1308 sunt.
3769 1260 3862 1305 Hoc

2249 1329 2435 1392 prima
2448 1326 2627 1378 libelli
2652 1327 2828 1378 verba
2842 1327 3144 1390 perspicue
3157 1329 3408 1391 produnt
3425 1343 3438 1379 :
3457 1329 3692 1392 Propter
3712 1343 3862 1377 nene-

2249 1401 2519 1449 ralionem
2543 1399 2872 1450 Sanctorum
2895 1399 3150 1460 locorum,
3179 1399 3677 1464 Ilierosolymamet
3700 1401 3862 1450 Beth-

2250 1470 2374 1520 leem
2401 1481 2694 1532 VBNIMUS,
2718 1475 2765 1519 et
2789 1469 3156 1519 intelleximus
3173 1470 3443 1534 plurimos
3458 1471 3662 1534 fratres
3687 1472 3752 1520 in
3772 1487 3862 1520 no-

2250 1541 2328 1590 bis
2351 1541 2744 1600 scandalisari,
2760 1557 2816 1591 eo
2830 1542 2975 1605 quod
2998 1541 3278 1590 audierint
3302 1557 3399 1590 nos
3420 1547 3594 1591 multa
3613 1542 3862 1591 haeretica

2249 1619 2295 1662 et
2309 1629 2428 1678 qua:
2449 1619 2639 1663 contra
2653 1614 2841 1662 Fidem
2862 1613 3104 1662 Ecclesia
3119 1613 3358 1672 veniunt,
3379 1612 3658 1678 profiteri.
3675 1615 3862 1678 Itaque

2249 1686 2357 1734 Deo
2384 1691 2652 1749 prasente,
2691 1690 2969 1744 testamur,
3005 1689 3114 1736 etc.
3155 1686 3295 1736 Ilac
3328 1685 3707 1748 patefaciunt,
3747 1697 3862 1736 non

2248 1757 2468 1818 Roma,
2483 1757 2582 1806 sed
2594 1756 2650 1806 in
2661 1755 2803 1806 locis
2819 1756 3044 1807 Sanctis
3061 1755 3496 1819 Hierosolyma,
3510 1763 3561 1804 et
3577 1758 3860 1804 Betheleem

2251 1830 2401 1879 banc
2425 1828 2846 1891 professionem
2876 1827 3008 1879 ﬁdei
3045 1827 3344 1892 prodiisse.
3385 1828 3638 1878 Ruﬁnus
3663 1832 3862 1878 autem

2252 1900 2388 1951 inde
2406 1899 2587 1950 semel
2597 1900 2656 1950 in
2674 1901 2898 1950 Italiam
2911 1912 3201 1962 reversus,
3219 1911 3521 1962 nunquam
3539 1902 3669 1948 illuc
3687 1903 3744 1948 in
3763 1902 3862 1948 locs

2254 1973 2463 2023 Sancta
2484 1972 2782 2034 remeavit,
2806 1971 2867 2021 in
2891 1970 3083 2022 Sicilia
3108 1971 3262 2034 apud
3288 1972 3621 2022 Messanam
3633 1971 3862 2023 demor-

2255 2047 2411 2094 tuus.
2438 2043 2698 2093 Norisius
2715 2044 2906 2106 paullo
2929 2047 3063 2094 ante
3084 2041 3346 2093 eamdem
3370 2041 3686 2094 formulam
3701 2044 3779 2094 ab
3806 2056 3862 2094 se

2254 2115 2485 2176 editam,
2509 2115 2567 2164 id
2586 2115 2909 2166 adnotavit:
2929 2126 3059 2176 qua
3081 2113 3171 2165 vel
3189 2114 3296 2164 hoc
3313 2127 3429 2165 uno
3448 2126 3522 2165 ex
3535 2118 3732 2179 capite
3752 2116 3858 2164 Ru-

2255 2187 2352 2236 llni
2377 2199 2505 2236 esse
2530 2198 2647 2236 non
2671 2189 2879 2248 potest.
2907 2187 3218 2236 Carnarius
3245 2186 3330 2236 vir
3351 2185 3520 2250 opido
3556 2186 3860 2250 perspicax

2255 2262 2312 2310 et
2351 2257 2765 2308 Ecclesiastica
2805 2257 2886 2308 rei
2917 2258 3324 2321 peritissimus,
3350 2259 3658 2320 quiquam
3692 2259 3862 2308 inulla

2255 2330 2534 2380 doctrina
2562 2333 2685 2379 tum
2710 2327 3021 2389 historica,
3045 2333 3167 2380 tum
3187 2329 3536 2393 dogmatica
3553 2340 3776 2380 arcana
3797 2328 3861 2378 li-

2256 2399 2438 2450 bellus
2456 2403 2566 2450 iste
2580 2399 2974 2451 brevessimus
2985 2400 3291 2462 contineat,
3308 2403 3862 2464 percgregieexplics-

2257 2473 2356 2533 vit,
2381 2484 2456 2523 ex
2479 2471 2698 2535 primis,
2724 2483 2857 2534 qua
2873 2469 3102 2534 protuli,
3128 2473 3317 2524 verbis
3343 2476 3613 2522 constare
3644 2471 3748 2531 ait,
3777 2470 3856 2518 ubi

2253 2545 2321 2592 sit
2344 2544 2518 2592 editus
2540 2543 2629 2592 ille
2659 2543 2808 2592 Fidei
2835 2542 3062 2592 Libellus
3085 2543 3276 2593 scilicet
3310 2542 3732 2607 Hierosolymis,
3771 2550 3857 2591 aut

2257 2615 2566 2674 Bcthleemi,
2602 2630 2708 2678 quo
2728 2613 3020 2675 con/luebat
3045 2613 3278 2678 infinita
3301 2615 3379 2664 vis
3397 2615 3502 2664 sive
3525 2613 3860 2678 presbytero-

2255 2701 2400 2746 rum,
2417 2687 2526 2735 sive
2550 2686 3126 2736 monachorum.Eum
3141 2685 3214 2738 ad
3237 2686 3642 2750 pontiﬁcatum
3661 2685 3856 2744 Siricii,

2256 2759 2378 2810 sive
2411 2761 2479 2808 A.
2516 2759 2583 2807 D.
2617 2757 2739 2812 398.
2783 2756 3130 2808 trahendum
3159 2758 3466 2810 Carnarius
3490 2770 3611 2808 non
3635 2757 3856 2815 abnuit,

2256 2829 2394 2881 dum
2406 2830 2464 2880 in
2481 2829 2787 2881 Palaestina
2797 2829 2868 2880 de
2887 2829 3130 2893 Origene
3145 2830 3502 2893 quastiones
3519 2831 3855 2892 magnasni-

2253 2915 2481 2956 morum
2505 2901 2874 2954 contentione
2900 2901 3304 2965 eﬁ‘erbuerunt,
3327 2900 3645 2965 Epiphanio
3659 2905 3723 2953 et
3741 2900 3856 2950 Hie-

2256 2988 2498 3040 ronymo
2521 2987 2595 3026 ex
2610 2987 2743 3035 una,
2763 2976 2850 3024 Jo.
2868 2973 3386 3036 Hierosolymitano
3401 2978 3462 3024 et
3476 2974 3696 3025 Ruﬁno
3709 2975 3854 3022 altera

2254 3061 2327 3100 ex
2346 3052 2503 3112 parte
2516 3050 2719 3098 mutuo
2730 3045 3164 3096 dissidentibus.
3181 3045 3288 3097 Sed
3302 3045 3775 3098 Bethleemiticus
3788 3063 3852 3094 se-

2259 3133 2376 3172 nex
2393 3119 2606 3172 leviora
2621 3131 2737 3168 non
2761 3117 2960 3180 silens,
2974 3117 3228 3168 amicitia
3251 3118 3461 3180 soluta,
3475 3115 3626 3169 hanc
3641 3117 3852 3182 palino-

2260 3193 2415 3244 diam
2437 3191 2646 3242 Ruﬁno
2667 3191 2890 3242 auctori
2909 3190 3333 3254 exprobrasset,
3349 3190 3398 3240 si
3415 3201 3540 3240 eam
3562 3191 3852 3252 Bethleemi,

2184 3277 2234 3352 ρ
2261 3264 2372 3346 ubi.
2391 3268 2513 3316 erat
2536 3263 2944 3352 Hieronymus,
2968 3261 3149 3352 aut‘in
3179 3260 3612 3352 proximaAurbe'
3625 3264 3853 3323 Sancta,

2259 3336 2583 3388 cecinisset.
2622 3336 2804 3386 Immo
2836 3335 3009 3386 etiam
3044 3335 3244 3386 Roma
3268 3338 3524 3398 vulgata,
3542 3333 3617 3385 ad
3647 3347 3856 3388 manus

2261 3407 2593 3472 Hieronymi
2615 3407 2965 3469 advolasset,
2991 3406 3328 3458 curantibus
3356 3406 3737 3471 necessariis,
3765 3408 3856 3471 qui

2258 3481 2401 3533 alias
2424 3479 2617 3532 Ruﬁni
2642 3482 2793 3530 totos
2813 3478 2990 3529 libros
3013 3477 3086 3528 ad
3097 3489 3233 3528 eum
3247 3478 3474 3530 mittere
3495 3481 3854 3542 satagebant.

2260 3554 2377 3604 Nec
2389 3565 2526 3603 sane
2544 3551 2948 3614 Hieronymus,
2961 3548 3306 3600 decennium
3317 3549 3524 3602 Ruﬁno
3541 3556 3856 3613 superstes.

2261 3626 2369 3690 piis
2393 3623 2628 3675 correcti
2652 3621 2966 3686 presbyteri
2989 3621 3258 3672 manibus
3279 3620 3657 3686 postmodum
3683 3622 3856 3674 insul-

2261 3694 2621 3759 tasset,quod
2635 3694 2890 3746 Norisius
2903 3705 3036 3745 eum
3047 3693 3252 3745 fecisse
3263 3705 3382 3745 non
3392 3693 3693 3746 difﬁtetur.
3711 3698 3857 3752 Quare

2262 3770 2388 3820 sine
2415 3767 2671 3818 maxima
2693 3765 3030 3828 Hieronymi
3051 3764 3258 3830 injuria
3278 3764 3340 3816 hi
3373 3764 3855 3820 Anathematismi

2263 3839 2469 3892 Ruﬁno
2493 3837 2798 3890 transcribi
2816 3849 2934 3888 non
2957 3840 3218 3900 possunt.
3239 3835 3348 3888 Sed
3369 3837 3445 3886 ab
3465 3837 3757 3901 imperitis
3771 3837 3856 3889 Li-

2267 3911 2486 3975 brariis,
2511 3910 2666 3973 quod
2689 3909 2996 3961 Garnerius
3019 3912 3219 3960 censet
3242 3921 3370 3973 pag.
3389 3906 3510 3962 1‘22.
3535 3907 3642 3960 col.
3669 3909 3723 3964 ‘2.
3742 3911 3854 3974 ejus

2264 3985 2496 4036 nomine
2517 3982 2793 4047 insigniti,
2820 3985 2876 4034 et
2899 3982 3158 4046 epistola
3180 3982 3469 4033 Anastasii
3481 3983 3778 4046 pontiﬁcis
3793 3982 3855 4034 ad

2261 4059 2348 4109 J0.
2363 4055 3150 4120 Ilierosolymitanum,quam
3163 4055 3683 4118 subsequuntur,et
3699 4060 3752 4104 in
3767 4071 3853 4115 qua

2265 4130 2509 4181 Ruﬁnus
2533 4127 2888 4191 nominatur,
2909 4126 3136 4187 adnexi,
3155 4126 3217 4178 in
3231 4129 3376 4178 Acta
3387 4126 3547 4178 Marii
3559 4130 3851 4191 Mercatoris,

2262 4202 2363 4254 ubi
2391 4200 2584 4252 Ruﬁni
2605 4198 2852 4263 alicujus
2875 4200 2941 4250 ﬁt
2968 4199 3202 4262 mentio,
3227 4199 3600 4263 irrepserunt.
3630 4201 3854 4253 Cautius

2263 4278 2458 4324 tamen
2473 4276 2644 4334 atque
2657 4272 2922 4334 sagacius
2933 4284 2967 4322 a
2979 4271 3244 4335 Rigberio
3254 4271 3853 4335 Francogermano,scu

2263 4343 2521 4396 Gabriele
2534 4343 2961 4406 Gerberonio,et
2975 4341 3346 4406 postmodum
3359 4341 3655 4405 Stephano
3669 4346 3854 4394 Baluzio

2261 4417 2476 4468 factum
2499 4419 2604 4476 est,
2625 4415 2724 4478 qui
2738 4415 2810 4466 ab
2825 4415 2948 4466 suis
2970 4414 3130 4466 Marii
3149 4415 3397 4479 Operum
3413 4414 3768 4468 editionibus
3779 4431 3852 4477 per

2260 4489 2395 4542 inde
2419 4491 2708 4542 Anastasii
2729 4490 3050 4554 epistolam,
3066 4494 3126 4540 et
3147 4487 3596 4540 Pseudo—Ruﬁni
3608 4491 3852 4541 Anatha-

2261 4563 2584 4624 matismos,
2601 4567 2875 4626 tanquam
2889 4563 3226 4627 scriptiones
3239 4561 3500 4613 omnium
3509 4560 3754 4627 alienas,
3766 4562 3852 4612 ab-

2264 4649 2394 4689 esse
2421 4634 2746 4688 voluerunt.
2769 4635 3077 4687 Carnarius
3099 4647 3228 4699 pag.
3247 4631 3369 4687 115.
3386 4637 3445 4685 et
3461 4631 3581 4686 116.
3603 4635 3852 4699 suspica-

568 4694 753 4778 Absit,
780 4698 850 4778 ut
864 4697 1268 4778 nostrum,.qui
1285 4711 1471 4778 usque
1493 4699 1566 4751 ad
1591 4700 1813 4778 exitum
1833 4704 2166 4778 sanctissimis
2188 4705 2247 4778 Ι)
2268 4710 2542 4762 turbosce
2555 4694 3305 4759 AnathematismosRu'ﬁno
3315 4694 3850 4778 cuipism,Hiero}iymi

571 4777 699 4818 sua
723 4768 912 4818 atatis
935 4769 1301 4830 prasulibus,
1328 4770 1569 4834 aliisque
1592 4773 2012 4836 probatissimis
2028 4774 2165 4826 viris

568 4838 868 4891 catholica
891 4840 1317 4892 communionis
1339 4842 1562 4907 glutino
1586 4845 1854 4909 adbasit,
1877 4859 2166 4910 quemque

566 4916 705 4977 post
726 4911 948 4964 obitum
981 4916 1183 4964 sancta
1212 4917 1396 4966 mater
1419 4917 1672 4970 Ecclesia
1691 4918 1850 4982 pium
1879 4924 1926 4966 et
1947 4918 2162 4982 religio-

565 4999 690 5033 sum
714 4983 1052 5048 scriptorem
1068 4987 1614 5052 agnovit,adimpias
1628 4989 2032 5042 hareticorum
2044 5001 2166 5054 par-

570 5061 656 5109 tes
673 5069 934 5121 unquam
947 5057 1328 5121 transfugisse
1349 5061 1672 5114 credamus.
1702 5063 1842 5125 Iloc,
1862 5063 1980 5114 Deo
1996 5065 2163 5128 dante,

567 5134 926 5196 ostensurus,
942 5132 1014 5184 de
1036 5131 1290 5184 breviore
1312 5131 1501 5186 libello
1516 5135 1767 5199 primum
1779 5135 2058 5188 disserere
2073 5135 2164 5188 in-

565 5203 760 5255 stituo.

625 5277 695 5326 Il.
729 5277 796 5326 Α.
823 5276 891 5326 D.
923 5275 1080 5331 1673.
1110 5278 1172 5329 in
1196 5278 1360 5330 Itaﬁa
1387 5278 1598 5343 pariter
1617 5284 1676 5331 et
1705 5279 1764 5330 in
1788 5277 1984 5330 Galliis
2013 5280 2164 5344 prior

564 5346 716 5399 idem
739 5346 965 5412 libellus
990 5349 1416 5414 typograpbicis
1432 5350 1632 5401 formis
1651 5354 2162 5402 excususest.lllum

564 5419 722 5471 enim
742 5420 1025 5473 Henricus
1053 5422 1215 5474 Noris
1238 5421 1334 5472 lib.
1360 5423 1402 5472 Ι.
1435 5434 1556 5486 cap.
1583 5424 1678 5474 III.
1707 5423 1976 5476 Historia
2003 5424 2163 5477 Pela-

563 5490 776 5555 giana,
823 5492 1044 5546 Patavii
1081 5493 1274 5559 edita,
1308 5497 1367 5545 et
1398 5495 1468 5544 Jo
1493 5493 1802 5545 Garnerius
1825 5494 1974 5547 inter
1991 5508 2164 5560 opera

567 5562 724 5614 Marii
756 5563 1088 5616 Mercatoris
1112 5565 1366 5616 Lutecia
1390 5564 1627 5628 vulgata
1651 5568 1790 5616 tom.
1811 5567 1854 5616 I.
1880 5577 2011 5631 pag.
2037 5567 2160 5622 114.

565 5645 636 5685 ex
649 5634 946 5687 codicibus
962 5636 1238 5688 Vaticano
1249 5640 1307 5687 et
1321 5634 1730 5700 Bellovacensi,
1745 5637 1807 5688 in
1823 5639 2035 5702 quibus
2051 5641 2164 5689 Ru-

563 5703 686 5765 fino
707 5705 936 5758 cuidam
957 5707 1320 5766 adscribitur.
1346 5706 1574 5771 publica
1590 5706 1718 5760 luce
1729 5711 2004 5762 donarunt.
2031 5715 2159 5762 Con-

567 5777 683 5828 stat
715 5777 838 5828 XII.
863 5779 1378 5831 Anathematismis
1402 5780 1685 5832 adversus
1709 5792 1828 5833 non
1850 5784 2160 5847 unam,sed

566 5850 781 5922 multas
804 5855 863 5902 et
888 5851 1072 5902 varias
1095 5851 1366 5922 bareses,
1383 5852 1684 5918 plerasque
1705 5853 1780 5906 ad
1801 5857 2162 5922 Origonempo-

567 5921 862 5974 tissimum
875 5921 1219 5974 referendas.
1239 5925 1376 5976 Ilac
1393 5926 1434 5975 N
1442 5925 1680 5978 orisium
1696 5938 1763 5979 eo
1778 5925 1940 5980 facile
1949 5921 2164 5979 adduxe-

2265 4781 2564 4846 discipulo,
2587 4792 2706 4831 non
2729 4780 3098 4843 AQUIIOJBDSI,
3121 4776 3472 4837 tribuendos,
3490 4781 3548 4829 et
3570 4778 3850 4839 nimirum,

2265 4866 2440 4917 quem
2463 4852 2551 4904 vir
2573 4853 2817 4903 Sanctus
2840 4853 2901 4903 in
2923 4867 3114 4900 caussa
3129 4849 3346 4901 Claudii
3357 4862 3430 4901 ex
3443 4849 3605 4914 Syria
3620 4852 3850 4902 Romam

2265 4929 2321 4976 et
2342 4924 2722 4976 Mediolanum
2747 4926 2819 4976 ab
2833 4937 2895 4976 se
2915 4925 3158 4976 missum
3182 4923 3381 4974 scribit
3399 4925 3566 4984 epist.
3579 4923 3725 4974 XLI.
3741 4923 3850 4972 alias

2269 4996 2463 5047 LXVI.
2494 4995 2569 5047 ad
2592 4995 2861 5047 Ruﬁnum
2885 4992 3513 5060 Aquilejensem,etlib.
3529 4995 3626 5044 III.
3651 4993 3848 5058 Apolo-

2265 5068 2377 5131 gia
2405 5079 2532 5132 pag.
2565 5067 2689 5121 462.
2732 5070 2916 5119 Immo
2955 5079 3090 5120 vero
3132 5067 3206 5118 ab
3242 5067 3489 5130 ipsomet
3509 5065 3848 5130 Hieronymo

2267 5141 2465 5204 scripti
2491 5142 2644 5192 sunt.
2663 5141 2801 5190 Rem
2829 5139 3050 5192 detexit
3064 5139 3156 5191 vir
3178 5138 3251 5190 de
3267 5138 3673 5191 ecclesiasticis
3683 5136 3848 5190 literis

2264 5213 2480 5276 optime
2500 5214 2739 5264 meritus
2765 5211 3130 5263 Mabillonius
3143 5211 3202 5262 in
3221 5213 3420 5263 Museo
3444 5211 3640 5264 Italico
3653 5216 3789 5263 tom.
3812 5209 3847 5258 1.

2265 5297 2395 5349 pag.
2413 5283 2537 5337 ⁴218.
2563 5285 2662 5334 ubi
2674 5284 2928 5335 libellum
2944 5283 3414 5346 antiquissimum
3431 5282 3846 5334 characteribus

2268 5354 2714 5420 Langobardicis
2741 5368 2803 5406 se
2827 5355 2888 5404 in
2911 5354 3267 5408 Bibliotheca
3289 5355 3556 5406 Bobiensi
3579 5353 3846 5419 reperisse

2267 5433 2528 5487 testatur,
2553 5426 2662 5477 hoc
2690 5427 2958 5478 lemmate
2981 5423 3846 5492 inscriptum:AbbreviatioFidci

2263 5499 2548 5558 catholica,
2565 5498 2808 5562 eacposita
2829 5513 2864 5547 a
2882 5498 3078 5549 Sancto
3095 5500 3446 5564 Hieronymo,
3462 5505 3524 5549 ut
3545 5501 3771 5564 quidam
3793 5498 3844 5545 in

2267 5571 2510 5620 haeresim
2537 5570 2677 5633 lapsi
2693 5570 3106 5634 corrigerentur.
3124 5573 3302 5625 Addit
3328 5572 3712 5636 Mabillonius,
3730 5576 3844 5620 hanc

2265 5643 2605 5694 Bobiensem
2617 5643 3030 5706 expositionem
3055 5651 3318 5698 constare
3336 5645 3593 5698 articulis
3610 5650 3843 5698 seuAns-

2265 5715 2649 5766 thematismis
2666 5715 2786 5767 XII.
2801 5719 2910 5768 sub
2927 5721 3161 5771 nomine
3181 5719 3379 5782 Rufini
3395 5718 3842 5772 editisaGsrnei-to

2262 5785 2412 5838 inter
2437 5797 2610 5851 opera
2635 5788 2961 5842 Mercatoris
2988 5790 3261 5844 nimirum
3285 5792 3348 5844 in
3367 5791 3702 5858 Appendice
3724 5784 3840 5840 Lad

2264 5858 2510 5924 priorem
2521 5863 2740 5924 partem
2764 5873 2890 5926 pag.
2906 5861 3163 5917 “Lnon
3185 5876 3324 5918 vero
3351 5869 3415 5917 ut
3436 5864 3530 5916 ille
3541 5863 3621 5916 ait
3631 5868 3840 5915 memo-

2262 5931 2362 5986 ria
2382 5931 2572 5998 lapsu,
2589 5933 2653 5985 in
2666 5932 3078 5988 Dissertatione
3099 5936 3170 5988 X.
3195 5949 3327 6001 qua
3348 5937 3410 5989 in
3427 5940 3546 5990 toto
3561 5932 3841 5989 volumine
