3894 6418
2 372 3 377 “
85 384 196 442 273

1300 404 1490 456 VITA.
1525 405 1659 457 LIB.
1694 407 1765 458 II.
1799 406 1952 459 CAP.
1987 412 2188 464 XVIII.

3289 426 3397 487 274

275 506 836 598 isllgtlgare‘libellus
852 511 971 580 (qui
984 516 1383 598 potius-,quam
1396 517 1704 598 singularis
1723 522 1780 598 Α
1799 521 2096 598 Palaestinae
2138 525 2268 576 liber
2309 527 2371 576 de
2407 526 2535 577 Fide
2556 542 2682 578 cum
2704 528 2846 579 notis
2869 530 3057 581 Jacobi
3087 533 3395 594 Sirmondi.

78 573 261 653 unius
279 574 562 653 hominis,
581 594 798 653 errores
813 573 952 639 suos
963 573 1262 652 ejurantis,
1274 573 1693 653 palinodis,qua-

1796 593 2030 645 Parisiis
2070 598 2225 661 apud
2260 598 2640 650 Sebastianum
2692 600 2976 668 Cramoisy
3007 604 3166 662 1650.
3211 610 3274 659 in
3317 593 3392 667 8°,

76 643 650 741 ggﬁsigegeralis
672 655 914 741 formula
926 643 1102 741 Fidei,
1114 662 1187 741 ab
1205 643 1552 741 Hieronymo
1569 643 1699 712 ἐμοι-ί·
1797 643 2324 741 Garneriusrpostea
2340 684 2546 723 rursus
2557 643 2978 735 vulgavitintei-
3178 643 3391 736 tibvcm

75 721 175 793 pta
186 730 299 783 pro
320 720 395 772 iis
419 722 520 787 qui
542 724 885 789 Origenismi
911 720 1352 793 postulabantur
1364 720 1697 786 in'commu-

1794 739 1935 791 toris
1959 741 2202 795 Dissert.
2226 745 2295 795 V.
2322 756 2449 807 pag.
2476 739 3254 809 ‘285.pratermissis'tamen
3279 756 3396 807 Sir-

72 787 332 880 nionem!
341 787 708 880 recipiendis)
721 800 769 852 si
791 802 863 880 ad
878 787 1162 880 _Eudnum
1187 805 1372 880 ullum
1383 805 1694 880 aliquando
1782 787 1998 864 mandi
2012 787 3261 880 3.566;.nén‘iéﬁsﬁ‘é‘éb‘iiiié'éb‘ié"ﬁ§u§é§§;

72 866 458 954 pAe-r‘tinuitﬁii‘s
483 874 639 954 certe
663 872 1177 954 Aquilejensisnon
1194 877 1318 954 fuit,
1339 878 1441 954 sed
1452 866 1616 937 alius,
1636 883 1693 930 et
1792 883 1949 935 notis
1984 884 2234 938 inseruit
2261 866 2395 952 pag:
2412 866 2556 941 727747.
2575 866 2736 941 item:
2755 866 3395 954 ii'oﬁeiﬁxi‘sﬁ-E‘ovﬁiﬁ

69 931 449 1014 fortasstille
471 941 696 992 natione
719 931 905 1007 Syrus,
944 948 1044 1011 qui
1066 931 1336 1001 haresim
1360 950 1431 1001 de
1457 931 1690 1014 peccato

1792 956 2022 1007 Parisiis
2067 957 2353 1010 editorum
2398 960 2773 1024 typographia
2816 963 2973 1026 regia
3007 967 3074 1015 Α.
3115 966 3182 1015 D.
3228 968 3388 1026 1696.

68 1004 617 1101 Romam
628 1004 845 1101 prunus
868 1004 1093 1083 amem,
1108 1023 1397 1101 ut‘narrat
1410 1004 1691 1101 Mercator
1789 1004 2446 1101 opﬁséﬁidxﬁ’ih'és'ﬁn'ai
2456 1004 3391 1101 aﬁadsnﬁié'ﬁl

68 1077 124 1125 in
156 1077 655 1158 Gommonito‘rio‘;
692 1098 1026 1152 quanquam
1059 1077 1346 1146 confessio
1381 1092 1509 1146 hac
1546 1094 1688 1147 nihil

68 1152 356 1235 f‘ontinet,
391 1154 548 1235 quod
579 1156 788 1235 haresi
812 1161 1134 1235 Pelagiana
1168 1164 1359 1218 favere
1400 1165 1683 1219 videatur.

67 1220 413 1302 Garum-ius,
438 1227 538 1289 qui
569 1228 829 1302 singulos
852 1220 975 1297 ejus
999 1235 1270 1288 articulos
1294 1237 1519 1302 egregie
1543 1252 1687 1291 enu-

66 1288 303 1374 cleavit,
350 1295 409 1346 in
445 1288 719 1374 amnibus
754 1288 1088 1366 Hieronymi
1112 1288 1682 1374 doctrinamureperit.

65 1366 244 1442 etiam
267 1366 332 1415 in
351 1370 669 1442 nonnullis,
694 1372 751 1423 in
778 1377 991 1437 quibus
1016 1379 1267 1430 Ecclesia
1290 1392 1424 1431 eum
1447 1366 1563 1432 non
1593 1395 1684 1433 se-

61 1437 284 1519 fltiitgr,
314 1443 457 1519 puta
472 1440 535 1493 in
556 1446 716 1507 parte
728 1445 824 1496 illa
847 1448 1014 1512 primi
1037 1450 1280 1513 articuli,
1304 1451 1363 1503 in
1379 1464 1496 1516 qua
1506 1452 1683 1505 tradi-

62 1508 170 1588 tur,
191 1507 568 1588 Christianos
589 1521 743 1569 recte
765 1507 1085 1585 credentes,
1112 1507 1443 1587 peccatores
1466 1526 1680 1588 tamen,

54 1587 172 1658 non
197 1584 450 1645 aeterno,
472 1586 576 1638 sed
604 1589 952 1653 temporario
980 1584 1263 1658 supplicio
1300 1584 1677 1648 damnandos;

52 1646 265 1728 Itaque
292 1664 504 1708 omnes
526 1646 1009 1716 Anathématismi
1021 1646 1082 1716 in
1096 1646 1416 1719 doctrinam
1431 1646 1680 1729 Hierony-

53 1730 277 1799 miana
304 1729 678 1792 contrariam,
702 1744 823 1785 non
846 1746 1014 1799 aque
1040 1741 1236 1790 tamen
1258 1739 1331 1790 ab
1346 1739 1474 1791 aliis
1499 1740 1680 1792 Patri-

53 1790 162 1878 ???
191 1790 1680 1878 Proscriptam.imor-queatur.Nequeemmdaaa-

51 1874 187 1949 mus
209 1874 278 1949 in
312 1882 436 1949 eos,
459 1875 561 1939 qui
587 1874 750 1926 dieun
761 1883 795 1938 t,
808 1879 1028 1930 animas
1038 1882 1196 1946 prius
1207 1883 1565 1949 fuisse,quam
1582 1899 1680 1934 na-

52 1940 121 2019 ta.
132 1940 271 2019 sint,
289 1947 337 2019 et
349 1958 463 1993 non
482 1960 605 2019 cum
622 1963 885 2012 corporea
900 1952 1005 2003 Deo
1022 1940 1261 2018 q'uotia‘ie
1274 1940 1422 2019 fieri,
1434 1960 1497 2006 ab
1512 1962 1678 2017 Augu-

53 2012 209 2063 stino
220 2012 355 2087 _fuis
363 2021 455 2069 set
478 2018 792 2084 admissus,
805 2012 1190 2087 quastionem
1201 2012 1353 2081 hanc
1366 2012 1507 2079 velut
1522 2012 1683 2078 inccr.

57 2084 462 2165 ta‘m_defl_nire
480 2103 600 2143 non
611 2103 773 2165 auso.
786 2084 934 2149 Hinc
946 2099 1254 2153 Garnerius
1266 2112 1394 2165 pag.
1411 2100 1532 2156 116.
1548 2108 1678 2152 recte

48 2158 147 2239 ξιξςς,
173 2158 634 2239 ConfeS_sionem
657 2164 809 2219 hanc
830 2168 890 2220 in
911 2170 1070 2221 nulla
1092 2158 1546 2225 Ecclesiavfuisse
1568 2187 1677 2239 pu-

48 2225 297 2305 b1icam,_
312 2232 408 2281 sed
412 2233 692 2299 privatam
713 2240 912 2303 potius,
930 2246 977 2291 et
987 2242 1227 2305 alicujus
1241 2245 1348 2293 sive
1358 2225 1614 2295 clericorfu
1623 2262 1675 2296 m

44 2306 229 2379 catus,
244 2303 364 2379 sine
380 2309 719 2372 monasterii,
742 2313 1048 2377 propriam,
1073 2303 1213 2379 puta
1236 2316 1671 2377 Bethleemitici,

43 2376 99 2423 in
117 2386 240 2437 quo
256 2376 657 2443 Hieronymus
672 2376 1024 2437 morabatur.
1040 2376 1140 2438 Ᾰᾶ
1164 2387 1292 2441 hac
1301 2403 1373 2437 an
1381 2376 1673 2439 athematis

41 2457 261 2526 nomen
287 2461 504 2526 no_n_ea
526 2454 759 2526 notione
782 2456 841 2507 in
856 2456 966 2509 hac
986 2457 1237 2512 formula
1259 2460 1552 2526 accipitur,
1571 2478 1671 2523 qua

40 2517 223 2581 vulgo
251 2520 443 2598 accipi
462 2522 609 2575 solet
638 2538 739 2590 pro
761 2529 1107 2582 executione
1131 2517 1426 2596 canonica,
1450 2517 1551 2584 sed
1568 2517 1669 2598 pro

37 2590 304 2671 generali
345 2593 488 2671 alia,
537 2607 643 2648 seu
684 2610 786 2662 pro
820 2599 1196 2656 damnatione
1230 2603 1368 2655 dicti
1399 2590 1666 2671 alicujus,

38 2661 880 2741 quemadmodumacceptum
906 2672 1014 2724 fuit
1037 2673 1097 2725 in
1120 2674 1370 2726 Concilio
1386 2661 1668 2741 Diosp'olii

39 2734 259 2813 tanain
273 2738 783 2813 quoanathemate
799 2755 1135 2807 percussum
1158 2752 1232 2795 est
1245 2734 1666 2813 stultiloquium.

40 2804 143 2857 Adi
181 2806 453 2879 Goncilia
491 2810 708 2864 Baluzii
738 2804 868 2879 pag.
904 2814 1025 2871 363.
1068 2819 1134 2868 In
1175 2804 1663 2873 omnibus'libelli

40 2878 577 2955 anathematismis
603 2878 878 2950 Origenes
902 2889 1588 2955 percellitur,ortaqueex
1605 2911 1662 2943 eo

38 2949 304 3026 hareses
314 2952 514 3026 _Paulli
536 2949 922 3023 Samosateni,
928 2960 1063 3021 Arii,
1081 2961 1411 3026 Apollinari,
1426 2949 1494 3016 et
1513 2966 1661 3018 Pho-

40 3022 155 3099 i_in_i.
185 3023 376 3099 Nulla
398 3023 727 3099 damnatur,
742 3042 918 3094 quam
944 3022 1331 3096 Hieronymus
1346 3022 1658 3099 aliquando

39 3093 275 3156 Origeni
300 3107 425 3148 non
452 3098 744 3161 objecerit.
764 3093 998 3154 'Codicis
1023 3093 1325 3157 Bobieneis
1345 3093 1655 3161 auctorita-

39 3168 178 3244 tem1
214 3165 384 3244 alias
418 3180 524 3244 per
556 3182 620 3222 se
646 3172 786 3224 satis
824 3173 1093 3236 validam,
1116 3174 1245 3228 hac
1266 3177 1653 3244 undequaque

34 3237 417 3313 confirmant.
444 3241 569 3313 Quo
584 3245 837 3309 tempore
862 3245 1146 3299 confessio
1157 3247 1308 3299 facta
1326 3237 1648 3313 esu-nempe,

1789 1092 1950 1161 dum,
1980 1101 2077 1165 qui
2102 1103 2296 1155 Graeco
2318 1092 2568 1168 primum
2598 1092 2865 1156 sermone
2890 1092 3167 1171 scriptum
3185 1092 3387 1165 existi-

1786 1173 1993 1247 mavit.
2020 1175 2341 1247 _Garnerius
2377 1176 2451 1227 ab
2488 1175 2716 1227 Juliano
2746 1176 3061 1247 Eclanensi
3091 1182 3384 1247 episcopo,

1785 1244 1997 1309 Pelagii
2020 1245 2420 1301 baresiarcha
2443 1251 2704 1311 patrono,
2740 1246 2918 1300 latine
2940 1251 3227 1305 redditum
3252 1244 3388 1308 ceu-1

1786 1321 1893 1369 set.
1922 1316 2198 1371 Eclanum
2222 1319 2282 1371 in
2306 1319 2561 1385 Hirpinis
2585 1319 2816 1373 stetisse
2839 1327 2897 1373 et
2918 1334 3074 1375 nunc
3102 1328 3385 1377 Frieentum

1784 1401 1889 1440 seu
1920 1391 2332 1463 Frequentum,
2367 1391 2724 1444 Abellinensi
2756 1393 3113 1459 episcopatui
3146 1400 3390 1463 conjun-

1782 1465 1941 1513 ctum
1971 1462 2083 1514 dici
2121 1463 2390 1527 opinatur
2421 1466 2731 1517 Garnerius
2755 1477 2884 1529 pag.
2912 1465 3034 1521 146.
3063 1467 3170 1520 col.
3196 1462 3263 1523 ‘2.
3283 1472 3388 1522 Re-

1782 1532 1933 1606 ctius
1958 1537 2155 1606 tamen
2186 1535 2522 1587 Holstenius
2544 1535 2605 1587 in
2627 1536 2781 1587 notis
2804 1537 2879 1587 ad
2902 1537 3228 1591 Cluverium
3251 1554 3382 1606 pag.

1780 1601 2573 1659 273.1tinerariiAntoniniani
2589 1607 2923 1659 distantiam
2938 1610 3061 1659 XV.
3080 1601 3379 1661 milliarium

1779 1675 2054 1728 retinens.
2081 1678 2356 1731 Eclanum
2380 1679 2532 1731 circa
2553 1679 2909 1731 Mirabellam
2924 1680 3077 1733 inter
3097 1685 3379 1734 Fricenlum

1779 1751 1838 1799 et
1864 1750 2256 1803 Beneventum
2276 1751 2532 1811 collocat,
2558 1750 2660 1803 ubi
2681 1751 2927 1815 vestigia
2947 1752 3107 1804 urbis
3125 1754 3382 1809 maxima

1777 1828 2071 1886 apparent,
2106 1824 2396 1887 Dupinus,
2427 1824 2597 1887 cujus
2633 1822 3016 1888 indiligentia
3049 1837 3170 1877 non
3208 1839 3382 1890 parva

1698 1894 1754 1969 B
1781 1895 2098 1969 specimina
2127 1896 2354 1969 passim
2379 1895 2743 1969 oil‘endirnus,
2776 1894 2838 1947 in
2871 1900 3028 1969 tomo
3050 1897 3144 1947 IV.
3169 1897 3383 1951 Biblio-

1781 1965 1964 2019 theca
2004 1973 2148 2033 part.
2193 1970 2261 2019 II.
2307 1968 2405 2032 ait,
2442 1970 2535 2019 Jo.
2579 1967 2897 2020 Diaconum
2940 1968 3101 2020 hunc
3121 1969 3379 2023 libellum

1777 2038 1983 2101 Rufino
2005 2039 2305 2103 presbytero
2322 2040 2363 2088 A
2373 2039 2658 2103 quilejensi
2682 2039 2946 2091 tribuere.
2963 2040 3029 2091 Id
3042 2040 3250 2093 falsum
3261 2047 3378 2106 est;

1776 2122 1911 2161 nam
1931 2112 2020 2162 Jo.
2044 2111 2356 2175 Diaconus,
2380 2111 2479 2174 qui
2502 2112 2563 2163 in
2584 2112 2943 2174 expositione
2968 2112 3040 2164 M.
3077 2114 3130 2164 S.
3159 2116 3376 2178 Hepta-

1777 2181 1990 2246 teuchi,
2016 2183 2247 2235 Parisiis
2273 2187 2501 2235 servata
2523 2183 2583 2233 in
2600 2183 2863 2234 coenobio
2880 2184 3073 2236 Sancti
3089 2184 3374 2243 Germani,

1773 2253 1863 2305 bis
1886 2254 2013 2305 libri
2032 2255 2209 2319 hujus
2235 2254 2567 2308 testimonio
2586 2255 2787 2318 utitur,
2811 2256 2989 2307 semel
3003 2256 3062 2306 in
3075 2256 3303 2319 Genesi,
3319 2261 3378 2309 et

1772 2337 1940 2376 rursu
1952 2326 2054 2377 sin
2077 2327 2296 2387 Exodo,
2320 2326 2630 2389 utrobique
2644 2325 2804 2377 hunc
2821 2326 3056 2379 titulum
3073 2330 3337 2389 usurpavit
3356 2343 3371 2380 :

1773 2395 1860 2445 Ea:
1893 2397 2027 2447 libro
2053 2398 2117 2447 de
2152 2398 2279 2447 Fide
2302 2397 2516 2460 Rufini.
2551 2396 2658 2449 Ubi
2686 2402 2881 2449 autem
2906 2399 3180 2462 Rufinum
3207 2399 3372 2451 audi-

1769 2480 1921 2531 mus,
1946 2481 2064 2521 non
2087 2470 2365 2521 continuo
2380 2467 2779 2534 Aquilejensem
2795 2469 3049 2533 cogitare
3065 2469 3366 2523 debemus.

1768 2539 1967 2593 Plures
2004 2541 2158 2593 enim
2204 2541 2475 2605 Ruﬁnos,
2525 2541 2957 2593 Ecclesiasticos
3002 2541 3179 2602 viros,
3220 2543 3387 2598 forte-

1768 2611 1941 2663 etiam
1979 2613 2089 2665 sibi
2128 2612 2381 2665 invicem
2425 2617 2615 2674 notos,
2650 2625 2770 2664 uno
2795 2618 2852 2665 et
2881 2613 3086 2665 eodem
3113 2617 3368 2680 tempore

1765 2683 2065 2744 claruisse,
2104 2686 2423 2752 perspicuis
2457 2685 2753 2738 literarum
2787 2685 3150 2738 documentis
3178 2688 3372 2752 prodi-

1763 2760 1888 2808 tum
1905 2763 2013 2810 est.

1826 2828 1875 2881 1.
1910 2830 2156 2881 Sanctus
2192 2831 2280 2881 Jo.
2328 2830 2781 2893 Cbrysostomus
2815 2829 3025 2893 Rufino
3058 2828 3360 2893 presbytero

1761 2899 1962 2952 scribit
2005 2901 2172 2965 epist.
2206 2902 2457 2953 CXXVI.
2503 2912 2681 2964 quem
2711 2902 2896 2964 rogat,
2934 2901 2996 2952 in
3030 2900 3361 2954 Phanicem

1755 2972 2060 3036 proﬁcisci,
2073 2972 2375 3024 monachis
2399 2971 2836 3036 opitulaturum,
2857 2971 2989 3036 quis
3008 2972 3177 3025 casis
3192 2988 3361 3036 super-

1757 3043 1941 3105 stites,
1972 3044 2225 3096 Gentiles
2248 3044 2583 3095 vulneribus
2602 3043 2934 3094 affecerant.

1812 3113 1866 3168 2.
1894 3116 2141 3166 Sanctus
2168 3115 2330 3166 Nilus
2352 3114 2423 3166 ad
2453 3114 3217 3178 Rufinum,quemlaudibus
3236 3130 3360 3169 ma-

1752 3185 1883 3248 gnis
1908 3192 2167 3247 exornat,
2192 3186 2382 3238 varias
2401 3185 2674 3251 epistolas
2691 3184 3211 3251 scribit,pracipue
3224 3189 3357 3239 XVII

1751 3260 1808 3309 et
1831 3257 1971 3309 LIV.
2001 3257 2129 3309 libri
2151 3260 2244 3309 IV.
2287 3260 2476 3321 Hunc,
2515 3269 2691 3321 quem
2738 3251 3035 3325 ὴσυχαστήν
3071 3264 3242 3312 vocat
3270 3260 3360 3311 Ni-

35 3320 104 3396 c}
149 3311 462 3396 Gamerio,
494 3312 643 3396 circa
678 3317 746 3396 ὲ.
772 3319 837 3368 D.
865 3316 988 3396 39_4.
1017 3330 1198 3396 quum
1220 3311 1483 3373 nondum
1503 3311 1654 3377 inter
1677 3320 1725 3394 C
1749 3327 1861 3394 lus,
1886 3343 2097 3395 nempe
2118 3330 2427 3380 solitarium
2443 3311 2489 3379 et
2512 3311 3355 3396 (fuistisama'ntemaxponente

35 3381 467 3463 {Iisrqnxmum
492 3386 649 3463 εῖν-εἷο
680 3381 1267 3463 Ηίεῖξοεοιγωῖφῃυω
1301 3402 1650 3446 controversiae
1683 3381 1725 3394 υ
1750 3381 1916 3453 Petro
1945 3381 2205 3463 Possino,
2228 3404 2361 3455 Jose
2372 3381 2723 3461 phus‘Maria
2746 3381 3050 3453 Suaresius
3071 3381 3131 3452 in
3155 3381 3352 3455 Indice

30 3452 489 3514 deferbuissent,
522 3456 714 3521 plures
736 3457 864 3512 alia
889 3473 923 3512 a
946 3452 1126 3513 variis
1155 3461 1491 3517 hominibus
1516 3466 1650 3520 ﬂdei

30 3524 303 3578 formula
324 3525 683 3592 prodierunt,
696 3536 867 3594 prout
879 3532 1235 3596 quastiones
1245 3534 1381 3587 hinc
1398 3539 1516 3587 inde
1531 3546 1649 3588 orta

25 3599 331 3675 postulare
349 3599 716 3675 videbantur.
737 3604 827 3657 Sic
844 3607 1090 3658 Rufinus
1109 3613 1311 3661 noster
1324 3611 1365 3659 Α
1374 3610 1647 3675 pologiam

29 3681 194 3746 suam
221 3670 302 3746 ad_
330 3673 728 3746 Anastasium,
755 3681 816 3728 et
837 3676 1277 3742 Explicationem
1309 3670 1551 3746 Sy'mboli
1573 3683 1645 3735 ad

26 3740 435 3794 Laurentium.
452 3743 543 3796 Sic
554 3740 955 3801 Nazianzenus
970 3740 1502 3805 Anathematismos
1520 3767 1651 3807 con-

25 3814 616 3889 t_ra_Apollinaristas.
634 3819 722 3869 Sic
740 3819 1078 3873 Theodorus
1096 3824 1562 3889 Mopsuestenus,
1575 3828 1650 3876 sic

25 3885 345 3939 Caelestius
369 3892 431 3939 et
454 3887 741 3953 Pelagius,
758 3891 841 3943 sic
859 3892 1125 3945 Julianus
1137 3885 1645 3948 feceruntcmorum

22 3968 233 4030 omnes
250 3958 741 4013 Anathematismi
756 3962 1017 4017 formula
1029 3966 1330 4019 Bobiensis
1345 3970 1647 4030 Origeuiana

22 4027 326 4093 dogmata,
351 4042 486 4093 qua
505 4032 890 4098 Hieronymus
902 4038 1293 4099 aversabatur,
1308 4027 1645 4100 potissimum,

25 4101 271 4153 feriunt:
295 4101 474 4154 etiam
496 4103 609 4163 illa,
635 4106 696 4157 in
721 4107 933 4170 quibus
951 4109 1205 4161 Ecclesia
1227 4110 1512 4164 nihildum
1532 4115 1648 4162 deﬂ-

20 4173 229 4247 nierat,
256 4173 436 4247 quale
456 4180 549 4228 est
570 4176 643 4228 de
666 4178 989 4232 animarum
1004 4182 1246 4247 origine,
1261 4195 1409 4247 quas
1420 4188 1648 4245 quotidie

20 4242 139 4321 lleri
162 4244 512 4321 decernitur
525 4248 765 4321 articulo
793 4248 877 4305 1‘3.
901 4242 1147 4304 Rufinus
1184 4242 1379 4307 noster
1410 4242 1470 4307 in
1493 4258 1647 4321 Apo-

18 4314 170 4379 logia
219 4316 300 4392 ad_
336 4319 731 4385 Anastasium,
766 4323 892 4382 Deo,
934 4324 1142 4388 inquit,
1176 4331 1313 4390 teste,
1343 4328 1480 4391 dico,
1511 4314 1647 4392 quia

20 4402 112 4464 usq
124 4404 193 4438 ue
220 4388 300 4437 ad
323 4404 572 4453 praesens,
599 4393 727 4442 certi
748 4399 845 4443 aut
874 4394 1092 4459 definiti
1115 4388 1332 4462 aliquid
1354 4388 1490 4449 deea
1510 4388 1647 4464 qua-

18 4459 217 4510 stiome
238 4475 359 4537 non
384 4464 806 4537 teneo._Rursus
834 4481 847 4518 :
890 4467 1088 4518 Adhuc
1110 4459 1369 4533 ignorare
1391 4459 1649 4537 confiteor

14 4538 213 4593 praeter
262 4533 381 4594 hoc,
426 4534 573 4597 quod
607 4538 885 4602 manifeste
933 4540 1101 4590 tradit
1124 4542 1375 4601 Ecclesia,
1399 4533 1572 4594 Deum
1605 4551 1652 4595 et

16 4605 366 4653 animarum
390 4610 437 4654 et
457 4621 749 4671 corporum
773 4611 1123 4662 conditorem.
1138 4614 1404 4667 Norisius
1424 4620 1650 4669 senten-

19 4675 160 4748 tiam
176 4687 217 4728 a
237 4676 597 4742 Hieronymo
608 4688 1054 4748 propugnatam,
1077 4687 1294 4738 saculo
1312 4690 1509 4738 tandem
1523 4691 1648 4741 XII.

1748 3486 1987 3534 operum
2025 3474 2132 3525 Nili
2161 3486 2290 3538 pag.
2327 3471 2448 3528 61⁸2.
2484 3473 2588 3525 col.
2624 3472 2676 3526 2.
2704 3473 2957 3525 eundem
2980 3486 3047 3525 ac
3084 3478 3355 3526 nostrum

1749 3545 1902 3597 facit.
1934 3544 2338 3598 Tillemontius
2362 3552 2555 3598 tamen
2580 3550 2718 3597 tom.
2744 3546 2867 3596 X11.
2895 3546 2918 3607 ἒ
2949 3544 3036 3599 45.
3063 3558 3193 3610 pag.
3229 3545 3354 3601 108.

1749 3616 2152 3669 anachoretam
2184 3621 2285 3669 aut
2310 3616 2624 3681 reclusum,
2650 3621 2710 3669 et
2732 3616 2791 3668 in
2815 3615 3046 3668 deserto
3070 3620 3130 3668 et
3164 3616 3355 3669 solita-

1749 3688 1836 3739 rio
1850 3688 1974 3740 loco
1991 3689 2285 3741 viventem
2306 3689 2516 3754 potius,
2537 3700 2713 3752 quam
2727 3688 3095 3749 monachum,
3109 3688 3355 3754 ideoque

1748 3772 1782 3811 a
1798 3764 1998 3811 nostro
2012 3760 2330 3822 diversum,
2342 3760 2653 3812 existimat.
2674 3760 2822 3812 Huic
2846 3760 3157 3813 sententia
3174 3762 3356 3813 omni-

1741 3843 1776 3881 n
1790 3843 1822 3883 o
1846 3831 2234 3883 adharemus.

1811 3901 1860 3957 3.
1892 3901 2134 3963 Rufinus
2170 3902 2358 3953 officio
2391 3902 2654 3951 diaconus
2686 3901 2932 3953 occurrit
2959 3902 3115 3965 apud
3155 3904 3211 3955 S.
3243 3905 3355 3955 Au-

1748 3973 2046 4034 gustinum
2071 3973 2314 4037 epistola
2337 3973 2579 4024 CXLIX.
2606 3972 2749 4024 alias
2772 3973 2914 4024 LIX.
2937 3972 3115 4037 (Nune
3140 3974 3349 4038 ΧΧΟΙ.)

1747 4044 1819 4097 ad
1847 4045 2146 4096 Paulinum
2182 4044 2491 4107 Nolanum,
2529 4044 2847 4108 presbyteri
2868 4044 3053 4095 nostri
3075 4044 3346 4097 amicum.

1810 4118 1860 4172 4.
1892 4117 2167 4169 Rufinum
2179 4117 2579 4181 presbyterum
2602 4116 2673 4167 ab
2696 4115 2790 4167 his
2813 4114 3124 4173 diversum,
3141 4120 3199 4167 et
3214 4130 3347 4169 cum

1757 4188 2103 4253 Aquilejensi
2123 4188 2359 4240 minime
2377 4187 2868 4251 confundendum,
2900 4188 2964 4239 ut
2992 4186 3125 4238 alibi
3148 4187 3268 4240 dixi
3292 4194 3349 4240 et

1747 4261 1957 4313 iterum
1994 4260 2139 4325 dico,
2177 4260 2347 4312 nobis
2389 4259 2647 4325 suggerit
2680 4260 2929 4311 Sanctus
2959 4259 3348 4324 Hieronymus

1748 4334 1911 4398 epist.
1940 4334 2110 4384 XLII.
2143 4332 2284 4384 alias
2313 4333 2509 4384 LXVI.
2537 4331 2611 4383 ad
2632 4337 2901 4384 nostrum
2919 4344 2992 4383 ex
3018 4332 3247 4384 Oriente
3270 4345 3354 4384 re-

1747 4404 1956 4456 ducem
1989 4405 2219 4469 scripta,
2259 4404 2318 4456 in
2356 4405 2525 4466 cujus
2563 4403 2678 4455 fine
2704 4404 2784 4455 sic
2808 4403 3018 4465 legitur
3047 4416 3061 4453 :
3089 4403 3349 4452 Sanctum

1745 4491 1958 4541 quoque
1996 4476 2365 4540 presbyterum
2398 4476 2680 4539 Ruﬁnum,
2704 4474 2766 4523 ob
2794 4475 3078 4538 quandam
3099 4489 3351 4523 caussam

1745 4563 1842 4612 per
1863 4548 2093 4597 Romam
2116 4546 2490 4597 Mediolanum
2515 4547 2785 4602 misimus,
2807 4550 2853 4593 et
2876 4546 3170 4606 oravimus,
3184 4552 3243 4594 ut
3260 4562 3352 4594 no-

1747 4624 1856 4668 stro
1902 4620 2091 4668 animo
2135 4633 2222 4667 vos
2274 4618 2574 4681 (Rufinum
2623 4616 3086 4681 Aquilejensem)
3133 4618 3347 4668 videret.

1750 4694 1917 4743 Hunc
1940 4704 2145 4743 rursus
2172 4690 2271 4741 lib.
2294 4692 2389 4750 III,
2416 4690 2710 4754 Apologia
2733 4702 2862 4754 pag.
2890 4688 3013 4744 46‘2.
3053 4689 3229 4742 semel
3252 4691 3350 4743 ite-

17 4747 111 4826 i_t_a,
149 4752 449 4826 _utnnunc
484 4753 592 4826 est,
623 4760 915 4826 receptam
949 4756 1128 4810 fuisse
1153 4758 1558 4814 animadvertit
1582 4761 1642 4813 in
1663 4752 1721 4826 D
1745 4774 1989 4826 rumque
2036 4747 2486 4814 commemorat?
2534 4747 2660 4813 Volo
2686 4747 2867 4811 tamen
2902 4760 3035 4811 scire
3080 4776 3196 4825 qua
3238 4762 3349 4811 sint

20 4819 315 4893 Vindiciis
340 4823 785 4886 Augustinianis
806 4839 928 4885 cap.
955 4828 1047 4881 IV.
1084 4829 1130 4893 §.
1157 4829 1206 4885 3.
1232 4832 1333 4884 ubi
1355 4832 1463 4884 hac
1487 4833 1556 4885 de
1580 4847 1641 4885 re

14 4889 365 4953 plenissime
383 4894 520 4958 agit,
536 4900 592 4947 et
608 4908 681 4948 ex
699 4909 767 4949 eo
790 4898 1009 4952 Natalis
1032 4889 1360 4956 Alexander
1374 4907 1560 4955 saculo
1583 4908 1639 4953 V.

16 4975 141 5039 cap.
192 4964 306 5039 IV._
338 4970 446 5039 art.
474 4968 569 5017 IlI.
596 4969 620 5029 ἕ
648 4968 732 5024 10.
757 4970 1059 5035 Aguirrius
1082 4973 1144 5025 in
1170 4974 1479 5039 Theologia
1503 4980 1642 5031 San-

16 5036 89 5085 cti
116 5035 395 5112 Anselmi
425 5041 567 5089 tom.
594 5041 689 5112 III.
717 5054 841 5105 cap.
868 5044 1120 5097 LXVIII.
1148 5046 1360 5111 disput.
1380 5035 1638 5112 litati.

16 5119 146 5184 pag.
173 5106 305 5161 205.
336 5109 630 5184 observat,
654 5110 712 5184 i_n
733 5112 842 5164 hoc
863 5112 1055 5168 libello
1071 5106 1291 5170 nullam
1320 5118 1431 5184 legi
1454 5106 1642 5184 ejura-

17 5178 503 5256 tionem_eri_-oris,
528 5181 681 5256 quod
711 5196 828 5237 non
866 5186 1035 5239 detur
1059 5188 1271 5249 tradux
1295 5178 1531 5256 peccati,
1567 5194 1640 5244 ob

13 5261 195 5311 quem
230 5251 481 5327 Rufinus
507 5253 743 5327 quidam
769 5257 1021 5322 pessime
1055 5251 1317 5314 audierat
1339 5263 1491 5327 apud
1510 5251 1642 5315 San-

11 5327 176 5372 ctum
209 5323 630 5389 Augustinum,
650 5326 909 5392 aliosque
930 5331 1305 5385 orthodoxos.
1328 5323 1406 5386 At
1429 5335 1641 5387 velhoc

14 5393 213 5445 virum
238 5396 539 5469 egregium
557 5410 790 5469 mouere
813 5399 1034 5461 debuit,
1070 5416 1145 5455 ne
1171 5406 1306 5454 duos
1335 5406 1560 5469 Ruﬁnos
1581 5408 1638 5457 in

13 5476 207 5543 unum
246 5468 528 5543 conflans,
567 5468 824 5543 libellum
869 5473 1223 5539 Aquilejensi
1258 5478 1637 5543 adjudicaret,

12 5537 111 5598 qui
136 5539 463 5603 Augustini
490 5541 900 5607 amicissimus,
919 5537 1138 5611 peccati
1165 5537 1465 5601 traducem
1486 5537 1639 5602 nun;

17 5621 197 5670 quam
224 5612 479 5673 negavit.

78 5683 178 5735 III.
206 5684 256 5735 A
299 5684 550 5736 breviori
588 5685 1028 5740 Pseudo-Ruﬂni
1058 5690 1251 5742 Libello
1273 5693 1429 5743 Fidei
1460 5686 1533 5745 ad
1558 5694 1640 5744 fu-

18 5754 235 5828 siorem
269 5755 452 5828 oratio
476 5762 675 5809 nostra
698 5762 1074 5814 convertitur.
1095 5766 1263 5816 IIunc
1282 5765 1500 5828 primus
1513 5778 1637 5818 om-

18 5826 187 5878 nium
211 5827 395 5881 edidit
413 5829 666 5882 Jacobus
692 5831 1050 5895 Sirmondus,
1083 5826 1326 5901 propriis
1355 5842 1411 5890 et
1435 5837 1638 5889 alienis

18 5901 290 5973 veterum
315 5901 546 5973 scriptis
562 5901 790 5966 publica
814 5903 939 5956 luce
959 5904 1207 5969 donatis,
1220 5921 1490 5973 peraque
1506 5912 1637 5958 cele-

11 5970 145 6022 bris.
176 5972 482 6038 Inscriptio
506 5973 637 6027 libri
663 5977 777 6027 est:
810 5976 1004 6039 Rufini
1023 5970 1317 6043 presbyteri
1339 5970 1638 6046 provinciae

1744 4834 1847 4883 ista
1865 4833 2057 4897 jacula
2079 4838 2358 4895 venenata,
2382 4848 2499 4897 qua
2518 4839 2635 4898 post
2659 4838 2867 4897 tergum
2898 4839 3131 4883 vestrum
3152 4849 3249 4884 nos
3265 4833 3347 4897 je-

1743 4906 1871 4955 cisse
1893 4905 2252 4969 conquereris.
2286 4906 2617 4965 Vincentius,
2644 4905 3040 4969 Paulinianus,
3064 4905 3343 4964 Eusebius,

1742 4978 2014 5031 RUFINUS
2052 4976 2344 5042 presbyteri
2369 4992 2381 5028 :
2406 4993 2643 5042 quorum
2685 4977 2997 5027 Vincentius
3019 4977 3189 5026 multo
3215 4982 3346 5027 tem-

1742 5062 1869 5111 pore
1894 5055 2017 5098 ante
2046 5063 2135 5098 vos
2170 5049 2402 5099 Romam
2437 5050 2593 5098 venit.
2625 5048 2995 5099 Paulinianus
3018 5053 3063 5095 et
3086 5046 3346 5096 Eusebius

1740 5126 1856 5183 post
1870 5136 2085 5170 annum
2103 5120 2662 5185 vestranavigationis
2674 5120 2899 5185 profecti
2908 5124 3037 5170 sunt
3052 5119 3343 5180 (A.D.398:).

1740 5192 2012 5246 RUFINUS
2037 5192 2097 5241 in
2122 5208 2313 5242 caussa
2348 5193 2568 5244 Claudii
2592 5198 2707 5256 post
2731 5191 3013 5241 biennium
3039 5191 3234 5238 missus
3258 5190 3344 5249 (A.

1740 5263 1806 5313 D.
1840 5262 1981 5324 399.)
2009 5279 2195 5313 omnes
2223 5264 2302 5313 vel
2337 5280 2437 5328 pro
2472 5279 2530 5313 rc
2550 5263 2845 5327 familiari,
2877 5261 2954 5312 vel
2975 5275 3075 5324 pro
3102 5259 3342 5323 periculo

1739 5335 1937 5399 capitis
1971 5335 2159 5387 alieni.
2199 5335 2558 5397 Vincentius,
2587 5335 2866 5387 Eusebius
2889 5339 2947 5385 et
2971 5330 3339 5383 Paulinianus

1738 5421 1837 5468 pro
1863 5421 1919 5456 re
1941 5407 2219 5471 familiari
2239 5408 2302 5460 in
2326 5407 2551 5459 Italiam
2575 5405 3037 5459 transfretarent.
3063 5404 3211 5465 Ergo
3228 5402 3340 5453 Ru-

1739 5478 1893 5529 finus
1916 5494 2017 5543 pro
2033 5479 2270 5544 periculo
2287 5481 2411 5543 capi
2417 5486 2482 5529 tas
2496 5478 2664 5528 alieni
2688 5479 3020 5526 Mediolanum
3036 5475 3336 5534 properavit.

1740 5552 1984 5603 Rufinus
2006 5552 2396 5616 Aquilejensis
2421 5550 2824 5615 suspicabatur
2858 5544 3188 5610 Hieronymi
3211 5545 3341 5597 arti-

1740 5622 1851 5674 bus
1893 5624 1967 5675 ad
2004 5624 2283 5677 invidiam
2316 5624 2425 5675 sibi
2458 5621 2610 5687 apud
2646 5622 2937 5673 Romanos
2973 5616 3337 5669 conflandam

1741 5696 1968 5747 missos.
2009 5699 2288 5760 Quartum
2323 5695 2481 5748 hunc
2511 5692 2783 5746 Rufinum
2804 5703 2838 5743 a
2862 5691 3001 5754 Syro
3038 5688 3337 5742 diversum

1740 5779 2107 5830 nequaquam
2129 5771 2431 5833 'putamus.

1804 5836 1853 5890 5.
1888 5832 2223 5903 Hieronymi
2266 5835 2512 5901 epistola
2548 5835 2611 5884 de
2656 5834 2873 5883 Judicio
2920 5832 3255 5897 Salomonis,
3294 5839 3341 5883 et

1742 5908 1979 5959 Sectione
2019 5909 2256 5974 parvuli,
2303 5920 2434 5972 qua
2470 5919 2627 5959 nune
2665 5912 2759 5959 est
2794 5908 2949 5959 torno
2980 5907 3050 5958 ΙΙ.
3087 5906 3338 5972 Operum

1750 5980 1932 6043 (Nunc
1971 5981 2230 6044 LXXIV.)
2273 5993 2406 6046 pag.
2454 5978 2576 6035 616.
2616 5984 2950 6034 constanter
2979 5978 3039 6032 in
3068 5978 3337 6031 omnibus
