3894 6396
514 382 624 440 275

1807 373 2053 427 RUFINI
2086 370 2526 426 PRESBYTERI

3717 365 3833 424 276

501 496 799 549 codicibus
815 497 952 549 Mss.
969 496 1247 560 inscripta
1262 500 1353 547 est
1366 494 1441 544 ad
1457 493 1717 555 Ruﬁnum
1741 488 2109 562 presbyterum
2129 490 2186 562 Α
2210 485 2691 562 interrogationem
2708 479 3046 562 hujusmgdi,
3061 493 3231 562 quam
3248 478 3416 562 Graeci
3439 478 3836 562 dilemmatam

505 568 724 621 Damae:
750 581 922 633 quem
939 580 974 620 a
995 559 1387 633 superioribus
1409 565 1707 618 diversum
1722 572 1853 614 esse
1875 559 2105 612 arbitra-

509 652 660 692 mur.

570 709 621 766 6.
641 709 909 762 Historia
924 708 1243 773 Pelagiana
1268 709 1573 773 scriptores
1590 710 1799 756 sextum
1815 702 2107 763 Ruﬁnum,

505 783 713 833 Sancto
732 783 1004 845 Prospero
1020 780 1439 832 amicissimum
1450 781 1792 837 memorant,
1806 774 1904 839 qui
1913 776 1974 822 ad
1993 789 2109 823 eum

505 852 954 905 eruditissimam
991 852 1226 916 scripsit
1257 850 1558 916 epistolam
1595 849 1666 901 de
1698 847 1884 913 gratia
1916 845 2018 896 Dei
2055 848 2111 897 et

502 926 683 977 libero
707 923 959 975 hominis
983 924 1238 975 arbitrio.
1266 925 1471 975 Exstat
1501 923 1559 974 in
1585 921 1753 973 tertia
1779 916 2111 985 Appendice

507 995 647 1047 tomi
685 996 755 1045 Χ.
803 996 1056 1059 Operum
1091 995 1281 1046 Sancti
1328 992 1659 1058 Augustini.
1700 994 1847 1044 Eum
1888 987 2114 1059 Gabriel

505 1068 770 1129 Vasquez
784 1065 841 1116 in
852 1058 1312 1122 Commentariis
1332 1064 1407 1116 ad
1423 1066 1666 1129 primam
1683 1067 1901 1126 partem
1919 1058 2113 1113 Sancti

503 1138 744 1189 Thomas
780 1136 999 1201 disput.
1038 1138 1178 1188 XCI.
1212 1148 1336 1201 cap.
1366 1136 1434 1187 V.
1474 1148 1634 1188 num.
1675 1134 1761 1189 74.
1804 1133 1995 1197 spisso
2019 1131 2112 1183 ni-

502 1208 686 1259 mium
709 1220 900 1259 errore
926 1220 1026 1271 pro
1049 1207 1415 1271 Aquilejensi
1442 1206 1685 1271 accepit,
1710 1204 1810 1269 qui
1826 1205 1956 1255 XX.
1979 1207 2113 1256 ante

505 1279 674 1331 annis
700 1278 761 1329 in
782 1278 974 1330 Sicilia
996 1279 1370 1330 occubuerat.

570 1349 620 1404 7.
662 1351 960 1402 Postremo
996 1349 1122 1401 loco
1156 1350 1445 1414 septimum
1475 1348 1751 1400 Rufinum
1781 1338 2112 1411 Aquilejen-

509 1433 633 1473 sem
658 1426 928 1472 nostrum
959 1420 1239 1472 locamus.

569 1492 643 1543 Ut
665 1492 737 1544 de
759 1492 951 1543 Ruﬁni
975 1490 1165 1543 libello
1188 1491 1376 1543 dicere
1400 1502 1654 1555 pergam,
1692 1487 2032 1541 Sirmondus
2054 1486 2116 1539 in

506 1561 740 1626 prologo
756 1562 852 1627 ait,
872 1575 934 1615 se
956 1562 1017 1614 in
1043 1563 1194 1614 binis
1219 1562 1669 1626 Corbejensibus
1686 1562 1828 1613 Mss.
1850 1564 2115 1612 notatum

506 1634 808 1698 reperisse,
849 1648 963 1683 non
993 1649 1029 1682 a
1067 1635 1287 1697 Ruﬁno,
1324 1633 1415 1683 sed
1449 1648 1487 1683 α
1529 1633 1749 1696 Pelagio
1780 1632 1987 1681 editum
2021 1629 2116 1680 sub

509 1705 729 1754 nomine
744 1704 952 1766 Ruﬁni.
969 1707 1100 1768 Ipse
1116 1710 1309 1756 tamen
1326 1709 1639 1768 utrumque
1652 1703 1763 1757 levi
1778 1715 1927 1767 nego
1936 1702 2022 1754 cio
2038 1713 2120 1754 re-

514 1775 627 1827 felli
643 1775 967 1835 arbitratur,
985 1779 1286 1840 propterea
1302 1775 1456 1840 quod
1473 1788 1581 1826 nec
1597 1778 1777 1824 Ruﬁno
1800 1775 2001 1836 Aquilej
2009 1774 2119 1822 ensi

512 1846 656 1928 llber
678 1846 1004 1928 conveniat,
1023 1847 1123 1934 qui
1146 1847 1453 1934 Crigen‘em
1477 1846 1632 1928 velut
1646 1845 1888 1928 impium
1904 1849 1964 1896 et
1986 1846 2123 1926 nefa-
2152 1862 2203 1934 Β

514 1919 659 1969 rium
682 1917 901 1982 passim
917 1917 1192 1982 exagitat,
1209 1929 1317 1969 nec
1334 1917 1579 1981 Pelagio,
1597 1918 1763 1980 cujus
1787 1915 2123 1981 primarium

513 1989 807 2041 decretum
836 1989 1063 2054 evertit,
1086 1989 1269 2039 Adam
1301 1990 1409 2038 sive
1429 1994 1703 2053 peccasset,
1727 1988 1833 2038 sive
1856 2002 1971 2037 non
2003 2001 2123 2051 pec-

514 2064 693 2122 casset,
745 2063 972 2109 mortem
1036 2059 1332 2111 obiturum.
1386 2059 1643 2111 Baunius
1684 2059 1745 2110 in
1791 2058 2127 2123 praefatione

518 2131 658 2182 tomi
680 2132 721 2181 Ι.
753 2130 1000 2194 Operum
1028 2130 1316 2182 Sirmondi
1338 2130 1372 2193 §
1393 2127 1444 2184 3.
1472 2135 1636 2181 notat
1658 2129 1817 2181 hunc
1846 2128 2123 2192 libellum,

518 2202 722 2254 saltem
748 2213 817 2253 ea
845 2214 917 2253 ex
942 2203 1105 2265 parte
1142 2213 1275 2265 quae
1297 2201 1484 2266 tangit
1505 2206 1806 2265 peccatum
1829 2200 2121 2265 originale,

519 2286 691 2337 prope
706 2272 779 2324 ad
796 2273 1037 2325 verbum
1061 2273 1418 2338 exscriptum
1435 2272 1611 2324 videri
1629 2285 1701 2324 ex
1722 2271 1935 2324 Juliani
1953 2274 2125 2322 libello

518 2344 692 2408 Fidei,
732 2357 906 2409 quem
952 2357 1025 2396 ex
1066 2345 1264 2397 codice
1309 2345 1417 2396 Ms.
1463 2344 1735 2397 Ecclesiae
1770 2343 2124 2396 Veronensis

517 2416 826 2468 Garnerius
850 2415 1129 2480 vulgavit.
1148 2418 1399 2468 Demum
1425 2415 1579 2479 quod
1596 2416 1667 2468 ad
1685 2415 1814 2467 libri
1837 2421 2030 2464 aetatem
2054 2422 2126 2463 at-

521 2487 679 2548 tinet,
705 2488 1014 2540 Garnerius
1028 2499 1147 2540 non
1164 2487 1337 2540 modo
1352 2492 1485 2539 ante
1504 2487 1749 2539 Nestorii
1764 2490 1823 2540 et
1842 2488 2130 2553 Eutyche-

522 2559 594 2609 tis
620 2562 894 2622 tempora,
918 2558 1020 2610 sed
1044 2559 1238 2620 etiam,
1256 2572 1328 2609 ex
1348 2558 1639 2614 Sirmondi
1662 2559 1965 2623 sententia,
1991 2564 2127 2612 ante

523 2628 728 2693 Pelagii
754 2628 1190 2681 damnationem
1222 2629 1503 2693 scriptum
1537 2630 1851 2694 existimat,
1874 2636 2126 2696 propter-

522 2698 744 2761 eaquod
780 2699 857 2750 ibi
900 2699 1059 2751 nulla
1102 2699 1543 2752 contentionum
1580 2700 1650 2753 de
1698 2700 1908 2752 Christi
1945 2702 2129 2765 gratia

527 2770 739 2821 mentio
757 2769 1061 2822 inseratur.
1088 2770 1345 2822 Baunius
1372 2771 1627 2823 Garnerii
1650 2771 1760 2823 hac
1777 2771 1847 2823 de
1862 2784 1923 2823 re
1946 2775 2127 2821 editam

527 2841 1002 2893 Dissertationem
1052 2841 1326 2894 secundis
1366 2843 1523 2896 curis
1567 2846 1801 2895 auctam
1836 2848 1895 2897 et
1951 2844 2127 2909 prwlo

524 2916 781 2977 paratam
801 2917 1029 2965 exstare
1052 2916 1315 2965 testatur.

589 2985 891 3037 Curatores
909 2989 1218 3048 postremas
1243 2983 1518 3036 editionis
1541 2997 1779 3049 operum
1802 2985 1996 3038 Sancti
2010 2989 2125 3038 Au-

530 3056 744 3121 gustini
764 3056 822 3107 in
843 3054 1127 3107 addendis
1149 3056 1224 3107 ad
1241 3061 1464 3108 tomum
1481 3057 1609 3109 VIII
1625 3069 1756 3122 quas
1772 3059 2006 3110 exstant
2021 3063 2130 3120 post

530 3128 750 3179 Indices
775 3128 835 3179 in
851 3128 967 3180 line
990 3128 1133 3180 tomi
1155 3130 1253 3180 XI.
1272 3128 1343 3180 de
1359 3132 1594 3181 auctore
1617 3128 1796 3193 hujus
1818 3128 2013 3195 libelli,
2030 3130 2131 3195 qui

530 3201 725 3263 Ruﬁno
742 3212 1037 3264 perperam
1061 3200 1250 3264 datur,
1269 3200 1541 3263 quaedam
1558 3206 1924 3264 monuerunt,
1944 3203 2129 3253 notari

531 3270 886 3336 dignissima.
912 3271 1096 3330 Quare
1111 3283 1309 3322 eorum
1327 3283 1617 3323 summam
1642 3272 1755 3323 huc
1772 3273 2130 3326 transferam.

530 3342 898 3405 Augustinus
920 3341 1017 3392 lib.
1042 3342 1359 3393 XXXVIII.
1385 3341 1457 3394 de
1474 3342 1752 3395 Trinitate
1773 3343 1903 3395 haec
1917 3343 2093 3397 habet
2115 3362 2126 3395 :

531 3413 695 3462 Acute
705 3426 833 3461 sane
849 3423 1084 3475 QUIDAM
1100 3412 1373 3477 respondit
1389 3412 1647 3473 haeretico,
1665 3414 2024 3465 versutissime
2038 3416 2131 3465 in-

535 3483 847 3545 terroganti,
873 3489 1059 3531 utrum
1089 3483 1228 3533 Deus
1262 3483 1466 3534 Filium
1492 3484 1668 3534 volens
1698 3490 1794 3534 aut
1818 3486 2004 3537 nolens
2038 3503 2129 3552 ge-

536 3554 730 3614 nuerit,
752 3558 811 3602 ut
833 3554 879 3602 si
904 3554 1095 3603 diceret
1126 3554 1332 3615 nolens,
1361 3554 1752 3605 absurdissima
1783 3557 1881 3607 Dei
1910 3559 2132 3609 miseria

531 3630 872 3689 sequeretur;
895 3626 941 3674 si
970 3630 1153 3675 autem
1180 3625 1374 3691 volens,
1409 3628 1687 3688 continuo,
1712 3628 1858 3692 quod
1888 3629 2133 3680 intende-

533 3697 638 3759 bat,
662 3695 801 3745 velut
826 3697 1027 3746 invicta
1049 3697 1264 3747 ratione
1295 3697 1644 3758 concluderet,
1668 3714 1779 3749 non
1805 3704 2016 3750 naturae
2030 3717 2131 3752 esse

538 3767 753 3827 Filium,
776 3768 864 3816 sed
900 3768 1205 3819 voluntatis.
1236 3768 1308 3818 At
1342 3769 1430 3819 ille
1461 3769 1873 3833 vigilantissime
1896 3772 2131 3823 vicissim

533 3839 774 3903 quaesivit
797 3838 862 3887 ab
885 3853 960 3900 eo,
985 3844 1173 3889 utrum
1198 3839 1337 3889 Deus
1366 3840 1542 3890 volens
1571 3857 1647 3891 an
1676 3841 1860 3893 nolens
1882 3845 1948 3893 sit
1970 3844 2126 3895 Deus.

537 3910 634 3961 His
650 3911 961 3973 Augustini
980 3911 1173 3963 verbis
1187 3911 1441 3976 apprime
1464 3913 1836 3978 conveniunt,
1856 3927 1989 3979 qum
2014 3916 2129 3968 Sir-

533 3981 877 4051 mondianus
894 3980 1084 4033 Rufini
1105 3981 1335 4034 libellus
1352 3983 1423 4035 de
1446 3983 1585 4036 Fide
1600 3984 1776 4038 habet
1791 3986 1972 4051 capite
1989 3988 2130 4039 LIII.

534 4065 659 4117 pag.
692 4050 796 4107 315
828 4068 840 4104 :
881 4053 1061 4112 Quum
1096 4053 1270 4117 igitur
1300 4069 1399 4104 nos
1436 4050 1906 4120 interrogaverint,
1944 4063 2131 4107 utrum

533 4124 669 4172 Deus
698 4125 1060 4187 procreaveril
1085 4124 1291 4175 Filium
1314 4140 1496 4188 necne,
1522 4132 1568 4175 el
1595 4128 1896 4191 acceperint
1923 4144 1958 4178 a
1979 4129 2132 4179 nobis

533 4209 846 4258 responsum
872 4212 882 4242 :
911 4196 1209 4258 procreavit
1235 4197 1451 4256 ;statim
1472 4198 1745 4259 adjiciunt
1763 4199 2131 4263 interrogatio-

532 4279 654 4314 nem
681 4264 1017 4329 hujusmodi,
1034 4281 1203 4330 quam
1227 4268 1394 4317 Θνεοί
1415 4268 1787 4318 dilemmatum
1806 4277 1993 4319 vocant
2010 4288 2027 4331 ;
2045 4272 2132 4320 in-

529 4337 684 4397 vitus,
711 4352 788 4386 an
806 4342 990 4401 sponte
1013 4340 1037 4388 ?
1060 4337 1171 4387 Hoc
1187 4344 1365 4387 autem
1387 4337 1620 4403 faciunt,
1645 4346 1722 4404 ut,
1747 4342 1794 4389 si
1810 4342 2129 4403 dixerimus,

530 4409 748 4469 invitus,
777 4423 908 4459 mox
931 4408 1203 4473 adjiciunt
1223 4424 1234 4460 :
1267 4410 1413 4475 quod
1432 4410 1479 4459 si
1504 4411 1706 4461 invitus
1728 4415 2027 4477 procreavit
2049 4417 2132 4465 Fi-

529 4480 684 4552 lium,
724 4481 999 4545 quomoda
1035 4496 1147 4530 non
1194 4485 1264 4530 est
1301 4482 1538 4545 impium
1577 4483 1639 4532 de
1677 4484 1782 4534 Deo
1808 4486 1903 4535 hoc
1940 4487 2129 4552 dicere,

529 4551 674 4616 quod
696 4552 1056 4615 generationis
1081 4552 1790 4617 necessitatisubjungatur?
1808 4556 1907 4606 Sin
1934 4551 2131 4617 autem,

528 4628 729 4685 sponte,
755 4622 1077 4686 dixerimus,
1099 4623 1182 4672 illi
1208 4639 1397 4673 rursus
1423 4625 1696 4688 adjiciunt
1720 4628 1864 4691 quod
1885 4629 1987 4677 sibi
2011 4629 2132 4678 libi-

531 4697 647 4741 tum
691 4698 803 4742 est:
838 4708 961 4757 ergo
997 4694 1047 4742 si
1087 4701 1271 4758 sponte
1307 4697 1624 4761 procreavit,
1664 4701 1825 4763 quasi
1861 4701 2132 4749 voluntate

528 4769 861 4836 procreatus,
893 4765 1035 4814 inter
1056 4765 1237 4829 ipsum
1260 4771 1306 4815 el
1337 4767 1527 4816 omnia
1549 4775 1734 4829 cetera,
1763 4786 1879 4834 qua
1910 4772 2006 4821 Dei
2027 4788 2131 4836 pa-

529 4835 662 4883 riter
684 4834 949 4885 voluntate
984 4841 1165 4886 creata
1194 4842 1337 4898 sunt,
1372 4838 1529 4888 nulla
1559 4842 1773 4904 penitus
1807 4842 1992 4893 haberi
2016 4834 2129 4892 dis-

436 4908 443 4913 “
528 4905 692 4979 cretio
710 4906 923 4979 poterit.
953 4909 1022 4979 Et
1041 4908 1219 4960 infra:
1242 4909 1312 4958 Et
1334 4923 1432 4959 nos
1455 4916 1644 4961 contra
1675 4913 2132 4979 interrogabi-mus

530 4990 613 5050 eos
643 4976 815 5027 simili
838 4978 996 5028 modo
1031 4979 1474 5050 interrogationis
1506 4996 1711 5041 eorum,
1736 4976 1924 5034 utrum
1945 4991 2130 5050 sponte

530 5046 671 5119 Deus
697 5050 866 5098 bonus
896 5050 982 5114 sit,
1013 5065 1087 5100 an
1120 5049 1326 5101 invitus
1349 5055 1374 5103 .9
1398 5051 1550 5104 Nihil
1576 5065 1716 5106 sane
1744 5056 1932 5119 aptius
1958 5046 2014 5107 et
2038 5056 2129 5107 lu-

529 5117 816 5171 culentius
831 5120 905 5173 ad
921 5120 1203 5175 evincend
1212 5135 1329 5182 um,
1351 5124 1410 5174 in
1426 5121 1552 5175 loco
1568 5137 1641 5176 ex
1655 5117 1985 5190 Augustino
2008 5145 2036 5176 ει
2052 5143 2133 5177 me

532 5191 797 5254 superius
814 5192 1057 5258 prolato,
1076 5193 1232 5247 hunc
1247 5192 1505 5247 libellum
1522 5196 1989 5251 Sirmondianum
2002 5199 2134 5251 indi-

528 5263 660 5314 cari.
688 5264 826 5326 Quis
857 5265 933 5317 sit
954 5267 1083 5330 ejus
1107 5270 1326 5331 auctor,
1354 5278 1474 5318 non
1490 5268 1687 5320 statim
1710 5269 2040 5323 dicendum.
2065 5273 2131 5323 In

528 5334 680 5386 calce
719 5337 1105 5389 vetustissimi
1141 5338 1355 5390 codicis
1394 5339 1777 5403 Corbejensis,
1813 5343 2132 5394 uncialibus

526 5403 707 5478 literis
756 5409 988 5473 scripto,
1030 5409 1159 5462 haec
1198 5409 1623 5474 subjiciuntur:
1672 5412 1913 5478 Explicit
1942 5414 2131 5475 Ruﬁni

524 5476 817 5542 presbyteri
837 5481 1131 5544 provinciae
1155 5481 1457 5531 Palaestinae
1477 5481 1606 5532 liber
1630 5483 1693 5533 de
1715 5476 1861 5546 Fide,
1896 5485 2133 5536 transla-

529 5554 611 5597 tus
637 5549 699 5598 de
736 5552 911 5601 amco
949 5553 1009 5602 in
1044 5554 1304 5603 Latinum
1339 5568 1655 5607 sermonem.
1693 5557 1885 5609 Amen.
1926 5558 2132 5611 Rufino

529 5622 862 5685 presbytero
878 5625 1156 5676 adscribit
1173 5627 1202 5676 J
1211 5638 1262 5677 o.
1281 5625 1590 5679 Diaconus.
1611 5627 1951 5682 Sirmondus
1967 5635 2132 5680 tamen

531 5691 759 5758 fatetur,
787 5694 1221 5760 inscriptionem
1248 5697 1342 5748 vel
1366 5710 1440 5750 ex
1460 5698 1569 5752 hoc
1594 5700 1842 5761 mentiri,
1861 5701 2005 5766 quod
2022 5702 2135 5753 Ori-

529 5776 733 5838 genem,
770 5766 907 5838 velut
932 5767 1169 5831 impium
1191 5772 1235 5817 ct
1251 5768 1553 5832 nefarium,
1575 5771 1796 5838 passim
1812 5773 1940 5826 libri
1961 5780 2134 5824 auctor

532 5834 800 5898 exagitet.
826 5837 1123 5897 Praeterea,
1163 5838 1255 5889 cui
1280 5834 1660 5893 translatus—de
1688 5843 1863 5904 Graeco
1901 5845 1963 5894 in
1986 5845 2135 5895 Lati-

536 5918 672 5953 num
685 5920 983 5955 sermonem
1000 5907 1264 5962 videatur
1280 5910 1436 5974 liber,
1454 5912 1512 5965 in
1528 5925 1642 5977 quo
1658 5914 1821 5981 legas
1843 5929 1967 5984 cap.
1992 5919 2134 5971 LIII.

2209 557 2444 607 vocant?
2490 554 2716 608 Rursus
2766 565 2889 618 cap.
2930 551 3045 603 LV.
3082 553 3403 615 ﬁgmentum
3443 565 3632 616 suum,
3674 551 3835 616 quod

2213 628 2382 679 Graeci
2404 629 2685 692 sophisma
2704 630 2895 676 vocant
2918 628 2943 676 9
2965 626 3048 676 Ac
3064 623 3301 674 demum
3325 634 3449 686 cap.
3476 623 3595 675 LX.
3622 623 3702 675 de
3726 626 3836 675 Sa—

2210 699 2503 752 bellianis:
2537 700 2722 749 Unum
2743 713 2807 747 ac
2829 696 3004 746 solum
3029 696 3201 744 Deum
3227 694 3433 743 Filium
3453 693 3625 744 simul
3647 700 3697 744 et
3721 695 3839 744 Par

2211 777 2343 820 trem
2356 786 2453 836 per
2473 785 2649 820 unam
2669 774 2881 835 partem
2895 767 3164 818 orationis
3178 765 3550 836 pronunciam
3564 765 3783 816 assolen
3793 772 3833 829 ι,

2212 835 2370 905 quasi
2415 842 2585 892 Graece
2641 843 2859 891 dicatur
2909 839 3189 904 υἱοπάτωρ,
3238 835 3612 900 Filiopatnem.
3685 838 3840 890 Haec

2210 913 2469 962 Latinum
2508 912 2700 977 potius
2740 911 3077 975 scriptorem
3115 912 3347 969 sonant,
3381 919 3491 960 sua
3523 920 3705 959 sensa
3727 921 3839 973 per

2210 985 2441 1036 Graecos
2478 984 2761 1049 explicare
2809 982 3107 1034 nitentem.
3151 981 3221 1031 Et
3248 977 3482 1042 quidem
3521 979 3584 1031 in
3620 980 3835 1030 codice

2213 1057 2318 1107 Ms.
2344 1056 2542 1120 Corbej
2552 1056 2674 1106 ensi
2698 1054 2865 1106 lineis
2887 1051 3231 1105 transversis
3254 1062 3495 1115 prorsus
3512 1050 3838 1116 jugulatur

2214 1132 2527 1179 memorata
2554 1126 2870 1191 inscriptio,
2895 1126 3065 1188 cujus
3088 1123 3281 1175 locum
3296 1122 3520 1175 obtinet
3550 1122 3669 1174 alia
3697 1122 3835 1174 haec

2213 1204 2365 1259 nota,
2396 1211 2430 1250 a
2453 1198 2727 1259 secunda,
2754 1196 2855 1248 sed
2885 1208 3062 1261 prope
3084 1193 3293 1259 mquali
3317 1205 3493 1246 manu
3518 1193 3833 1258 adposita:

2214 1272 2502 1334 Hucusque
2531 1268 2873 1334 blasphemiae
2913 1266 3124 1329 Pelagii
3167 1265 3398 1314 haeretici
3434 1270 3627 1315 contra
3659 1265 3839 1326 ﬁdem

2218 1341 2574 1404 Catholicam,
2600 1355 2737 1405 quas
2752 1339 2849 1389 sub
2868 1339 3087 1387 nomine
3114 1336 3376 1388 Catholici
3398 1335 3537 1398 falso
3558 1336 3724 1386 titulo
3743 1337 3840 1383 in-

2215 1414 2373 1463 didit.
2409 1415 2693 1466 Prmterea
2722 1412 2785 1463 in
2812 1410 3001 1462 fronte
3039 1409 3218 1461 totius
3252 1407 3438 1472 operis
3470 1411 3669 1459 exstat
3704 1407 3841 1459 haec

2215 1484 2548 1545 admonitio,
2568 1483 2749 1535 literis
2774 1480 3183 1544 Merovingicis
3207 1490 3276 1531 ac
3296 1490 3443 1544 pene
3463 1478 3842 1542 fugientibus

2216 1562 2490 1609 exarata:
2513 1556 2615 1605 Hic
2640 1554 2789 1619 liber,
2828 1553 2925 1618 qui
2958 1552 3270 1603 attitulatur
3301 1550 3509 1613 Ruﬁni,
3540 1565 3655 1599 non
3684 1555 3733 1599 te
3757 1566 3844 1599 se-

2217 1627 2398 1691 ducat,
2430 1642 2460 1677 o
2478 1628 2565 1692 pie
2589 1626 2765 1689 lector,
2784 1625 2919 1689 quia
2944 1624 3277 1688 Pelagianus
3301 1626 3392 1685 est,
3409 1626 3455 1671 el
3477 1621 3843 1686 blasphemia

2218 1699 2646 1762 Pelagianorum
2666 1697 2877 1763 plenus.
2904 1696 3193 1748 Simulans
3207 1694 3353 1744 enim
3369 1697 3561 1743 contra
3583 1694 3838 1744 Arianos

2218 1770 2660 1834 disputationem,
2701 1782 2904 1818 venena
2946 1782 3055 1816 suae
3098 1767 3345 1816 haereseos
3386 1764 3643 1814 inseruit.
3686 1764 3845 1814 Unde

2225 1842 2411 1891 hortor
2433 1842 2715 1891 caritatem
2737 1845 2910 1900 tuam,
2934 1844 2995 1889 ut
3018 1840 3163 1889 hunc
3179 1837 3555 1902 btasphemum
3578 1836 3647 1885 de
3667 1842 3841 1885 vestro

2223 1913 2396 1964 codice
2420 1912 2747 1962 abscindatis
2783 1930 2795 1959 :
2824 1917 2871 1959 et
2890 1925 3064 1975 proco
3089 1909 3290 1959 librum
3316 1908 3503 1959 Sancti
3528 1907 3841 1970 Augustini

2226 1984 2291 2035 de
2312 1999 2437 2032 vera
2467 1982 2727 2047 religione
2751 1980 3046 2044 describite,
3076 1985 3135 2030 ut
3165 1980 3529 2044 quantitatem
3546 1979 3841 2042 reparelis,

2224 2055 2334 2107 hoc
2356 2058 2459 2118 est,
2476 2056 2541 2106 ut
2557 2053 2628 2105 de
2651 2052 2963 2105 voluminis
2984 2051 3386 2117 magnitudine
3400 2050 3546 2102 nihil
3567 2049 3840 2103 decedat

2226 2130 2301 2177 At
2323 2126 2450 2178 hinc
2472 2125 2534 2176 in
2571 2136 2669 2176 ora
2692 2124 2876 2189 ipsius
2900 2124 3026 2175 libri
3058 2123 3403 2176 adnotatur:
3438 2122 3538 2171 Hic
3561 2121 3703 2171 liber
3728 2136 3843 2171 non

2225 2198 2431 2262 Ruﬁni,
2466 2197 2556 2247 sed
2574 2196 2783 2261 Pelagii
2810 2195 3060 2256 haeretici,
3096 2196 3159 2243 in
3193 2209 3299 2259 quo
3323 2198 3513 2244 contra
3530 2192 3707 2255 ﬁdem
3733 2193 3843 2243 Ca-

2226 2270 2483 2319 tholicam
2506 2267 2686 2318 multa:
2713 2268 3058 2317 continentur
3091 2265 3450 2330 blasphemiae.
3482 2266 3709 2317 Verum
3736 2264 3845 2315 ad-

2225 2354 2431 2393 versus
2456 2342 2574 2392 tam
2599 2339 2897 2403 antiquam
2922 2339 3207 2401 totiesque
3223 2337 3528 2402 repetitam
3549 2336 3661 2388 viri
3685 2335 3842 2387 docti

2227 2413 2687 2465 observationem
2731 2410 2928 2475 objicit
2959 2409 3308 2470 Sirmondus,
3349 2407 3576 2472 Pelagio
3622 2407 3842 2459 librum

2225 2499 2342 2537 non
2355 2484 2682 2546 convenire,
2700 2482 2800 2546 qui
2815 2482 3019 2543 Adam,
3048 2481 3098 2533 si
3112 2480 3454 2533 mandatum
3475 2479 3576 2531 Dei
3606 2491 3844 2531 servas-

2226 2562 2333 2620 set,
2358 2569 2477 2607 non
2493 2554 2832 2606 moriturum
2858 2552 3037 2605 fuisse
3057 2554 3351 2617 approbet,
3370 2550 3631 2615 adeoque
3647 2552 3846 2612 prima-

2226 2629 2372 2679 rium
2405 2629 2624 2679 evertat
2659 2624 2870 2689 Pelagii
2903 2624 3218 2684 decretum,
3245 2636 3361 2688 quo
3390 2622 3485 2675 ille
3520 2621 3841 2677 Adamum.

2228 2701 2352 2751 sive
2373 2702 2683 2763 peccasset,
2703 2698 2821 2748 sive
2836 2709 2951 2748 non
2966 2700 3283 2760 peccasset,
3306 2699 3552 2747 mortem
3574 2696 3841 2744 obiturum

2228 2771 2408 2822 fuisse
2420 2768 2818 2820 contendebat.
2838 2768 3169 2819 Gennadius
3182 2768 3378 2819 tamen
3394 2766 3691 2831 prmdietis
3709 2768 3846 2814 nolis

2227 2855 2345 2894 non
2360 2853 2560 2906 parum
2585 2839 2933 2904 suffragatur
2954 2839 3014 2891 in
3031 2839 3320 2902 Cata10go,
3343 2838 3442 2889 ubi
3457 2837 3536 2889 ait
3550 2852 3666 2898 cap.
3684 2838 3840 2887 XLII.

2229 2913 2480 2977 Pelagius
2516 2916 2811 2976 antequam
2847 2911 3165 2975 proderetur
3195 2910 3487 2971 haereticus,
3522 2908 3747 2973 scripsit
3772 2908 3839 2956 li-

2228 2985 2345 3034 bros
2369 2990 2464 3033 tres
2499 2983 2561 3033 de
2594 2983 2723 3032 Fide
2766 2983 3066 3032 Trinitatis.
3093 2981 3384 3034 Gennadio
3410 2979 3644 3046 pondus
3679 2979 3842 3030 addit

2227 3060 2315 3109 Jo.
2342 3056 2655 3118 Diaconus,
2689 3054 2788 3118 qui
2829 3068 2948 3106 non
2981 3068 3160 3104 unum
3194 3053 3407 3105 librum
3442 3052 3505 3102 de
3539 3051 3693 3110 Fide,
3715 3051 3835 3115 jam

2230 3128 2549 3191 vulgatum,
2575 3126 2676 3177 sed
2706 3130 2764 3177 et
2784 3125 3098 3189 secundum,
3124 3124 3222 3188 qui
3245 3137 3363 3176 non
3388 3126 3598 3185 exstat,
3640 3122 3837 3186 Rufini

2230 3199 2461 3250 nomine
2486 3198 2636 3249 citat.
2676 3196 2783 3250 Sed
2819 3202 2878 3249 et
2901 3209 3264 3261 responsum,
3300 3208 3374 3247 ex
3411 3194 3733 3257 Gennadio,
3767 3194 3837 3245 ad

2229 3271 2306 3331 id,
2346 3270 2500 3335 quod
2539 3269 2879 3321 Sirmondus
2915 3268 3130 3332 objicit,
3171 3268 3231 3319 in
3268 3272 3495 3331 promtu
3531 3270 3640 3317 est.
3684 3264 3840 3317 Nihil

2232 3343 2387 3395 enim
2414 3342 2642 3403 mirum,
2677 3340 2726 3391 si
2750 3340 3165 3392 hmresiarches
3188 3351 3260 3391 ex
3276 3339 3414 3391 Fide
3438 3337 3759 3401 Catholica,
3781 3338 3841 3388 in

2233 3426 2348 3477 qua
2368 3416 2542 3465 natus
2565 3411 2835 3474 altusque
2859 3410 3063 3472 fuerat,
3088 3410 3304 3475 aliquid
3331 3409 3621 3473 scripserit
3646 3408 3841 3473 prius-

2232 3496 2405 3549 quam
2428 3483 2698 3536 hseresim
2723 3495 2891 3534 suam
2914 3483 3283 3547 excogitaret.
3318 3481 3409 3533 Ad
3432 3480 3839 3544 Augustinum

2232 3556 2385 3620 quod
2408 3555 2630 3618 attinet,
2655 3556 2726 3605 ab
2753 3554 2881 3618 ejus
2918 3554 3146 3618 ingenio
3168 3566 3403 3619 prorsus
3427 3552 3685 3604 alienum
3718 3566 3840 3604 non

2230 3632 2369 3690 erat,
2394 3627 2453 3679 id
2475 3639 2595 3680 non
2618 3627 2742 3678 sine
2756 3626 2925 3678 laude
2942 3637 3409 3688 commemorare,
3428 3623 3582 3688 quod
3605 3623 3837 3675 hatred

2230 3711 2334 3749 cus
2358 3699 2502 3751 bene
2526 3701 2804 3749 senserat.
2837 3695 2997 3747 Illius
3029 3696 3202 3747 etiam
3233 3708 3465 3753 nomen,
3492 3694 3541 3746 si
3565 3693 3838 3759 Pelagius

2229 3770 2351 3834 ipse
2373 3782 2491 3821 non
2516 3770 2672 3833 prius
2692 3768 2867 3820 latere
2882 3767 3175 3829 voluisset,
3199 3767 3443 3819 forsitan
3465 3767 3837 3831 Augustinus

2230 3853 2343 3893 non
2372 3841 2661 3893 tacuisset.
2696 3842 2779 3891 Ex
2816 3839 2984 3891 dictis
3025 3838 3301 3902 sequitur,
3336 3837 3546 3890 falsum
3576 3836 3834 3899 titulum,

2231 3914 2328 3977 qui
2349 3912 2608 3964 libellum
2628 3911 2691 3960 de
2710 3909 2837 3961 Fide
2860 3909 3066 3961 Ruﬁno
3089 3909 3396 3972 adscribet,
3422 3914 3480 3961 et
3503 3913 3678 3960 notas
3704 3921 3835 3973 quin

2231 3985 2392 4036 illum
2416 3983 2642 4047 Pelagio
2659 3981 2972 4044 vindicent,
2990 3994 3108 4033 non
3133 3981 3481 4043 temerarias,
3506 3992 3615 4031 nec
3637 3982 3838 4041 impro-

2232 4056 2480 4108 bandam
2496 4054 2863 4113 sententiam,
2882 4065 2995 4116 qua
3011 4055 3068 4104 in
3087 4053 3401 4116 Augustini
3416 4051 3557 4103 libro
3581 4053 3641 4100 de
3666 4054 3838 4100 Trini-

2234 4132 2348 4180 tate
2374 4140 2497 4191 cap.
2516 4128 2639 4178 XV.
2666 4127 2716 4177 is
2739 4126 2862 4190 ipse
2884 4124 3103 4178 laudari
3127 4125 3510 4178 existimetur.
3530 4123 3681 4175 Hinc
3698 4126 3838 4186 pari-

2233 4205 2316 4252 ter
2338 4198 2636 4256 discimus,
2653 4201 2938 4261 quantum
2960 4197 3215 4261 antiquis
3239 4196 3395 4249 cordi
3410 4195 3598 4258 fuerit,
3618 4206 3699 4247 ne
3725 4195 3839 4248 hae-

2230 4272 2470 4323 reticum
2496 4283 2642 4333 opus
2668 4272 2898 4321 incaute
2920 4268 3223 4333 legeretur,
3260 4269 3458 4333 immo,
3481 4272 3549 4320 ut
3568 4266 3843 4316 abscinde-

2230 4349 2379 4393 retur
2398 4354 2464 4393 ac
2481 4353 2718 4406 prorsus
2742 4341 3190 4405 supprimeretur,
3211 4340 3344 4393 licet
3366 4352 3433 4392 eo
3457 4338 3757 4403 quomodo
3787 4342 3841 4389 et

2230 4415 2303 4467 ad
2329 4426 2450 4465 rem
2488 4413 2778 4473 Ecclesiae,
2812 4425 2959 4465 usus
2988 4412 3064 4464 sit
3088 4414 3484 4477 Augustinus,
3508 4414 3770 4473 quomodo
3798 4417 3839 4457 et

2232 4486 2325 4539 alii
2371 4487 2564 4536 Patres
2600 4484 2955 4549 argumentis
2990 4484 3111 4536 Arii
3146 4483 3475 4547 Sabellium,
3505 4494 3574 4535 ac
3608 4481 3840 4536 Sabellii

2232 4558 2435 4609 Arium
2466 4556 2968 4621 impugnaverunt.

2156 4651 2214 4723 D
2234 4631 2405 4723 JK;
2432 4625 3842 4723 Ξίῗξίὶὶῗβὲίίῖιὲίέηέὲῗξίῗῗὲίδοὲἐὶίέίὲἷὲξῗη.ξξὲ¹ἓζ

2233 4699 2409 4751 nullis
2437 4711 2735 4767 perperam
2781 4699 3065 4751 conﬂatur
3100 4711 3235 4749 cum
3262 4700 3461 4762 Ruﬁno
3499 4699 3839 4762 presbytero

2233 4770 2535 4831 Palaestino,
2573 4772 2691 4823 sive
2731 4783 3101 4835 quocumque
3141 4770 3272 4830 alio,
3295 4770 3369 4822 ad
3406 4782 3580 4834 quem
3626 4769 3835 4819 libellus

2226 4844 2348 4906 jam
2372 4842 2693 4895 recensitus
2716 4842 2999 4907 pertinere
3024 4841 3306 4895 videatur.
3330 4843 3635 4906 Perperam
3661 4841 3837 4894 etiam

2231 4927 2364 4966 cum
2386 4915 2603 4979 Ruﬁno,
2628 4913 2880 4966 Ccelestii
2909 4913 3164 4966 haeretici
3189 4914 3471 4979 magistro
3488 4950 3503 4975 ,
3542 4912 3669 4966 sive
3692 4913 3840 4965 alius

2231 4999 2265 5038 a
2282 4986 2570 5036 Palaestino
2582 4987 2674 5049 sit,
2693 4986 2815 5038 sive
2826 4997 3195 5048 nequaquam
3212 4986 3496 5037 diversus.
3516 4985 3695 5049 Syrus
3707 4987 3835 5034 enim

2231 5058 2281 5109 is
2318 5057 2527 5109 dicitur
2561 5069 2597 5109 a
2628 5058 2803 5109 Mario
2850 5059 3178 5122 Mercatore,
3227 5058 3431 5109 Latino
3475 5056 3734 5118 homine,
3782 5056 3838 5105 in

2232 5128 2695 5181 Commonitorio.
2732 5127 2908 5193 Atqui
2948 5129 3154 5192 Syrum
3186 5141 3306 5180 non
3350 5128 3615 5189 dixisset,
3664 5140 3834 5191 quem

2232 5199 2625 5265 Aquilejensem
2662 5213 2792 5253 esse
2816 5204 2975 5252 totus
3012 5198 3313 5263 Occidens,
3340 5200 3515 5251 immo
3550 5203 3612 5251 et
3634 5199 3838 5252 Oriens

2232 5272 2612 5335 agnoscebat:
2639 5276 2697 5324 et
2719 5271 3009 5337 praecipue
3022 5271 3392 5336 Augustinus
3413 5270 3605 5335 Ruﬁni
3631 5271 3839 5333 perinde

2231 5355 2299 5394 ac
2316 5342 2475 5394 Marii
2499 5344 2882 5396 necessarius.
2901 5342 3001 5394 Cui
3021 5343 3177 5394 enim
3193 5341 3652 5395 Occidentalium
3676 5341 3835 5406 igno-

2235 5420 2328 5466 tus
2352 5418 2473 5466 erat
2496 5415 2728 5479 Ruﬁnus
2749 5413 3129 5478 Aquilejensis,
3154 5418 3237 5467 tot
3262 5414 3508 5479 scriptis,
3540 5417 3627 5465 tot
3650 5411 3839 5465 amici-

2233 5486 2345 5548 tiis,
2362 5491 2419 5538 et
2442 5485 2533 5538 vel
2548 5498 2662 5538 una
2678 5486 2827 5538 inter
2845 5498 2979 5537 eum
2997 5490 3054 5538 et
3070 5486 3484 5550 Hieronymum
3500 5488 3837 5539 contentione.

2233 5558 2306 5608 ab
2336 5557 2460 5620 ipso
2485 5558 2812 5620 Augustino
2842 5557 3182 5620 improbata,
3208 5557 3614 5610 celeberrimus
3639 5559 3667 5606 ‘2
3686 5559 3834 5604 Nemo

2232 5628 2551 5693 ignorabat,
2570 5630 2731 5694 Ruﬁn
2740 5644 2834 5679 um
2851 5634 3115 5681 nostrum
3132 5629 3352 5694 Aquilej
3361 5642 3561 5681 ensem
3577 5629 3700 5692 (non
3721 5641 3836 5675 sane

2232 5700 2583 5751 Palmstinum
2618 5706 2719 5754 aut
2754 5702 2957 5766 Syrum
2982 5703 2998 5765 )
3022 5701 3094 5753 ab
3134 5702 3482 5767 Hieronymo
3508 5704 3672 5753 tanto
3704 5703 3833 5761 ante

2232 5770 2533 5825 laudatum
2557 5773 2618 5826 in
2639 5773 2917 5826 Chronico
2933 5779 2992 5827 et
3014 5773 3075 5826 in
3097 5773 3382 5838 epistolis:
3411 5786 3447 5826 a
3469 5770 3834 5826 Paulino-No-

2233 5844 2366 5897 lano
2397 5845 2610 5909 pariter
2649 5845 2709 5897 in
2758 5846 3037 5911 epistolis.
3069 5845 3264 5897 Fuerit
3302 5847 3575 5898 Mercator
3604 5842 3835 5897 natione

2238 5919 2566 5981 Campanus,
2589 5916 2746 5982 quod
2765 5921 2931 5983 putat
2956 5918 3274 5981 Carnarius,
3304 5916 3477 5971 fuerit
3498 5915 3629 5980 Afer
3653 5919 3721 5968 ut
3744 5911 3831 5964 alii
