3894 6400
46 314 170 370 277

1301 316 1500 371 VITA.
1535 316 1671 371 LIB.
1706 319 1778 373 II.
1814 319 1966 374 CAP.
2002 320 2155 375 XIX.

3271 322 3381 380 978

41 429 386 509 conjiciunt
414 447 425 478 :
459 430 604 509 ipsa
629 442 784 509 unus
819 430 1092 509 ignorare
1121 410 1252 509 non
1279 430 1467 509 potuit
1498 443 1672 509 quem
1692 433 1748 509 Α
1774 432 1866 509 nis
1886 446 2108 509 errores
2131 434 2391 509 nondum
2425 440 2758 509 perspectos
2779 435 3118 490 habuerant.
3163 437 3378 490 Eodem

38 511 228 574 nemo
304 501 632 574 ignorabat.
704 504 848 574 Erat
897 502 1053 553 enim
1120 501 1367 574 Ruilnus
1417 503 1673 574 Aquile—
1692 501 1748 509 ““
1776 505 1997 557 Norisio
2041 512 2296 569 auctore,
2353 508 2680 557 Anastasius
2730 509 2830 561 ubi
2873 508 3121 574 primum
3162 512 3382 574 accepit

30 572 241 633 jensis
294 572 517 637 passim
570 573 632 625 in
675 585 776 625 ore
826 572 996 625 fama
1026 585 1145 625 non
1181 573 1368 625 solum
1411 573 1474 625 in
1512 574 1674 624 Cam-

34 645 255 708 pania,
305 645 408 697 ubi
444 646 606 710 Nola,
654 645 757 698 sed
801 645 863 697 in
905 646 1117 710 Africa,
1161 646 1261 697 ubi
1307 646 1672 711 Augustinus,

34 717 147 779 qui
191 730 274 770 ex
319 718 589 783 ejusdem
630 718 820 778 Ruﬁni
850 716 1021 769 editis
1058 718 1221 769 libris
1260 718 1536 771 Historia
1570 721 1675 770 Ec-

35 788 428 852 clesiastica,
492 794 550 841 et
599 788 743 840 Sixti
796 788 1177 853 Pythagorici,
1236 790 1567 842 testimonia
1613 792 1674 842 in

37 860 336 925 operibus
386 860 510 912 suis
550 860 882 925 protulerat,
936 861 1428 925 quemadmodum
1469 863 1673 914 eodem

36 932 296 993 saculo,
350 944 467 998 quo
512 932 707 984 ﬂoruit
751 931 985 993 Marius,
1038 932 1131 984 alii
1183 945 1412 996 quoque
1453 934 1673 986 Africa-

35 1004 123 1068 ni,
194 1006 382 1055 Victor
434 1003 679 1065 Vitensis,
726 1008 786 1056 et
834 1003 1065 1068 Vigilius
1114 1004 1395 1067 Tapsensis
1439 1006 1499 1057 in
1547 1006 1671 1057 suis

33 1075 443 1140 protulerunt.
469 1075 558 1127 Ad
582 1075 709 1127 hac
731 1076 763 1127 J
768 1088 819 1127 ο.
845 1076 1178 1133 Cassianus,
1197 1076 1397 1139 Ruﬁno
1412 1080 1469 1127 et
1493 1078 1671 1129 Mario

36 1146 325 1211 aqualis,
349 1147 412 1198 in
436 1146 598 1211 Syria
619 1147 887 1211 primum,
913 1145 1122 1198 deinde
1144 1148 1425 1207 Roma,et
1448 1161 1587 1200 mox
1609 1150 1669 1201 in

37 1219 251 1271 Galliis
268 1218 639 1282 notissimus,
657 1217 849 1269 Ruﬁni
862 1218 1271 1283 Expositionem
1287 1218 1529 1283 Symboli
1542 1221 1668 1272 suis

38 1290 105 1341 in
127 1290 310 1342 libris
334 1289 690 1355 laudaverat,
701 1289 759 1341 in
773 1302 948 1354 quam
970 1289 1120 1342 idem
1137 1291 1369 1353 Ruﬁnus
1386 1292 1671 1357 Aquileja

40 1373 107 1413 se
133 1362 401 1414 tinctum
423 1360 771 1426 prodiderat.
788 1361 896 1423 Qui
918 1374 1055 1425 ergo
1077 1375 1111 1412 a
1137 1363 1329 1427 Mario,
1348 1362 1502 1415 vela
1530 1377 1667 1427 quo-

39 1433 138 1484 vis
185 1434 539 1486 Latinorum
583 1432 902 1483 Palaestinas
937 1437 1037 1484 aut
1063 1433 1236 1497 Syrus
1266 1434 1399 1485 duci
1433 1437 1669 1500 potuit?

39 1504 158 1557 Sed
197 1517 424 1570 nempe
453 1504 566 1557 hoc
599 1505 783 1565 aiunt,
806 1504 944 1569 quia
964 1505 1184 1557 multos
1209 1519 1394 1560 annos
1418 1508 1476 1559 in
1506 1509 1668 1572 Syria

38 1576 215 1628 vixit.
243 1579 331 1629 At
352 1577 742 1641 Hieronymus
767 1576 942 1629 etiam
956 1576 1125 1640 vixit,
1144 1579 1418 1644 obiitque,
1435 1593 1543 1632 nec
1553 1597 1666 1642 pro-

38 1652 252 1713 pterea
288 1648 501 1713 Syrum
521 1653 624 1701 aut
645 1648 998 1699 Palaestinum
1019 1662 1154 1702 eum
1183 1649 1392 1714 aliquis
1416 1653 1667 1717 appella-

37 1721 125 1770 vit
171 1719 495 1781 Palladius,
519 1720 694 1773 homo
717 1722 917 1785 Syrus,
946 1722 1007 1773 et
1036 1721 1162 1785 ipse
1189 1723 1385 1786 Ruﬁno
1409 1727 1468 1775 et
1490 1725 1666 1777 Mario

1786 575 2065 641 Theophili
2109 576 2433 642 epistolam,
2467 578 2611 631 nihil
2642 579 2794 632 ultra
2814 580 3163 633 morandum
3197 590 3378 642 ratus,

1778 647 2059 710 Origenem
2104 648 2216 698 lata
2256 650 2519 699 sententia
2559 651 2958 717 condemnavit,
2997 652 3153 716 quod
3184 652 3378 717 ipsum

1774 718 1973 770 eodem
2014 731 2167 771 anno
2190 720 2313 775 401.
2336 720 2398 773 in
2421 722 2545 773 suis
2568 722 2846 774 Ecclesiis
2876 724 3079 776 fecisse
3102 723 3182 777 ait
3215 725 3377 775 Vene-

1773 791 1924 861 rium
1945 794 2001 842 et
2021 790 2421 855 Chromatium,
2436 793 2585 846 duos
2603 793 2904 847 Mediolani
2919 800 2975 847 et
2989 794 3380 861 Aquilejalta-

1772 860 1912 912 licos
1932 862 2345 927 metropolitas.
2371 865 2493 915 Hoc
2517 870 2710 917 tamen
2729 868 2911 930 gratis
2935 867 3146 919 dicitur
3167 860 3209 920 a7
3226 868 3378 919 viro-

1773 932 2126 985 doctissimo.
2142 936 2340 999 Neque
2364 935 2516 987 enim
2533 936 2835 1000 disciplina
2852 938 3123 993 Ecclesia
3140 942 3375 988 Romana

1773 1004 2009 1070 ferebat,
2034 1010 2101 1057 ut
2116 1006 2392 1058 Summus
2417 1008 2681 1061 Pontifex
2700 1010 2833 1061 unis
2864 1010 3044 1063 literis
3070 1009 3375 1075 Theophili

1772 1076 1845 1129 de
1882 1077 2107 1140 Origene
2130 1078 2317 1130 obiter
2338 1083 2398 1130 et
2416 1080 2617 1131 callide
2638 1081 2948 1144 agentibus
2967 1083 3209 1131 excitatus
3229 1083 3371 1131 Illico

1770 1149 2074 1212 Origenem
2099 1150 2525 1216 condemnaret,
2551 1152 2893 1204 inconsultis
2910 1152 3375 1206 Occidentalibus

1770 1224 1874 1272 aut
1895 1219 2107 1288 saltem
2131 1222 2386 1285 coucilio,
2418 1223 2504 1275 vel
2531 1224 2885 1288 presbyterio
2902 1226 3189 1276 Romano:
3221 1225 3373 1288 quod

1768 1304 1869 1356 pro
1885 1284 2025 1343 tecto
2058 1293 2256 1344 statim
2297 1284 2419 1345 ﬁeri
2457 1284 2577 1346 non
2614 1284 2853 1360 poterat.
2885 1296 2987 1346 Vir
3020 1284 3373 1360 purpuratus

1770 1362 2287 1425 promulgationem
2320 1363 2617 1417 literarum
2667 1367 2965 1432 Theophili,
3004 1380 3137 1432 qua
3168 1373 3377 1432 prater

1768 1432 1879 1485 diei
1891 1433 2179 1497 paschalis
2191 1435 2711 1502 denunciationem,
2733 1451 2990 1490 errorum
3007 1438 3273 1502 Origenis
3288 1443 3375 1491 Ca-

1770 1503 2027 1569 talogum
2050 1505 2570 1570 complecterentur
2584 1509 3087 1559 condemnationem
3110 1510 3375 1575 Origenis

1766 1575 2096 1640 appellavit,
2111 1577 2342 1641 quando
2359 1592 2541 1631 unum
2554 1580 2775 1632 Pascha
2787 1582 3098 1632 earundem
3112 1582 3372 1632 literarum

1766 1647 2224 1713 promulgatione
2249 1649 2664 1703 denunciatum
2684 1657 2791 1703 est.
2809 1655 2933 1704 Non
2945 1652 3098 1704 enim
3117 1652 3375 1705 Ecclesia

1766 1720 2025 1770 Romana
2064 1720 2580 1773 condemnationes
2606 1724 2679 1774 ab
2703 1723 2832 1775 aliis
2857 1723 3153 1788 Episcopis
3187 1724 3372 1776 factas

37 1789 317 1869 aqualis,
341 1790 766 1869 Aquilejensem,
789 1802 907 1842 non
929 1790 1135 1869 Syrum
1160 1792 1305 1845 dixit
1323 1811 1336 1869 :_
1350 1793 1497 1869 digit
1521 1808 1663 1859 quo-
1688 1797 1742 1869 B
1768 1789 2177 1869 d‘enuuciabat;
2202 1791 2305 1869 sed
2328 1792 2455 1869 ipsa
2485 1806 2641 1869 suas,
2674 1797 2955 1869 tanquam
2977 1794 3240 1869 omnium
3261 1796 3371 1869 _Ec-

39 1873 158 1924 que
181 1861 553 1927 Gennadius,
578 1862 757 1915 Mario
778 1865 1164 1928 suppar.Hac
1185 1865 1378 1917 omnia
1397 1866 1455 1918 id
1480 1880 1663 1920 unum
1688 1859 1739 1869 “’
1767 1859 2071 1912 Clesiarum
2117 1867 2302 1913 mater
2343 1868 2401 1915 et
2434 1864 2719 1929 princeps,
2756 1864 2885 1916 aliis
2916 1864 3371 1925 denunciandas,

39 1934 347 1999 coeuntia,
390 1933 537 1988 mihi
582 1934 950 1999 persuadent,
980 1939 1038 1987 et
1074 1936 1361 1999 cuiquam,
1396 1937 1456 1988 ni
1480 1937 1664 2002 fallor,

39 2005 514 2070 persuadebunt,
529 2007 687 2069 Ruﬁn
696 2021 789 2055 um
812 2005 1020 2069 Syrum
1035 2012 1139 2059 aut
1155 2008 1526 2061 Palastinum
1552 2010 1666 2061 dici

38 2089 161 2128 non
184 2076 476 2131 debuisse
498 2090 607 2130 nec
629 2078 889 2143 potuisse
912 2078 1009 2142 qui
1025 2078 1384 2143 Aquilejensis
1400 2085 1540 2134 erat.
1559 2084 1665 2134 Im-

39 2160 135 2198 mo
166 2147 318 2199 hinc
350 2153 546 2213 aperte
578 2148 785 2202 deduci
817 2152 978 2214 puto,
1014 2150 1305 2215 Ruﬁnum,
1333 2152 1541 2215 Syrum
1562 2156 1665 2205 aut

40 2219 416 2270 Palaestinam
459 2220 591 2274 ideo
627 2220 867 2285 dictum,
906 2234 982 2273 ne
1004 2234 1138 2273 cum
1167 2222 1503 2288 Aquilejensi
1527 2238 1663 2277 con-

40 2290 413 2344 funderetur.
441 2292 664 2345 Nollem
691 2293 765 2344 ab
796 2292 1052 2356 Josepho
1084 2293 1352 2358 Aguirrio
1381 2295 1663 2348 Cardinali

41 2363 100 2413 in
137 2362 464 2427 Theologia
504 2364 697 2416 Sancti
736 2363 999 2417 Anselmi
1040 2366 1179 2416 tom.
1221 2368 1316 2417 III.
1364 2370 1529 2419 tract.
1566 2369 1657 2419 VI.

40 2446 167 2499 cap.
221 2436 485 2487 LXVIII.
512 2435 738 2501 disput.
766 2434 890 2490 111.
923 2441 1064 2488 sect.
1090 2436 1141 2489 4.
1177 2437 1228 2502 §.
1254 2435 1342 2492 30.
1365 2442 1424 2490 et
1447 2438 1661 2503 disput.

44 2504 170 2560 112.
196 2510 347 2559 sect.
376 2506 428 2560 6.
452 2506 502 2572 §.
532 2506 616 2563 6‘2.
644 2508 909 2571 Ruﬁnum
926 2507 1088 2559 illum
1111 2508 1318 2572 Syrum
1340 2522 1475 2561 cum
1491 2511 1663 2575 Aqui-

43 2577 235 2642 tejensi
265 2579 672 2644 commixtum.
696 2580 760 2631 Id
786 2580 941 2632 enim
966 2579 1100 2631 fecit
1122 2580 1204 2633 vir
1228 2580 1501 2644 optimus,
1523 2584 1662 2632 omni

43 2640 410 2715 antiquitate
430 2650 799 2713 reclamante,
826 2656 883 2703 et
904 2652 1138 2703 omnino
1155 2640 1664 2715 frivolisargumen-

45 2724 118 2774 tis
141 2722 451 2775 inductus.
473 2722 802 2787 Aguirrium
829 2735 1041 2788 magna
1062 2724 1297 2789 pietatis
1310 2730 1371 2777 et
1385 2725 1663 2779 doctrina

45 2794 222 2846 laude
249 2794 317 2845 in
347 2795 563 2846 Senatu
585 2795 639 2846 S.
664 2796 730 2846 R.
756 2797 814 2846 E.
839 2797 1232 2847 venerandum
1265 2797 1500 2861 suspexi
1526 2813 1538 2849 :
1565 2798 1665 2862 qui

46 2866 95 2916 si
120 2866 375 2930 viveret,
396 2876 510 2929 quo
533 2869 657 2917 erat
672 2866 851 2918 animi
872 2867 1138 2931 candore,
1160 2880 1252 2918 me
1272 2868 1345 2918 ab
1358 2881 1420 2921 se
1437 2868 1665 2921 dissen-

46 2938 153 2989 tire
195 2936 472 2989 alacriter
505 2941 811 3002 pateretur.
846 2938 1137 3002 Siquidem
1159 2938 1392 2992 aliunde
1415 2946 1660 3002 constat,

48 3009 566 3073 religiosissimum
589 3009 946 3061 Cardinalem
967 3011 1188 3075 priores
1209 3012 1529 3065 sententias
1544 3027 1661 3062 suas

45 3094 161 3133 non
186 3082 348 3134 bene
383 3080 686 3145 subnixas,
719 3082 977 3146 ingenuo
1016 3082 1234 3147 pudore
1269 3096 1482 3137 exuere
1508 3098 1660 3136 nun-

1765 1944 1993 1996 semper
2016 1932 2187 1985 edere
2204 1936 2526 1988 consuevit.
2548 1936 2830 2002 Episcopo
2848 1937 3240 1988 Alexandrino
3251 1952 3371 1987 cura

1763 2004 2152 2069 incumbebat,
2179 2005 2332 2057 diem
2343 2007 2746 2073 investigandi,
2760 2021 2873 2071 quo
2890 2008 3110 2072 pascha
3124 2014 3373 2072 quotan-

1763 2075 1856 2126 nis
1881 2075 2311 2128 celebrandum.
2345 2078 2427 2129 De
2451 2078 2560 2131 hoc
2585 2084 2746 2131 tanto
2771 2084 2907 2131 ante
2929 2084 3145 2133 certam
3170 2080 3369 2131 redde-

1764 2145 1862 2197 bat
1889 2146 2280 2210 Apostolicam
2319 2149 2545 2213 Sedem,
2572 2155 2631 2198 ut
2655 2150 2822 2215 hujus
2844 2151 3031 2216 scripti
3057 2150 3132 2200 ad
3156 2150 3373 2215 longin-

1765 2217 1983 2281 quiores
2034 2219 2293 2270 Ecclesias
2351 2221 2621 2272 indicium
2673 2222 2993 2286 generaliter
3019 2227 3372 2288 percurreret,

1763 2288 1952 2353 inquit
1974 2291 2088 2342 Leo
2111 2303 2354 2356 magnus
2380 2292 2442 2343 in
2465 2293 2643 2357 Epist.
2671 2295 2866 2345 XCIV.
2893 2293 3035 2345 alias
3067 2294 3262 2345 LXIV.
3295 2292 3367 2344 ad

1765 2361 2110 2413 Marcianum
2133 2365 2487 2428 Augustum.
2514 2364 2744 2416 Etenim
2772 2365 3368 2429 Pontifex,pramalure

1763 2437 1995 2497 accepto
2021 2433 2283 2499 Episcopi
2296 2436 2674 2488 Alexandrini
2694 2435 2951 2499 consilio,
2965 2436 3112 2487 diem
3127 2434 3368 2487 Pascha-

1765 2504 1836 2554 tis
1864 2505 2185 2567 sequuturi,
2212 2506 2464 2557 omnibus
2488 2507 2900 2557 occidentalium
2923 2507 3169 2571 partium
3183 2507 3367 2557 Sacer-

1765 2574 1971 2625 dotibus
1994 2576 2398 2644 denunciabal,
2423 2584 2488 2631 ut
2509 2579 2596 2631 ait
2618 2579 2771 2631 idem
2790 2581 2903 2631 Leo
2919 2580 3165 2643 Magnus
3197 2579 3364 2642 epist.

1765 2648 1929 2699 CXII.
1952 2648 2022 2698 ad
2043 2650 2397 2702 Marcianum
2408 2652 2759 2716 Augustum.
2780 2650 3186 2718 HiSacerdotes,
3205 2654 3370 2701 erant

1764 2731 1967 2771 omnes
1987 2721 2229 2773 Romani
2254 2724 2677 2775 Patriarchatus
2701 2722 3099 2787 metropolita,
3124 2734 3226 2787 per
3236 2721 3367 2772 Gal-

1760 2792 1897 2848 liam
1941 2793 2308 2861 Cisalpinam,
2333 2795 2635 2846 Venetiam
2684 2800 2744 2847 et
2775 2795 3020 2857 Istriam,
3057 2793 3364 2860 Illyricum,

1761 2867 2103 2932 Britannias,
2148 2865 2375 2928 Gallias,
2422 2865 2745 2930 Hispanias,
2780 2872 2839 2919 et
2868 2866 3119 2918 Africam
3146 2866 3367 2918 consti-

1762 2939 1889 3001 tuti,
1934 2940 2208 2993 nimirum
2231 2951 2333 3003 per
2361 2939 2541 2989 totam
2572 2938 2855 3000 Europam
2880 2950 3067 3002 usque
3095 2937 3170 2990 ad
3188 2937 3362 2990 Thra-

1760 3011 1929 3062 ciam.
1971 3010 2264 3075 Siquidem
2296 3009 2402 3060 has
2426 3021 2629 3060 omnes
2650 3008 2978 3073 provincias
3000 3008 3363 3059 Ecclesiasti-

1758 3094 1874 3145 cas,
1902 3085 2161 3135 Romano
2186 3079 2579 3132 Patriarchatu
2595 3079 3065 3144 comprehensas,
3084 3082 3248 3142 palam
3265 3085 3357 3140 est,

44 3165 225 3217 quam
258 3152 535 3205 veritum.
559 3153 746 3216 Neque
761 3154 926 3216 enim,
953 3159 1016 3205 ut
1040 3154 1121 3206 ait
1141 3155 1561 3216 Quinctilianus
1585 3156 1659 3208 de
1698 3215 1713 3217 _
1761 3157 1821 3207 et
1842 3154 2064 3206 dudum
2090 3151 2346 3205 ostendit
2364 3151 2623 3203 Norisius
2645 3151 2706 3203 in
2730 3151 3045 3216 Responsis
3056 3150 3125 3202 ad
3150 3153 3358 3203 Gerras

44 3215 427 3278 Institutione
449 3215 694 3276 oratoria
716 3224 861 3277 libro
886 3215 955 3277 X.
988 3239 1110 3292 cap.
1137 3215 1245 3278 I’ld
1262 3228 1447 3277 statim
1467 3227 1657 3293 legenti
1680 3215 1729 3290 C
1757 3237 2069 3291 germanas
2094 3222 2387 3276 Francisci
2420 3220 2640 3275 Macedi
2675 3234 2801 3286 pag.
2830 3215 2918 3276 41.
2955 3224 3035 3274 Ea
3068 3222 3361 3288 paschalis

39 3311 376 3359 persuasum
397 3297 483 3357 sit,
516 3297 722 3359 omnia,
757 3312 872 3361 qua
894 3300 1084 3362 magni
1114 3305 1353 3349 auctores
1376 3300 1653 3361 dixerunt,

44 3370 230 3433 utique
284 3383 394 3418 esse
428 3368 678 3432 perfecta.
724 3369 873 3419 Nam
898 3369 1159 3420 labuntur
1180 3371 1407 3435 aliquod
1429 3378 1475 3422 cl
1502 3373 1656 3421 oneri

39 3440 257 3491 cedunt.
296 3440 441 3493 Hac
464 3440 525 3492 in
544 3445 917 3494 antecessum
929 3441 1000 3493 de
1016 3442 1223 3493 Rufino
1241 3442 1380 3507 Syro
1393 3443 1465 3494 ab
1487 3443 1657 3507 Aqui-

41 3512 227 3575 lejensi
253 3511 508 3577 diverso,
533 3514 835 3566 occasione
862 3512 1038 3564 libelli
1061 3514 1123 3563 de
1144 3514 1267 3578 ﬁde,
1292 3526 1327 3566 a
1350 3514 1654 3567 Sirmondo

39 3584 289 3649 vulgati,
332 3589 647 3649 nostroque
676 3586 749 3638 ab
782 3584 1074 3649 aliquibus
1106 3585 1386 3638 attributi.
1418 3586 1492 3635 De
1514 3585 1654 3650 Syro

39 3656 196 3707 enim
246 3667 460 3707 rursus
500 3659 636 3721 post
672 3656 1033 3721 Aquilejensis
1063 3656 1306 3721 obitum,
1329 3657 1499 3722 cujus
1525 3660 1655 3709 acta

40 3739 216 3793 pergo
241 3739 515 3780 enarrare
534 3728 1028 3793 :quandoquidem
1052 3729 1315 3793 ejusdem
1337 3741 1509 3795 opera
1530 3741 1655 3781 om-

38 3799 129 3851 nia
174 3814 319 3850 vera
346 3805 405 3852 et
438 3800 650 3865 spuria,
675 3801 952 3851 exstantia
974 3805 1021 3850 et
1044 3800 1341 3866 deperdita,
1370 3802 1652 3853 hactenus

40 3882 337 3925 1⁸80608111.

634 3970 867 4023 CAPUT
907 3970 1067 4022 XIX.

39 4072 75 4119 Ι.
118 4066 415 4134 Theophili
435 4066 803 4118 Alexandrini
838 4068 1061 4133 epistola
1083 4068 1157 4119 ad
1170 4068 1527 4119 Anastasium
1542 4070 1653 4120 Pa-

95 4156 233 4206 pam
259 4140 411 4190 circa
434 4140 714 4190 Paschalis
737 4140 1138 4191 celebrationem
1168 4140 1351 4191 turbas
1369 4141 1566 4191 excitat
1590 4142 1651 4191 in

94 4212 363 4263 Ecclesia.
389 4212 458 4263 II.
485 4211 716 4273 Ruﬁnus
738 4213 805 4262 ab
836 4214 1129 4263 Anastaszo
1159 4213 1390 4262 minime
1413 4213 1651 4263 damna-

93 4289 201 4335 tus.
247 4285 351 4335 III.
388 4283 500 4333 Hoc
517 4289 708 4349 praeter
728 4285 843 4335 alia
866 4286 1092 4335 ostendit
1112 4286 1352 4349 ejusdem
1376 4300 1500 4334 cum
1523 4300 1653 4349 pra-

89 4356 277 4420 cipuis
344 4354 514 4405 Italia:
564 4355 844 4422 Episcopis
888 4358 1326 4407 communicatio.
1368 4357 1462 4409 IV.
1517 4356 1653 4421 Ejus

94 4432 323 4478 tantum
354 4426 620 4478 librorum
633 4428 1152 4479 Periarchonversio
1177 4443 1287 4478 non
1311 4428 1557 4492 probata.
1578 4430 1644 4479 V.

94 4499 296 4562 Ruﬁni
341 4513 600 4563 responsa
646 4500 721 4549 ad
756 4500 1161 4565 Hieronymum
1184 4500 1329 4550 circa
1361 4500 1649 4550 Anastasii

93 4572 263 4636 Papa
300 4569 583 4635 epistolam
606 4571 681 4621 ad
707 4576 791 4625 J0.
830 4572 1407 4637 Hierosolymitanum.
1436 4573 1527 4623 VI.
1558 4571 1648 4621 Si-

1757 3297 2126 3350 denunciatio
2146 3294 2617 3361 promulgabatur
2627 3305 2700 3344 ex
2715 3294 3055 3359 prascripto
3074 3296 3294 3345 Canonis
3319 3297 3365 3347 Ι.

1756 3368 1988 3421 Concilii
2013 3371 2053 3419 Ι.
2078 3366 2432 3419 Arelatensis
2455 3365 2515 3416 in
2538 3364 2790 3417 editione
2803 3365 3221 3417 Labbeitom.l.
3240 3382 3354 3428 pag.

1756 3440 1913 3496 1427.
1940 3440 2084 3493 Vide
2106 3438 2476 3491 Franciscum
2499 3436 2913 3489 Bernardinum
2936 3437 3257 3490 Ferrarium
3287 3437 3359 3490 de

1755 3514 1890 3565 Ritu
1935 3523 2235 3565 sacrarum
2278 3510 2619 3562 concionum
2660 3509 2756 3561 lib.
2796 3522 2834 3561 1.
2862 3521 2983 3573 cap.
3009 3522 3149 3561 xxv.
3180 3510 3351 3575 Apud

1753 3584 2180 3637 Alexandrinos
2207 3582 2266 3634 in
2291 3581 2610 3647 praecedenti
2637 3582 2768 3646 festo
2791 3581 3139 3646 Epiphaniae,
3158 3581 3352 3634 diaco—

1752 3668 1958 3708 norum
1991 3654 2281 3722 praconio
2303 3652 2362 3704 id
2385 3653 2509 3706 fieri
2534 3653 2874 3705 consuevit:
2897 3651 3052 3715 quod
3068 3653 3355 3717 pracipue

1752 3731 1983 3780 constat
2028 3741 2102 3780 ex
2135 3725 2393 3778 Cassiani
2432 3724 2733 3777 collatione
2755 3726 2825 3776 X.
2854 3737 2978 3788 cap.
3010 3729 3047 3774 I.
3077 3737 3201 3789 pag.
3228 3723 3351 3780 364.

1752 3799 1885 3852 edit.
1910 3799 2179 3852 Ciaconii.
2203 3803 2278 3851 At
2301 3809 2438 3849 vero
2464 3795 2768 3861 paschales
2792 3796 3014 3848 litteras
3029 3796 3101 3847 ab
3123 3798 3301 3845 Antisti
3311 3801 3355 3846 te

1753 3871 2143 3923 Alexandrino
2156 3870 2237 3921 ad
2260 3871 2601 3929 Romanum,
2628 3881 2663 3920 a
2684 3880 2801 3931 quo
2824 3867 3064 3931 reliqua
3086 3866 3356 3919 occiden-

1754 3946 1893 3994 tales
1922 3946 2249 4007 acceptura
2264 3944 2465 3991 essent
2492 3938 2781 4002 Ecclesia,
2807 3937 2869 3989 in
2890 3937 3207 4001 Epiphania
3223 3936 3355 3990 vul-

1750 4020 1990 4080 gatura,
2039 4027 2189 4062 anno
2222 4010 2490 4076 superiori
2513 4009 2794 4080 pramitti
2811 4008 3042 4080 solitas,
3066 4012 3219 4080 recte
3246 4007 3351 4059 ad-

1751 4077 1971 4138 notavit
2012 4082 2289 4135 Baronius
2322 4084 2386 4133 A.
2418 4082 2484 4132 D.
2510 4080 2632 4135 399.
2658 4080 2709 4145 §.
2733 4077 2819 4133 52.
2852 4091 2887 4131 a
2912 4078 3138 4131 Norisio
3161 4080 3349 4140 iniHi-

1752 4158 1929 4209 storia
1950 4156 2254 4219 Pelagiana
2274 4152 2371 4205 lib.
2395 4155 2437 4204 Ι.
2465 4165 2589 4217 cap.
2614 4154 2683 4203 II.
2710 4156 2767 4203 et
2784 4152 3011 4215 Pelagio
3035 4153 3101 4204 A.
3128 4152 3196 4203 Ι).
3222 4150 3318 4206 401
3334 4187 3347 4203 .

1749 4229 1799 4294 §.
1829 4228 1880 4283 8.
1912 4229 2197 4280 immerito
2217 4226 2728 4278 confutatus.Hac
2748 4224 2876 4276 fuse
2899 4223 3033 4275 alibi
3058 4238 3349 4287 persequor,

1750 4301 1822 4353 de
1853 4313 2005 4353 anno
2036 4298 2339 4352 emortuali
2357 4299 2410 4349 S.
2449 4296 2747 4349 Athanasii
2770 4296 3117 4360 disceptans.
3147 4295 3351 4346 Hiero-

1751 4386 1964 4438 nymus
2004 4372 2165 4424 initio
2189 4370 2318 4423 libri
2348 4371 2442 4421 III.
2468 4368 2763 4433 Apologia
2786 4381 2915 4433 pag.
2939 4365 3060 4421 453-
3087 4378 3260 4438 quem
3284 4365 3356 4416 li-

1750 4436 1918 4497 brum
1944 4444 2177 4509 scripsit
2194 4443 2430 4495 ineunte
2453 4443 2521 4491 A.
2547 4440 2611 4490 D.
2637 4438 2760 4493 402.
2780 4440 2880 4509 ait,
2899 4449 2970 4490 sn
2995 4436 3349 4490 DUASTheO-

1749 4515 1889 4583 phili
1910 4508 2213 4582 paschales
2238 4512 2512 4577 epistolas
2532 4510 2744 4583 perhoc
2756 4508 2926 4583 ferme
2946 4508 3227 4583 biennium
3244 4510 3346 4560 La-

1751 4579 2172 4649 tinas'i‘ecisse,
2219 4587 2497 4649 praterea
2538 4579 2748 4633 nullas.
2793 4582 2940 4645 Ergo
2963 4580 3347 4644 Hieronymus

94 4644 310 4738 multas.
329 4642 473 4692 inter
496 4642 896 4709 Hieronymum
912 4648 957 4695 et
967 4644 1232 4708 Ruﬁnum
1247 4643 1314 4694 ab
1336 4643 1642 4707 Augustino

1758 4672 1949 4738 earum
1967 4642 2336 4738 primam-pro
2536 4651 2662 4707 401.
2680 4642 3344 4738 latinami‘ecitfi‘nitioA.

96 4714 435 4780 improbata.

98 4806 140 4855 Ι.
168 4804 249 4856 Ut
282 4802 481 4867 Ruﬁni
522 4803 700 4857 libros
739 4816 858 4857 una
894 4804 1041 4856 serie
1061 4808 1237 4868 atque
1259 4803 1459 4857 ordine
1490 4816 1647 4855 com-

43 4874 483 4939 prehenderem,
502 4879 692 4929 cetera
716 4875 977 4941 ejusdem
992 4880 1122 4929 acta
1140 4874 1398 4941 paullum
1411 4890 1650 4937 seponere

40 4948 312 5011 oportuit.
340 4948 508 4999 Nunc
531 4947 767 5001 tandem
789 4948 1050 5001 omnium
1078 4948 1270 5011 Ruﬁni
1293 4959 1532 5012 operum
1556 4960 1649 4999 re-

42 5020 378 5071 censionem
402 5019 629 5072 absolvi
646 5034 660 5084 ;
677 5031 855 5084 quare
879 5019 1013 5073 illuc
1036 5019 1229 5083 redeo,
1242 5018 1401 5071 unde
1425 5018 1647 5079 diverti,

43 5092 325 5143 Fervente
347 5090 751 5145 dissidiointer
772 5092 1193 5156 Hieronymum
1213 5092 1446 5155 etRuﬁn
1456 5104 1550 5140 um
1574 5090 1650 5141 ob

44 5163 240 5216 Latine
262 5175 469 5215 versos
490 5162 751 5228 Origenis
772 5163 948 5216 libros
981 5161 1341 5225 Periarchon,
1379 5161 1648 5225 Theophi-

41 5233 121 5283 lus
140 5234 581 5288 Alexandrinus
604 5248 708 5301 pro
730 5237 799 5288 A.
824 5237 893 5288 D.
918 5233 1041 5291 401.
1070 5234 1381 5298 scripserat
1396 5234 1643 5297 primam

44 5306 375 5369 paschalem
416 5307 751 5373 Epistolam,
778 5308 994 5373 quain
1025 5306 1279 5371 vulgatis
1312 5304 1647 5370 Hieronymi

44 5378 287 5441 Operum
318 5378 665 5431 editionibus
687 5379 923 5430 secunda
944 5381 1034 5431 est
1056 5378 1236 5441 (Nunc
1267 5377 1553 5441 restituta),
1579 5380 1649 5430 ut

48 5449 172 5502 alibi
194 5450 335 5503 dixi.
363 5451 522 5516 Hac,
539 5463 672 5515 qua
694 5451 947 5517 plurium
972 5450 1234 5515 Origenis
1262 5462 1519 5503 errorum
1544 5451 1648 5501 Ca-

51 5520 300 5586 talogum
323 5536 399 5575 ex
420 5528 591 5588 capta
603 5524 905 5575 occasione
927 5522 1039 5575 dici
1056 5522 1346 5588 paschalis
1371 5534 1645 5586 pranun-

51 5594 251 5653 claudi.
277 5596 338 5646 in
364 5595 669 5660 epistolam
691 5596 1069 5657 intrusorum,
1096 5594 1648 5660 complectebatur,a

58 5666 397 5732 Hieronymo
439 5667 641 5719 Latine
689 5666 928 5724 reddita.
964 5668 1321 5731 Romamque
1364 5666 1435 5719 de
1487 5679 1646 5719 more

57 5742 405 5809 transmissa,
432 5744 499 5792 ut
522 5738 819 5792 Paschatis
843 5739 1109 5809 ejusdem
1131 5739 1267 5791 anni
1290 5737 1413 5794 401.
1432 5742 1645 5791 certam

58 5808 201 5863 diem
225 5811 619 5870 denunciaret,
640 5810 997 5863 Anastasium
1020 5808 1348 5876 pontiﬁcem
1367 5811 1512 5863 mire
1532 5815 1648 5863 tur-

59 5882 226 5937 bavit.
252 5883 441 5937 Latini
454 5883 632 5948 enim,
649 5883 994 5938 observante
1009 5882 1251 5946 Norisio,
1269 5880 1453 5937 Graci
1469 5881 1648 5937 homi-

1751 4733 1817 4783 D.
1847 4730 1968 4785 400.
1990 4732 2232 4781 Romam
2261 4724 2617 4785 mittendam,
2643 4729 2701 4777 et
2728 4738 2829 4789 per
2861 4728 3047 4777 totum
3081 4724 3349 4777 Occiden-

1750 4808 1866 4855 tem
1888 4802 1962 4853 ab
1993 4801 2121 4865 ejus
2155 4796 2482 4851 Patriarcha
2506 4796 2783 4849 Pontiilce
2804 4798 3065 4850 Romano
3101 4797 3349 4849 subinde

1748 4872 2121 4938 vulgandam.
2157 4870 2405 4935 Vulgata
2436 4872 2525 4921 est
2555 4872 2751 4921 autem
2776 4871 2977 4922 Roma
2999 4869 3250 4934 primum
3275 4868 3347 4920 ab

1745 4946 2053 5008 Anastasio,
2075 4943 2194 5009 qui,
2219 4946 2287 4995 ut
2304 4941 2525 4994 Primas
2548 4945 2607 4994 et
2628 4942 2928 4993 Exarchus
2942 4942 3124 4994 totius
3148 4939 3348 4994 Italia.

1748 5017 2071 5083 vuigandas
2093 5029 2232 5069 mox
2256 5014 2466 5080 pariter
2476 5013 2637 5067 misit
2650 5012 2725 5065 ad
2741 5013 2889 5066 duos
2909 5012 3350 5065 suiistiusExar-

1747 5090 1955 5143 cbatus
1978 5088 2291 5154 primarum
2313 5085 2967 5150 sediummetropoliias,
2981 5085 3080 5149 qui
3099 5088 3237 5136 tunc
3248 5083 3348 5135 soli

1746 5164 1807 5211 in
1839 5163 1998 5212 totius
2025 5161 2191 5212 Italia
2214 5159 2530 5213 continenti
2547 5158 2931 5217 habebantur,
2959 5156 3145 5207 Gallic
3172 5155 3346 5207 Cisal-

1744 5250 1888 5300 pina:
1910 5234 2205 5297 nimirum,
2238 5232 2461 5283 Venetia
2483 5236 2541 5284 et
2559 5230 2744 5281 Istrise.
2786 5229 3058 5291 Venerius,
3093 5229 3150 5280 et
3173 5226 3347 5278 Chro-

1745 5299 1966 5368 matius,
1991 5305 2064 5357 ad
2091 5317 2238 5369 quos
2267 5304 2328 5356 in
2353 5302 2733 5356 conventibus
2752 5312 2991 5353 suarum
3009 5299 3343 5349 Eeclesiarum

1744 5378 1978 5430 easdem
2024 5378 2282 5427 solemnes
2318 5376 2530 5439 literas,
2569 5374 2654 5427 uti
2690 5385 2789 5426 eas
2821 5374 2988 5425 vocat
3010 5369 3341 5435 Cassianus,

1746 5450 1997 5511 vulgare,
2024 5453 2083 5501 et
2101 5448 2340 5512 reliquis
2355 5448 2650 5513 Episcopls
2662 5439 3233 5513 comprovincialibus
3244 5443 3344 5491 sibi

1747 5522 2025 5585 subjectis
2050 5511 2713 5583 denunciare'pertinuit.
2732 5517 2870 5567 Hac
2892 5525 2959 5565 eo
2994 5511 3260 5577 tendunt,
3277 5519 3343 5567 ut

1746 5595 2016 5645 omnibus
2047 5591 2647 5659 pateat,Anastasium
2685 5590 3008 5659 Romanum
3033 5586 3340 5659 Pontiiicom,

1755 5666 2040 5715 Venerium
2051 5656 2120 5716 ’Μ
2129 5664 2567 5720 ediolanensem,
2585 5665 2643 5729 et
2657 5656 3345 5729 CltromatiumAquilejon-

1746 5749 1868 5788 sem
1912 5736 2226 5796 antistites,
2269 5734 2370 5787 ubi
2413 5727 2708 5794 TheOphili
2739 5727 3110 5782 Alexandrini
3147 5727 3342 5783 literas

1744 5808 2048 5875 paschales
2070 5820 2172 5873 pro
2195 5809 2261 5860 A.
2287 5807 2351 5858 D.
2376 5804 2498 5861 401.
2521 5804 2580 5857 in
2605 5803 2727 5857 suis
2751 5801 3021 5875 Ecclesiis
3046 5803 3341 5864 vulgarunt,

1744 5874 1803 5933 in
1837 5881 1900 5934 id
1950 5893 2132 5935 unum
2173 5878 2511 5939 intendisse,
2559 5878 2625 5930 ut
2656 5879 2880 5930 certum
2923 5874 3078 5931 diem
3102 5875 3339 5930 Pascha
