3894 6400
513 330 619 386 ‘279

1802 314 2044 373 RUFINI
2080 315 2517 369 PRESBYTERI

3715 302 3829 359 280

511 440 774 507 θᾸιιδάθω
789 439 926 493 anni
942 436 1065 491 81118
1088 435 1309 507 P090118
1326 434 1801 507 thnuuqiarent,
1820 432 1932 477 licet
1949 431 2110 507 obiter
2132 434 2187 505 Α
2216 437 2369 489 viros
2392 437 2449 488 in
2466 446 2712 487 errorem
2735 433 3020 507 adducere
3042 431 3296 496 possint!
3323 430 3833 507 QuumABaronius

509 503 569 565 in
611 511 818 564 iisdem
856 509 1036 563 literis
1069 506 1328 559 nonnulli
1362 503 1625 567 Origenis
1666 513 1907 563 errores,
1937 505 2109 552 antea

508 583 725 636 Latinis
746 581 946 646 ignoti,
972 580 1425 639 recenserentur,
1448 586 1693 638 quorum
1710 572 2018 646 damnatio,
2034 576 2121 620 Pa-

512 654 721 707 schalis
747 645 857 704 diei
880 649 1437 717 pranunciationem
1452 656 1823 717 nequaquam
1841 645 2109 717 spectabat.

508 723 858 791 Theophilus
882 716 1076 774 dedita
1113 731 1285 785 opera
1308 717 1677 791 paschalibus
1709 716 2110 791 literis_Orige-

507 786 710 850 nianos
733 807 968 855 errores,
994 794 1065 844 ab
1096 805 1157 843 se
1194 790 1457 842 studiose
1479 788 1766 847 collectos,
1792 786 2106 845 addiderat,

509 883 580 922 ne
613 868 833 922 Pascha
865 862 1249 931 pranunciari
1276 860 1663 931 posset,quin
1704 858 1913 931 pariter
1935 857 2107 931 iidem

506 953 723 992 errores
763 929 1230 1003 pralegerentur.
1284 935 1426 983 Rem
1462 930 1555 1003 his
1577 930 1790 1003 verbis
1827 929 2111 1003 expressit

508 1000 890 1075 Hieronymus
913 1006 1078 1070 Apol.
1100 1006 1148 1061 1.
1174 1004 1256 1055 lib
1279 1005 1346 1055 II.
1372 1015 1503 1068 pag.
1530 1001 1651 1056 417.
1680 1000 1931 1075 Episcopi
1951 1000 2111 1049 Ana-

503 1073 731 1145 stasius,
748 1078 1091 1144 Theophilus,
1141 1082 1187 1125 et
1225 1076 1501 1137 Venerius,
1547 1080 1592 1123 et
1640 1073 2009 1145 Chromatius,
2061 1080 2107 1122 et

507 1155 685 1204 omnis
708 1144 830 1203 tam
871 1150 1123 1212 Orientis,
1149 1163 1319 1209 quam
1366 1146 1657 1197 Occidentis
1706 1144 2107 1195 Catholicorum

509 1236 802 1288 SYNODUS,
829 1223 926 1287 qui
946 1221 1077 1286 pari
1098 1221 1378 1282 sententia,
1405 1220 1538 1282 quia
1558 1217 1688 1280 pari
1710 1217 1928 1281 spiritu,
1954 1216 2109 1265 illum

507 1296 837 1361 Origenem)
862 1293 1169 1343 haereticum
1196 1300 1605 1361 DBNUNCIANr
1623 1288 1858 1361 populis,
1885 1292 1976 1339 etc.
2002 1289 2108 1339 Ec-

508 1359 700 1421 clesia
724 1369 1075 1419 conventum
1091 1363 1151 1414 in
1166 1362 1258 1413 die
1284 1363 1428 1413 festo
1453 1359 1786 1425 Epiphania
1810 1371 2113 1423 congrega-

512 1442 652 1502 tum,
678 1442 746 1490 ut
761 1435 934 1488 futuri
957 1433 1246 1499 paschalis
1281 1432 1409 1484 festi
1433 1444 1501 1482 ac
1530 1430 2111 1502 sententiaAlexan-

508 1511 541 1561 d
550 1501 686 1561 rina
696 1509 757 1560 in
768 1506 1075 1571 Origenem
1086 1503 1584 1556 denunciationem
1597 1503 1811 1561 audiret,
1824 1501 2109 1565 Synodum

504 1579 766 1645 appellat.
790 1580 915 1631 Hoc
946 1577 1101 1628 idem
1134 1576 1273 1627 dicit
1302 1573 1627 1638 Theophilus
1663 1572 1817 1637 apud
1830 1572 2112 1624 Justinia-

507 1664 646 1703 num
661 1654 811 1714 Aug.
836 1649 898 1701 in
921 1646 1176 1713 Epistola
1198 1647 1272 1698 ad
1292 1647 1583 1705 Mennam,
1601 1645 1725 1696 sive
1749 1648 1995 1695 tractatu
2020 1646 2112 1692 ad-

509 1735 714 1774 versus
738 1720 1001 1785 Origenis
1021 1731 1243 1771 errores
1263 1723 1402 1769 tom.
1427 1718 1496 1767 V.
1524 1714 1905 1767 Conciliorum
1931 1716 2112 1764 Labbei

510 1806 635 1856 pag.
667 1791 792 1847 685.
825 1794 886 1843 B.
913 1793 998 1843 Ita
1027 1790 1181 1841 enim
1221 1789 1318 1849 ait,
1360 1789 1421 1840 in
1456 1790 1730 1841 Sermone
1752 1786 2004 1850 quodam
2033 1786 2105 1837 ad

511 1864 837 1928 Monachos,
854 1860 1201 1926 Origenismi
1217 1865 1355 1912 nota
1368 1859 1760 1911 insimulatos:
1780 1858 2109 1908 Anathema-

509 1937 726 1985 tisantes
753 1935 1053 1998 Origenem,
1096 1938 1395 1996 ceterosque
1436 1932 1705 1981 haereticos
1736 1929 1977 1994 exemplo
2015 1944 2119 1977 no-

506 2014 633 2068 stro,
659 2012 703 2056 et
735 2005 1020 2055 Anastasii
1061 2004 1116 2055 S.
1148 2005 1209 2054 Η.
1235 2004 1299 2053 E.
1329 2003 1735 2069 Episcopi,-qui
1762 2017 1829 2052 ea:
1866 1999 2121 2050 veteribus

506 2077 889 2128 certaminibus
926 2076 1131 2139 clarus,
1172 2075 1496 2125 nobilissimi
1536 2073 1725 2140 populi
1759 2074 1877 2122 dua:
1913 2078 2121 2122 creatus

505 2157 578 2199 cst
603 2166 618 2199 :
644 2164 798 2214 quem
834 2153 879 2198 et
910 2148 1166 2197 universa
1194 2147 1469 2196 beatorum
1507 2146 1800 2197 Occidentis
1841 2144 2121 2209 Episcopo‘

512 2230 1062 2283 z'tthYNODUS,quae
1074 2218 1270 2283 accepit
1282 2233 1344 2268 ac
1350 2217 1600 2282 probavit
1612 2219 1650 2266 Α
1663 2216 2119 2267 lerandrinorum

506 2292 742 2342 Ecclesiae
764 2290 1083 2341 sententiam
1104 2291 1167 2339 in
1204 2290 1441 2355 impium
1466 2289 1655 2352 latam,
1687 2294 1776 2339 etc.
1818 2291 1957 2341 Hac
1981 2286 2120 2338 scri-

506 2364 617 2424 psit
641 2360 993 2425 Theophilus
1023 2374 1097 2413 ex
1123 2361 1420 2413 Anastasii
1448 2360 1736 2425 pontificis
1766 2359 1963 2423 literis,
1992 2358 2119 2421 qui-

505 2436 612 2485 bus
636 2433 948 2499 respondit,
976 2446 1038 2485 se
1060 2434 1188 2496 ejus
1218 2432 1555 2497 paschalem
1582 2432 1896 2497 Epistolam
1921 2444 2023 2496 pro
2048 2433 2114 2482 A-

508 2508 568 2556 D.
598 2505 719 2560 4Ο1.
757 2517 873 2569 qua
907 2518 1126 2557 errores
1152 2505 1415 2569 Origcuis
1449 2506 1621 2557 etiam
1649 2503 2118 2557 continebantur‘

505 2588 602 2639 per
624 2576 773 2628 duos
803 2575 986 2627 Italia
1008 2575 1401 2640 metropolitas
1438 2576 1725 2625 Venerium
1761 2581 1819 2627 et
1854 2576 2117 2627 Chroma-

505 2650 541 2696 ti
550 2663 641 2697 um
667 2651 1005 2710 ceterosque
1023 2646 1199 2697 totius
1224 2646 1555 2698 Occidentis
1580 2648 1896 2710 primarum
1917 2650 2113 2697 sedium

506 2720 818 2783 Episcopos
846 2717 1169 2782 vulgandas
1207 2730 1457 2770 curasse.
1478 2720 1562 2769 Ex
1591 2718 1883 2777 Theophila
1907 2719 2115 2771 deinde

508 2790 585 2841 rei
608 2789 876 2842 notitiam
893 2786 1098 2840 habuit
1122 2789 1530 2853 Hieronymus.
1548 2792 1678 2841 Vox
1706 2790 1960 2854 Synodus
1984 2793 2113 2840 fefel-

505 2862 570 2913 lit
585 2860 992 2913 doctissimum
1016 2860 1204 2911 virum
1229 2861 1519 2910 Norisium
1544 2866 1601 2913 et
1627 2862 1958 2912 Garnerium
1975 2874 2117 2926 quo-

506 2945 618 2996 que
641 2932 700 2983 in
721 2932 876 2984 notis
898 2931 971 2983 ad
997 2930 1325 2984 Liberatum
1352 2945 1405 2997 p.
1432 2932 1554 2987 2°27.
1586 2938 1741 2985 ratos
1774 2945 1906 2985 vere
1928 2933 1991 2985 in
2010 2933 2109 2997 Sy-

506 3004 660 3053 nodis
683 3002 900 3065 Italicis,
922 3004 1117 3067 Roma,
1139 3004 1455 3068 Mediolani,
1481 3004 1756 3068 Aquilejte,
1776 3005 2109 3057 damnatum

512 3077 813 3140 Origenem,
845 3088 1025 3140 quum
1050 3080 1245 3127 tamen
1280 3077 1499 3140 Synodi
1523 3076 1637 3129 illa
1665 3090 1766 3129 seu
1793 3077 2118 3141 provincia-

516 3147 656 3199 lium
681 3150 999 3199 conventus
1024 3158 1141 3198 non
1163 3146 1236 3198 ad
1257 3147 1651 3200 damnandum
1676 3148 1981 3213 Origenem
2005 3164 2118 3198 cou-

2218 522 2289 559 ex
2313 508 2436 561 loco
2478 505 2829 569 Hieronymi,
2856 517 2971 556 non
2998 504 3145 555 bene
3169 504 3453 567 percepto,
3502 502 3833 567 Origenem

2216 580 2288 630 ab
2312 578 2601 629 Anastasio
2628 576 2914 641 pontifice,
2941 578 2997 626 et
3026 586 3182 637 mox,
3220 586 3288 625 eo
3316 572 3627 636 indicente,
3653 584 3693 624 a
3738 574 3830 623 Ve-

2214 652 2367 699 nerio
2384 647 2811 710 Mediolanensi,
2826 651 2882 697 et
2898 658 2931 697 a
2949 645 3263 696 Chromatio
3277 643 3636 709 Aquilejensi
3655 646 3830 706 palam

2215 722 2553 773 damnatum
2580 718 2911 770 tradidisset
2934 719 2999 769 A.
3030 719 3097 768 D.
3120 715 3241 770 400.
3268 717 3301 780 §
3324 715 3411 771 63.
3439 716 3829 780 postmodum

2213 792 2307 843 alii
2339 793 2464 855 viri,
2503 791 2793 842 literarum
2827 788 2997 839 laude
3029 788 3183 850 clari,
3219 788 3280 839 in
3302 787 3529 839 Baronii
3567 787 3833 847 vestigia

2212 864 2589 922 incurrentes.
2606 863 2860 926 idipsum
2881 860 3255 913 tradiderunt.
3283 861 3355 911 Hi
3382 865 3520 911 sunt
3544 864 3686 924 post
3713 861 3833 910 No-

2210 936 2413 986 risium
2435 935 2733 987 Johannes
2764 933 3086 991 Garnerius,
3125 937 3184 983 et
3210 932 3435 995 Pagius.
3461 931 3561 982 llle
3594 931 3675 983 ad
3698 933 3829 982 Ma-

2209 1007 2358 1057 rium
2378 1008 2769 1065 Mercatorem,
2796 1006 2972 1068 inque
2993 1004 3407 1055 Dissertatione
3433 1003 3505 1055 ad
3524 1006 3825 1053 Liberatum

2209 1078 2524 1128 Diaconum
2556 1089 2678 1141 cap.
2724 1077 2791 1126 V.
2825 1077 2875 1138 §.
2913 1075 2962 1129 1.
3000 1087 3129 1139 pag.
3168 1073 3292 1128 2‘27.
3327 1074 3537 1138 Pagius
3568 1086 3718 1125 vero
3759 1076 3827 1124 A.

2208 1149 2274 1198 D.
2311 1148 2432 1202 401.
2463 1149 2513 1211 ,8.
2539 1148 2590 1202 9.
2614 1149 2793 1198 Immo
2816 1147 2910 1199 hic
2948 1151 3275 1211 postremus
3310 1146 3573 1207 Ruﬁnum
3613 1146 3828 1199 eadem

2210 1220 2473 1283 Origenis
2496 1220 2864 1270 damnatione
2884 1218 3365 1282 comprehensum
3381 1255 3391 1273 ,
3409 1216 3565 1281 quod
3587 1220 3830 1265 Norisius

2202 1292 2331 1354 jure
2363 1295 2697 1355 negaverat,
2736 1302 3068 1342 asseverare
3100 1302 3220 1340 non
3253 1289 3535 1340 dubitavit
3562 1301 3579 1351 ;
3604 1288 3830 1353 quippe

2210 1375 2380 1425 quem
2407 1362 2619 1414 invitus
2636 1362 2860 1426 decepit
2877 1361 3192 1422 Garnerius,
3220 1360 3317 1423 qui
3333 1360 3641 1424 epistolam
3662 1363 3827 1411 Ana-

2210 1434 2372 1485 stasii
2394 1433 2466 1485 ad
2490 1435 2577 1486 Jo.
2607 1433 3212 1497 Hierosolymitanum,
3230 1444 3304 1483 ex
3328 1430 3524 1483 codice
3551 1431 3827 1483 Bellova-

2209 1505 2365 1556 ceusi
2390 1504 2581 1556 denuo
2604 1505 2677 1555 ab
2704 1518 2765 1556 se
2798 1504 3015 1556 editam
3036 1502 3399 1566 interpolavit
3424 1502 3606 1554 ferme
3624 1505 3827 1561 integro

2208 1576 2392 1638 capite
2429 1578 2575 1627 VIII.
2615 1576 2772 1640 quod
2801 1574 3062 1639 Origenis
3085 1579 3142 1625 et
3175 1574 3363 1637 Ruﬁni
3399 1574 3823 1623 damnationem

2213 1647 2549 1699 involverat.
2571 1650 2638 1699 Et
2658 1653 2853 1699 tamen
2879 1648 3196 1707 Garnerius,
3219 1658 3294 1697 ne
3310 1657 3651 1709 quenquam
3677 1649 3826 1694 falle-

2214 1722 2317 1779 ret,
2339 1719 2525 1782 ipsam
2549 1719 3069 1783 interpolationem,
3089 1719 3161 1769 ab
3188 1730 3249 1769 se
3274 1716 3504 1777 factam,
3530 1721 3591 1769 et
3617 1716 3823 1769 chara-

2215 1794 2366 1841 ctere
2406 1790 2634 1842 diverso
2665 1802 3021 1855 expressam,
3058 1790 3305 1853 ingenue
3332 1788 3543 1840 fatetur
3577 1788 3643 1840 in
3665 1790 3826 1840 notis

2222 1874 2348 1926 pag.
2377 1861 2497 1915 112.
2530 1862 2635 1914 col.
2663 1862 2712 1915 1.
2740 1862 3052 1926 Epistolam
3077 1862 3149 1912 ab
3172 1860 3719 1924 interpolationibus
3735 1876 3826 1908 va-

2221 1945 2409 1993 cuam,
2444 1932 2742 1995 Baronius,
2780 1935 2988 1997 prater
3015 1931 3157 1983 alios
3194 1931 3448 1983 ediderat
3486 1932 3553 1982 A.
3586 1933 3662 1983 D.
3698 1931 3822 1985 402.

2221 2004 2270 2066 §.
2291 2003 2375 2057 26.
2398 2004 2457 2054 in
2475 2016 2589 2066 qua
2604 2004 2819 2055 nullam
2843 2003 3123 2067 Origenis,
3139 2001 3357 2053 nullam
3374 2002 3563 2065 [iu/ini
3577 2002 3827 2051 damna-

2221 2075 2419 2123 tionem
2452 2075 2833 2127 offendimus:
2872 2075 3030 2127 nulla
3060 2074 3290 2133 Venerii,
3314 2073 3474 2125 nulla
3511 2074 3825 2125 Chromalii

2217 2146 2277 2196 in
2324 2146 2553 2209 Synodis
2598 2160 2835 2198 suorum
2874 2146 3460 2211 comprovincialium,
3506 2146 3821 2210 Origenem

2219 2220 2385 2272 Rufin
2394 2232 2606 2285 umque
2624 2219 3039 2278 damnantium,
3060 2218 3125 2270 fit
3140 2218 3369 2270 mentio.
3386 2219 3578 2270 Unum
3602 2220 3669 2266 de
3686 2221 3820 2267 Butl-

2217 2307 2287 2339 no
2308 2292 2388 2344 ait
2403 2293 2479 2343 ibi
2503 2292 2868 2354 Anastasius,
2888 2290 3066 2343 solius
3088 2289 3189 2342 Dei
3210 2302 3340 2341 esse
3363 2289 3435 2340 de
3459 2300 3525 2339 eo
3538 2288 3821 2349 judicare.

2218 2365 2363 2427 Ergo
2388 2364 2511 2427 ipse
2532 2362 2755 2414 nullum
2774 2362 2845 2414 de
2869 2361 2963 2413 illo
2981 2360 3260 2424 judicium
3285 2360 3432 2422 tulit,
3451 2359 3824 2423 eundemque

2217 2435 2453 2486 minime
2490 2433 2915 2487 condemnavit.
2955 2433 3148 2495 Addit,
3176 2444 3239 2484 se
3273 2431 3344 2483 de
3374 2432 3623 2494 Origene
3648 2431 3823 2494 quid-

2216 2517 2389 2569 quam
2404 2510 2574 2557 antea
2597 2506 2892 2557 nesciisse.
2918 2506 3163 2556 Mentem
3182 2515 3347 2553 suam
3370 2502 3442 2554 de
3458 2502 3651 2562 Ruﬁni
3667 2507 3825 2552 trans-

2215 2578 2425 2629 latione
2450 2576 2725 2629 librorum
2752 2576 3091 2629 Periarchon
3106 2574 3357 2626 Johanni
3381 2573 3590 2625 deinde
3613 2575 3820 2638 aperit,

2215 2648 2369 2699 illam
2409 2648 2621 2699 scilicet
2655 2649 2813 2713 puris
2848 2647 3113 2697 mentibus
3155 2645 3538 2707 (Pammachii,
3583 2646 3821 2697 Oceani.

2216 2725 2274 2771 et
2298 2718 2593 2782 Marcella)
2619 2718 2912 2782 quandam
2936 2717 3188 2767 nebulam
3202 2717 3507 2780 excitasse,
3522 2717 3695 2780 quasi
3718 2718 3826 2767 Ru-

2214 2793 2359 2851 ﬁnus
2381 2790 2666 2853 interpres
2700 2790 2873 2842 fidem
2897 2789 3246 2841 Catholicam
3268 2802 3337 2841 ea
3365 2788 3578 2841 ladere
3600 2786 3827 2840 voluis-

2216 2867 2319 2912 set.
2349 2863 2528 2912 Suum
2559 2866 2750 2912 tamen
2773 2862 2846 2914 de
2876 2862 3018 2913 libro
3050 2861 3350 2925 judicium,
3382 2873 3451 2913 ex
3477 2871 3594 2911 una
3623 2860 3821 2922 Ruﬁni

2214 2933 2541 2997 interpretis
2570 2933 2888 2985 intentione
2912 2932 3159 2997 pendere
3182 2933 3449 2987 declarat.
3470 2931 3527 2984 Si
3545 2931 3703 2983 enim
3728 2944 3819 2982 er-

2216 3017 2372 3055 rores
2398 3004 2653 3066 damnat,
2672 3017 2735 3057 se
2759 3005 2867 3056 hac
2889 3006 3203 3069 approbare
3216 3005 3315 3057 ait.
3339 3004 3395 3055 Si
3418 3004 3710 3055 erroribus
3731 3006 3820 3051 ad-

2220 3075 2477 3137 sentitur,
2503 3075 2612 3127 hoc
2639 3090 2701 3127 se
2730 3088 2845 3127 non
2878 3076 3203 3139 admittere,
3240 3076 3344 3128 sed
3374 3078 3504 3141 jure
3528 3078 3586 3127 et
3607 3076 3821 3129 merito

2218 3147 2616 3199 condemnare.
2644 3150 2765 3200 Hoc
2779 3148 2878 3200 Dei
2902 3147 3278 3213 providentia
3294 3150 3521 3213 gratum
3538 3148 3657 3200 fore
3680 3160 3823 3199 con-

516 3218 792 3289 venerint,
820 3218 923 3289 sed
938 3216 1015 3289 ad
1027 3218 1347 3271 audiendas
1371 3231 1405 3270 a
1427 3219 1805 3284 metropolitis
1822 3220 2117 3285 Theophili
2140 3218 2185 3289 C
2220 3218 2360 3270 tldit.
2386 3218 2598 3271 Eadem
2624 3233 2687 3272 se
2710 3220 2783 3271 ad
2808 3221 3082 3271 Sanctum
3114 3220 3403 3269 Venerium
3421 3217 3820 3271 Mediolanen-

517 3288 803 3354 Epistolas,
842 3288 1022 3340 futuri
1058 3290 1349 3353 paschalis
1388 3290 1542 3342 diem
1564 3295 1778 3343 certam
1804 3293 2117 3355 quotannis

518 3360 589 3413 de
605 3372 763 3412 more
779 3360 1260 3423 pranunciantes.
1281 3361 1433 3413 Audi
1451 3362 1865 3425 Hieronymum
1882 3367 1936 3413 in
1954 3365 2119 3415 litoris

516 3431 590 3484 ad
614 3430 990 3496 Theophilum
1019 3445 1029 3477 :
1079 3432 1390 3481 Vincentius
1410 3432 1680 3497 presbyter
1716 3439 1839 3482 ante
1870 3434 2118 3494 biduum,

518 3517 687 3567 quam
718 3503 860 3551 hanc
882 3501 1161 3566 epistolam
1186 3503 1389 3564 darem,
1415 3504 1477 3553 de
1505 3504 1637 3553 Urbe
1661 3506 1820 3566 venit,
1846 3511 1891 3555 et
1911 3507 2119 3571 suppli-

518 3573 647 3623 citer
670 3578 713 3623 te
733 3572 949 3631 salutat,
976 3572 1257 3638 crebroque
1271 3590 1511 3625 sermone
1533 3576 1870 3640 concelebrat,
1892 3579 2117 3628 Romam

520 3650 564 3693 el
600 3644 823 3694 Italiam
850 3643 955 3693 tuis
991 3646 1303 3698 EPISTOLIS
1340 3646 1475 3709 (non
1505 3647 1758 3710 Synodis)
1799 3648 2120 3709 liberatam;

519 3715 794 3767 nimirum
829 3716 902 3767 ab
926 3716 1306 3781 Origenismo,
1344 3719 1480 3782 quia
1520 3718 1804 3784 Theophili
1819 3722 2121 3784 paschales

519 3786 775 3851 epistola
792 3786 852 3837 in
878 3786 1195 3851 Epiphania
1210 3801 1241 3839 a
1267 3788 1509 3853 singulis
1524 3790 1920 3855 metropolitis,
1941 3796 1999 3845 et
2015 3795 2123 3853 epi-

521 3858 712 3922 scopis
727 3857 905 3912 Italia
919 3859 979 3911 in
1002 3860 1569 3924 comprovincialium
1587 3866 1644 3913 et
1667 3863 2010 3927 populorum
2031 3866 2126 3913 fre-

518 3929 752 3993 quentia
774 3931 1060 3995 perlecta,
1084 3931 1385 3996 Catalogos
1415 3933 1586 3985 etiam
1610 3947 1870 3987 errorum
1892 3936 2123 3997 Origenis

517 4002 588 4051 ab
612 4001 815 4054 eodem
841 4002 1154 4066 Theophila
1188 4016 1363 4055 cusos
1389 4002 1934 4068 complectebantur.

582 4072 647 4122 ll.
675 4072 926 4137 Ruﬁnus,
953 4072 1235 4138 Aquileja
1257 4074 1494 4139 degens.
1520 4087 1701 4138 quum
1728 4075 1787 4126 in
1812 4075 2126 4140 Epiphania

518 4140 654 4192 anni
682 4140 803 4195 491.
842 4141 935 4195 ha
971 4144 1251 4209 Theophili
1280 4144 1581 4210 paschales
1616 4145 1795 4197 litera
1824 4158 1859 4197 a
1881 4146 2124 4199 diacono

522 4212 580 4262 in
598 4210 850 4263 Ecclesia
872 4213 943 4264 de
960 4226 1120 4267 more
1136 4216 1605 4279 pralegerentur,
1623 4217 1817 4268 audita
1837 4223 2125 4269 recensione

517 4294 774 4334 errorum
801 4282 1067 4348 Origenis,
1090 4286 1408 4347 exhorruit,
1434 4299 1613 4351 seque
1638 4288 1766 4339 illos
1795 4293 1930 4341 ante
1962 4283 2126 4354 ign'o-

517 4366 677 4407 rasse
714 4356 1121 4418 prononciavit.
1169 4359 1291 4409 Hoc
1326 4359 1409 4425 ,ab
1452 4358 1652 4409 amicis
1696 4360 2126 4425 Aquilejensibus

522 4425 869 4490 Hieronymo
887 4428 1168 4491 scriptum
1198 4432 1302 4480 est.
1330 4431 1471 4481 Rem
1495 4430 1618 4493 ipse
1634 4435 1828 4484 narrat
1846 4433 1937 4485 his
1961 4438 2127 4485 verbis

521 4496 682 4570 Apol.
705 4495 803 4549 lib.
831 4496 889 4570 1.Δ
902 4510 1031 4563 pag.
1061 4499 1183 4555 363.
1212 4501 1377 4551 Lectis
1400 4503 1637 4553 NUPER
1661 4519 1816 4568 papae
1849 4505 2128 4570 Theophili

518 4568 933 4640 l‘lPlSTOLlS,_in
950 4570 1143 4633 quibus
1172 4572 1417 4636 Origenis
1438 4573 1661 4637 exponit
1677 4591 1899 4640 errores,
1924 4568 2124 4628 dicitur

520 4638 799 4701 (Ruﬁnus)
817 4637 1087 4690 obturasse
1112 4657 1271 4692 aures
1300 4659 1443 4705 suas,
1462 4651 1510 4693 et
1533 4652 1803 4696 auctorem
1828 4637 1968 4698 tanti
1990 4649 2123 4700 mali

517 4707 669 4784 clara
691 4723 817 4757 cum
839 4710 1091 4784 omnibus
1108 4728 1228 4763 voce
1255 4716 1561 4781 damnasse,
1576 4723 1621 4767 et
1644 4719 1843 4769 dixisse
1865 4736 2032 4784 usque
2052 4722 2125 4770 ad

515 4779 655 4860 illud
678 4784 884 4860 tempus
905 4796 957 4831 se
976 4783 1252 4860 ignorasse
1272 4786 1418 4860 quod
1438 4779 1557 4837 tam
1572 4790 1792 4851 nefaria
1815 4779 2121 4856 scripsisset.

520 4851 660 4930 Hac
686 4851 1015 4930 Hieronymi
1031 4855 1205 4907 verba
1220 4868 1328 4908 nos
1344 4857 1569 4920 docent,
1597 4861 1858 4925 Origenis
1882 4851 2124 4913 condem-

520 4926 913 5003 nationcmuut.
926 4929 1112 5003 vocat,
1126 4939 1306 5003 quam
1327 4930 1693 4991 Chromatius,
1712 4936 1997 4997 prasente
2012 4937 2125 4985 Ru-

517 4993 669 5068 ﬁno,_
691 4992 972 5068 Aquileja
1005 4997 1337 5063 publicavit,
1368 5013 1485 5054 non
1516 5002 1673 5055 aliud
1711 4992 1911 5067 fuisse,
1948 5018 2121 5068 quam

517 5063 829 5145 paschalem
852 5065 1154 5145 Theophili
1166 5071 1491 5145 Epistolam.
1518 5075 1601 5126 De
1624 5063 1915 5125 Anastasio
1938 5063 1997 5128 et
2029 5078 2124 5127 Vc-

521 5135 673 5217 nerio
696 5135 850 5217 idem
865 5138 1107 5217 omnino_
1122 5135 1432 5217 dicendum
1450 5150 1556 5217 est.
1573 5146 1968 5217 Hieronymus
1991 5161 2123 5213 pro-

517 5205 927 5288 mulgationem
954 5211 1240 5288 paschalis
1264 5214 1545 5288 epistola,
1569 5216 1629 5288 in
1656 5229 1769 5280 qua
1791 5205 2008 5282 praeter
2020 5233 2121 5285 pa-

518 5276 755 5358 schalis
780 5276 1355 5358 pranunciationem,
1393 5287 1565 5338 etiam
1604 5276 1865 5352 Origenis
1900 5276 2119 5345 errores

516 5347 969 5428 explicabantur,
988 5360 1159 5428 vocat
1182 5347 1684 5428 condemnationem
1701 5347 1980 5425 Origenis.
2007 5366 2119 5416 No-

516 5418 689 5499 risius
710 5419 1038 5499 inHistoria
1062 5426 1368 5499 Pelagiana
1385 5425 1481 5478 lib.
1509 5429 1549 5478 Ι.
1577 5440 1699 5494 cap.
1720 5418 2119 5487 Iliverborum

520 5491 851 5570 Hieronymi
869 5508 1106 5570 sensum
1124 5497 1319 5570 minus
1343 5503 1493 5570 recte
1513 5491 1835 5567 assecutus,
1852 5506 1949 5570 ait,
1974 5507 2034 5555 in
2059 5522 2121 5554 ea

518 5565 695 5610 tamen
717 5562 962 5628 Origenis
975 5562 2122 5632 damnatione,Ruﬁnummininienoimina-

520 5636 654 5708 l_u_m.
696 5635 818 5708 Hoc
862 5638 1234 5691 verissimum
1280 5644 1385 5691 est.
1434 5641 1546 5694 Cur
1594 5645 1747 5697 enim
1789 5647 2020 5708 Ruﬁnus
2059 5647 2120 5699 in

520 5702 818 5783 Theophili
850 5708 1198 5783 paschalibus
1230 5708 1413 5783 literis,
1463 5714 1680 5779 ubique
1726 5702 2008 5768 terrarum
2041 5718 2117 5770 le-

519 5774 743 5855 gendis,
764 5776 1049 5855 nominari
1072 5779 1303 5855 debuit?
1321 5784 1504 5855 Tanta
1526 5774 1678 5837 inest
1704 5787 1927 5850 magnis
1952 5792 2118 5836 nomi-

521 5844 696 5897 nibus
717 5847 1047 5913 auctoritas,
1074 5852 1141 5904 ut
1164 5864 1363 5906 secum
1386 5854 1693 5919 aliquando
1721 5844 2121 5912 celéberrimos

2219 3303 2339 3340 sem
2366 3290 2666 3355 scripsisse
2691 3296 2958 3355 testatur,
3002 3291 3100 3354 qui
3139 3291 3356 3343 scilicet
3388 3304 3489 3355 pro
3524 3292 3725 3353 Ruﬁno
3746 3291 3819 3342 ad

2220 3363 2590 3415 Auastasium
2621 3364 2945 3428 scripserat,
2961 3362 3247 3424 hortatus,
3269 3376 3344 3416 ne
3366 3363 3647 3427 superﬂua
3667 3362 3820 3412 labo-

2220 3440 2361 3483 raret
2397 3435 2713 3498 formidine,
2746 3451 2916 3499 neque
2947 3450 3089 3485 vano
3125 3436 3315 3485 timere
3345 3435 3727 3485 sollicitaretur
3746 3436 3822 3485 ob

2220 3506 2405 3567 Ruﬁni
2432 3506 2881 3559 translationem.
2910 3508 2979 3559 Se
3014 3510 3369 3565 curaturum,
3394 3512 3460 3559 ut
3489 3505 3685 3571 populi
3711 3506 3820 3558 sibi

2218 3576 2416 3629 crediti
2433 3578 2506 3629 ab
2521 3579 2708 3642 Ruﬁni
2732 3578 2994 3630 versione
3017 3583 3275 3641 caveant,
3296 3592 3371 3630 ne
3390 3578 3602 3629 devotas
3622 3583 3821 3627 mentes

2216 3649 2463 3698 immissa
2499 3650 2587 3698 sui
2621 3650 2847 3714 caligine
2883 3650 3197 3712 labefactare
3229 3655 3468 3701 conetur.
3502 3649 3731 3702 Arcadii
3763 3653 3819 3699 et

2220 3721 2455 3772 Honorii
2470 3723 2865 3785 Augustorum
2882 3722 3077 3774 literas
3094 3722 3163 3773 ad
3182 3735 3244 3774 se
3263 3721 3502 3784 delatas,
3519 3722 3732 3785 quibus
3743 3738 3820 3771 ca.

2222 3790 2415 3843 tholici
2432 3791 2695 3856 Origenis
2718 3792 2962 3845 lectione
2985 3793 3476 3844 interdicerentur.
3504 3794 3588 3844 Ita
3611 3793 3818 3844 deinde

2220 3862 2536 3915 concludit:
2564 3865 2835 3914 Hactenus
2851 3865 3119 3914 sententia
3141 3880 3265 3913 inea
3292 3866 3474 3928 forma
3493 3865 3816 3929 processerit.

2222 3935 2399 3998 Atqui
2420 3935 2577 3987 nulla
2596 3941 2749 3988 certe
2762 3936 2818 3986 in
2830 3936 3125 3999 Rufinum,
3149 3937 3416 3985 sententiae
3434 3935 3818 3987 damnationis

2221 4005 2403 4068 forma
2428 4007 2677 4071 processit
2695 4007 2754 4057 in
2771 4007 2969 4058 eadem
2996 4006 3253 4071 epistola,
3280 4019 3470 4071 neque
3488 4006 3548 4057 in
3571 4006 3687 4058 ullo
3720 4009 3817 4055 alio

2224 4078 2405 4130 veteri
2430 4083 2825 4130 monumento.
2847 4077 3105 4140 Querela
3129 4079 3186 4129 in
3210 4079 3474 4141 Ruﬁnum
3498 4078 3748 4130 amicum
3773 4085 3815 4126 el

2226 4161 2348 4201 sua
2375 4149 2644 4201 Ecclesia
2667 4150 3069 4214 presbyterum
3088 4162 3324 4215 sparsa,
3348 4150 3660 4200 Johannem
3684 4151 3819 4202 ade-

2223 4225 2445 4285 gerant,
2470 4225 2535 4272 ut
2551 4220 2911 4283 suspiciones
2936 4234 3075 4273 suas
3092 4220 3151 4272 in
3167 4221 3391 4273 illarum
3408 4225 3671 4273 auctores
3684 4225 3816 4284 apud

2228 4293 2266 4340 Α
2281 4292 2578 4341 nastasium
2597 4291 2935 4344 effunderet.
2956 4293 3217 4344 Pontifex
3240 4292 3347 4344 hac
3363 4292 3432 4343 de
3450 4305 3509 4343 re
3532 4294 3593 4340 ad
3612 4292 3822 4343 Johan-

2228 4378 2348 4411 nem
2373 4362 2751 4428 respondens,
2769 4368 2934 4428 rogat
2958 4363 3317 4427 suspiciones
3335 4364 3600 4427 deponat,
3624 4365 3824 4416 memi-

2227 4435 2505 4498 neritque,
2535 4435 2635 4487 Dei
2658 4447 2789 4487 esse
2819 4435 2991 4486 corda
3022 4435 3321 4487 hominum
3345 4434 3729 4499 introspicere,
3756 4436 3824 4488 de

2228 4507 2424 4568 Ruﬁno
2450 4505 2557 4559 hoc
2580 4506 2801 4557 addens
2826 4524 2836 4555 :
2863 4507 3103 4571 Propria
3128 4513 3270 4556 ment
3291 4507 3574 4571 eOrigenis
3600 4508 3739 4556 dicta
3766 4508 3821 4556 in

2152 4595 2205 4668 υ
2232 4578 2485 4668 latinum
2518 4578 2893 4668 t’r:a11stulit,_et
2919 4578 3197 4668 probauit:
3242 4593 3334 4627 nec
3362 4578 3745 4668 dissi't'nilis‘ab
3770 4595 3824 4625 eo

2226 4656 2314 4710 est,
2351 4650 2447 4714 qui
2492 4650 2684 4699 alienis
2721 4650 2866 4700 vitiis
2903 4656 3117 4715 praestat
3148 4665 3442 4700 assensum.
3477 4650 3617 4699 Illud
3648 4656 3818 4700 tamen

2222 4725 2354 4770 scire
2380 4724 2471 4784 (te)
2497 4723 2673 4785 cupio.
2702 4723 2779 4773 ita
2805 4723 2990 4773 haberi
3014 4739 3049 4773 a
3072 4722 3269 4772 nostris
3291 4722 3535 4786 partibus
3560 4722 3817 4781 alienum,

2226 4800 2281 4839 ut
2312 4794 2445 4856 quid
2467 4800 2613 4857 agat,
2648 4793 2741 4842 ubi
2776 4794 2863 4857 sit,
2902 4794 3103 4843 nescire
3122 4795 3427 4859 cupiamus.
3461 4796 3575 4859 Ipse
3596 4793 3819 4859 denique

2225 4863 2433 4924 viderit,
2453 4864 2545 4913 ubi
2558 4865 2723 4929 possit
2745 4864 2961 4915 absolvi.
2987 4866 3124 4916 Haec
3145 4876 3375 4916 summa
3397 4867 3652 4913 literarum
3669 4865 3817 4915 Ana-

2224 4935 2378 4983 stasii
2400 4935 2473 4986 ad
2501 4935 2847 4998 Johannem,
2879 4948 3026 4999 quas
3050 4935 3330 4987 Baronius
3355 4938 3418 4986 A.
3446 4936 3512 4987 D.
3535 4933 3650 4988 40'2.
3675 4936 3708 4999 ἓ
3730 4934 3813 4989 ‘26.

2225 5004 2382 5060 et30.
2401 5005 2534 5056 huic
2552 5018 2704 5057 anno
2728 5005 2942 5069 deﬁxit,
2967 5006 3228 5058 nondum
3257 5006 3475 5058 scilicet
3499 5005 3820 5057 evolutodic

2222 5075 2309 5129 '28.
2342 5077 2570 5141 Aprilis,
2597 5090 2712 5140 quo
2738 5078 2994 5129 Pontifex
3013 5077 3206 5128 vivere
3225 5076 3411 5129 desiit.
3433 5079 3507 5128 At
3530 5076 3698 5128 citius
3722 5077 3817 5128 da—

2225 5154 2313 5199 tas
2354 5149 2501 5200 intra
2537 5148 2933 5201 ostendemus.
2977 5149 3304 5198 Anastasius
3340 5153 3533 5200 tamen
3574 5160 3669 5199 eas
3714 5162 3812 5200 nec

2225 5222 2439 5283 Romae,
2467 5234 2655 5285 neque
2681 5221 2739 5271 in
2764 5220 2941 5277 Italia,
2969 5218 3243 5283 vulgavit,
3276 5221 3488 5285 quippe
3512 5220 3610 5283 qui
3631 5220 3815 5284 priva-

2223 5291 2321 5340 tim
2345 5293 2589 5355 scriptas
2611 5291 2685 5342 ad
2703 5304 2885 5342 unum
2904 5290 3228 5342 Johannem
3248 5290 3423 5353 dedit,
3445 5290 3494 5342 si
3527 5303 3657 5342 vere
3679 5292 3811 5343 scri-

2223 5362 2352 5426 psit.
2369 5363 2707 5414 Dubitatum
2728 5361 2875 5411 enim
2901 5374 2936 5413 a
2959 5361 3183 5424 Rufino,
3207 5365 3267 5414 et
3289 5374 3325 5414 a
3340 5361 3513 5413 variis
3534 5360 3718 5413 doctis
3740 5377 3816 5411 su-

2221 5435 2457 5497 perioris
2482 5434 2611 5485 avi.
2645 5433 2775 5495 Sed,
2801 5447 2900 5498 per
2920 5447 3031 5495 me,
3059 5434 3287 5498 scripta
3304 5433 3530 5486 fuerint.
3558 5435 3669 5485 Eas
3685 5436 3808 5483 enim

2221 5518 2321 5569 pro
2355 5519 2489 5558 vere
2525 5505 2751 5570 scriptis
2800 5505 3061 5557 admitto.
3100 5506 3242 5558 Inde
3283 5509 3479 5558 tamen
3502 5504 3627 5557 elici
3659 5511 3810 5569 puto.

2221 5578 2497 5627 Anastasii
2522 5577 2807 5642 privatam
2825 5578 3231 5629 etfamiliarem
3259 5577 3584 5642 epistolam,
3608 5577 3680 5629 ad
3696 5582 3814 5628 anti-

2222 5649 2414 5701 stitem
2437 5647 3022 5713 Iiierosolymitanum
3044 5649 3256 5711 datam,
3280 5662 3382 5715 pro
3400 5650 3627 5702 decreto
3652 5648 3815 5715 Syno-

2221 5720 2361 5777 dico,
2387 5721 2444 5771 in
2479 5720 2784 5784 Origenem
2818 5726 2877 5773 et
2903 5721 3169 5782 Ruﬁnum
3194 5722 3379 5785 palam
3404 5721 3575 5783 edito,
3605 5733 3811 5784 nequa-

2220 5804 2393 5855 quam
2412 5793 2724 5846 habendas.
2751 5791 3287 5857 Etenimjudiciaria
3304 5793 3570 5845 Ecclesia
3586 5796 3809 5842 Romana

2221 5863 2462 5925 decreta,
2491 5866 2664 5915 Roma
2686 5865 2864 5929 prius,
2883 5876 3057 5928 quam
3080 5863 3233 5927 alibi,
3256 5865 3474 5929 vulgari
3500 5876 3808 5917 consueve-
