3894 6400
72 310 179 369 281

73 429 250 506 runt.
275 425 518 506 Rufinus
539 427 602 506 iu
627 431 867 506 Venetia
887 436 1239 506 morabatur,
1263 438 1522 505 adeoque
1545 443 1696 497 intra

74 498 372 581 terminos
384 498 677 581 Rﬁmatus
698 506 757 554 et
779 504 1145 581 Exarchatus
1164 498 1408 581 Romani
1420 498 1692 581 pontiﬁcis,

74 567 151 651 ad
178 581 365 651 quem
387 570 720 651 Apologiam
732 586 898 627 suam
909 576 1168 651 miserat,
1182 567 1692 646 ideoque-publius;

79 640 490 720 damnationis
513 655 744 720 panum
765 648 1134 715 promeritus,
1156 640 1385 711 summi
1410 640 1697 720 pontificis

76 714 441 776 peremtorio
458 714 694 779 judicio,
710 730 783 770 ex
806 720 1085 775 Romana
1107 724 1381 779 Ecclesia
1403 714 1459 780 et
1482 730 1594 782 avi
1622 730 1699 782 di-

79 783 340 849 sciplina
359 785 551 849 palam
574 789 774 843 Roma
797 791 969 853 edito,
986 792 1246 848 damnari
1266 797 1579 853 debuisset.
1596 806 1698 852 Hoc

80 855 416 937 factumest
430 871 746 937 nunquam.
766 862 940 937 Miror
950 877 1122 929 quam
1133 868 1536 935 maxime,duos
1548 876 1695 937 longe

77 927 463 1013 doctissimos
478 935 539 1013 et
553 927 1019 1013 religiosissimos
1036 927 1692 1013 cardinales,'Baronium,

78 1003 137 1077 et
154 1012 234 1052 ex
259 1002 640 1077 eo_Jacohum
663 1007 966 1059 Peronium
988 1009 1050 1061 in
1071 1002 1380 1077 Responso
1393 1015 1596 1070 iterato
1619 1002 1692 1071 ad

82 1073 309 1147 Regem
327 1072 641 1147 Britannia
665 1088 787 1142 cap.
814 1079 1076 1134 XXXIII.
1102 1072 1343 1147 Pagium
1361 1087 1536 1140 etiam
1549 1091 1689 1142 A.D.

78 1142 208 1226 .
250 1143 913 1226 §_.__i6._Tillemontium
939 1156 1075 1204 tom.
1107 1142 1229 1207 ΧΙῙ.
1261 1160 1367 1209 art.
1412 1158 1533 1215 100.
1562 1173 1689 1226 pag.

78 1214 211 1294 illi
232 1217 969 1294 etNatalemAlexandrum
990 1228 1203 1279 saculo
1226 1230 1320 1281 IV.
1336 1243 1455 1294 cap.
1480 1214 1579 1285 VI:
1594 1214 1687 1286 ari.

80 1288 171 1343 39..
200 1292 609 1355 peremtoriam
630 1294 1011 1350 anathematis
1035 1302 1381 1355 sententiam
1409 1288 1689 1359 Romaab

81 1364 243 1413 Anas
250 1362 400 1415 tasio
412 1364 683 1428 pontifice
696 1365 758 1419 in
770 1368 1032 1432 Ruﬁnum
1047 1370 1225 1425 latam
1238 1375 1548 1429 arbitratus
1566 1394 1578 1427 :
1598 1393 1688 1428 nec

82 1438 286 1511 tamen
310 1448 423 1511 eos
451 1436 950 1511 animadvertisse,
975 1455 1049 1496 ex
1069 1443 1179 1497 hac
1201 1458 1308 1499 sua
1330 1447 1686 1511 credulitate,

78 1506 437 1586 Aposto_lic_a
459 1508 591 1561 Sedi
624 1523 1001 1586 permagnam
1032 1515 1302 1580 injuriam
1332 1519 1592 1586 irrogari.
1631 1506 1688 1575 Si

77 1580 238 1632 enim
270 1580 510 1643 Rufinus
542 1582 925 1637 anathematis
965 1589 1255 1642 sententia
1285 1580 1553 1645 conﬂius
1577 1605 1687 1646 un-

76 1670 258 1722 quam
283 1659 509 1723 fuisset,
540 1658 640 1711 uni
673 1658 1020 1722 Apostolica
1051 1660 1200 1724 Sedi,
1222 1673 1341 1715 non
1362 1664 1509 1729 aliis,
1555 1678 1684 1718 eam

82 1729 283 1784 tollere
304 1731 583 1795 licuisset,
609 1743 792 1794 quum
815 1730 876 1783 in
897 1742 1119 1785 canone
1153 1734 1565 1799 Apostolorum
1594 1737 1682 1793 25.

1330 328 1520 383 VITA.
1555 332 1686 384 LIB.
1723 336 1793 387 II.
1827 336 1980 389 CAP.
2016 341 2171 393 XIX.

3288 354 3398 413 282

1718 450 1775 524 Α
1798 448 2053 529 themate
2075 454 2356 529 adversus
2364 459 2632 523 Ruﬁnum
2651 461 2959 528 vulgando.
2980 465 3223 529 Rufinus
3236 469 3393 523 enim

1798 520 1858 607 in
1882 522 2188 607 chromatii
2210 520 2473 607 paracia,
2501 531 2558 607 si
2571 520 2876 600 Aquiléja,
2919 536 3013 589 vel
3040 520 3101 590 in
3123 520 3259 604 ejus
3270 520 3398 607 5r?-

1798 596 2008 654 vincia,
2049 597 2098 648 si
2148 599 2459 651 Concordiae
2489 596 2703 665 aderat,
2730 596 3084 662 morabatur.
3111 596 3393 666 Moratum

1796 678 1932 788 fere
1952 669 2253 788 Aquilfja,
2278 672 2532 727 fervente
2552 674 2663 728 hac
2685 681 3095 743 controversia,
3121 684 3264 737 satis
3290 698 3388 738 os-

1823 750 2025 788 ensum
2052 754 2112 788 es
2145 778 2158 788 .

1823 750 2025 791 ensum
2052 746 2158 793 est.

1857 812 1950 895 IV.
1979 814 2065 864 Ex
2091 814 2185 895 his
2209 816 2338 895 jure
2373 820 2640 895 concludi
2672 827 2879 887 potest,
2903 824 3093 878 'immo
3116 832 3177 880 et
3204 828 3398 895 debet,

1794 882 2067 965 Rufinum
2094 888 2317 954 Aquilej
2326 902 2525 965 ensem
2548 894 2621 945 ab
2645 882 2954 948 Anastasio
2977 898 3251 952 Pontiﬂce
3273 882 3394 954 non

1796 954 1971 1035 fuisse
1996 957 2352 1035 damnatum,
2377 964 2480 1015 sed
2500 965 2682 1017 solam
2707 967 2834 1030 ejus
2854 967 3092 1021 latinam
3108 975 3393 1023 versionem

1792 1024 2065 1109 librorum
2074 1030 2341 1109 _Origenis_
2362 1035 2704 1109 Periarchon
2726 1024 2843 1090 non
2866 1040 3181 1104 probatam,
3202 1046 3316 1109 vel,
3339 1045 3389 1096 si

1793 1099 2299 1174 mavis,rejectam,
2327 1104 2503 1171 idque
2524 1120 2643 1160 non
2663 1109 2851 1161 edicto
2871 1099 3065 1174 aliquo
3086 1099 3389 1166 veldecreto

1792 1171 2093 1251 Synodico,
2112 1175 2216 1227 sed
2234 1177 2455 1251 privata
2478 1179 2722 1251 epistola
2736 1181 2809 1232 ad
2828 1183 2916 1233 Jo.
2934 1171 3394 1251 Hierosolymita—

1792 1254 1953 1307 num,
1979 1248 2147 1306 cujus
2171 1249 2429 1312 epistola
2448 1250 2666 1304 nullam
2689 1252 2936 1316 Rufinus
2956 1254 3018 1306 in
3040 1248 3259 1309 Italia'a
3280 1261 3393 1310 Ro-

1791 1317 1981 1391 manis
2006 1318 2129 1391 suis
2153 1321 2418 1375 notitiam
2441 1323 2643 1376 habuit
2677 1337 2954 1391 unquam,
2978 1338 3168 1391 neque
3190 1330 3264 1381 ab
3295 1330 3392 1383 illo

1789 1386 1932 1461 ipso,
1959 1389 2033 1441 ad
2056 1404 2226 1455 quem
2247 1394 2462 1457 scripta
2479 1395 2684 1459 fuerat,
2702 1386 3032 1461 quanquam
3047 1386 3158 1451 sibi
3168 1402 3394 1454 amicis—

1788 1458 1954 1521 simo,
1968 1462 2084 1534 sed
2108 1463 2181 1514 ab
2211 1477 2329 1517 uno
2355 1458 2737 1533 Hieronymo,
2762 1468 2859 1533 qni
2876 1458 3105 1534 primus
3142 1471 3299 1524 illam
3318 1475 3390 1526 :ei

1786 1543 1857 1607 ex
1864 1532 2155 1607 probravit
2166 1539 2222 1587 et
2244 1537 2318 1587 mi
2328 1537 2419 1590 sit.
2439 1538 2535 1597 Sic,
2548 1539 2703 1592 enim
2714 1532 2969 1593 habet'in
2983 1541 3278 1607 Apologia
3297 1547 3386 1594 lib.

1786 1605 1853 1655 II.
1878 1617 2007 1669 pag.
2046 1605 2168 1662 405.
2198 1610 2344 1661 Certe
2369 1612 2416 1660 si
2440 1612 2557 1662 ideo
2580 1613 2972 1677 interpretaris,
3010 1618 3070 1663 ut
3086 1605 3210 1665 eum
3246 1617 3388 1678 (Ori-

1784 1678 2008 1750 genem)
2048 1679 2354 1732 harelicum
2388 1699 2611 1750 arguas,
2652 1685 2801 1736 nihil
2836 1686 2901 1735 de
2930 1686 3105 1737 Graeco
3128 1692 3317 1747 mutes,
3342 1696 3389 1739 et

1787 1748 1884 1821 hoc
1927 1749 2109 1813 ipsum
2145 1754 2464 1818 praefatione
2506 1748 2730 1807 testare:
2776 1758 2923 1821 quod
2964 1757 3387 1821 prudentissime

77 1802 585 1897 ῗέῗέἒῗὲεέἑιίὲἓ
597 1802 1686 1897 Ξίξῖξὲἓῖἓὲίέίὲ,οῆῖεῖέξξεξτὲθβφλιω·
1708 1824 1759 1897 Β
1784 1802 2003 1897 Pera?!
2014 1802 2386 1897 ηαειᾶείμέίέὲί
2404 1802 2686 1891 spatiis;
2712 1802 3387 1892 tuaacoaia'e'a‘ati

78 1876 210 1926 ctus
220 1875 301 1927 ab
310 1874 587 1929 Ecclesia
594 1873 997 1928 communione
1009 1888 1109 1940 per
1121 1879 1441 1930 sententiam
1454 1873 1683 1933 damna-

75 1946 263 2009 tionis,
288 1947 365 1999 ab
394 1947 505 2000 alio
529 1959 894 2019 quocumque
919 1948 1134 2013 suscipi
1157 1950 1360 2016 possit,
1385 1952 1498 2004 nisi
1520 1954 1681 2019 prius

78 2019 150 2092 ab
179 2020 329 2084 ipso,
370 2018 844 2092 qduiwsejunXerit,
883 2025 1191 2092 susceptus
1217 2021 1405 2075 fuerit.
1434 2027 1556 2077 Hoc
1581 2040 1682 2092 pa-

76 2090 218 2143 riter
238 2090 445 2144 statuit
465 2090 696 2143 Concilii
715 2092 740 2145 1
776 2090 1120 2143 Antiocheni
1144 2104 1332 2146 canon
1343 2093 1393 2149 6.
1412 2097 1522 2149 Adi
1532 2090 1681 2151 Lab-

76 2163 252 2214 beum
277 2166 420 2215 tom.
444 2164 512 2214 II.
536 2174 666 2228 pag.
692 2161 780 2217 46.
805 2167 864 2215 et
891 2161 1013 2217 563.

137 2235 232 2286 ΙΙΙ.
272 2236 407 2307 Jam
447 2247 587 2307 vero
628 2234 767 2298 quid
793 2235 1106 2307 absurdius
1144 2241 1204 2289 et
1225 2238 1505 2293 Romana
1528 2240 1676 2307 Sedi,

74 2308 352 2372 omnique
366 2306 685 2371 disciplina
701 2306 1114 2361 Ecclesiastica
1128 2307 1187 2360 in
1187 2309 1466 2373 juriosius
1476 2318 1674 2375 excogi-

74 2379 182 2430 tari
202 2384 415 2444 potest,
429 2390 606 2444 quam
628 2379 892 2441 Rufinum
915 2378 1104 2432 dicere
1118 2392 1154 2433 a
1172 2383 1357 2446 prima
1380 2384 1524 2437 Sede
1546 2398 1677 2438 ana-

73 2451 350 2504 thematis
383 2450 614 2504 vinculo
649 2450 1009 2515 innodatum,
1049 2464 1239 2517 neque
1264 2455 1615 2521 absolutum,
1642 2471 1678 2510 a

73 2523 380 2588 praecipuis
405 2528 601 2576 tamen
612 2524 790 2577 Italia
806 2524 1102 2589 Episcopis
1121 2524 1182 2576 in
1206 2528 1673 2582 communionem

73 2608 240 2649 suam
263 2595 544 2649 benevole
573 2601 880 2661 exceptum
897 2597 924 2646 ‘?
947 2598 1313 2661 Exceperunt
1328 2599 1483 2651 enim
1512 2602 1675 2652 Vene-

70 2669 186 2717 rius
208 2667 677 2733 Mediolanensis,
704 2668 1052 2720 Chromatius
1082 2669 1473 2734 Aquilejensis
1490 2712 1503 2734 ,
1529 2674 1675 2724 Lau-

70 2741 277 2790 rentius
312 2739 783 2805 Concordiensis,
829 2740 1117 2790 Petronius
1161 2741 1572 2808 Bononiensis,
1619 2752 1677 2799 et

72 2812 411 2863 Gaudentius
437 2812 759 2877 Brixianus,
788 2811 985 2865 Gallia
1008 2813 1311 2878 Cisalpina
1336 2821 1394 2868 et
1420 2817 1675 2870 Venetia

75 2884 341 2951 Episcopi
350 2897 565 2949 magna
576 2885 879 2937 sanctitate
894 2885 1203 2937 venerandi
1214 2888 1399 2940 Immo
1416 2888 1675 2940 Chroma-

70 2958 177 3007 tius
191 2956 698 3010 Bethleemiticum
722 2968 921 3009 senem
946 2957 1187 3020 monuit,
1206 2963 1272 3011 ut
1291 2961 1457 3021 ﬁnem
1478 2961 1673 3024 faceret

73 3030 439 3092 simultatum,
450 3029 575 3094 ipso
601 3030 750 3081 teste
768 3026 916 3080 libro
930 3030 1025 3080 III.
1039 3029 1201 3095 Apol.
1220 3043 1349 3096 pag.
1368 3031 1491 3086 457.
1504 3037 1673 3088 Anne

75 3101 425 3153 Chromatius
438 3113 541 3166 pro
550 3100 785 3153 homine
800 3100 1065 3152 damnato
1079 3101 1138 3154 id
1149 3104 1511 3158 monuisset?
1535 3112 1680 3157 Anne

1875 1891 2184 1957 episcopum
2204 1890 2535 1962 Johannem,
2567 1914 2665 1950 suo
2686 1890 2929 1951 sermone
2951 1902 3259 1967 complexus
3295 1910 3384 1953 est.

1782 1964 2190 2031 Hieronymus,
2214 1968 2340 2034 ipsa
2359 1972 2650 2024 Anastasii
2675 1972 2918 2037 epistola
2937 1964 3235 2039 Apologia
3259 1988 3386 2028 sua

1780 2049 1916 2089 mox
1940 2039 2234 2113 adjuncta,
2250 2042 2379 2095 hac
2394 2044 2616 2097 subdit:
2631 2046 2708 2095 Ac
2730 2061 2797 2095 ne
2814 2046 3049 2108 forsitan
3065 2048 3387 2113 hocquoque

1779 2124 1933 2174 neges
1955 2112 2154 2176 subjeci
2165 2116 2472 2180 exemplum
2495 2117 2629 2182 ejus,
2654 2122 2715 2168 ut
2737 2118 2913 2168 sinon
2935 2119 3014 2168 vis
3036 2121 3234 2169 audire
3254 2112 3383 2184 fra-

1777 2186 1913 2257 trem
1967 2184 2422 2251 (Hieronymum)
2467 2194 2791 2257 monentem,
2828 2191 3029 2241 audias
3073 2191 3383 2257 episcopum

1778 2254 2190 2319 (Anastasium)
2235 2260 2698 2323 condemnanlem.
2740 2256 2825 2313 Ex
2864 2261 2955 2313 his
2997 2254 3289 2325 docemur,
3313 2268 3382 2315 ut

1776 2327 2067 2379 Anastasii
2092 2329 2350 2393 epistola,
2374 2331 2447 2383 ad
2469 2331 2796 2384 Johannem
2822 2333 3049 2397 scripta,
3064 2335 3264 2396 Ruﬁno
3287 2334 3379 2387 in-

1775 2402 2119 2464 notesceret,
2146 2402 2346 2461 Roma,
2369 2416 2487 2455 non
2509 2404 2838 2457 Bethleemo
2861 2405 2934 2457 ad
2958 2404 3118 2457 illum
3133 2406 3286 2460 mitti
3306 2409 3378 2462 de

1775 2468 1990 2533 buisse,
2007 2475 2066 2523 et
2084 2472 2319 2535 quidem
2343 2475 2416 2526 ab
2439 2476 2799 2529 adversario:
2826 2478 2946 2541 qui,
2964 2479 3011 2530 si
3027 2482 3227 2533 Roma
3249 2481 3378 2534 vul-

1774 2544 1968 2618 gatam
1994 2543 2282 2618 solvisset,
2313 2545 2424 2618 hoc
2446 2547 2601 2599 idem
2623 2548 2683 2600 in
2706 2548 2976 2614 Apologia
3000 2553 3176 2603 semel
3199 2558 3375 2618 atque

1774 2611 1984 2689 iterum
2002 2613 2370 2689 inculcasset,
2413 2617 2524 2671 hoc
2556 2611 2913 2686 Ruﬁno'jure
2948 2611 3375 2689 exprobrasset,

1772 2682 1965 2759 ipsum
1976 2688 2385 2759 Anastasiana
2402 2682 2662 2756 epistola
2683 2682 3012 2759 exemplum
3026 2682 3058 2747 ὲ
3074 2682 3379 2751 Palastina

1774 2753 1847 2831 ad
1868 2755 2134 2831 Rufinum
2156 2753 2456 2824 mittendi,
2479 2753 2997 2818 nullanecessitate
3019 2768 3371 2831 compulsus.

1774 2825 1948 2904 Misit,
1993 2829 2226 2904 quiaiin
2258 2832 2421 2885 Italia
2451 2833 2701 2898 ignorari
2725 2836 2960 2889 sciebat.
2986 2825 3374 2904 Hieronymus

1773 2900 2113 2967 ApOIOgiam
2135 2903 2289 2957 hanc
2308 2905 2628 2959 adornavit.
2654 2908 2721 2957 A.
2748 2909 2817 2958 D.
2842 2907 2964 2963 401.
2983 2910 3081 2961 Ait
3095 2900 3249 2963 enim
3271 2911 3369 2964 lib.

1773 2971 1814 3022 Ι.
1837 2986 1963 3041 pag.
1980 2975 2102 3031 377.
2128 2989 2190 3028 se
2214 2982 2339 3027 ante
2362 2977 2645 3027 biennium
2676 2977 2957 3031 adversus
2981 2980 3181 3033 laudes
3203 2994 3238 3034 a
3259 2983 3376 3032 Ru-

1767 3041 1885 3105 ﬁno
1926 3047 1987 3099 in
2018 3047 2251 3113 prologo
2289 3048 2572 3100 versionis
2596 3048 2872 3101 librorum
2894 3052 3235 3105 Periarchon
3260 3054 3369 3105 sibi

1780 3117 1965 3184 datas,
1985 3120 2303 3184 scripsisse.
2333 3120 2570 3185 Scripsit
2591 3124 2789 3172 autem
2812 3123 2876 3174 A.
2906 3122 2971 3172 D.
2998 3122 3123 3178 399.
3140 3128 3206 3176 ut
3226 3137 3261 3175 a
3282 3138 3376 3178 me

69 3174 210 3257 ipse.
255 3174 503 3257 aliique.
522 3173 1062 3257 Αραῇιδςεὶἱβιιωφί
1092 3175 1476 3257 ⁸ροιπξιὶθοίειιλθις
1494 3179 1679 3257 potius
1701 3250 1737 3257 _
1778 3188 1913 3241 alibi
1941 3173 2423 3243 animadversum.
2456 3173 2617 3257 ‘Ergo
2641 3173 3117 3257 HieronymusA.
3149 3173 3211 3248 ὅ.
3230 3173 3372 3251 aii—1'.

68 3247 247 3327 [tale
269 3246 1664 3327 Ρτξωεξιίβεᾰιξᾷὶοἱδινὶειδθηιθηξίαάθερεοιαίὺξὺίιᾳ
1691 3250 1740 3325 C
1767 3260 2017 3325 priorem
2054 3274 2221 3314 suam
2257 3246 2595 3327 Apologiam
2629 3262 2687 3314 in
2716 3246 2892 3316 librovs
2934 3266 3001 3316 li.
3043 3246 3374 3319 distinctam

62 3322 330 3382 Ruﬁnum
350 3319 414 3371 in
436 3318 790 3371 Catholicam
813 3320 1282 3372 communionem
1298 3326 1498 3374 contra
1516 3325 1664 3376 Petri

64 3392 396 3444 cathedram
420 3391 713 3457 suscipere
736 3390 866 3443 ausi
885 3390 1175 3443 fuissent?
1192 3392 1264 3444 Hi
1286 3394 1443 3445 enim
1467 3408 1668 3448 omnes

63 3465 350 3528 Rufinum,
378 3463 488 3515 sibi
510 3463 766 3528 apprime
789 3475 1007 3527 carum,
1036 3476 1277 3528 suaque
1292 3470 1667 3518 communionis

68 3535 661 3601 participem,nemine
671 3533 1038 3599 reclamante,
1060 3548 1249 3599 usque
1265 3536 1337 3589 ad
1356 3537 1494 3591 vita
1516 3542 1665 3590 linem

64 3608 411 3670 habuerunt,
432 3610 498 3659 ut
512 3606 742 3659 interim
762 3606 833 3658 de
862 3608 1106 3671 utraque
1129 3606 1399 3671 Melania,
1421 3610 1665 3675 aliisque

64 3679 357 3744 Romanis,
375 3679 447 3731 de
462 3678 698 3731 Paulino
724 3677 963 3742 Nolano,
982 3680 1310 3744 Augustino
1326 3683 1661 3743 Hipponensi.

64 3756 117 3803 et
136 3752 407 3804 Johanne
435 3750 970 3815 Hierosolymitano,
997 3752 1440 3816 spectatissimis
1456 3754 1666 3818 pariter

68 3825 222 3887 viris,
239 3827 303 3875 et
314 3821 666 3889 prasulibus
686 3822 745 3874 in
764 3822 1018 3875 Ecclesia
1034 3822 1438 3888 celeberrimis,
1459 3831 1662 3889 taceam,

68 3909 212 3959 quos
230 3895 433 3958 Rufini
453 3893 763 3947 amicitiam
786 3907 1013 3959 semper
1031 3893 1302 3959 coluisse,
1320 3898 1662 3948 exliterarnm

69 3966 462 4019 monumentis
487 3978 522 4017 a
545 3978 637 4018 me
660 3965 732 4017 ad
755 3965 1016 4030 luctis,et
1030 3966 1220 4019 adhuc
1231 3967 1474 4020 fortasse
1491 3967 1666 4020 addu-

68 4039 283 4102 cendis,
318 4038 385 4089 iit
406 4037 795 4090 manifestum.
826 4040 993 4091 Anne
1020 4050 1157 4091 vero
1193 4038 1336 4091 tanti
1356 4039 1662 4104 antistites,

68 4110 319 4163 hominis
340 4109 403 4161 in
424 4110 699 4163 Romana
712 4108 982 4163 Ecclesia
997 4114 1203 4163 senatu
1217 4122 1254 4163 a
1265 4110 1522 4164 fidelium
1532 4127 1664 4162 com-

68 4184 344 4235 munione
381 4180 633 4245 rescissi,
671 4181 983 4234 amicitiam
1006 4182 1365 4236 coluissent?
1382 4185 1463 4237 De
1489 4184 1664 4236 tantis

64 4255 205 4307 viris
216 4253 329 4306 hoc
343 4253 567 4306 discere
580 4264 699 4305 non
714 4255 961 4306 sustinet
975 4255 1529 4317 animus.Hocipsum
1541 4257 1663 4316 dici,

64 4327 225 4379 nefas
244 4325 475 4390 putavit
497 4327 822 4377 Honoratus
845 4326 1097 4379 Faberiu
1120 4326 1430 4380 Prodromo
1442 4326 1663 4381 velitari

64 4403 222 4464 parte
250 4399 322 4450 II.
345 4408 469 4462 cap.
495 4398 565 4449 li.
590 4409 718 4462 pag.
755 4396 842 4452 84.
872 4397 978 4449 col.
1006 4398 1056 4452 1.
1083 4400 1268 4451 Immo
1297 4412 1479 4463 quum
1500 4400 1658 4462 Rufi-

63 4487 162 4520 nus
185 4469 563 4532 cohorruerit,
576 4468 789 4521 auditis
807 4469 1171 4533 Origenianis
1189 4471 1494 4523 erroribus.
1515 4484 1661 4525 sua-

60 4555 167 4607 que
190 4540 352 4593 Fidei
371 4540 795 4594 confessionem
820 4541 1076 4602 ediderit,
1108 4545 1330 4595 certum
1354 4543 1538 4596 videri
1560 4545 1657 4608 ait,

60 4616 126 4665 (ιι)
158 4613 453 4664 Anastasio
477 4624 844 4677 nequaquam
868 4614 1215 4678 damnatum,
1244 4612 1347 4666 sed
1373 4628 1497 4667 sua
1520 4627 1657 4668 con-

1768 3332 2086 3385 adornavit.
2127 3333 2336 3398 Pagius
2370 3339 2567 3386 contra
2602 3334 2937 3392 Baronium.
2972 3337 3283 3397 Huetium,
3319 3344 3379 3391 et

1772 3407 2060 3459 Norisium
2085 3407 2213 3459 aliis
2235 3407 2558 3459 rationibus
2577 3407 2687 3459 hoc
2711 3407 2865 3459 idem
2884 3411 3131 3473 urgetA.
3156 3412 3224 3462 D.
3244 3410 3367 3467 401.

1767 3480 1818 3543 §.
1846 3478 1931 3534 10.
1961 3479 2231 3541 Venerius,
2257 3478 2319 3530 in
2342 3478 2521 3531 literis
2540 3479 2828 3531 Anastasii
2839 3486 3217 3543 memoratus,
3235 3482 3369 3535 olim

1768 3550 2057 3603 Ambrosii
2081 3550 2377 3612 diaconus,
2401 3550 2462 3602 in
2493 3549 2905 3603 Mediolanensi
2923 3552 3205 3605 Cathedra
3228 3554 3370 3606 Sim-

1767 3623 2014 3688 pliciano
2047 3626 2410 3675 successerat
2444 3624 2509 3675 A.
2543 3624 2610 3676 D.
2637 3622 2759 3679 400.

1828 3695 1896 3746 V.
1927 3696 2055 3746 Jam
2080 3694 2400 3757 videamus,
2436 3694 2578 3759 quid
2614 3695 2858 3756 Rufinus
2890 3694 2951 3747 in
2971 3692 3151 3748 literis
3174 3701 3373 3750 contra

1765 3765 1913 3817 duos
1958 3765 2430 3831 Hieronymiana
2478 3766 2770 3831 Apologia
2802 3765 2980 3819 libros
3013 3767 3086 3820 de
3125 3767 3370 3831 epistola

1764 3837 2169 3900 Anastasiana,
2194 3850 2295 3901 per
2318 3837 2735 3901 Hieronymum
2752 3838 2825 3889 ad
2854 3850 2917 3890 se
2940 3839 3368 3901 transmissam,

1764 3907 2138 3972 responderit,
2166 3908 2365 3971 Rufini
2389 3907 2602 3970 literas,
2629 3908 2703 3960 ad
2737 3922 2918 3960 unum
2952 3910 3371 3974 Hieronymum

1765 3979 2027 4044 scriptas,
2066 3978 2205 4031 olim
2243 3979 2483 4044 periisse
2515 3979 2635 4042 jam
2656 3979 2876 4031 monui.
2912 3980 3024 4032 Sed
3055 3981 3368 4034 earundem

1763 4062 1997 4102 summa
2024 4049 2346 4115 colligimur
2361 4062 2435 4102 ex
2453 4049 2898 4113 Hieronymiano
2915 4061 3211 4115 responso,
3230 4056 3363 4113 quod

1764 4126 1854 4175 est
1875 4121 2017 4174 liber
2038 4123 2131 4173 Ill.
2157 4120 2299 4174 alias
2332 4121 2611 4187 Apologia
2646 4123 2714 4173 II.
2753 4121 2894 4184 Ejus
2913 4121 3040 4173 loca
3061 4121 3368 4188 decerpam

1764 4206 1839 4245 ex
1876 4193 2083 4246 eodem
2126 4192 2224 4245 lib.
2270 4195 2364 4244 III.
2411 4192 2746 4258 Hieronymi
2779 4203 2910 4258 pag.
2937 4191 3059 4248 455.
3095 4192 3368 4249 457.459.

1769 4265 1891 4321 46‘2.
1918 4265 2042 4320 468.
2069 4265 2342 4318 editionis
2364 4278 2552 4318 nova.

1830 4338 1879 4393 1.
1912 4338 2158 4390 Ruﬁnus
2186 4338 2286 4396 ait,
2313 4338 2374 4388 de
2396 4338 2555 4401 Papa
2575 4336 2887 4398 Anastasio,
2911 4336 3054 4388 nulli
3076 4351 3264 4387 verum
3287 4353 3369 4388 vt-

1765 4409 1980 4470 dcri,ut
2007 4414 2168 4460 tanta
2204 4408 2359 4460 Urbis
2381 4408 2642 4460 Sacerdos
2653 4408 3186 4471 innocenti(Ruﬂno)
3208 4409 3366 4472 inju-

1762 4482 1911 4532 riam
1932 4481 2106 4544 facere
2128 4481 2364 4546 potuerit
2391 4485 2470 4529 uel
2490 4479 2717 4531 absenti.

1821 4552 1873 4607 2.
1902 4552 2220 4617 Epistolam
2244 4551 2433 4603 Sancti
2444 4552 2606 4616 Papa
2627 4550 2910 4602 Anastasii
2925 4564 3031 4601 esse
3050 4549 3364 4612 confictam.

1821 4624 1872 4680 3.
1906 4624 1985 4675 Ab
2008 4640 2064 4674 eo
2098 4624 2376 4688 (Johanne
2404 4622 2948 4687 Hierosolymitano)
2984 4622 3073 4673 cui
3096 4623 3265 4675 missa
3288 4639 3369 4675 es-

60 4684 331 4760 scientia,
354 4688 415 4760 e_t
436 4673 862 4760 divinojudicio
877 4685 1160 4760 relictum.
1174 4673 1370 4738 Unum
1390 4686 1566 4760 etiam
1583 4686 1656 4739 ad
1680 4673 1736 4746 D
1758 4673 2530 4760 .eg'dgbuiai‘aa‘ﬁﬁin’da‘
2545 4673 2864 4745 adiimus.

60 4756 191 4810 dere
208 4756 441 4821 juverit.
468 4755 525 4809 Si
548 4757 892 4810 Anastasius
915 4758 1187 4821 Rufinum
1202 4770 1236 4810 a
1251 4759 1659 4813 communione

62 4828 315 4880 fidelium
340 4840 643 4897 segregare
665 4830 964 4894 voluisset,
989 4843 1108 4882 non
1127 4830 1201 4882 ad
1212 4831 1300 4883 Jo.
1328 4830 1659 4897 Hierosoly-

64 4900 365 4959 mitanum,
382 4911 502 4952 non
524 4900 599 4951 ad
624 4901 910 4951 Venerium
926 4900 1436 4967 Mediolanensem,
1456 4904 1578 4966 sed,
1595 4909 1662 4957 ut

66 4971 409 5023 universalis
434 4972 704 5025 Ecclesia
725 4973 1054 5039 Episcopus,
1068 4977 1128 5026 et
1150 4974 1324 5026 etiam
1352 4974 1529 5026 totius
1548 4977 1661 5028 Ita-

60 5042 149 5096 lia
164 5042 469 5095 Exarchus
492 5047 550 5095 et
569 5045 807 5109 Primas,
831 5045 904 5097 ad
925 5045 1307 5097 Chromatium
1323 5046 1662 5112 Aquilejen-

65 5128 201 5177 sem,
213 5115 275 5167 in
295 5115 466 5179 cujus
484 5116 752 5169 Ecclesia
765 5117 1119 5181 presbyterio
1130 5122 1269 5171 tunc
1279 5118 1520 5182 Rufinus
1534 5119 1661 5173 ade-

60 5190 156 5250 rat,
176 5187 544 5251 iudiciariam
567 5188 1068 5243 condemnationis
1086 5190 1450 5256 sententiam,
1464 5192 1523 5244 in
1533 5207 1649 5244 eum

63 5259 254 5311 Roma
269 5259 590 5323 vulgatam,
601 5260 878 5314 misisset.
895 5261 1212 5313 Chromatio
1229 5262 1387 5316 enim
1399 5264 1659 5318 Venetia

62 5337 113 5381 et
136 5330 324 5384 Istria
348 5331 581 5385 Primati
603 5332 750 5385 nihil
767 5338 1035 5387 eratcum
1052 5334 1492 5401 Mediolanensi,
1508 5337 1657 5389 nihil

62 5415 186 5454 cum
209 5403 747 5469 Hierosolymitano.
765 5406 887 5459 Hoc
898 5406 1247 5460 Anastasius
1259 5408 1563 5472 perspicue
1577 5425 1659 5472 pa-

66 5473 346 5535 tefecerat,
364 5474 464 5527 ubi
489 5475 789 5541 Theophili
813 5476 1187 5530 Alexandrini
1202 5478 1535 5544 paschalem
1548 5480 1659 5545 epi-

66 5548 261 5599 stolam
284 5558 388 5612 pro
415 5550 481 5600 A.
507 5550 575 5600 D.
604 5548 724 5604 401.
750 5562 785 5602 a
812 5550 1160 5615 Hieronymo
1188 5552 1390 5605 Latine
1413 5567 1656 5608 conver-

68 5631 202 5683 sam,
224 5631 348 5672 non
366 5620 442 5672 ad
464 5633 651 5673 unum
688 5622 978 5674 Venerium
1002 5623 1200 5679 Gallia
1227 5624 1515 5691 Cisalpina
1538 5628 1660 5680 Pri-

69 5697 292 5754 matem,
307 5692 413 5746 sed
434 5692 509 5746 ad
525 5694 912 5746 Chromatium
926 5697 1153 5762 pariter,
1170 5698 1429 5751 Venetia
1441 5705 1488 5748 et
1503 5702 1659 5752 Istriac

70 5764 497 5831 metropolitam,
523 5769 866 5831 transmisit,
883 5770 1086 5823 ceteris
1103 5770 1398 5836 Episcopis
1417 5784 1541 5827 sua
1558 5774 1661 5825 Ec-

70 5837 248 5890 clesia
270 5838 612 5892 contributis
622 5845 733 5900 aut,
747 5840 1145 5907 suﬂ‘ragancis,
1159 5842 1526 5905 vulgandam.
1545 5848 1659 5895 Hac

69 5907 360 5974 disciplina
381 5924 415 5964 a
443 5913 685 5966 Summo
706 5913 977 5967 Pontiﬁce
991 5919 1221 5968 servata
1232 5915 1439 5969 fuisset
1453 5916 1515 5969 in
1530 5929 1661 5970 ana-

1824 4769 1875 4824 4.
1903 4768 2109 4828 Siricii,
2147 4767 2476 4833 praecessoris
2519 4766 2635 4832 ejus
2681 4765 3030 4830 (Anastasii),
3075 4780 3129 4817 se
3172 4767 3369 4819 habere

1762 4840 2147 4904 testimonium,
2179 4851 2284 4893 seu
2306 4839 2502 4892 literas
2518 4839 2818 4898 formatas,
2837 4838 3065 4902 quibus,
3087 4842 3366 4904 tanquam

1761 4916 1935 4967 certa
1970 4923 2094 4966 sua
2117 4911 2254 4964 ﬁdei
2274 4916 2510 4974 tessera,
2537 4911 2799 4965 munitus
2830 4913 3013 4964 Roma
3039 4910 3101 4964 in
3124 4912 3368 4977 patriam

1760 4984 2092 5037 dicesserat.
2113 4985 2197 5037 De
2223 4982 2552 5037 istiusmodi
2574 4982 2753 5037 literis
2773 4982 3037 5035 formatis
3059 4983 3367 5036 consulen-

1760 5056 1871 5109 dus
1908 5056 2203 5121 Philippus
2238 5055 2506 5108 Priorius.
2553 5057 2665 5108 Eas
2697 5067 2879 5120 quum
2900 5054 3145 5107 Rufinus
3172 5054 3364 5118 palam

1760 5127 2072 5181 obtinuerit
2094 5132 2228 5192 post
2242 5129 2443 5181 Roma
2454 5138 2714 5191 sparsam
2730 5126 3008 5178 librorum
3023 5124 3365 5179 Periarchon

1761 5200 2025 5252 Latinam
2065 5199 2412 5258 versionem,
2452 5199 2573 5264 jam
2600 5198 2709 5250 sibi
2735 5198 2992 5262 privatas
3010 5196 3227 5255 literas,
3253 5197 3363 5248 sub

1759 5271 1993 5325 nomine
2020 5272 2306 5323 Anastasii
2330 5271 2627 5335 confictas,
2651 5269 2881 5323 ofﬁcere
2894 5280 3011 5321 non
3025 5280 3214 5333 posse.
3231 5266 3364 5319 Suf-

1758 5343 2067 5419 ﬁcergsibi
2091 5344 2251 5394 totius
2278 5343 2430 5419 Orbis
2455 5342 2845 5419 testimonium.
2906 5410 2919 5419 ε
3144 5408 3162 5419 ‘
3214 5408 3250 5419 _
3304 5408 3339 5419 Μ

1821 5412 1873 5469 5.
1898 5414 2288 5480 Hieronymus
2311 5414 2600 5467 Aaostasii
2618 5414 2835 5477 literas,
2869 5410 2942 5462 ab
2986 5422 3056 5462 se
3092 5408 3167 5462 ad
3206 5408 3364 5473 Rufi-

1762 5502 1899 5539 num
1922 5500 1995 5540 ex
2011 5486 2238 5540 Oriente
2256 5485 2648 5550 transmissus,
2660 5482 2916 5549 praeteriti
2927 5481 3068 5531 anni
3082 5480 3361 5547 epistolam

1763 5564 2139 5623 vocat,atque
2161 5559 2271 5611 alia
2292 5559 2527 5610 recentia
2549 5557 2622 5607 ad
2647 5556 2915 5607 Orientem
2930 5563 3181 5607 SCRIPTA
3204 5565 3362 5605 com-

1762 5637 2057 5697 memorat,
2083 5632 2145 5683 in
2168 5631 2363 5697 quibus
2385 5632 2545 5694 Papa
2564 5629 2603 5680 Α
2617 5626 2890 5679 nastasius
2909 5626 3074 5676 tantis
3090 5626 3362 5690 eum(Ru-

1766 5705 1962 5769 tinum)
1995 5710 2147 5755 ornet
2185 5702 2424 5767 ﬂoribus.
2451 5704 2732 5765 Quanam
2753 5698 2883 5752 hac
2904 5699 3107 5764 scripta
3130 5697 3361 5759 fuerint,

1761 5776 2115 5842 ignoramus.
2130 5777 2295 5828 Anne
2317 5774 2553 5826 fuerunt
2574 5770 2839 5836 ejusdem
2850 5770 3156 5824 commatis
3169 5770 3366 5842 accpi-

1760 5840 1928 5907 stola,
1960 5847 2033 5900 de
2056 5859 2169 5911 qua
2182 5845 2472 5910 loquimur
2485 5847 2511 5895 Ρ
2522 5845 2685 5896 Certe
2700 5843 2916 5895 mirum
2932 5845 3044 5901 est,
3066 5854 3103 5895 a
3126 5840 3288 5895 nullo
3302 5856 3361 5891 ex

1760 5919 2015 5982 antiquis
2041 5919 2132 5970 lau
2156 5918 2278 5969 iuri.
2312 5929 2496 5979 neque
2529 5915 2947 5981 Hieronymum
2973 5913 3101 5969 hac
3134 5923 3362 5978 quoque
