3894 6402
492 338 601 398 283

492 453 706 524 scripta
724 450 799 504 ad
822 451 1100 524 Ruﬁnum
1117 452 1367 524 misisse,
1383 456 1494 524 au_t_
1505 450 1645 514 quid
1659 452 1877 524 essent,
1901 451 2091 524 clarius
2111 451 2170 524 Α

492 522 781 590 explicare
798 523 1055 577 noluisse
1078 539 1094 580 ς
1119 522 1349 587 quando
1363 522 1597 587 quidem
1628 523 1899 574 Ruﬁnum
1925 521 2090 571 tantis

492 595 764 647 ornabant
780 594 1019 659 floribus.
1039 592 1314 657 Nunquid
1333 606 1680 659 responsum
1703 593 2015 658 quodpiam
2031 596 2096 643 ad

492 667 788 732 Theophili
803 665 1173 717 Alexandrini
1187 664 1493 730 paschales
1509 664 1783 730 epistolas
1802 668 2023 729 fuerunt,
2040 666 2095 713 in

493 739 708 804 quibus
720 737 983 803 Origenis
999 749 1217 789 errores
1234 736 1515 802 expositi?
1530 739 1615 788 Ita
1633 736 1989 788 censendum
2001 742 2092 787 est.

556 808 609 865 6.
625 808 869 861 Ruﬁnus
883 809 1094 861 iterum
1114 807 1294 861 Siricii
1313 809 1614 872 formatam
1644 808 1968 873 epistolam,
1996 809 2095 857 sibi

491 882 674 933 Roma
682 880 1006 945 Aquileiam
1021 879 1403 945 proﬁciscenti
1418 878 1706 943 traditam,
1718 880 1947 943 ingerit,
1964 881 2094 929 hanc

488 965 608 1005 non
643 951 900 1013 credens,
934 952 1008 1004 ab
1030 951 1338 1003 Anastasio
1368 963 1705 1003 successore
1739 951 1971 1015 infringi
1991 963 2090 1015 po-

489 1024 691 1088 tuisse,
712 1023 905 1076 nullos
931 1036 1012 1088 se,
1036 1028 1170 1089 post
1184 1021 1365 1075 Siricii
1388 1023 1696 1075 decessum
1717 1035 1941 1074 errores
1959 1038 2095 1084 spar-

489 1095 639 1149 sisse
662 1094 1074 1160 deprehensos,
1099 1093 1278 1146 immo
1300 1093 1589 1146 universis
1614 1094 1775 1144 totius
1789 1094 1964 1145 Italia:
1979 1094 2093 1159 epi-

486 1167 658 1232 scopis
675 1180 883 1232 puram
904 1170 951 1217 et
966 1169 1213 1229 apertam
1234 1179 1343 1215 sua
1363 1164 1490 1229 ﬁdei
1511 1164 1901 1227 confessionem
1923 1167 2092 1216 susci-

486 1238 775 1303 pientibus,
785 1242 832 1288 et
847 1237 1237 1302 expositionem
1252 1236 1739 1302 comprobantibus.
1754 1240 2093 1300 Hieronymus

488 1309 727 1373 quidem
747 1321 867 1361 non
882 1308 1103 1369 abnuit,
1122 1308 1265 1372 quin
1288 1307 1457 1358 Italiae
1480 1309 1711 1374 episcopi
1733 1309 1927 1361 Ruﬁni
1951 1323 2092 1362 con-

488 1380 806 1434 fessionem
819 1379 955 1432 ﬁdei
969 1380 1484 1445 comprobaverint.
1499 1382 1749 1432 Tantum
1768 1393 1830 1432 se
1845 1380 1900 1432 id
1918 1384 2092 1431 mirari

486 1452 594 1502 ait:
631 1452 826 1516 Miror,
870 1451 1138 1516 quomodo
1186 1451 1488 1516 probath
1531 1451 1696 1501 Italia
1737 1452 1883 1516 quod
1918 1453 2091 1503 Roma

485 1524 796 1574 contemsit:
819 1523 1053 1588 episcopi
1073 1524 1400 1587 susceperint
1421 1523 1567 1588 quod
1598 1523 1753 1574 Sedes
1785 1525 1827 1574 Α
1834 1524 2091 1588 postoliea

485 1594 881 1647 condemnavit.
906 1594 1255 1647 Anastasius
1279 1594 1471 1647 Ruﬁni
1494 1595 1789 1660 Apologia
1823 1608 1922 1659 pro
1952 1596 2090 1648 Fide

488 1678 612 1730 sua,
637 1665 780 1718 nihil
801 1666 1076 1731 reposuit.
1102 1667 1228 1718 Hoc
1259 1666 1648 1731 Hieronymus
1682 1668 2089 1719 contemtionem

487 1737 754 1802 appellat.
771 1738 1065 1791 Anastasii
1079 1750 1215 1792 vero
1225 1738 1529 1805 epistolam
1539 1738 1614 1791 ad
1629 1739 1955 1792 Johannem
1972 1743 2012 1789 Η
2019 1743 2088 1790 ie-

485 1809 988 1875 rosolymitanum,
1012 1809 1221 1863 Ruﬁno
1254 1823 1459 1876 parum
1491 1823 1739 1876 aquam,
1772 1811 2092 1866 Ruﬁniana

486 1880 785 1944 Apologia
806 1881 1313 1932 condemnationem
1334 1880 1601 1947 appellat.

550 1951 601 2006 7.
637 1952 881 2006 Ruﬁnus
902 1952 1081 2017 addit,
1106 1954 1498 2019 Apostolicam
1523 1953 1728 2007 Sedem
1752 1954 2006 2019 paciﬁcos
2026 1954 2097 2007 li-

485 2027 640 2076 teras
666 2024 844 2076 semel
879 2024 1063 2085 datas,
1087 2026 1315 2090 absque
1336 2038 1492 2078 novo
1517 2026 1759 2078 crimine
1779 2026 2095 2094 hareseos,

486 2107 756 2148 revocare
788 2108 907 2148 non
943 2097 1337 2149 consuevisse.
1381 2098 1629 2149 Demum
1653 2097 2095 2151 Anastasianam

486 2165 791 2229 epistolam
815 2170 984 2218 vocat
1006 2177 1263 2231 FALSAM,
1285 2172 1345 2219 et
1364 2166 1566 2230 fraude
1587 2168 1904 2220 subnixam.

548 2237 873 2290 Notandum
898 2243 988 2290 est
1007 2250 1194 2303 porro,
1211 2251 1340 2291 eam
1363 2241 1516 2291 certe
1535 2240 1609 2291 ab
1627 2240 1979 2305 Hieronymo
1992 2255 2096 2304 pu-

484 2308 740 2373 gnaciter
759 2322 879 2362 non
901 2309 1133 2362 obtrudi
1156 2322 1259 2375 pro
1282 2323 1438 2364 vera.
1462 2312 1585 2363 Hoc
1609 2325 1789 2364 unum
1820 2313 2096 2379 Hierony-

484 2392 615 2432 mus
649 2380 849 2445 ait(et
876 2393 1078 2433 verum
1100 2381 1222 2445 ait)
1259 2382 1334 2434 ab
1368 2395 1431 2434 se
1465 2395 1585 2433 non
1620 2395 1752 2436 esse
1782 2386 2089 2448 conﬁctam.

482 2451 754 2503 Ruﬁnum
776 2452 847 2504 de
869 2453 1132 2517 ejusdem
1154 2453 1415 2518 epistola
1436 2454 1678 2507 veritate
1694 2456 1753 2507 in
1780 2457 1963 2521 patria
1988 2469 2095 2510 sua

485 2522 897 2587 suspicantem,
922 2524 1312 2589 Hieronymus
1345 2526 1587 2577 Romam
1618 2526 1798 2578 mittit
1827 2542 1842 2591 ;
1880 2528 1952 2580 ad
1983 2530 2097 2581 Ro-

445 2608 453 2618 '
484 2605 677 2646 mana
694 2592 965 2647 Ecclesia
980 2595 1330 2645 chartarium
1343 2596 1540 2648 mittit.
1559 2598 1682 2650 Hoc
1697 2600 1863 2660 ipsum
1882 2601 2091 2661 evincit,

486 2666 664 2715 Romae
679 2664 869 2728 palam
890 2678 1009 2717 non
1032 2665 1216 2718 fuisse
1235 2666 1532 2731 vulgatam
1560 2681 1573 2729 ;
1596 2668 1739 2721 alias
1763 2683 1867 2723 cur
1884 2673 2094 2732 epistola

481 2735 894 2799 recentissima,
906 2736 1100 2801 deque
1124 2739 1286 2790 tanta
1305 2741 1629 2802 quastione
1649 2741 1822 2803 edita,
1847 2754 1979 2805 qua
1994 2759 2094 2792 om-

482 2807 653 2859 nibus
682 2811 837 2870 nota,
869 2810 1046 2870 atque
1067 2809 1247 2861 obvia
1282 2821 1413 2860 esse
1439 2809 1754 2876 debuisset,
1789 2812 1847 2864 in
1869 2814 2093 2865 arcanis

482 2890 845 2931 summorum
868 2878 1211 2944 pontiﬁcum
1227 2879 1543 2944 tabulariis,
1564 2885 1841 2947 tanquam
1864 2899 1941 2934 res
1956 2888 2094 2935 abdi-

482 2952 556 3014 ta,
581 2954 641 3002 et
670 2953 857 3013 vetus,
879 2951 1195 3014 quarenda
1220 2954 1246 3003 ?
1268 2953 1458 3013 Ruﬁni
1488 2954 1701 3017 amuli,
1727 2956 2091 3020 Hieronymi-

480 3033 592 3092 que
608 3021 852 3073 studiosi
878 3023 1164 3086 ejusmodi
1184 3023 1492 3088 epistolam
1519 3024 1668 3077 clam
1688 3026 1840 3088 abdi,
1865 3040 1974 3081 nec
1999 3040 2091 3092 pa-

481 3091 839 3164 lamhaberi,
855 3105 1006 3146 anne
1024 3094 1181 3158 passi
1201 3094 1491 3147 fuissent?
1514 3098 1758 3159 Magnus
1780 3098 1979 3151 doctor
1989 3091 2088 3164 op-

480 3163 660 3229 ponit,
683 3165 1057 3218 Ansatasium
1077 3166 1138 3217 in
1165 3166 1460 3228 Ruﬁnum,
1487 3167 1621 3221 licet
1652 3170 1872 3233 pridem
1910 3163 2090 3223 Siricii

1781 336 2028 392 RUFINI
2060 335 2505 391 PRESBYTERI

3697 332 3805 390 28b

2198 450 2315 500 tate
2329 446 2619 499 mordicus
2633 449 2888 499 certasse
2898 445 3349 510 haudquaquam
3366 448 3587 498 videtur.
3601 449 3807 497 Librum

2196 521 2325 584 ejus
2349 519 2569 568 tertium
2582 517 2938 583 pensiculate
2952 517 3342 570 consideranti
3370 518 3481 571 hoc
3497 518 3669 572 facile
3683 526 3813 581 pate-

2194 592 2311 643 ﬂet.
2336 593 2474 643 Post
2494 590 2763 653 Ruﬁnum
2781 591 2985 641 Petrus
3004 590 3328 641 Halloixius
3353 590 3414 642 in
3438 590 3693 655 Origene
3708 591 3810 644 de-

2195 662 2353 714 fenso
2384 661 2531 714 libro
2568 663 2664 713 IV.
2699 663 2916 723 Quast.
2951 661 3002 715 8.
3051 673 3182 725 pag.
3214 660 3338 717 333.
3379 666 3438 714 et
3474 664 3811 714 Honoratus

2195 735 2375 784 Faber
2404 733 2462 784 in
2499 732 2811 785 Prodromo
2847 732 3070 785 velitari
3102 735 3270 785 Parte
3314 735 3384 785 II.
3410 746 3534 798 cap.
3572 736 3644 785 II.
3676 747 3808 799 pag.

2194 805 2281 858 84.
2312 804 2417 857 col.
2442 804 2492 858 1.
2518 809 2672 857 certe
2693 805 3141 857 Anastasianam
3169 804 3471 869 epistolam
3495 806 3559 855 in
3577 805 3807 855 dubium

2193 890 2380 925 vocare
2402 887 2520 927 non
2550 881 2691 928 sunt
2712 876 2894 927 veriti.

2255 948 2350 998 VI.
2396 948 2776 999 Amarulenta
2811 948 2939 1000 hac
2980 947 3132 999 inter
3181 950 3377 999 tantos
3420 946 3574 999 viros
3611 947 3812 1012 jurgia

2193 1017 2438 1069 Sanctus
2462 1020 2847 1083 Augustinus,
2875 1019 3107 1083 utrique
3129 1018 3536 1079 amicissimus,
3552 1030 3660 1083 pro
3684 1020 3811 1071 miti

2191 1088 2387 1143 animo
2423 1103 2547 1155 suo,
2578 1093 2816 1155 probare
2852 1103 2973 1143 non
3003 1091 3207 1156 potuit.
3234 1090 3626 1155 Hieronymus
3655 1093 3807 1142 enim

2194 1163 2258 1211 A.
2284 1162 2350 1212 D.
2390 1160 2515 1216 402.
2554 1163 2782 1215 Asterio
2822 1162 3182 1214 subdiacono
3206 1174 3279 1214 ex
3310 1162 3453 1213 locis
3492 1162 3721 1214 sanctis
3748 1162 3809 1215 in

2191 1232 2445 1284 Africam
2478 1246 2806 1298 reversuro,
2844 1234 3082 1290 tradidit
3118 1233 3421 1298 epistolam
3462 1246 3633 1284 suam
3659 1233 3810 1285 inter

2192 1305 2653 1369 Augustinianas
2672 1308 2922 1358 LXVIII.
2947 1306 3081 1357 olim
3098 1307 3249 1357 XIII.
3267 1306 3341 1357 ad
3365 1308 3709 1366 Augustinum
3737 1309 3810 1354 fe-

2194 1375 2453 1428 rendam.
2472 1378 2861 1443 Hieronymus
2884 1378 2946 1430 in
2968 1377 3079 1429 hac
3095 1377 3365 1429 meminit
3379 1378 3648 1441 responsi
3664 1380 3732 1426 ab
3755 1392 3808 1427 se

2194 1458 2378 1511 nuper
2398 1448 2516 1499 dati
2539 1449 2613 1501 ad
2638 1449 2828 1512 Ruﬁni
2850 1449 3065 1512 literas,
3090 1448 3289 1512 aitque
3313 1447 3385 1500 de
3404 1448 3535 1512 ejus
3555 1448 3810 1513 scriptis,

2194 1517 2304 1569 sibi
2327 1522 2686 1583 nunciatum,
2707 1522 2767 1572 in
2782 1520 3031 1583 Africam
3050 1520 3399 1583 pervenisse,
3426 1531 3680 1584 quorum
3702 1524 3813 1582 ipse

2190 1590 2643 1645 confutationem
2659 1593 2732 1644 ad
2746 1593 3142 1657 Augustinum
3160 1592 3380 1656 pridem
3395 1592 3808 1644 transmiserit.

2194 1662 2389 1713 Latius
2414 1676 2560 1728 opus
2588 1665 2902 1729 Apologia,
2927 1664 2986 1715 in
3024 1663 3162 1713 duos
3198 1663 3361 1713 libros
3383 1663 3705 1726 distincta,
3742 1676 3807 1716 se

2192 1735 2567 1787 commodiori
2582 1741 2841 1799 tempore
2857 1736 3180 1787 missurum
3201 1734 3501 1800 promittit.
3521 1735 3608 1787 Do
3623 1736 3807 1787 verba

2190 1802 2526 1870 Hieronymi
2555 1822 2569 1858 :
2609 1807 2759 1857 Misit
2790 1806 2933 1855 mihi
2970 1806 3264 1856 temeritate
3299 1805 3476 1867 solita,
3512 1806 3809 1856 maledicta

2111 1864 2165 1937 B
2194 1891 2296 1926 sua
2318 1864 2517 1940 (literis
2545 1878 2606 1929 in
2629 1878 2890 1943 ejusdem
2914 1877 3250 1942 Hieronymi
3272 1875 3448 1929 libros
3458 1864 3623 1930 duos
3643 1879 3805 1943 Apo-

2195 1948 2379 2012 logia)
2400 1949 2735 2015 Calpurnius
2749 1956 3094 2015 cognomento
3110 1950 3406 2001 Lanarius.
3425 1949 3517 2001 Sic
3535 1950 3805 2012 Ruﬁnum

2193 2021 2461 2085 appellat,
2481 2022 2555 2073 ad
2578 2022 2840 2085 ejusdem
2863 2021 3118 2073 nominis
3144 2020 3489 2085 proditorem
3511 2019 3804 2086 alludens,

2194 2092 2315 2156 qui.
2341 2104 2414 2144 ex
2437 2091 2741 2145 Plutarcho
2772 2094 2833 2146 in
2857 2094 3124 2155 Sertorio,
3152 2093 3378 2146 Livium
3399 2093 3802 2155 Salinatorem,

2196 2164 2305 2215 sub
2322 2165 2491 2227 cujus
2509 2165 2690 2229 signis
2712 2165 3013 2229 militabat,
3033 2164 3181 2217 fade
3204 2166 3595 2216 obtruncavit.
3616 2166 3809 2229 Pergit

2196 2234 2600 2300 Hieronymus,
2622 2248 2757 2300 qua
2779 2236 3120 2300 (maledicta,
3142 2236 3264 2289 sive
3281 2236 3479 2298 Rufini
3499 2235 3688 2289 litera
3712 2236 3808 2288 ad-

2194 2319 2400 2360 versus
2415 2308 2591 2361 libros
2606 2309 2755 2361 duos
2780 2309 3245 2374 Hieronymiana
3260 2310 3516 2370 Apologia
3532 2308 3628 2372 (ad
3649 2310 3806 2373 Afri-

2193 2394 2314 2429 cam
2336 2395 2564 2445 quoque,
2586 2382 2768 2431 studio
2792 2381 2905 2445 ejus
2932 2380 3155 2445 (Ruﬁni)
3182 2380 3351 2429 didici
3370 2380 3695 2445 pervenisse.
3719 2380 3806 2430 Ad

2194 2466 2309 2515 qua:
2356 2452 2582 2502 breviter
2627 2453 2885 2517 respondi
2933 2452 3226 2517 (Apologia
3269 2453 3338 2503 II.
3384 2463 3486 2503 seu
3530 2450 3680 2503 libro
3709 2454 3802 2504 III.

2192 2522 2505 2587 Apologia)
2532 2528 2578 2573 et
2601 2523 2764 2574 libelli
2779 2523 2894 2587 ejus
2919 2523 3062 2574 vobis
3083 2522 3211 2572 misi
3226 2522 3588 2587 exemplaria.
3616 2523 3803 2572 Latius

2192 2609 2326 2658 opus
2341 2597 2528 2656 (suam
2544 2595 2884 2660 Apologiam
2904 2596 3153 2659 primum
3169 2595 3232 2645 in
3244 2594 3421 2646 libros
3437 2592 3592 2646 duos
3612 2597 3800 2644 distiu-

2193 2666 2366 2731 ctam)
2390 2680 2561 2730 quum
2578 2671 2948 2731 opportunum
2962 2666 3147 2729 fuerit,
3169 2666 3347 2730 primo
3368 2665 3648 2715 missurus
3671 2670 3799 2714 tem-

2189 2751 2319 2800 pore
2336 2754 2346 2785 :
2366 2738 2425 2786 in
2445 2753 2551 2802 quo
2567 2738 2713 2787 istud
2726 2738 2861 2799 cavi,
2882 2754 2949 2787 ne
2969 2739 3031 2787 in
3046 2752 3324 2803 quoquam
3339 2737 3798 2788 emistimationem

2193 2806 2430 2857 laederem
2458 2808 2854 2872 Christianam,
2876 2809 2965 2858 sed
2990 2814 3203 2858 tantum
3235 2815 3292 2858 ut
3317 2808 3606 2858 delirantis
3630 2809 3794 2873 impe-

2190 2878 2391 2943 ritique
2408 2880 2750 2930 mendacium
2783 2895 2846 2930 ac
2872 2880 3178 2930 vecordiam
3203 2878 3560 2942 confutarem.

2251 2950 2633 3014 Augustinus,
2671 2950 2936 3016 perlectis
2982 2952 3316 3016 Hieronymi
3353 2950 3551 3013 literis,
3600 2951 3796 3004 animo

2190 3022 2455 3074 concidit.
2478 3024 2703 3075 Etenim
2719 3025 2778 3075 in
2794 3037 2913 3077 non
2932 3022 3267 3087 vulgaribus
3289 3022 3486 3087 magni
3507 3023 3669 3075 senis
3682 3040 3797 3085 erga

2191 3106 2253 3146 se
2268 3094 2680 3149 benevolentia
2694 3096 3073 3159 argumentis,
3087 3095 3265 3156 novit,
3280 3095 3440 3147 illum
3456 3095 3728 3148 nonnihil
3745 3100 3796 3145 in

2192 3179 2253 3219 se
2270 3168 2611 3221 subiratum.
2626 3168 2727 3221 Vir
2737 3168 3183 3233 placidissimus,
3198 3170 3313 3216 libri
3331 3170 3440 3228 ejus
3454 3170 3509 3216 in
3525 3168 3797 3232 Ruﬁnum

480 3234 660 3313 literis
693 3236 1219 3313 communicatoriis
1241 3238 1801 3313 munituii],scribere
1823 3243 2088 3308 potuisse;
2117 3238 2166 3313 ρ
2188 3238 2430 3313 lectione
2455 3240 2773 3304 perculsus,
2809 3252 2954 3305 pene
2986 3239 3348 3313 contremuit,
3378 3237 3798 3313 illacrymatus,

479 3319 614 3359 eum
638 3308 828 3359 iamen
840 3322 960 3358 vere
983 3308 1289 3373 scripsisse
1316 3322 1433 3361 non
1462 3310 1617 3363 dicit.
1644 3312 1754 3364 Sed
1778 3326 1970 3377 neque
1992 3330 2091 3363 ma-

481 3390 633 3443 gnus
650 3378 851 3431 doctor
865 3391 1126 3444 unquam
1137 3380 1342 3445 prodit,
1358 3380 1512 3433 unde
1526 3383 1651 3447 ipse
1666 3385 2090 3447 Anastasiana,

480 3461 615 3513 qua
629 3450 972 3515 jactabatur,
991 3450 1253 3517 epistola
1268 3452 1602 3518 exemplum
1626 3454 1917 3517 habuerit;
1944 3472 2009 3506 an
2028 3461 2091 3507 ul)

479 3520 604 3585 ipso
622 3521 889 3574 Johanne
905 3522 1447 3588 Hierosolymitano,
1468 3537 1545 3576 an
1566 3526 1641 3577 ab
1669 3526 1798 3580 alio.
1818 3528 1939 3580 Hoc
1961 3536 2089 3579 certe

480 3592 669 3657 palam
705 3593 870 3659 prodi
893 3596 966 3647 ab
989 3607 1058 3647 eo
1084 3595 1399 3661 debuisset,
1427 3602 1491 3649 ut
1521 3598 1805 3651 sinceram
1828 3613 1959 3653 esse
1981 3614 2086 3653 ne-

480 3664 659 3728 ganti,
694 3678 761 3717 os
780 3664 1002 3717 facilius
1025 3666 1440 3721 obstrueretur.
1467 3670 1615 3721 Sanc
1638 3669 1794 3722 haud
1817 3671 1884 3722 ﬁt
1906 3672 2087 3724 credi-

482 3734 615 3797 bile,
641 3735 988 3801 Johannem,
1023 3738 1123 3803 qui
1159 3751 1262 3803 pro
1285 3739 1471 3791 amico
1504 3740 1702 3805 Ruﬁno
1725 3742 1799 3794 ad
1837 3744 2086 3796 Anasta-

477 3806 630 3859 sium
653 3807 977 3873 scripserat,
1010 3810 1306 3862 Anastasii
1335 3823 1698 3877 responsum,
1742 3814 1851 3867 sibi
1883 3816 1983 3867 uni
2014 3816 2086 3868 de

476 3878 661 3952 amico
685 3880 982 3946 scriptum,
1009 3886 1067 3933 et
1090 3882 1281 3935 neutri
1304 3883 1472 3948 opido
1509 3887 1761 3948 gratum,
1787 3888 1848 3939 in
1869 3888 2083 3952 vulgus

474 3951 556 4003 ita
584 3964 852 4017 spargere
887 3953 1167 4019 voluisse,
1205 3957 1273 4007 ut
1301 3955 1426 4019 ejus
1464 3955 1816 4021 exemplum,
1859 3951 1992 4011 non
2010 3972 2084 4012 ex

473 4023 640 4088 Urbe,
656 4037 777 4078 non
791 4037 866 4078 ex
880 4028 1040 4091 parte
1053 4026 1355 4092 Johannis,
1374 4027 1476 4079 sed
1492 4028 1565 4080 ab
1584 4028 1713 4094 ipso
1732 4030 2083 4094 Hieronymo

470 4094 543 4147 ad
566 4096 830 4167 Ruﬁnum
844 4096 1072 4151 ludibrii
1088 4111 1303 4153 caussa
1315 4099 1665 4152 mitteretur.
1689 4101 2082 4167 Hieronymus

472 4166 622 4218 antri
638 4166 1050 4221 Bethleemitici
1066 4169 1272 4232 incola,
1289 4170 1350 4223 in
1373 4175 1671 4223 oratorum
1688 4173 1894 4224 castris
1908 4166 2082 4226 innu-

473 4238 661 4310 tritus,
686 4250 882 4301 neque
903 4240 974 4291 de
996 4239 1209 4292 Italicis
1232 4242 1407 4294 rebus
1432 4242 1505 4294 ob
1528 4243 1831 4307 regionum
1855 4244 2082 4310 longin-

471 4307 773 4372 quitatem,
797 4310 870 4362 ab
893 4310 1083 4373 Ruﬁni
1107 4311 1336 4364 amulis
1360 4313 1583 4366 sincere
1621 4326 1689 4367 ac
1730 4307 2079 4370 suﬁlcienter

470 4379 812 4445 instructus,
843 4380 1191 4447 eloquentia
1221 4385 1343 4437 arte
1378 4395 1647 4437 caussam
1681 4386 1818 4450 agit.
1848 4388 2080 4451 Ruﬁnus

471 4451 770 4525 epistolam
798 4467 963 4506 suam
986 4454 1079 4506 his
1098 4455 1293 4508 verbis
1316 4455 1631 4509 clauserat:
1662 4457 1811 4522 Opto,
1838 4463 1882 4509 te
1895 4476 2080 4525 pacem

472 4522 711 4587 diligere.
737 4525 885 4579 Hinc
921 4525 1048 4590 ipse
1068 4527 1303 4591 Ruﬁnus
1324 4528 1479 4581 beati
1510 4529 1819 4581 Chromatii
1839 4522 2079 4587 monitis

472 4593 806 4660 obsecutus,
822 4596 1035 4659 quibus
1058 4598 1450 4663 Hieronymus
1472 4600 1723 4653 invitum
1748 4613 1810 4654 se
1834 4603 2076 4668 obsequi

472 4678 783 4738 nonposse
798 4675 1200 4738 excusaverat,
1216 4670 1480 4735 ejusdem
1496 4671 1832 4738 Hieronymi
1853 4673 1953 4727 lib.
1976 4677 2075 4732 III.

471 4734 617 4809 nihil
628 4737 892 4809 reposuit
914 4752 927 4790 :
960 4739 1229 4803 quodque
1250 4734 1575 4804 hominem,
1600 4734 1759 4809 pacis
1782 4750 2074 4799 amantem

471 4808 687 4873 docuit,
710 4807 907 4884 literas
918 4822 1076 4884 suas,
1092 4811 1165 4865 ad
1178 4807 1712 4882 Hieronymumpro
1730 4829 1794 4870 se
1810 4818 2073 4884 scriptas,

469 4892 842 4955 nequaquam
857 4881 918 4934 in
936 4883 1147 4949 vulgus
1163 4885 1389 4950 sparsit.
1407 4888 1522 4939 Nec
1538 4881 1677 4940 sane
1690 4881 2076 4955 Hieronymus

469 4950 681 5007 dehinc
706 4952 973 5018 Ruﬁnum
994 4956 1346 5021 perstrinxit,
1380 4958 1715 5011 nominatim
1756 4950 1992 5016 scilicet.
2020 4964 2076 5014 Si

469 5023 627 5097 enim
639 5024 933 5097 interdum
950 5027 1060 5081 sub
1075 5027 1269 5079 alienis
1294 5030 1629 5097 nominibus,
1657 5036 1716 5086 et
1730 5032 1790 5086 in
1815 5036 2078 5097 anigmate

467 5094 527 5168 id
550 5094 704 5168 fecit,
739 5109 861 5151 non
897 5098 1103 5154 fecisse
1128 5099 1410 5155 dicendus
1441 5108 1549 5162 est,
1574 5094 1730 5168 quod
1769 5107 1880 5158 sub
1914 5094 2078 5159 larva

468 5165 729 5241 faciebat,
755 5170 996 5226 fortasse
1009 5171 1214 5226 nolens
1231 5172 1477 5240 intelligi
1500 5173 1573 5228 de
1588 5165 1704 5239 quo
1726 5175 2075 5241 loqueretur,

468 5250 646 5304 seque
678 5239 791 5294 hoc
821 5245 989 5307 pacto
1024 5239 1435 5299 oﬁendiculum
1467 5246 1649 5301 vitare
1688 5239 1950 5301 studens.
1990 5239 2075 5301 Ad

464 5312 913 5366 Anastasianam
931 5315 1235 5381 epistolam
1253 5315 1410 5381 quod
1433 5318 1660 5380 attinet,
1685 5321 1848 5371 tanto
1863 5318 2077 5371 animo-

465 5394 596 5453 rum
611 5382 850 5438 dissidio
866 5385 1018 5440 ultro
1033 5388 1292 5452 citroque
1308 5388 1607 5453 flagrante,
1624 5388 1722 5453 huj
1734 5390 1958 5442 usmodi
1974 5394 2075 5452 epl-

468 5451 645 5504 stolas
670 5455 921 5526 conﬁngi
944 5451 1224 5523 potuisse,
1242 5451 1694 5522 haudquaquam
1705 5451 1943 5513 difficile
1966 5451 2072 5526 est,

466 5536 647 5597 quum
663 5524 789 5579 alia
806 5541 1036 5595 quoque
1052 5531 1423 5594 Hieronymo,
1444 5530 1612 5594 quasi
1626 5530 1973 5597 palinodiam
1989 5524 2074 5584 ea;

464 5596 652 5671 uenti,
669 5601 1017 5671 supposita,
1051 5603 1112 5655 in
1144 5600 1395 5655 Alricam
1420 5596 1921 5671 transvolaverint,
1946 5606 2073 5671 ipso

468 5669 615 5749 teste
636 5666 739 5721 lib.
770 5673 845 5749 l-I.
863 5676 908 5749 A
919 5673 1165 5749 pologia
1175 5685 1312 5749 pag.
1329 5672 1454 5729 419.
1478 5674 1641 5729 Hanc
1657 5681 1852 5731 tamen
1866 5666 2071 5728 Anasta-

464 5742 684 5816 sianum
708 5742 1012 5806 epistolam
1027 5746 1100 5797 ab
1118 5745 1470 5810 Hieronymo
1486 5759 1589 5813 pro
1603 5761 1879 5814 germana
1890 5752 2072 5816 primo

464 5810 739 5887 habitam,
752 5826 883 5887 non
914 5816 1266 5871 dubitamus.
1301 5818 1412 5872 Sed
1436 5810 1509 5872 ex
1544 5810 1660 5885 quo
1683 5810 1918 5887 Ruﬁnus
1945 5836 2070 5877 eam

462 5882 729 5948 falsitatis
748 5884 1125 5951 insimulavit,
1143 5882 1645 5958 Hieronymuapro
1664 5882 1819 5951 illius
1836 5896 2071 5950 sinceri-

2190 3316 2307 3363 tam
2322 3312 2581 3377 insignes
2597 3313 2835 3375 amicos,
2852 3316 2911 3364 et
2926 3311 3185 3364 omnium
3202 3310 3508 3375 praconiis
3530 3316 3707 3363 antea
3724 3328 3803 3360 ce-

2188 3383 2456 3446 lebratos,
2480 3384 2542 3436 in
2558 3386 2781 3436 tantum
2804 3384 3019 3436 irarum
3039 3388 3251 3436 astum
3273 3383 3475 3434 ruisse.
3494 3383 3646 3435 Hinc
3668 3396 3800 3448 per-

2188 3460 2510 3521 opportuna
2528 3457 2829 3509 occasione
2850 3458 3093 3521 arrepta,
3111 3455 3403 3521 rescripsit
3417 3454 3490 3508 ad
3514 3455 3795 3521 Hierony-

2187 3540 2350 3579 mum
2365 3528 2663 3593 epistolam
2678 3530 2803 3580 XV.
2824 3540 2983 3579 nunc
3001 3529 3251 3579 LXXIII.
3271 3539 3418 3591 opus
3435 3539 3564 3579 vere
3577 3541 3675 3576 aur
3687 3542 3793 3589 um,

2185 3603 2243 3651 et
2262 3600 2516 3652 caritatis
2533 3599 2953 3665 modestiaque
2975 3598 3397 3664 plenissimum.
3422 3599 3633 3661 Verba,
3659 3610 3796 3663 qua

2186 3672 2520 3737 Hieronymi
2542 3672 2851 3737 Ruﬁnique
2885 3672 3211 3724 animorum
3234 3676 3431 3723 motus
3450 3671 3792 3736 respiciunt,

2185 3744 2258 3795 ad
2280 3743 2554 3797 humana
2577 3744 2830 3797 levitatis
2853 3744 3269 3796 documentum
3298 3743 3411 3795 huc
3434 3742 3694 3795 adferam
3718 3756 3790 3795 ex

2185 3815 2367 3880 capite
2388 3817 2483 3868 III.
2501 3816 2764 3880 ejusdem
2782 3815 3061 3880 epistola,
3086 3827 3263 3879 quam
3285 3816 3491 3879 nuperi
3509 3816 3791 3879 Augusti-

2183 3889 2374 3939 niana
2406 3888 2674 3941 editionis
2708 3893 2975 3941 auctores
3005 3887 3324 3952 conjiciunt
3351 3887 3412 3938 in
3447 3888 3515 3939 A.
3554 3888 3624 3938 D.
3660 3887 3788 3942 404.

2184 3958 2400 4012 scilicet
2415 3964 2548 4024 post
2561 3960 2865 4024 utriusque
2878 3958 2983 4011 viri
3007 3958 3415 4023 scriptionibus
3429 3956 3603 4010 ﬁnem
3620 3960 3788 4020 impo-

2183 4032 2379 4091 situm,
2405 4030 2594 4097 palam
2618 4031 2843 4096 saltem,
2869 4036 2927 4083 et
2949 4031 3319 4096 potissimum
3339 4046 3399 4080 ex
3416 4036 3551 4092 parte
3574 4030 3784 4093 Ruﬁni.

2183 4102 2371 4155 Verba
2391 4102 2520 4155 hac
2543 4107 2682 4155 sunt
2704 4116 2718 4154 :
2743 4102 2930 4153 Nescio
2955 4117 3072 4166 quae
3092 4103 3295 4165 scripta
3327 4101 3595 4151 maledica
3625 4116 3788 4165 super

2182 4178 2271 4223 tuo
2287 4174 2511 4224 nomine
2529 4174 2601 4224 ad
2621 4173 2873 4238 Africam
2888 4174 3244 4237 pervenerint.
3268 4173 3585 4238 Accepimus
3604 4177 3787 4221 tamen

2180 4244 2326 4307 quod
2357 4244 2612 4308 dignatus
2643 4260 2693 4294 es
2723 4246 2946 4309 mittere,
2976 4244 3085 4295 illis
3113 4245 3438 4308 respondens
3466 4242 3789 4294 maledictis.

2180 4317 2293 4375 Quo
2315 4316 2556 4380 perlecto,
2603 4317 2795 4381 fateor,
2842 4316 3078 4367 multum
3114 4316 3284 4376 dolui,
3318 4317 3460 4366 inter
3490 4319 3603 4364 tam
3630 4330 3788 4366 caras

2177 4387 2586 4453 familiaresque
2598 4403 2873 4453 personas,
2901 4398 3159 4442 CUNCTIS
3176 4404 3310 4454 pene
3332 4387 3556 4438 ecclesiis
3574 4397 3788 4440 Νοτιε-

2181 4469 2328 4511 SIMO
2342 4460 2597 4510 amicitia:
2617 4460 2831 4512 vinculo
2842 4461 3138 4525 copulatas,
3160 4466 3375 4510 tantum
3384 4460 3598 4511 malum
3620 4460 3788 4508 mti-

2178 4532 2295 4581 tisse
2319 4531 2614 4585 discordias.
2639 4534 2707 4585 Et
2732 4538 2789 4583 tu
2813 4534 3048 4598 quidem,
3067 4537 3338 4599 quantum
3353 4531 3447 4582 tibi
3472 4530 3782 4593 modereris,

2175 4609 2552 4670 quantumque
2578 4610 2753 4656 teneas
2776 4605 2984 4656 aculeos
3005 4604 3408 4669 indignationis
3432 4609 3551 4668 tuae,
3573 4618 3642 4653 ne
3662 4604 3785 4653 red-

2174 4675 2270 4727 das
2290 4676 2635 4727 maledictum
2652 4693 2753 4743 pro
2770 4677 3068 4742 maledicto,
3092 4677 3223 4728 satis
3243 4677 3305 4727 in
3330 4676 3434 4728 tuis
3458 4676 3629 4726 literis
3648 4676 3784 4726 emi-

2176 4754 2278 4799 net.
2323 4750 2725 4811 Verumtamen,
2748 4751 2796 4800 si
2818 4765 2907 4800 eas
2933 4751 3079 4815 ipsas
3101 4764 3225 4800 cum
3249 4750 3505 4814 legissem,
3526 4749 3782 4799 contabui

2175 4820 2369 4881 dolore,
2394 4827 2441 4872 et
2460 4821 2674 4887 obrigui
2690 4823 2909 4883 timore;
2926 4822 3061 4886 quid
3083 4822 3145 4872 de
3160 4836 3242 4872 me
3263 4822 3361 4872 illa
3386 4822 3640 4885 facerent,
3665 4836 3781 4886 quae

2175 4892 2236 4942 in
2260 4896 2305 4942 te
2328 4891 2415 4943 ille
2428 4894 2660 4959 scripsit,
2676 4892 2724 4943 si
2747 4894 2808 4943 in
2822 4908 3023 4945 manus
3043 4908 3189 4945 meas
3210 4893 3350 4957 forte
3371 4893 3667 4945 venissent?
3699 4894 3781 4944 Ve

2178 4964 2381 5015 mundo
2406 4964 2473 5015 ab
2509 4965 2813 5017 scandatis!
2840 4966 2970 5016 Ecce
3007 4968 3084 5031 fit,
3132 4980 3239 5016 ecce
3273 4979 3495 5030 prorsus
3522 4964 3778 5030 impletur

2176 5035 2322 5100 quod
2353 5036 2555 5089 Veritas
2580 5038 2690 5089 ait:
2710 5038 2975 5103 quoniam
2997 5037 3296 5089 abundabit
3310 5037 3599 5102 iniquitas,
3615 5038 3778 5101 refri-

2175 5113 2333 5170 gescet
2356 5109 2558 5160 caritas
2579 5110 2894 5161 multorum.
2928 5111 3054 5170 Quae
3082 5110 3187 5160 sibi
3215 5110 3361 5159 enim
3382 5109 3502 5174 jam
3539 5108 3662 5173 fida
3692 5125 3780 5173 pe-

2176 5184 2322 5231 ctora
2348 5184 2460 5231 tuto
2481 5181 2855 5245 refundantur
2873 5182 2897 5231 9
2922 5182 2987 5231 In
3009 5182 3165 5246 cujus
3184 5182 3371 5232 sinum
3402 5185 3509 5231 tota
3532 5194 3585 5230 se
3604 5182 3775 5246 proji-

2175 5250 2283 5302 ciat
2312 5266 2501 5303 secura
2523 5253 2731 5304 dilectio
2755 5257 2780 5306 .9
2814 5253 2942 5313 Quis
2969 5253 3199 5320 denique
3222 5253 3432 5304 amicus
3454 5266 3569 5303 non
3589 5253 3778 5315 formi-

2175 5324 2347 5386 detur,
2372 5325 2532 5390 quasi
2551 5326 2771 5390 futurus
2793 5326 3069 5388 inimicus,
3093 5327 3141 5375 si
3156 5326 3332 5391 potuit
3351 5325 3493 5375 inter
3513 5325 3778 5389 Hierony-

2178 5409 2329 5445 mum
2353 5400 2400 5446 et
2421 5396 2687 5460 Ruﬁnum
2734 5398 2849 5454 hoc,
2880 5397 3027 5462 quod
3065 5396 3398 5462 plangimus,
3438 5396 3651 5446 exoriri
3681 5400 3704 5445 ?
3739 5396 3776 5445 0

2174 5467 2374 5518 misera
2395 5468 2766 5518 etmiseranda
2782 5468 3019 5518 conditio
3035 5471 3046 5519 l
3069 5469 3110 5519 0
3128 5469 3312 5533 infida
3331 5469 3391 5517 in
3410 5466 3775 5518 voluntatibus

2175 5539 2481 5590 amicorum
2506 5540 2731 5590 scientia
2753 5542 3116 5605 praesentium,
3134 5540 3227 5590 ubi
3248 5539 3401 5591 nulla
3416 5546 3486 5591 est
3498 5541 3774 5605 pra-scien-

2174 5611 2253 5661 tia
2272 5611 2591 5675 futurorum
2605 5616 2629 5664 ?
2642 5613 2744 5665 Scd
2756 5613 2891 5678 quid
2911 5614 3007 5663 hoc
3030 5612 3191 5663 alteri
3203 5614 3263 5663 de
3277 5612 3443 5663 altero
3453 5614 3771 5677 gemendum

2170 5687 2375 5748 putem,
2401 5685 2622 5748 quando
2643 5700 2735 5735 nec
2758 5685 2871 5750 ipse
2892 5685 3110 5750 quidem
3135 5684 3236 5734 sibi
3266 5685 3426 5736 homo
3441 5689 3513 5735 est
3535 5691 3697 5736 notus
3714 5687 3767 5735 in

2168 5760 2444 5820 posterum
2455 5759 2479 5807 9
2498 5754 2660 5807 Novit
2670 5758 2816 5808 enim
2826 5762 3097 5821 utcunque
3111 5757 3207 5806 vix
3214 5756 3369 5821 forte,
3380 5771 3529 5808 nunc
3546 5766 3692 5822 quatis
3701 5767 3769 5809 sit.

2170 5826 2360 5887 Qualis
2374 5832 2556 5879 autem
2568 5834 2749 5894 postea
2764 5829 2986 5892 futurus
2997 5829 3089 5891 sit,
3102 5829 3335 5893 ignorat.
3355 5832 3425 5879 Ita
3438 5833 3770 5892 Augustinus.

2232 5898 2533 5953 Curatores
2546 5913 2717 5955 nova
2737 5900 3182 5965 Augustiniana
3192 5899 3463 5955 editionis
3480 5899 3544 5954 in
3566 5901 3770 5966 prata-
