3894 6402
34 357 153 417 285

1333 361 1523 415 VITA.
1556 361 1689 416 LIB.
1724 364 1793 417 II.
1830 364 1988 419 CAP.
2022 367 2154 419 XX.

3284 371 3392 431 286

35 476 211 554 tione
243 478 510 554 tomoII.
538 487 663 541 cap.
690 475 940 554 LXVIII.
961 473 1242 554 ancipites
1260 474 1678 554 haerent,_utrsrn
1706 478 1761 554 Α
1789 477 1896 530 sibi
1920 478 2341 554 adhaerendum
2352 483 2649 545 putarunt.
2670 484 2752 535 Ex
2762 482 2873 536 hoc
2896 484 3395 549 pmstantiumvi-

26 547 392 612 Apologiam
411 548 798 611 Hieronymus
814 545 1139 610 Augustino
1152 547 1552 620 transmiserit,
1569 548 1682 620 pri-
1706 545 1761 554 ““
1786 562 1980 603 rorum
1994 550 2235 604 dissidio
2257 565 2375 605 non
2390 553 2560 618 pauci
2580 545 2976 620 Chronologici
2995 568 3184 609 errore
3206 558 3392 610 ﬂuxe-

25 635 192 670 mam
235 633 340 683 ne,
365 632 443 672 an
465 620 777 671 secundam.
804 620 969 671 Certe
1011 619 1257 683 primam
1277 618 1339 670 in
1362 619 1497 669 duos
1521 619 1682 669 libros

27 692 404 744 distinctam
426 704 547 744 non
572 691 749 754 misit,
762 702 939 755 quam
963 689 1129 740 latius
1150 704 1286 755 opus
1308 690 1580 756 appellat,
1600 703 1681 743 se-

30 775 155 826 que
178 764 405 828 postea
424 763 750 816 missurum
763 761 1065 828 promittit.
1086 763 1237 827 Ergo
1248 763 1542 813 secundum
1552 765 1613 813 ab
1628 777 1681 813 se

28 836 301 887 missam
325 836 541 898 innuit,
556 836 615 887 in
631 846 744 899 qua
756 834 831 887 ad
848 834 1217 897 Ruﬁnianam
1231 834 1561 900 epistolam,
1575 838 1677 897 jam

35 907 428 973 deperditam
447 922 516 958 ea:
536 913 709 972 parte,
732 910 799 958 ut
814 905 1083 970 loquitur,
1101 905 1193 958 vel
1205 907 1529 956 summatim
1542 911 1680 959 tunc

38 991 271 1032 recens
296 978 701 1044 responderat.
728 976 1112 1042 Hipponensis
1128 976 1347 1030 Prtesul
1360 978 1421 1029 in
1438 977 1680 1043 epistola

44 1052 314 1103 CLXVI.
346 1051 424 1103 ad
456 1051 878 1115 Hieronymum
915 1060 1040 1113 cap.
1066 1049 1136 1101 V.
1171 1048 1221 1113 §.
1255 1047 1341 1103 15.
1368 1062 1442 1102 ex
1477 1050 1679 1103 eadem

42 1123 244 1187 hujus
259 1123 554 1188 Apologia
575 1124 790 1187 II.pag.
820 1119 944 1176 464.
963 1120 1362 1173 testimonium
1388 1122 1603 1187 profert
1616 1123 1680 1173 de

46 1195 284 1259 origine
308 1194 532 1246 animae.
557 1195 643 1246 Ex
672 1192 860 1246 verbis
883 1196 1058 1245 antea
1076 1191 1332 1245 recitatis
1355 1192 1678 1258 colligimus

45 1266 492 1331 Augustinum,
527 1264 791 1329 quamvis
821 1263 1331 1328 Hieronymianam
1353 1264 1677 1329 Apologiam

45 1343 118 1392 II.
134 1339 478 1405 legisset,et
489 1338 796 1403 Ruﬁniana
810 1336 1025 1401 scripta
1034 1336 1406 1402 ignoraret,in
1423 1339 1678 1387 discordia

47 1424 191 1477 qua
208 1414 537 1475 utrumque
553 1408 866 1473 scindebat,
883 1408 1075 1461 neutri
1085 1408 1424 1461 adhmsisse.
1445 1412 1497 1458 Id
1514 1424 1675 1459 unum

46 1483 365 1549 prmetitit,
381 1487 449 1535 ut
468 1484 658 1535 tantas
672 1479 1004 1533 inimicitias
1018 1479 1444 1544 ingemisceret,
1458 1482 1678 1531 easdem-

51 1568 174 1620 que
195 1568 233 1608 e
261 1554 459 1607 medio
480 1552 605 1606 tolli
627 1564 997 1618 summopere
1019 1556 1263 1615 optaret.
1283 1554 1463 1615 Quem
1478 1552 1677 1605 Hiero-

48 1638 289 1692 nymus
312 1625 685 1691 Calpurnium
706 1624 1014 1674 Lanarium
1038 1623 1280 1683 dixerat,
1304 1625 1676 1687 Augustinus

44 1698 181 1763 ipse
231 1697 468 1763 proprio
508 1701 569 1750 et
603 1707 743 1749 vero
779 1695 1017 1748 nomine
1041 1696 1306 1758 Ruﬁnum
1327 1694 1483 1747 dicit.
1511 1698 1675 1749 Tunc

47 1780 195 1834 ergo
206 1770 285 1821 A.
314 1769 382 1820 D.
396 1767 517 1823 404.
538 1766 821 1818 biennium
844 1767 918 1818 ab
932 1767 1218 1817 Anastasii
1238 1767 1511 1831 'decessu,
1533 1770 1677 1817 nulla

52 1841 372 1893 damnatio
401 1840 462 1892 in
495 1840 764 1903 Ruﬁnum
791 1837 1017 1902 audita;
1049 1838 1193 1891 alias
1213 1838 1674 1892 PrassulSanctis-

54 1914 255 1965 simus
264 1912 640 1977 Hieronymo,
655 1911 781 1964 viro
793 1910 1183 1975 undequaque
1193 1909 1491 1974 catholico,
1505 1913 1565 1959 ad
1571 1926 1675 1961 ver-

53 1999 165 2037 sus
186 1985 527 2046 haereticum,
553 1986 611 2035 et
629 1995 664 2035 a
685 1982 871 2048 prima
885 1982 1030 2035 Sede
1052 1994 1414 2048 percussum,
1429 1984 1679 2033 adhaesis-

53 2061 166 2109 set.
187 2055 389 2109 Media
410 2055 567 2108 enim
589 2053 830 2106 consilia
850 2052 913 2105 in
922 2052 1215 2119 religionis
1231 2056 1441 2115 negocio
1451 2055 1670 2115 pessima

55 2141 315 2194 semper,
335 2129 395 2181 et
406 2126 1062 2191 nunquamjtuta.Quum
1078 2127 1406 2189 Augustinus
1414 2127 1581 2176 neutri
1595 2128 1680 2176 ad-

56 2199 328 2261 hmserit,
354 2210 523 2263 mque
543 2201 842 2262 utrunque
864 2210 970 2263 pro
989 2197 1175 2250 amico
1199 2201 1259 2251 et
1282 2209 1419 2251 vere
1434 2200 1680 2248 catholico

54 2271 325 2339 agnovit.
341 2273 465 2323 Hoc
478 2270 632 2323 idem
647 2269 917 2335 agnitum
928 2270 1001 2321 ab
1020 2271 1314 2322 Honorato
1329 2272 1487 2319 Fabro
1500 2271 1556 2318 in
1569 2272 1680 2319 Pro-

57 2344 272 2398 dromo
286 2342 512 2397 velitari
534 2343 700 2395 Parte
719 2343 788 2394 II.
811 2352 932 2406 cap.
961 2343 1032 2393 II.
1063 2341 1115 2406 ἕ.
1140 2340 1371 2407 16.pag.
1395 2339 1483 2397 82.
1498 2340 1604 2394 col.
1622 2339 1676 2396 2.

669 2440 901 2493 CAPUT
936 2439 1063 2491 XX.

52 2534 94 2583 Ι.
131 2532 378 2595 Ruﬁnus
400 2528 533 2580 Urbe
555 2528 774 2580 discedit
800 2542 926 2579 cum
952 2527 1198 2579 Melania
1214 2527 1414 2578 iterum
1429 2528 1492 2578 in
1511 2529 1678 2580 Palae-

113 2603 332 2653 stinam
356 2601 696 2666 trajecturus.
711 2602 910 2651 Annus
933 2598 1251 2651 emortualis
1266 2600 1554 2651 Publicola:
1575 2600 1672 2652 Se-

120 2675 323 2739 nioris,
349 2673 594 2725 Melaniae
613 2672 719 2738 ﬁlii
741 2673 1064 2723 decernitur.
1090 2674 1159 2725 II.
1184 2673 1359 2724 Roma
1375 2673 1674 2724 abAlarico

123 2746 434 2797 Gothorum
480 2744 615 2809 Rege
646 2744 869 2810 obsessa,
911 2748 1074 2809 atque
1111 2744 1458 2810 direpta.§III.
1484 2744 1674 2810 Ruﬁni

119 2818 320 2881 obitus,
338 2816 480 2867 locus
502 2816 711 2877 mortis,
735 2820 781 2866 et
805 2821 1012 2882 tempus
1027 2816 1386 2882 adsignatur.
1407 2819 1503 2870 IV.
1527 2818 1677 2881 Ruﬁ-

124 2891 191 2941 ni
216 2889 407 2941 laudes
423 2894 785 2939 recensentur.

127 2989 174 3041 Ι.
199 2989 328 3051 Quo
350 2986 564 3039 Christi
587 2997 737 3039 anno
759 2986 993 3050 Ruﬁnus
1013 2990 1148 3050 post
1162 2986 1487 3051 Apologias,
1506 2986 1679 3040 alias-

70 3073 181 3125 que
220 3058 677 3118 lucubrationes,
711 3058 783 3110 ab
818 3068 883 3110 se
915 3056 1177 3122 Aquilejse
1210 3058 1523 3117 confectas,
1552 3059 1677 3111 suis

72 3131 439 3195 valedixerit,
462 3130 520 3182 in
543 3130 908 3183 Palaestinam
930 3141 1065 3181 cum
1089 3129 1330 3180 Melania
1344 3130 1551 3183 iterum
1564 3136 1680 3183 tra-

65 3204 356 3269 jecturus,
379 3201 640 3255 nondum
663 3201 936 3266 cuiquam
962 3202 1112 3255 bene
1136 3206 1515 3267 compertum.
1541 3204 1679 3255 Post

1778 626 1933 681 runt,
1983 635 2129 687 quos
2168 623 2331 676 facile
2364 623 2482 676 tolli
2518 625 2876 686 crediderim,
2905 626 2955 678 si
2980 627 3266 678 Publicolae
3288 629 3394 682 Se—

1778 694 1956 747 nioris
1979 700 2247 758 mortem,
2272 699 2427 748 certo
2448 696 2701 761 quodam
2713 696 3043 750 charactere
3059 700 3389 763 designatum,
3466 694 3483 703 “

1778 766 1837 818 iu
1857 767 1924 817 A.
1949 768 2018 819 D.
2044 765 2167 822 400.
2194 768 2513 832 conjecero.
2533 771 2614 821 Ex
2624 773 2739 821 stat
2758 769 3003 833 epistola
3018 771 3221 823 XLVI.
3255 771 3391 824 olim

1777 838 1926 890 inter
1946 838 2399 903 Augustinianas
2412 841 2593 892 CLIII.
2610 851 2725 904 qua
2739 839 3015 891 Publicola
3030 840 3183 893 idem
3199 841 3396 892 Senior

1779 909 2210 974 Hipponensem
2233 910 2553 962 antistitem
2577 908 2831 963 consulit
2841 911 2912 963 de
2928 912 3242 974 nonnullis,
3260 921 3395 963 tene-

1779 981 1985 1033 riorem
2012 982 2272 1033 animum
2298 993 2473 1033 suum
2508 983 2901 1048 turbantibus,
2943 995 3074 1046 quas
3107 984 3391 1037 Africanis

1779 1052 2228 1106 conductoribus
2252 1066 2444 1105 rerum
2465 1066 2700 1106 suarum
2726 1054 2790 1106 in
2810 1054 3109 1108 latifundis
3142 1056 3389 1123 Arzugi—

1778 1130 1934 1179 tanas
1954 1124 2272 1190 provincias
2294 1137 2428 1177 cum
2449 1125 3155 1190 paganisintercedebant.
3167 1130 3386 1178 Eandem

1777 1196 2080 1261 epistolam
2097 1197 2219 1262 jam
2242 1196 2378 1248 dicti
2404 1196 2709 1248 Curatores
2734 1197 2930 1249 datam
2952 1198 3216 1251 fecerunt
3236 1200 3386 1250 A.D.

1777 1267 1899 1325 398.
1924 1268 2130 1320 Mirum
2152 1272 2261 1331 est,
2287 1267 2442 1320 viros
2457 1268 2723 1333 egregios
2735 1268 2797 1320 in
2808 1269 2931 1321 vita
2943 1270 3256 1334 Augustini
3270 1271 3389 1319 libri

1775 1343 1872 1395 IV.
1906 1353 2030 1407 cap.
2063 1342 2187 1392 XV.
2224 1340 2273 1405 §.
2298 1339 2348 1394 4.
2384 1341 2655 1391 incertum
2676 1343 2912 1404 putasse
2937 1342 3070 1405 quis
3085 1339 3180 1393 ille
3202 1340 3390 1391 Publi-

1775 1413 1895 1464 cola
1917 1417 2089 1467 esset.
2120 1412 2548 1465 Tillemontium
2573 1416 2729 1464 tomo
2752 1414 2965 1478 X.pag.
2999 1411 3124 1468 823.
3146 1417 3205 1466 et
3234 1418 3389 1466 tomo

1776 1486 1924 1537 XIII.
1965 1496 2093 1550 pag.
2133 1481 2256 1538 323.
2297 1482 2555 1547 suspicio
2586 1482 2845 1544 incessit,
2891 1496 2989 1547 pro
3022 1483 3271 1534 Melaniae
3294 1483 3388 1535 Se-

1771 1557 1949 1607 nioris
1981 1560 2141 1615 nato,
2167 1567 2300 1608 esse
2331 1554 2757 1621 accipiendum.
2792 1555 2943 1617 Quin
2976 1553 3257 1607 hisfuerit
3280 1557 3387 1605 loca

1773 1628 2028 1681 indicata
2073 1627 2342 1680 dubitare
2386 1639 2504 1679 non
2551 1626 2768 1679 sinunt.
2802 1626 3045 1677 Melania
3090 1626 3287 1689 Mater,
3321 1630 3391 1679 ut

1774 1701 1987 1754 isthmc
2011 1712 2118 1753 sua
2144 1698 2454 1752 latifundia
2474 1698 2536 1751 in
2556 1698 2750 1751 Africa
2773 1698 3062 1761 inviseret,
3089 1700 3387 1762 sacrisque

1772 1775 1940 1837 Augu
1949 1772 2087 1824 stini
2110 1770 2411 1835 colloquiis
2428 1769 2731 1834 frueretur,
2746 1769 2935 1821 adhuc
2948 1770 3261 1835 superstite
3272 1769 3386 1833 ﬁlio

1784 1843 2080 1904 Publicola,
2126 1843 2261 1895 illuc
2306 1842 2499 1895 solvit.
2536 1841 2782 1893 Sanctus
2814 1841 3091 1894 Paulinus
3125 1841 3387 1894 Nolanus
3453 1901 3458 1906 _

1779 1916 1946 1981 epist.
1963 1916 2157 1967 XCIV.
2172 1914 2316 1966 alias
2328 1914 2613 1966 CCXLIX.
2626 1912 2777 1965 inter
2787 1912 3268 1977 Augustinianas,
3281 1928 3389 1974 gra-

1778 1988 1874 2040 tiis
1899 1986 2229 2052 Augustino
2249 1984 2398 2037 actis
2424 1983 2496 2036 de
2519 1983 2768 2049 epistola
2793 1984 2965 2048 (nunc
2986 1982 3301 2049 deperdita)
3313 1983 3386 2035 ad

1777 2073 1843 2112 se
1854 2070 1973 2111 una
1987 2070 2122 2111 cum
2136 2056 2281 2109 libro
2294 2056 2549 2121 quodam
2560 2067 2663 2120 per
2676 2054 2838 2107 illum
2856 2055 3218 2118 transmissa,
3232 2069 3385 2116 quam
3436 2088 3443 2093 ι

1777 2133 1978 2184 Romae
1999 2129 2074 2182 ad
2103 2128 2257 2181 diem
2288 2127 2505 2180 festum
2539 2125 2947 2191 Apostolorum
2972 2124 3122 2179 Petri
3145 2129 3204 2178 et
3226 2125 3387 2178 Pauli

1776 2217 1813 2258 a
1833 2202 2043 2265 Quinto
2076 2201 2347 2262 Diacono,
2372 2197 2711 2262 aliquandiu
2733 2201 2905 2249 antea
2915 2196 3382 2261 ibidemmorato,

1774 2276 2134 2337 acceperant,
2169 2269 2544 2335 prosequitur
2565 2267 2769 2321 laudes
2791 2267 3040 2317 Melaniae
3064 2266 3306 2318 Senioris
3328 2269 3387 2320 et

1775 2344 2061 2397 Publicolae
2079 2343 2235 2393 unici
2255 2341 2387 2406 filii,
2407 2341 2479 2394 de
2492 2340 2660 2406 cujus
2680 2338 2774 2392 ille
2795 2340 3015 2399 recenti
3035 2338 3383 2391 dormitione

1775 2415 2243 2485 pmcedentibus
2256 2412 2436 2465 literis
2459 2412 2853 2485 Augustinum
2866 2413 3120 2485 docuerat,
3134 2425 3249 2485 eum
3263 2425 3381 2473 pre-

1775 2481 1960 2550 catus,
1984 2488 2051 2539 ut
2073 2488 2379 2550 cognatam
2401 2496 2568 2536 suam
2583 2481 2886 2535 Melanium
2903 2482 2965 2534 in
2987 2482 3384 2547 tantajactura

1777 2560 2071 2613 solaretur.
2100 2558 2250 2609 Hinc
2283 2557 2474 2621 palam
2492 2556 2580 2619 fit,
2603 2554 2936 2606 Publicolam
2956 2553 3241 2605 Seniorem
3264 2556 3383 2606 Ro-

1774 2644 1907 2696 mm,
1950 2630 2051 2683 ubi
2094 2629 2245 2681 inter
2278 2632 2576 2680 senatores
2604 2628 3038 2691 numerabatur,
3071 2637 3190 2679 non
3228 2624 3384 2690 alibi,

1773 2704 1931 2757 diem
1969 2702 2203 2763 obiisse,
2247 2704 2555 2766 postquam
2579 2698 2825 2750 Melania
2848 2702 3023 2748 mater
3046 2697 3107 2750 in
3132 2696 3385 2749 Africam

1774 2774 2114 2840 trajecisset.
2139 2775 2261 2825 Hoc
2283 2771 2533 2837 amplius
2556 2771 2838 2824 firmatur.
2856 2772 3173 2835 Postquam
3190 2771 3387 2833 Augu-

1775 2848 1968 2901 stinus
1996 2844 2297 2895 Melanium
2311 2843 2383 2896 de
2402 2842 2739 2896 fortitudine
2748 2842 3045 2906 animique
3057 2841 3385 2894 constantia

1773 2919 1835 2972 in
1861 2918 1964 2970 filii
1986 2915 2318 2977 amissione,
2343 2915 2417 2968 ad
2442 2914 2743 2966 Paulinum
2768 2912 3380 2977 scribens,laudasset,

1772 2990 1926 3043 idem
1948 2987 2240 3049 Paulinus,
2256 2986 2492 3051 quihasc
2507 2985 2569 3037 in
2593 2997 2699 3036 suo
2713 2984 2785 3036 ad
2798 2983 3198 3049 Augustinum
3209 2986 3383 3034 iterato

1775 3073 2056 3125 responso
2081 3072 2155 3112 ex
2188 3057 2431 3124 epistola
2469 3056 2541 3125 ad
2573 3069 2636 3108 se
2659 3055 2874 3121 scripta
2894 3061 3176 3117 recenset,
3207 3055 3386 3108 semel

1777 3137 1954 3198 atque
1975 3132 2187 3184 iterum
2209 3129 2308 3194 ait,
2324 3128 2396 3180 de
2409 3127 2667 3179 moribus
2679 3132 2738 3178 et
2760 3126 3066 3198 sanctitate
3080 3125 3382 3189 Publicolae,

1777 3216 1840 3258 se
1860 3197 1957 3257 ad
1992 3203 2155 3256 illum
2184 3204 2360 3253 antea
2387 3200 2677 3264 scripsisse.
2704 3200 2853 3263 Ergo
2874 3197 3152 3249 Publicola
3186 3198 3386 3250 Senior

70 3275 446 3355 demortuum
464 3273 822 3355 Anastasium
838 3273 1174 3355 pontificem
1262 3275 1573 3339 contigisse
1586 3290 1675 3336 pro
1700 3279 1749 3355 ρ
1776 3290 1897 3330 non
1918 3276 1978 3355 in
2005 3274 2213 3355 Africa,
2234 3271 2436 3355 sed‘in.
2449 3269 2835 3355 Italia-e‘vivis
2845 3273 3215 3355 “egesserat.
3245 3270 3385 3355 Haec

70 3350 230 3400 certo
246 3347 456 3404 habeo,
474 3345 653 3396 immo
667 3349 724 3397 et
742 3349 873 3409 post
892 3344 1200 3395 Chromatii
1223 3347 1505 3410 decessum,
1523 3361 1674 3408 quem

70 3422 139 3471 A.
174 3420 243 3471 D.
269 3417 397 3473 407.
420 3415 763 3482 illigandum
787 3416 1017 3468 ostendi
1039 3416 1136 3468 lib.
1161 3418 1257 3468 III.
1290 3428 1412 3482 cap.
1435 3417 1594 3481 III.§.
1621 3417 1673 3472 9.

68 3489 485 3554 TuncﬁRuﬁnus
508 3488 878 3541 sanctissimo
906 3492 1067 3553 patre
1091 3489 1351 3549 orbatus,
1367 3494 1676 3553 postquam

69 3561 337 3616 decennii
360 3572 579 3612 moram
601 3572 734 3612 cum
757 3559 882 3612 suis
906 3560 1197 3623 traxisset,
1228 3562 1471 3612 Romam
1494 3573 1677 3613 rever-

69 3647 172 3686 sus
196 3638 306 3694 est,
324 3632 447 3696 jam
467 3630 840 3697 septennium
860 3630 1102 3684 sedente
1118 3633 1368 3681 Anastasii
1387 3647 1533 3682 succe
1543 3647 1677 3682 ssore

69 3704 385 3756 Innocentio
417 3702 703 3768 pontifice.
740 3703 909 3755 Anno
939 3702 1271 3767 insequenti
1299 3702 1424 3759 408.
1450 3704 1676 3757 Alarico

71 3780 230 3841 Rege
254 3774 571 3828 Gothorum
595 3774 732 3827 Urbi
754 3775 955 3827 Romm
977 3774 1304 3837 incubante,
1317 3777 1391 3828 ab
1408 3779 1677 3837 utriusque

72 3847 342 3902 Melania
366 3844 600 3898 familiis
625 3848 912 3898 statutum
930 3848 1021 3897 est
1044 3858 1169 3898 suae
1188 3846 1363 3899 saluti
1389 3849 1676 3912 consulere,

71 3926 250 3985 atque
274 3919 337 3970 in
358 3917 605 3971 Siciliam
628 3917 916 3982 navigare,
938 3917 1092 3970 unde
1109 3918 1352 3977 Melania
1371 3921 1546 3968 Senior
1561 3933 1674 3969 cum

71 3995 276 4057 Ruﬁno
300 3989 756 4055 Hierosolymam
780 3989 1150 4053 cogitaverat.
1166 3992 1311 4042 Cum
1326 3990 1565 4040 Melania
1578 3991 1677 4042 Se-

72 4064 236 4116 niore
257 4060 533 4127 praecipui
555 4060 1013 4126 aderantpraeter
1022 4062 1304 4126 Ruﬁnum,
1319 4061 1539 4123 Albina,
1555 4063 1676 4113 Me-

72 4134 248 4188 lanius
286 4145 470 4185 nurus
513 4146 648 4185 cum
676 4132 829 4197 filiis,
862 4132 1140 4184 Publicola
1159 4134 1409 4194 Juniore,
1434 4133 1679 4183 Melania

71 4208 214 4259 item
235 4204 493 4270 Juniore,
518 4208 578 4257 et
599 4204 837 4257 Piniano
861 4205 1129 4269 conjuge,
1157 4204 1228 4258 de
1253 4205 1467 4269 quibus
1484 4204 1679 4269 aliqua

73 4277 201 4331 dixi
230 4276 376 4328 libro
402 4278 470 4327 V.
496 4288 617 4341 cap.
645 4276 739 4328 IV.
765 4275 816 4340 g.
843 4275 895 4330 7.
918 4275 1207 4329 Palladius
1219 4275 1423 4328 horum
1437 4277 1676 4341 amicus,

74 4356 149 4411 et,
179 4348 323 4401 dum
355 4349 555 4400 Romae
587 4346 981 4412 Chrysostomi
1013 4359 1282 4399 caussam
1304 4352 1517 4412 ageret,
1543 4347 1678 4399 olim

75 4421 310 4484 hospes,
330 4418 458 4472 hac
479 4418 734 4472 referens
760 4431 883 4483 cap.
897 4419 1095 4471 XCIX.
1109 4419 1394 4471 indictum
1408 4419 1682 4484 praeteriit

75 4490 409 4543 Publicolam
435 4491 733 4551 Seniorem,
760 4490 1007 4540 Melaniae
1032 4490 1679 4544 SeniorisﬂliumJunio-

74 4565 153 4613 iis
178 4566 492 4628 parentem,
517 4566 576 4614 et
601 4561 825 4614 Piniani
852 4574 1115 4613 socerum
1136 4561 1481 4615 Christianis
1502 4565 1683 4615 virtu-

78 4636 233 4688 tibus
262 4634 576 4700 plusquam
609 4634 896 4687 senatoria
929 4633 1204 4695 dignitate
1227 4632 1676 4698 suspiciendum.

75 4709 105 4761 ,ι
111 4719 213 4761 ure
234 4709 428 4758 autem
450 4706 743 4770 praeteriit,
769 4705 980 4772 quippe
998 4718 1176 4769 quem
1218 4707 1380 4770 prius
1402 4708 1679 4757 extinctum

78 4782 331 4833 noverat.
356 4777 603 4830 Melania
626 4778 824 4831 Senior
833 4777 1224 4842 amplissimos
1234 4777 1447 4830 fundos
1459 4790 1573 4831 non
1585 4790 1679 4831 so-

83 4851 203 4904 lum
244 4849 307 4902 in
349 4849 662 4915 Campania
705 4854 762 4902 et
802 4847 1009 4913 Sicilia,
1055 4848 1158 4902 sed
1178 4850 1241 4902 in
1274 4849 1676 4914 Gallia'etiam,

84 4920 371 4986 Hispania,
396 4925 571 4985 atque
597 4920 781 4973 Africa
807 4919 1140 4984 possidebat
1169 4935 1182 4972 :
1221 4933 1373 4984 quae,
1401 4921 1679 4972 Publicola

86 5001 305 5058 utroque
321 4991 551 5057 sublato,
573 4993 647 5044 ad
677 4991 983 5046 Melaniam
995 4992 1315 5058 Juniorem,
1328 4995 1677 5045 utPublicolse

90 5064 324 5116 Senioris
349 5062 619 5128 flliam,et
637 5064 891 5115 Junioris
914 5076 1191 5127 sororem,
1204 5067 1532 5116 devenerunt.
1549 5068 1679 5115 Huic

88 5138 234 5190 enim
254 5146 324 5188 ea
345 5136 548 5188 tribuit
562 5134 871 5188 Palladius.
883 5135 1238 5189 Jamdudum
1251 5137 1383 5186 inter
1396 5139 1677 5199 praecipuos

89 5209 159 5260 rei
180 5206 448 5261 literarim
471 5212 794 5261 summates
805 5206 1015 5260 nobilis
1028 5208 1278 5273 qumstio
1295 5210 1675 5270 Chronologica,

90 5280 232 5332 unde
249 5278 384 5332 aliae
406 5278 679 5345 pendent,
703 5278 861 5332 varie
888 5278 1104 5344 agitata
1126 5283 1236 5344 est,
1260 5284 1438 5346 quoto
1467 5280 1679 5332 Christi

90 5364 230 5403 anno
254 5349 531 5402 Publicola
554 5350 750 5402 Senior
769 5350 960 5403 vivere
980 5350 1233 5405 desierit.
1280 5353 1552 5403 Annalium
1585 5366 1676 5413 pa-

92 5436 213 5476 rens
235 5423 344 5475 hoc
376 5422 582 5475 statuit
607 5421 889 5478 A.D.409.
907 5419 1051 5486 5.27.
1066 5422 1336 5477 Similiter
1360 5423 1676 5477 Annalium

92 5494 426 5547 Scholiastes
461 5495 670 5560 Pagius
690 5495 747 5557 ἓ.
771 5494 823 5549 9.
851 5494 940 5545 Ab
963 5496 1475 5559 utroqueimmane
1486 5498 1678 5547 disces-

92 5568 155 5618 sit
176 5569 372 5619 Petrus
396 5566 738 5619 Franciscus
762 5565 1079 5618 Chiffletius
1106 5567 1167 5619 in
1190 5569 1401 5617 Paulino
1426 5570 1678 5619 illustrato

94 5644 237 5701 parte
260 5639 329 5689 Il.
361 5649 487 5703 cap.
519 5639 789 5690 XXXIV.
815 5637 889 5690 ad
913 5640 982 5689 A.
1009 5638 1074 5689 D.
1089 5638 1214 5694 416.
1229 5639 1287 5691 id
1303 5639 1675 5695 transferens.

96 5710 205 5762 Alio
227 5707 428 5762 itidem
452 5710 593 5763 abiit
610 5708 873 5763 Norisius
889 5708 949 5762 in
978 5708 1334 5764 Adventoria
1345 5725 1473 5778 pag.
1486 5711 1573 5768 20.
1589 5716 1677 5763 ubi

97 5794 199 5834 non
219 5781 604 5848 perfunctorie
631 5794 735 5849 pro
758 5783 827 5835 A.
848 5783 917 5834 D.
943 5779 1066 5838 399.
1092 5783 1353 5836 certavit.
1379 5784 1490 5837 Sed
1515 5797 1677 5838 cura-

101 5856 237 5905 tores
268 5865 438 5907 novm
459 5852 731 5907 editionis
753 5852 950 5905 Sancti
970 5854 1308 5919 Augustini,
1343 5860 1404 5907 et
1427 5859 1562 5920 post
1579 5868 1678 5908 eos

101 5924 481 5979 Tillemontius
502 5926 563 5979 in
583 5925 725 5979 locis
752 5924 904 5979 infra
915 5924 1260 5990 indicandis,
1273 5926 1376 5980 uni
1388 5929 1455 5979 A.
1467 5928 1535 5980 D.
1552 5925 1674 5984 408.

1707 4662 1763 4735 D

1777 3362 1813 3402 a
1829 3361 1924 3400 me
1946 3348 2158 3399 frustra
2183 3356 2303 3396 non
2327 3343 2441 3395 dici
2465 3341 2756 3395 constabit
2776 3341 3037 3405 inferius,
3052 3340 3156 3393 ubi
3169 3355 3313 3402 agam
3324 3342 3386 3390 de

1776 3419 2054 3472 Publicola
2073 3418 2321 3469 Juniore.
2340 3417 2428 3467 Ex
2451 3413 2674 3466 Paulini
2689 3413 2949 3479 epistola,
2972 3413 3033 3464 in
3054 3425 3171 3477 qua
3181 3416 3383 3477 Augu-

1778 3491 2111 3555 stinianam,
2147 3489 2222 3542 ad
2259 3500 2321 3540 se
2352 3487 2643 3553 scriptam,
2687 3485 3025 3538 summatim
3047 3485 3238 3546 refert,
3270 3485 3387 3538 huc

1775 3564 1974 3628 aliqua
2000 3562 2290 3615 adducam
2316 3573 2329 3611 :
2353 3558 2595 3610 Docuisli
2622 3571 2708 3608 me
2727 3558 2790 3607 in
2813 3557 3017 3617 spiritu
3038 3556 3279 3607 veritatis
3297 3571 3388 3607 sa—

1778 3635 1925 3685 lubre
1938 3632 2263 3685 moderandi
2276 3633 2339 3681 in
2357 3630 2592 3682 occiduis
2607 3628 2929 3679 mortalibus
2940 3628 3122 3679 animi
3133 3634 3393 3694 tempera-

1777 3712 2043 3768 mentum,
2065 3719 2172 3771 quo
2188 3708 2234 3755 et
2261 3703 2417 3754 illam
2440 3701 2649 3752 beatam
2670 3703 2907 3751 matrem
2929 3704 2976 3751 et
3000 3700 3188 3752 aviam
3210 3701 3386 3771 Mela-

1777 3780 1965 3842 niam(_
1968 3770 2196 3827 matrem
2211 3775 2369 3828 unici
2377 3774 2478 3826 ﬁlii
2498 3772 2782 3825 Publicolae
2805 3773 2847 3822 I.
2868 3773 3055 3822 aviam
3074 3770 3388 3825 Publicolae

1777 3854 1844 3903 II.
1872 3852 1931 3903 et
1948 3849 2194 3900 Melaniae
2215 3848 2302 3910 11.)
2325 3847 2523 3911 ﬂevisse
2554 3844 2832 3895 carnalem
2864 3843 3070 3905 obitum
3094 3844 3250 3894 unici
3271 3843 3387 3906 filii

1778 3922 2049 3973 taciturno
2094 3918 2313 3984 quidem
2351 3917 2514 3980 luctu,
2549 3930 2666 3965 non
2702 3920 2885 3964 tamen
2914 3913 3049 3964 sicco
3069 3929 3106 3964 a
3126 3913 3390 3979 lacrymis

1778 3993 1975 4057 dolore,
1989 4000 2234 4051 VIDISTI,
2258 3987 2413 4053 cujus
2429 3987 2650 4053 quidem
2665 3986 2930 4057 modestae
2939 3989 2985 4035 et
2999 3999 3187 4057 graves
3205 3984 3386 4057 lacry-

1777 4080 1914 4125 mas,
1948 4054 2085 4115 sicut
2116 4071 2375 4114 PROPIOR
2400 4064 2446 4109 et
2478 4058 2742 4124 aequatior
2776 4056 2980 4106 animae
3003 4056 3118 4109 eius
3137 4054 3388 4120 spiritus,

1778 4139 1942 4189 altius
1974 4143 2412 4198 INTBLLBXISTI,
2443 4137 2492 4181 et
2526 4129 2763 4196 perfectae
2783 4129 2848 4178 in
2886 4128 3100 4180 Christo
3144 4127 3384 4193 feminae,

1776 4210 1926 4260 salva
1944 4207 2121 4259 virilis
2137 4220 2208 4257 an
2216 4205 2317 4255 imi
2339 4203 2681 4269 fortitudine,
2695 4217 2787 4252 cor
2800 4205 3113 4251 maternum
3130 4200 3192 4250 de
3206 4200 3386 4250 cordis

1776 4283 1865 4332 sui
1888 4278 2252 4331 similitudine
2273 4276 2466 4328 melius
2488 4290 2555 4326 ea;
2576 4289 2728 4340 sequo
2750 4278 2896 4323 statu
2911 4271 3303 4338 contemplatus
3314 4287 3384 4333 es,

1778 4359 1836 4402 ut
1859 4368 1979 4403 eam
2001 4353 2249 4418 primum
2268 4364 2370 4415 pro
2394 4348 2644 4398 naturali
2663 4345 2943 4418 affectione
2957 4350 3278 4410 permotum,
3294 4344 3387 4394 de-

1778 4425 1905 4475 inde
1915 4417 2104 4475 caussa
2125 4422 2331 4487 potiore
2353 4423 2735 4483 compunctum
2748 4417 2947 4481 ﬂevisse
2958 4425 3385 4487 PERSPICERES,

1778 4512 1894 4547 non
1917 4501 2029 4545 tam
2048 4494 2189 4544 illud
2202 4494 2279 4543 hu
2286 4505 2540 4550 manum,
2556 4489 2702 4553 quod
2710 4498 2949 4541 UNICUM
2966 4498 3177 4540 FILIUM
3191 4486 3382 4536 condi.

1783 4568 1925 4618 tione
1946 4564 2169 4616 mortali
2191 4562 2509 4625 defunctum
2530 4562 2593 4609 in
2615 4557 2865 4625 praesenti
2893 4557 3081 4608 saeculo
3104 4558 3388 4620 amisisset,

1783 4652 1954 4705 quam
1978 4636 2125 4701 quod
2146 4632 2542 4705 propemodum
2561 4631 2623 4680 in
2637 4630 2887 4680 saeculari
2896 4629 3135 4679 vanitate
3146 4644 3387 4705 praeven-

1782 4702 1896 4761 tum
1918 4708 2071 4775 (quia
2088 4706 2325 4757 necdum
2340 4703 2502 4755 illum
2516 4705 2819 4753 deseruerat
2842 4712 3199 4755 SENATORIB
3213 4702 3393 4767 digni-

1781 4782 1904 4833 tatis
1930 4779 2173 4842 ambitio)
2191 4792 2305 4828 non
2314 4775 2483 4841 juxta
2505 4789 2605 4825 san
2612 4778 2753 4824 ctam
2763 4778 3011 4824 votorum
3025 4788 3253 4824 suorum
3265 4790 3392 4825 ava-

1778 4852 1972 4903 ritiam
2002 4850 2257 4916 cogitaret
2294 4851 2620 4910 assumtum,
2646 4850 2706 4895 ut
2733 4845 2797 4895 de
2818 4846 3183 4896 conversionis
3213 4845 3391 4911 gloria

1780 4925 2053 4976 transisset
2077 4923 2154 4974 ad
2173 4920 2410 4987 gloriam
2433 4917 2863 4981 resurrectionis,
2890 4932 3233 4969 communem
3266 4932 3391 4968 cum

1778 5002 1953 5048 matre
1985 4995 2229 5061 requiem
2259 5004 2626 5057 coronamque
2648 4993 2927 5055 capturus,
2950 4990 3000 5039 si
3026 4989 3195 5054 hujus
3211 4989 3391 5041 seculi

1778 5070 1910 5129 vita,
1936 5068 2131 5117 matris
2153 5063 2413 5129 exemplo,
2437 5076 2655 5114 saccum
2670 5066 2797 5127 togae
2811 5064 2858 5110 et
2874 5062 3274 5112 monasterium
3290 5070 3390 5113 SB-

1779 5152 1966 5194 NA'I‘UI
1987 5137 2323 5205 pratulisset.
2348 5136 2484 5188 Mox
2514 5133 2711 5187 subdit
2733 5145 2796 5205 se
2824 5136 2960 5205 ante
2983 5132 3060 5205 de
3077 5131 3256 5197 hujus
3273 5131 3387 5181 Pu-

1781 5211 1975 5264 blicola
1998 5211 2044 5264 1.
2068 5206 2470 5263 virtutibusad
2484 5205 2648 5259 illum
2660 5204 2995 5271 scripsisse:
3019 5204 3383 5256 Veruntamen

1778 5284 1918 5335 idem
1940 5283 2028 5332 vir
2061 5278 2385 5347 (Publicola)
2410 5283 2472 5328 ut
2493 5283 2544 5328 et
2566 5288 2769 5347 suras
2790 5284 3124 5329 nnrnusss
3146 5287 3232 5323 me
3253 5278 3386 5338 puto

1777 5354 2055 5407 sanctitati
2070 5346 2199 5415 tuae,
2218 5350 2305 5403 his
2319 5349 2572 5416 operibus
2597 5346 2944 5413 locupletatus
2964 5354 3308 5406 ABSCRSSIT,
3326 5348 3386 5394 ut

1776 5433 2033 5478 maternas
2070 5422 2399 5476 humilitatis
2426 5420 2765 5472 nobilitatem
2786 5419 2835 5469 si
2863 5422 2994 5468 veste
3026 5430 3143 5467 non
3165 5416 3383 5480 gesserit

1779 5505 1959 5551 tamen
2000 5501 2174 5548 mente
2199 5494 2514 5562 prsetulerit.
2560 5492 2709 5544 Infra
2730 5502 2865 5544 vero
2882 5506 2902 5562 _:
2949 5488 3053 5562 Sed
3061 5501 3204 5562 cesso
3220 5486 3385 5562 plura

1778 5572 1840 5622 de
1862 5569 2130 5621 memoria
2159 5556 2270 5617 (ἀτη
2296 5564 2473 5616 dilecti
2496 5562 2661 5624 mihi,
2674 5575 2843 5625 quam
2858 5558 3029 5609 devoti
3048 5556 3262 5609 Christo
3276 5558 3379 5607 ho-

1778 5643 1897 5694 min
1904 5643 2252 5706 is,enarrare,
2267 5652 2441 5702 quum
2450 5642 2496 5685 cl
2511 5635 2574 5684 in
2585 5643 2880 5686 PRISTINIS
2895 5630 3064 5706 literis
3075 5644 3189 5681 non
3204 5644 3387 5706 pauca

1778 5700 1961 5777 super,
1984 5727 2042 5764 co
2076 5700 2331 5763 narrasse
2374 5723 2459 5758 me
2492 5711 2752 5771 reputem,
2800 5708 2847 5754 et
2891 5703 3040 5753 nihil
3080 5700 3387 5777 possim_de

1779 5773 1931 5836 beata
1975 5784 2141 5849 hujus
2171 5782 2286 5846 filii
2325 5784 2553 5849 matre,_
2577 5780 2622 5825 et
2663 5781 2978 5849 sanctorum
3021 5776 3149 5841 pari
3203 5773 3385 5849 radice

1778 5845 2085 5915 ramorum,
2133 5852 2392 5911 Melania,
2427 5846 2622 5898 melius
2664 5852 2762 5898 aut
2800 5846 3041 5899 sanctius
3072 5845 3382 5913 praedicare,

1780 5942 1950 5994 quam
1970 5926 2228 5981 sanctitas
2252 5930 2347 5975 tua
2371 5923 2433 5975 in
2458 5933 2579 5973 eam
2602 5930 2864 5978 rnorem
2886 5926 3285 5976 elDISI’UTARB
3296 5916 3380 5969 di-
