3894 6396
483 339 588 395 287

1785 341 2026 394 RUFINI
2058 340 2501 397 PRESBYTERI

3691 339 3791 394 288

479 458 649 534 gnata
669 461 757 506 est.
786 457 871 534 Ex
892 453 1323 534 his__discimus,
1350 418 1653 534 Paulinum
1676 453 1965 534 Publicola:
1983 456 2081 534 βε·
2106 461 2160 534 Α
2188 454 2431 534 senioris
2451 454 2611 534 itum
2647 453 2709 505 in
2740 452 3790 534 Africam,‘et.Publie9Leexcessum.

481 526 655 576 nioris
680 530 944 590 mortem,
968 525 1169 586 literis,
1194 524 1457 578 Melania
1485 524 1545 575 in
1568 524 1763 576 Africa
1778 527 1953 577 etiam
1977 530 2079 576 for-

477 600 632 651 tasse
647 598 975 659 reddendis,
995 596 1320 661 Augustino
1346 596 1600 659 primum
1616 598 1932 649 nunciasse
1956 604 2092 651 ante

479 669 633 721 diem
667 668 755 723 ‘29.
787 668 965 727 Junii,
1006 668 1066 718 in
1099 679 1274 730 quem
1304 666 1460 718 cadit.
1502 668 1716 719 festum
1752 670 2093 720 Sanctorum

480 740 631 793 Petri
656 744 713 792 et
752 738 931 791 Pauli.
969 740 1042 791 Ut
1076 750 1295 790 annum
1321 738 1715 790 certissimum
1752 738 2091 806 habeamus,

480 824 601 864 rem
637 811 826 873 aliam,
861 823 1015 862 anno
1049 808 1358 862 emortuali
1390 808 1672 859 Publicolas
1708 809 1951 860 Senioris
1990 812 2095 863 ad-

479 896 710 947 nexam,
741 881 1020 935 extricare
1052 882 1352 933 debemus.
1392 881 1763 945 Augustinus
1791 882 2092 945 epistolam

479 956 936 1019 subsequentem
962 955 1129 1005 XCV.
1158 953 1299 1005 alias
1326 954 1471 1005 CCL.
1498 965 1701 1004 rursus
1724 953 1882 1005 dedit
1913 954 2093 1007 Pauli-

478 1040 573 1087 no,
599 1039 775 1091 quam
807 1026 1105 1078 Possidius
1143 1025 1568 1077 Calamensium
1591 1024 1896 1090 episcopus
1922 1028 1974 1079 ei
1997 1028 2092 1080 de-

483 1098 627 1160 tulit,
659 1098 802 1150 dum
840 1098 1112 1150 Ecclesia
1148 1109 1291 1159 sum,
1321 1109 1355 1148 a
1378 1096 1621 1158 Paganis
1655 1097 2089 1151 Calamensibus

481 1171 803 1232 subversas,
819 1182 1089 1221 caussam
1105 1172 1358 1229 acturus,
1374 1171 1427 1217 in
1442 1171 1632 1217 Italiam
1652 1168 1724 1218 ad
1740 1170 2091 1236 Comitatum,

481 1241 606 1293 sive
631 1241 836 1293 Aulam
861 1239 1534 1303 Caesareammavigavit:
1560 1240 1648 1291 Ad
1668 1240 1829 1290 istam
1852 1241 2092 1293 laetitiam

478 1312 687 1375 (inquit
708 1313 1077 1377 Augustinus
1105 1327 1215 1375 qua
1239 1321 1544 1364 vomscum
1569 1322 1682 1364 EST
1720 1312 1893 1374 frater
1914 1314 2094 1364 Possi-

478 1383 622 1445 dius,
640 1399 811 1448 quum
833 1400 900 1434 ex
912 1385 1026 1449 ipso
1038 1394 1385 1437 AUDIBRITIS
1406 1398 1575 1447 quam
1588 1383 1705 1433 trist
1712 1383 1755 1433 is
1766 1399 1887 1434 eum
1900 1400 2092 1436 caussa

479 1455 815 1519 compulerit,
850 1455 947 1505 hoc
981 1470 1064 1503 me
1094 1455 1369 1504 verissime
1392 1455 1563 1504 dicere
1586 1457 1922 1519 cognoscetis.
1950 1459 2091 1521 Spe-

477 1526 671 1578 ciatim
694 1526 765 1578 de
784 1526 875 1578 his
900 1526 1021 1591 agit
1044 1528 1289 1578 Sanctus
1308 1528 1473 1579 Pater
1495 1526 1557 1578 in
1579 1526 1758 1592 Epist.
1784 1529 1925 1579 XCI.
1950 1529 2091 1580 alias

477 1599 629 1649 CCII.
651 1598 724 1650 ad
746 1598 1089 1660 Nectarium,
1116 1598 1533 1661 Calamensem,
1558 1602 1616 1650 et
1639 1611 1930 1663 paganum
1956 1600 2005 1665 ἓ.
2035 1602 2089 1660 8.

474 1674 681 1730 contra,
698 1668 903 1733 inquit,
922 1680 1403 1723 RECBNTISSIMAS
1420 1681 1628 1734 mons,
1648 1670 1910 1721 Kalendis
1928 1673 2091 1723 Junii

475 1740 603 1801 festo
626 1755 975 1804 paganorum
999 1741 1265 1805 sacrilega
1299 1740 1614 1790 solemnitas
1646 1742 1855 1805 agitata
1883 1748 1973 1807 est,
1999 1760 2090 1793 ne-

2196 530 2380 590 Quare
2403 531 2470 579 ut
2488 526 2549 578 in
2572 537 2754 590 pauca
2768 538 2889 577 rem
2907 524 3262 588 contraham,
3289 525 3372 577 sic
3395 524 3790 577 statuendum.

2258 598 2307 652 1.
2335 601 2516 661 Leges
2539 596 2889 662 Augustales
2925 599 3136 650 Contra
3163 599 3426 660 Paganos
3461 595 3795 661 prodierunt

2196 670 2287 721 die
2309 670 2359 728 2)
2389 672 2637 733 Augusti
2658 670 2724 720 A.
2751 671 2817 720 D.
2843 668 2897 723 3.
2924 668 2977 724 9.

2257 740 2308 795 ‘2.
2343 740 2584 790 Melania
2608 740 2803 792 Senior
2833 741 2893 792 in
2915 739 3170 791 Africam
3198 739 3390 803 solvit,
3426 744 3483 792 et
3514 738 3792 791 Publicola

2195 813 2347 865 illius
2371 812 2513 864 obiit
2538 816 2599 862 A.
2635 812 2701 863 D.
2734 812 2855 867 400.
2881 817 3015 864 ante
3040 823 3301 864 mensem
3326 811 3504 864 Junii.

2257 883 2307 939 3.
2338 883 2648 936 Tumultus
2664 883 2908 936 Calamse
2926 883 3210 936 excitatur
3229 883 3320 936 die
3344 885 3531 948 prima
3543 881 3709 935 Junii
3729 884 3793 934 A.

2256 1026 2305 1081 4.
2332 1029 2447 1078 Iter
2471 1027 2711 1091 possidii
2734 1027 2795 1080 in
2817 1026 3038 1078 Italiam
3059 1026 3569 1089 adlmperatorem,
3591 1024 3793 1077 eodem

2193 1111 2365 1162 anno,
2388 1111 2591 1151 mense
2621 1099 2869 1163 Augusti
2896 1102 3250 1162 susceptum.

2255 1171 2358 1222 Die
2392 1168 2479 1223 ‘28.
2508 1171 2693 1222 Martii
2715 1175 2779 1221 A.
2818 1172 2888 1231 D,
2913 1169 3036 1224 401.
3062 1174 3177 1232 post
3210 1172 3405 1217 mentes
3427 1168 3598 1229 ferme
3639 1177 3794 1220 OC'IO

2192 1255 2227 1294 a
2250 1242 2492 1294 Possidii
2511 1242 2874 1305 navigatione
2889 1241 2950 1291 in
2967 1240 3204 1303 Italiam,
3220 1238 3587 1304 Augustinus
3601 1238 3795 1290 literas

2194 1317 2319 1375 ejus
2357 1314 2595 1377 accepit,
2642 1326 2824 1376 quum
2862 1312 3162 1364 Nectarius
3197 1316 3332 1362 ante
3362 1310 3503 1361 illud
3540 1314 3790 1372 tempus,

2192 1386 2451 1437 Possidio
2490 1384 2737 1437 Calamm
2768 1384 2958 1436 adhuc
2989 1382 3239 1447 degenti,
3261 1381 3573 1447 Augustini
3596 1381 3795 1432 literas

2194 1456 2543 1508 tradidisset.
2563 1458 2701 1507 Hoc.
2716 1458 2872 1519 patet
2884 1468 2953 1506 ex
2972 1453 3391 1519 Augustiniana
3400 1450 3647 1517 epistola
3658 1452 3792 1503 CIV.

2192 1528 2335 1580 alias
2360 1528 2587 1578 CCLIV.
2610 1527 2684 1578 ad
2710 1526 3059 1587 Nectarium,
3085 1525 3255 1588 cujus
3280 1524 3457 1576 verba
3475 1523 3607 1575 haec
3627 1526 3792 1574 sunt:

2195 1600 2319 1662 Legi
2332 1600 2512 1647 literas
2526 1599 2878 1661 benignitatis
2905 1602 3022 1653 tuae,
3041 1596 3236 1661 quibus
3260 1596 3403 1645 mihi
3421 1610 3586 1645 noxas
3609 1609 3795 1643 rosru

2194 1671 2537 1735 respondisti,
2572 1684 2742 1733 quam
2772 1683 2917 1717 meas
2938 1668 3012 1717 ad
3037 1673 3082 1717 te
3113 1667 3459 1732 perferendas
3491 1666 3610 1715 ded.
3644 1665 3793 1715 Nam

2190 1757 2301 1806 ego,
2318 1756 2719 1805 rescripseram,
2749 1754 2920 1804 quum
2938 1739 3118 1789 adhuc
3128 1749 3437 1790 NOBISCUM
3452 1742 3599 1799 esset,
3624 1751 3797 1800 neque

478 1812 623 1905 inine
646 1811 971 1905 prohibente,
1010 1818 1122 1862 tam
1146 1812 1574 1874 insolentiausu,
1602 1818 1677 1873 ut,
1706 1814 1850 1877 quod
1872 1830 1965 1863 nec
1986 1816 2085 1865 Ju-
2112 1831 2167 1905 B
2195 1814 2512 1877 navigasset,
2540 1813 2770 1862 Sanctus
2791 1812 2964 1874 frater
2978 1810 3191 1861 Ροεείάὶ
3200 1812 3406 1861 us.11as
3428 1815 3630 1873 autem,
3658 1824 3797 1873 quas

499 1883 618 1905 ἐ..μί
646 1884 869 1905 J-_._--...'
906 1899 966 1905 -.-
995 1884 1189 1905 Γ.--ι--..,
1226 1889 1289 1905 --ι
1342 1884 1770 1905 μΑΔ-.1..--ι.¹-ηέμ--
1803 1885 1953 1905 ι-.ηΙ.μ
1987 1888 2060 1905 --.Ι
2198 1903 2221 1905 η
2260 1887 2297 1905 __'
2342 1899 2522 1905 -_-.---
2556 1884 2639 1905 :ll.‘
2677 1884 2928 1905 .13----1-.-
2963 1896 3010 1905 Α-
3056 1882 3269 1905 ..-ᾹΔΑηΑ
3340 1881 3511 1905 κιρ-ηε
3546 1894 3608 1905 ..ν
3675 1881 3777 1905 ιἈΙ

477 1882 618 1932 liani
644 1883 966 1948 temporibus
987 1884 1196 1946 factum
1218 1889 1309 1947 est,
1339 1884 1774 1947 petulantissima
1800 1885 1957 1935 turba
1978 1888 2084 1936 sal-

474 1954 711 2004 tantium
747 1956 808 2005 in
852 1956 1033 2004 eodem
1068 1971 1295 2020 prorsus
1334 1956 1447 2005 vico
1492 1962 1616 2006 ante
1648 1956 1787 2018 fores
1833 1959 2089 2008 transiret

474 2026 731 2078 Ecclesiae.
760 2028 937 2086 Quam
974 2042 1089 2076 rem
1113 2027 1542 2084 illiritissimam,
1569 2033 1730 2091 atque
1762 2029 2090 2093 indignissi-

474 2114 624 2147 mam
648 2098 853 2150 clericis
883 2098 1167 2163 prohibere
1193 2099 1539 2162 tentantibus,
1557 2100 1813 2152 Ecclesia
1839 2101 2090 2164 lapidata

473 2174 581 2221 est.
607 2170 810 2220 Deinde
842 2175 955 2234 post
981 2170 1092 2220 dies
1118 2170 1286 2231 ferme
1310 2175 1420 2218 octo
1452 2185 1624 2234 quum
1660 2183 1850 2224 LRGBS
1874 2184 2088 2226 NOTIS-

476 2252 655 2294 suus
689 2242 965 2306 episcOpus
1000 2240 1332 2304 (Possidius)
1358 2241 1547 2291 ordini
1572 2243 1587 2306 (
1612 2243 2085 2307 Magistratuum)

474 2311 773 2376 replicasset
798 2352 812 2377 ,
840 2317 885 2362 et
908 2311 1037 2361 dum
1063 2326 1125 2361 ea
1153 2348 1166 2371 ,
1200 2326 1319 2376 qua
1341 2324 1524 2365 JUSSA
1548 2319 1676 2362 sunt
1702 2316 1716 2376 (
1738 2315 1811 2365 ab
1835 2316 2086 2367 Honorio

474 2384 760 2447 Augusto)
784 2382 922 2433 velut
942 2382 1165 2447 implere
1188 2383 1503 2446 disponunt,
1531 2384 1728 2435 iterum
1751 2386 1985 2436 Ecclesia
2002 2388 2085 2437 la-

475 2454 666 2517 pidata
708 2459 797 2503 est.
833 2456 1048 2514 Cetera,
1093 2454 1297 2505 auditu
1352 2454 1659 2515 horrenda,
1698 2470 1734 2508 a
1768 2459 2083 2521 gentilibus

474 2527 812 2589 perpetrata,
834 2525 1201 2589 Augustinus
1226 2538 1456 2578 narrare
1474 2528 1676 2592 pergit.
1697 2529 2084 2581 Recentissinwe

475 2597 534 2645 et
572 2594 865 2644 notissime
896 2596 1074 2660 leges,
1103 2608 1250 2660 quas
1287 2610 1537 2662 magnus
1568 2600 1789 2652 Praasul
1823 2602 2001 2654 semel
2026 2610 2085 2655 et

472 2665 683 2737 iterum
708 2672 1010 2727 memorat,
1043 2668 1115 2718 ab
1139 2669 1393 2721 Honorio
1426 2672 1695 2733 Augusto
1724 2671 1785 2722 in
1817 2674 2080 2737 Paganos

475 2736 683 2790 Africa
707 2737 841 2791 latae
871 2738 1094 2790 fuerant
1126 2741 1193 2790 A.
1224 2742 1291 2792 D.
1320 2738 1441 2794 399.
1467 2742 1677 2792 Manlio
1708 2736 1979 2794 Theodoro
2010 2748 2078 2797 Υ.

475 2809 533 2859 C.
573 2808 817 2861 Consule.
851 2811 1013 2862 Tunc
1046 2810 1218 2874 enim,
1252 2812 1454 2863 eodem
1485 2814 1811 2877 Augustino
1845 2820 1991 2867 teste
2021 2816 2079 2867 in

475 2879 617 2931 libro
641 2882 841 2933 XVIII.
869 2882 941 2933 de
976 2882 1222 2934 Civitate
1252 2884 1347 2934 Dei
1389 2897 1511 2948 cap.
1538 2886 1741 2937 XVIII.
1774 2887 1835 2935 in
1869 2888 2079 2938 civitate

476 2953 755 3002 notissima
778 2959 824 3003 et
846 2956 1272 3004 eminentissima
1316 2955 1650 3020 Carthagine
1681 2958 1899 3020 Africa,
1929 2962 2077 3010 Gau-

473 3023 685 3073 dentius
728 3030 774 3074 et
808 3026 997 3076 Jovius
1032 3028 1247 3076 comites
1285 3028 1633 3091 Imperatoris
1672 3030 1908 3079 Honorii
1952 3044 2071 3083 XIV.

475 3095 593 3147 Kal.
633 3096 840 3161 Aprilis
879 3098 1147 3160 falsorum
1199 3100 1436 3149 Deorum
1478 3100 1675 3166 templa
1715 3108 1984 3153 verterunt
2029 3108 2075 3152 et

471 3166 765 3218 simulacra
780 3168 1074 3233 fregerunt.
1092 3172 1230 3223 IIzec
1242 3170 1547 3234 gentilium
1569 3173 1913 3236 templorum
1935 3190 2073 3223 ever-

2196 1887 2297 1935 mei
2334 1899 2526 1935 caussa
2555 1884 2639 1933 illi
2670 1884 2928 1947 dignatus
2958 1896 3010 1931 es
3053 1882 3287 1947 reddere,
3333 1881 3511 1946 accepi
3546 1894 3627 1933 v1.
3664 1881 3797 1931 Kal.

2190 1957 2399 2021 Aprilis
2426 1961 2544 2020 post
2582 1971 2783 2005 menses
2820 1955 2987 2017 fern'te
3019 1964 3195 2015 OCTO,
3234 1969 3401 2017 quam
3444 1952 3793 2016 scripseram.

2190 2028 2262 2079 Hi
2295 2034 2407 2077 octo
2430 2042 2631 2075 menses
2654 2028 2726 2077 ab
2757 2026 2848 2077 die
2871 2025 2959 2080 27.
2993 2026 3174 2076 Martii
3198 2027 3265 2077 A.
3304 2026 3369 2075 D.
3396 2023 3521 2087 401,
3544 2028 3796 2075 retroce-

2189 2100 2399 2162 dendo,
2423 2099 2754 2163 pertiugunt
2781 2097 2855 2149 ad
2900 2108 3160 2148 mensem
3198 2096 3445 2159 Augusti
3474 2100 3540 2146 A.
3573 2096 3640 2145 D.
3668 2095 3793 2148 400.

2190 2183 2304 2235 quo
2336 2182 2535 2221 mense
2564 2168 2859 2220 Possidius
2901 2167 3147 2219 Calamis
3177 2167 3413 2231 degens,
3443 2166 3698 2218 necdum
3731 2166 3793 2217 in

2188 2241 2409 2294 Italiam
2433 2241 2737 2306 profectus,
2763 2239 3071 2303 Augustini
3091 2238 3287 2291 literas
3309 2239 3382 2289 ab
3403 2238 3666 2289 Nectario
3682 2238 3790 2288 sibi

2188 2314 2426 2365 traditas
2450 2316 2759 2377 acceperat.
2789 2313 2928 2362 Ilaec
2972 2310 3242 2375 produnt,
3275 2314 3570 2362 curatores
3592 2311 3791 2374 Augu-

2186 2386 2454 2438 stinianaa
2498 2384 2766 2436 editionis
2791 2383 2851 2433 in
2882 2382 3016 2434 Vita
3049 2381 3238 2435 Sancti
3273 2379 3540 2433 Praesulis
3571 2379 3671 2431 lib.
3703 2382 3790 2431 VI.

2182 2470 2305 2523 cap.
2347 2458 2414 2507 V.
2459 2461 2595 2521 post
2628 2454 3054 2507 Tillemontium
3101 2457 3238 2505 tom.
3274 2454 3346 2504 X.
3392 2465 3521 2517 pag.
3570 2450 3694 2507 608.
3728 2457 3785 2503 et

2183 2532 2321 2581 tom.
2352 2530 2504 2580 XIII.
2532 2541 2660 2592 pag.
2690 2527 2811 2582 460.
2852 2527 3164 2577 decessum
3204 2524 3487 2575 Publicolas
3524 2525 3784 2574 Seniorts.

2182 2614 2254 2653 ex
2281 2601 2673 2666 praeposteris,
2699 2598 3227 2663 supputationibus,
3249 2596 3519 2660 rejecisse
3536 2596 3597 2647 in
3625 2597 3691 2646 A.
3720 2596 3781 2645 D.

2182 2665 2303 2727 407.
2341 2674 2534 2725 Serius
2561 2672 2736 2734 enim,
2761 2670 2910 2735 Quad
2935 2670 3303 2734 oportuisset,
3341 2671 3405 2720 A.
3432 2669 3498 2719 D.
3525 2665 3652 2722 402.
3675 2668 3783 2716 Me-

2181 2744 2343 2795 laniae
2358 2744 2552 2793 matris
2572 2743 2821 2795 reditum
2844 2755 2917 2793 ex
2935 2740 3242 2793 Palestina
3259 2741 3318 2791 in
3343 2740 3554 2793 Urbem
3570 2741 3784 2790 statue-

2180 2820 2345 2869 runt:
2364 2829 2538 2880 quem
2555 2828 2661 2866 nos
2673 2828 2805 2867 cum
2821 2813 3167 2879 primoribus
3194 2812 3329 2863 viris
3350 2824 3380 2863 e
3400 2810 3598 2863 schola
3617 2810 3785 2862 Chro-

2179 2888 2539 2952 nologorum,
2565 2888 2637 2938 ab
2677 2889 2743 2938 A.
2771 2889 2835 2938 D.
2874 2885 2996 2940 397.
3022 2884 3180 2937 nullo
3215 2888 3383 2948 pacto
3414 2882 3585 2934 avelli
3613 2895 3783 2946 posse

2177 2959 2649 3012 monstravimus.
2674 2958 2841 3021 Hinc,
2861 2956 2940 3009 illi
2962 2956 3207 3007 Melaniae
3230 2954 3483 3008 adventu
3506 2954 3567 3005 in
3587 2952 3781 3006 locum

2175 3044 2293 3084 non
2319 3044 2492 3084 suum
2517 3032 2752 3095 rejecto,
2776 3030 2900 3093 ejus
2928 3039 3158 3093 quoque
3178 3028 3323 3080 itum
3338 3026 3399 3079 in
3421 3025 3674 3078 Africam
3701 3026 3779 3078 ul-

2176 3104 2354 3155 terius
2381 3104 2440 3155 iu
2475 3102 2666 3155 locum
2703 3114 2824 3154 non
2858 3113 3031 3152 suum
3056 3102 3368 3151 traxerunt.
3413 3096 3602 3150 Semel
3624 3097 3780 3149 enim

2173 3187 2359 3227 errore
2383 3172 2792 3238 Cbronologico
2831 3172 3104 3230 admisso.
3137 3170 3281 3223 alios
3316 3168 3653 3222 idemtidem
3674 3181 3781 3221 na-

474 3238 577 3322 sio,
594 3243 663 3320 et
679 3240 1123 3322 simulacrorum
1139 3240 1337 3322 tractio
1354 3243 1634 3322 Augustis
1656 3244 1830 3322 etiam
1854 3245 2080 3309 legibus
2103 3248 2152 3322 ρ
2179 3247 2279 3309 sci,
2305 3250 2371 3322 et
2385 3246 2661 3322 familiam
2679 3245 2888 3322 ducere
2903 3255 3140 3295 necesse
3164 3242 3575 3322 fuit._l£rrprem
3597 3252 3783 3322 auxe-

473 3309 658 3361 fulciri
683 3310 1026 3364 debuerunt.
1051 3315 1215 3376 Ipsas
1242 3311 1418 3375 leges,
1444 3314 1506 3365 in
1529 3326 1678 3378 quas
1710 3316 2076 3368 Calamenses
2109 3309 2152 3322 ν
2177 3322 2312 3369 ruut
2336 3318 2443 3368 duo
2486 3316 2766 3366 Publicolas
2793 3316 2853 3367 in
2893 3328 3080 3367 unum
3102 3312 3351 3373 conﬂati,
3377 3314 3436 3365 et
3458 3327 3627 3367 unica
3662 3313 3781 3364 Ho-

474 3381 707 3445 Pagani,
727 3395 868 3433 suos
894 3382 1041 3435 ritus
1056 3396 1242 3448 nuper
1260 3384 1611 3449 proscriptos
1634 3386 1943 3450 agitantes,
1956 3401 2079 3453 pec-

473 3457 765 3517 caverant,
784 3455 1172 3518 Augustinus,
1190 3468 1304 3507 non
1319 3470 1510 3508 unam.
1526 3456 1630 3509 sed
1645 3457 1824 3521 plures
1836 3462 2075 3517 lnnuens,

472 3524 885 3586 recentissimas,
905 3525 1074 3579 dixit.
1096 3529 1376 3589 Quaenam
1393 3528 1622 3591 fuerint,
1637 3530 1963 3582 accuratius
1986 3530 2078 3582 in-

474 3595 850 3659 vestigemus.
892 3598 958 3648 In
987 3596 1185 3649 codice
1232 3597 1632 3650 Theodosiano
1656 3598 1754 3651 lib.
1790 3601 1940 3652 XVI.
1989 3601 2073 3653 tit.

474 3665 560 3721 10.
601 3666 663 3715 de
703 3668 960 3731 paganis,
993 3668 1281 3731 sacriﬁciis
1317 3679 1363 3718 et
1409 3670 1633 3734 templis,
1660 3676 1864 3725 extant
1895 3673 2072 3736 leges,

472 3748 621 3801 xvn,
648 3742 706 3790 et
721 3750 892 3791 xvm.
919 3739 993 3791 ad
1014 3739 1425 3805 Apollodorum
1442 3742 1848 3796 Proconsulem
1874 3748 2072 3792 Africa}.

474 3811 726 3873 Utraque
761 3811 995 3863 Patavio
1016 3811 1150 3864 data
1174 3818 1267 3864 est
1282 3812 1373 3864 die
1398 3811 1466 3868 '20
1486 3814 1736 3877 Augusti
1762 3816 1828 3867 A.
1855 3817 1921 3867 D.
1948 3816 2072 3871 399.

479 3880 749 3931 Theodoro
790 3883 856 3933 V.
894 3883 953 3933 C.
995 3882 1150 3933 Cons.
1180 3883 1469 3936 Honorius
1502 3884 1561 3935 in
1594 3885 1765 3950 priori
1798 3886 1868 3937 de
1897 3887 2075 3939 altera

473 3953 825 4006 mentionem
867 3953 1021 4017 facit,
1048 3968 1225 4019 quam
1245 3955 1307 4007 in
1330 3968 1688 4020 paganorum
1719 3958 1944 4010 sacriﬁa
1965 3972 2076 4010 nu-

470 4035 570 4086 per
605 4024 862 4077 ediderat
878 4041 889 4077 :
901 4027 1167 4090 profanos
1198 4026 1405 4090 inquit,
1420 4028 1560 4077 ritus
1574 4040 1690 4080 JAM
1701 4028 1909 4079 salubri
1919 4041 2076 4083 LEGB

466 4095 850 4146 submovimus.
890 4097 1029 4149 Haec
1062 4097 1122 4149 in
1148 4099 1458 4163 praesentia
1492 4113 1610 4151 non
1644 4106 1858 4153 exstat.
1894 4102 1961 4153 In
1984 4113 2077 4153 ea-

467 4166 600 4217 dem
630 4166 756 4237 lege
774 4180 919 4220 xvu.
947 4169 1433 4222 Honoriusfestos
1449 4176 1773 4224 conventus
1795 4171 2076 4237 ludosque

465 4235 769 4301 gentilium
801 4239 1099 4302 permittit,
1121 4240 1212 4289 sed
1246 4241 1443 4304 absque
1465 4242 1573 4292 ullo
1603 4243 1894 4305 sacrificio,
1919 4235 2080 4307 algae

466 4308 584 4359 ulla
601 4309 974 4373 superstitione
990 4310 1335 4363 damnabili..
1354 4315 1480 4363 Iluc
1492 4314 1665 4365 etiam
1681 4313 1774 4366 lex
1790 4326 1963 4367 XVIII.
1989 4328 2079 4366 re-

2176 3390 2325 3441 norii
2351 3389 2466 3451 lex,
2492 3389 2664 3452 edita,
2696 3390 2763 3440 A.
2789 3390 2855 3439 D.
2894 3385 3017 3443 408.
3045 3398 3161 3450 prie
3186 3384 3396 3435 duabus
3417 3385 3563 3449 aliis,
3596 3384 3782 3437 immo

2178 3462 2366 3522 tribus,
2391 3464 2626 3525 accepta
2651 3474 2663 3509 :
2691 3471 2826 3523 qum
2848 3461 2915 3511 A.
2943 3460 3007 3509 D.
3026 3458 3148 3513 399.
3173 3458 3246 3510 ab
3262 3456 3465 3510 eodem
3488 3457 3776 3521 Augusto.

2176 3534 2326 3585 hanc
2349 3534 2408 3584 in
2430 3545 2552 3585 rem
2586 3531 2757 3583 editas
2782 3531 3029 3582 fuerant.
3052 3530 3171 3581 Viri
3188 3528 3446 3593 praeclari
3462 3528 3626 3580 initio
3639 3528 3782 3579 tomi

2177 3607 2243 3656 II.
2273 3605 2523 3669 Operum
2553 3604 2738 3655 sancti
2762 3602 3074 3666 Augustini
3097 3613 3257 3652 num.
3282 3600 3368 3665 90.
3395 3599 3480 3654 9i.
3507 3598 3576 3653 94
3612 3602 3673 3651 et
3694 3600 3779 3652 95.

2170 3678 2231 3727 et
2260 3676 2321 3727 in
2336 3674 2536 3727 notula
2562 3674 2636 3726 ad
2661 3674 2904 3725 eandem
2929 3672 3257 3737 Epistolam.
3285 3673 3426 3723 XCI.
3451 3670 3613 3723 aiias'
3639 3672 3682 3721 C
3708 3673 3776 3722 II.

2172 3759 2425 3810 cumque
2449 3747 2519 3798 iis
2554 3745 2952 3797 Tillemontius
2974 3748 3129 3797 tomo
3164 3745 3314 3795 XIII.
3342 3756 3469 3807 pag.
3491 3741 3613 3796 997.
3643 3743 3781 3806 Hip-

2174 3832 2491 3884 ponensem
2516 3817 2832 3870 Praesulem
2855 3817 2928 3870 de
2950 3816 3061 3868 alia
3083 3816 3209 3881 lege
3232 3814 3387 3879 loqui
3401 3819 3757 3867 censuerunt

2172 3903 2349 3954 quam
2364 3890 2693 3939 Sirmondus
2718 3889 2778 3940 in
2803 3888 3129 3953 Appendice
3153 3887 3226 3939 ad
3247 3887 3501 3939 codicem
3518 3884 3779 3938 Theodo-

2176 3963 2406 4013 sianum
2422 3961 2683 4026 vulgavit
2698 3974 2860 4013 num.
2875 3959 2961 4014 12.
2980 3972 3272 4024 quamque
3288 3963 3488 4023 postea
3504 3957 3778 4020 Gothofre-

2176 4034 2277 4082 dus
2310 4034 2371 4086 in
2391 4034 2643 4086 eundem
2660 4033 2915 4085 codicem
2940 4032 3239 4084 transtulit
3263 4031 3359 4083 lib.
3389 4031 3539 4081 XVI.
3574 4029 3662 4081 tit.
3688 4030 3773 4084 10.

2177 4106 2237 4156 L.
2262 4117 2383 4157 xw.
2422 4106 2597 4168 Atqui
2620 4106 2708 4157 vir
2731 4105 2972 4156 Sanctus
2997 4102 3176 4156 semel
3200 4107 3373 4167 atque
3397 4102 3619 4154 iterum.
3647 4100 3781 4165 leges

2177 4178 2569 4227 recentissimas
2598 4182 2655 4228 et
2695 4177 3001 4225 notissimas
3038 4187 3274 4237 vocans,
3300 4186 3418 4226 non
3454 4187 3626 4222 unam
3676 4171 3779 4224 sed

2174 4248 2357 4313 plures
2380 4254 2563 4312 vocat,
2586 4253 2643 4299 et
2666 4247 2900 4311 quidem
2923 4246 3134 4297 Manlio
3157 4246 3428 4295 Theodoro
3452 4244 3510 4295 V.
3540 4244 3596 4294 C.
3616 4243 3776 4293 Cons.

2178 4320 2591 4383 promulgatas,
2618 4325 2684 4371 ut
2706 4319 2845 4370 dixi.
2883 4321 2988 4371 11m
3011 4331 3143 4370 vero
3167 4318 3308 4382 ipsas
3338 4320 3475 4368 sunt
3514 4327 3683 4378 quas.
3708 4320 3777 4366 A.

465 4380 728 4454 νοοᾶηάει
756 4386 866 4454 (ζειν
898 4381 964 4454 ill
988 4394 1104 4445 (Ιυᾶ
1130 4382 1419 4435 Honorius
1443 4384 1521 4435 ita
1557 4385 1853 4438 decernit:
1882 4388 1930 4436 si
1954 4388 2078 4451 quis
2179 4380 2244 4442 D.
2272 4380 2585 4446 399.datas
2616 4392 2947 4454 memoravi,
2968 4380 3215 4454 quaeque
3241 4401 3381 4441 sane
3408 4392 3538 4452 post
3560 4399 3780 4437 noven-

464 4452 738 4525 szcril'icio
753 4452 1307 4525 fue-ritdeprehensus,
1322 4456 1381 4504 iu
1407 4471 1526 4505 eum
1544 4455 1740 4520 legibus
1756 4458 2076 4508 vindicetur.
2179 4463 2343 4515 nium
2370 4464 2437 4513 A.
2466 4465 2535 4514 D.
2561 4462 2664 4517 408
2689 4478 2804 4512 una
2826 4452 3070 4524 tantum,
3094 4452 3275 4525 eaque
3301 4458 3683 4519 recentissima,
3708 4458 3782 4508 ab

461 4522 919 4606 Calamensesiu
934 4524 1042 4606 has
1060 4524 1219 4606 leges
1241 4533 1563 4606 pe‘ccarant,
1583 4527 1723 4606 dum
1744 4529 1872 4591 festo
1897 4531 2076 4594 Paga-
2177 4534 2509 4599 Augustino
2533 4534 2643 4586 dici
2675 4547 2793 4586 non
2816 4522 3099 4606 poterant.
3124 4522 3251 4606 Alia
3274 4532 3387 4606 lex,
3406 4533 3542 4606 post
3564 4542 3785 4606 nov_en_-

465 4595 948 4677 {wl‘umfacri‘et}?
961 4596 1273 4677 fotcmﬁi‘as
1300 4598 1416 4663 (Per
1440 4600 1555 4662 eos)
1581 4600 1795 4677 agitatas
1817 4606 1907 4677 est,
1931 4607 2077 4654 teste
2099 4673 2135 4677 _
2180 4595 2340 4658 niu'm
2367 4606 2534 4671 edita,
2562 4618 2756 4671 quam,
2775 4595 3116 4657 inconsultis
3129 4604 3290 4677 libris
3314 4604 3386 4677 de
3397 4595 3633 4677 Civitate
3658 4600 3781 4663 Dei,

466 4667 1113 4748 Augustinonquibanc
1136 4670 1495 4748 Paganorum
1528 4671 1953 4748 solemnitatem
1983 4689 2067 4748 sa-
2098 4673 2155 4745 Ι)
2178 4678 2288 4729 viri
2313 4667 2662 4742 praestantes
2694 4667 2767 4729 ab
2793 4677 3121 4739 Augustino
3148 4675 3386 4748 indicari
3411 4671 3785 4748 crediderunt

468 4736 743 4820 crilegam,
768 4736 1175 4820 illicitissimam
1190 4745 1248 4792 et
1262 4741 1710 4820 indignissimam
1727 4750 1912 4820 vocat,
1934 4746 2071 4820 quia
2098 4736 2146 4745 υ
2177 4736 2363 4820 neque
2388 4749 2707 4799 Prnconsuli
2730 4736 2927 4809 Africae
2960 4749 3141 4799 missa
3161 4752 3266 4807 est,
3294 4747 3387 4799 cui
3410 4748 3603 4820 tamen
3624 4745 3777 4820 mitti

467 4807 1069 4883 profanosgentilium
1093 4810 1238 4883 ritus
1276 4817 1333 4864 et
1360 4814 1656 4877 sacriﬁcia,
1687 4807 2065 4867 recentissimis
2170 4807 2391 4883 debuit,
2425 4821 2474 4872 si
2504 4820 2576 4872 ad
2600 4807 2853 4872 Africam
2885 4820 3226 4883 pertinebat,
3259 4830 3368 4870 nec
3414 4815 3634 4868 sancita
3666 4816 3779 4881 fuit

470 4878 705 4954 Honorii
744 4879 973 4945 legibus
1005 4882 1201 4947 vetita,
1231 4887 1736 4950 repraasentabant.
1763 4890 1894 4940 Jam
1930 4902 2067 4954 ergo

467 4949 753 5004 habemus
777 4957 999 5004 certum
1013 4965 1232 5006 annum
1257 4949 1313 5009 et
1331 4970 1612 5019 mensem,
1652 4972 1766 5024 quo
1800 4949 2068 5012 Afroru'm

467 5023 899 5088 superstitiosas
932 5026 1325 5080 solemnitates
1359 5030 1647 5083 Honorius
1672 5023 2067 5084 sanctionibus

464 5095 1273 5163 exstirpandascuravit,quas
1283 5102 1648 5167 Augustinus
1661 5104 2065 5165 recentissimas,

463 5170 522 5219 et
544 5167 699 5219 Afris
724 5169 846 5221 suis
871 5170 1183 5221 notissimas
1207 5174 1411 5227 merito
1436 5175 1602 5239 dixit,
1629 5188 1810 5239 quum
1834 5175 1910 5228 ad
1932 5177 2069 5227 Pro-

465 5239 761 5292 consulem
811 5240 1023 5295 Africa;
1068 5244 1298 5309 scripta:
1334 5253 1548 5299 essent.
1598 5248 1761 5298 Nunc
1784 5246 2066 5296 Publicolae

465 5323 654 5382 annus
676 5313 1009 5366 emortualis
1034 5314 1195 5369 facile
1229 5330 1291 5369 se
1315 5318 1440 5382 ipse
1465 5317 1696 5382 pandet.
1724 5319 1933 5370 Contra
1957 5317 2065 5371 has

462 5380 620 5446 leges
647 5386 1039 5436 recentissimas
1064 5388 1120 5439 et
1144 5380 1483 5451 notissimas,—
1501 5394 1700 5453 utpote
1725 5402 1907 5454 nuper
1929 5391 2062 5442 vul-

462 5456 646 5518 gatas,
681 5458 897 5522 Pagani
939 5459 1307 5513 Calamenses
1342 5462 1672 5526 peccarunt.
1711 5462 1857 5527 Ergo
1893 5461 1954 5514 id
1990 5462 2065 5514 fa-

462 5530 622 5596 ctum
647 5533 779 5592 post
811 5529 965 5581 diem
1001 5530 1088 5587 ‘20.
1128 5531 1378 5596 Augusti
1402 5532 1581 5585 annui
1607 5530 1729 5587 399.
1764 5545 1878 5596 quo
1910 5533 2063 5587 datse

462 5595 712 5651 fuerunt.
738 5601 1126 5665 Hipponensis
1151 5595 1395 5655 antistes
1420 5603 1518 5667 ait,
1541 5604 1759 5656 crimen
1785 5595 2063 5670 perpetra-

465 5674 590 5720 tum
625 5670 881 5722 Kalendis
904 5674 1103 5737 juniis.
1139 5676 1285 5739 Ergo
1303 5678 1690 5738 perpetratum
1724 5680 1813 5728 est
1858 5678 2061 5729 subse-

463 5746 690 5802 quente.
723 5745 787 5795 A.
829 5745 897 5795 D.
926 5744 1047 5800 400.
1087 5758 1202 5809 quo
1239 5747 1532 5800 Possidius
1557 5747 1912 5801 Calamensis
1942 5750 2057 5812 epi-

459 5825 667 5876 scopus
689 5815 762 5867 ob
779 5814 931 5868 idem
949 5816 1138 5868 scelus
1155 5817 1227 5867 ad
1246 5818 1575 5870 Comitatum
1609 5821 1926 5884 navigavit,
1942 5821 2061 5874 lite-

462 5896 673 5948 rasque
684 5886 1069 5950 Hipponensis
1079 5888 1151 5940 ad
1166 5889 1448 5944 Nolanum
1461 5893 1668 5947 detulit
1680 5909 1795 5956 posr
1815 5894 2060 5945 Melaniae

2176 4892 2447 4941 Theodoro
2496 4892 2555 4943 V.
2593 4892 2647 4943 ϐ.
2683 4891 2840 4941 Cons.
2878 4892 2960 4942 De
2997 4890 3214 4942 scholio
3250 4890 3442 4949 etiam,
3476 4886 3630 4952 apud
3660 4887 3778 4938 Sir-

2168 4964 2447 5016 mondum
2487 4962 2674 5017 eidem
2720 4963 2859 5027 Legi
2908 4963 3187 5026 subjecto,
3233 4962 3292 5012 in
3330 4973 3464 5024 quo,
3495 4960 3778 5023 proposita

2175 5036 2509 5100 Carthagine
2526 5035 2955 5100 pronunciatur,
2976 5046 3090 5085 non
3107 5034 3350 5085 obscure
3360 5033 3569 5093 ambigit
3581 5031 3778 5081 Gotho-

2166 5106 2376 5171 fredus,
2401 5107 2493 5158 cui
2528 5106 2807 5160 vitiosum
2838 5105 3087 5158 videtur.
3119 5106 3207 5156 Ab
3231 5104 3357 5157 hinc
3375 5103 3501 5168 ipsa
3520 5103 3641 5153 Lex
3665 5104 3772 5152 Ro-

2170 5191 2272 5228 mae
2317 5178 2528 5231 dicitur
2570 5179 2719 5239 data,
2759 5191 2937 5241 quum
2988 5183 3182 5229 tamen
3218 5174 3507 5228 Honorius
3546 5173 3640 5225 die
3692 5174 3773 5228 Ili.

2171 5248 2454 5313 Octobris,
2498 5261 2614 5313 quo
2644 5250 2760 5301 Lex
2792 5250 3016 5314 prodiit,
3045 5250 3210 5299 Basso
3234 5253 3286 5297 ct
3308 5246 3578 5311 philippo.
3629 5246 3771 5296 Coss.

2169 5322 2235 5371 A.
2262 5322 2329 5372 D.
2359 5319 2481 5375 408.
2506 5334 2626 5373 non
2650 5322 2846 5383 Romae,
2868 5321 2965 5372 sed
2994 5321 3260 5371 Ravennae
3281 5318 3637 5371 consisteret.
3658 5317 3770 5368 Sed

2167 5391 2427 5444 nondum
2454 5391 2596 5442 satis
2620 5391 3039 5443 dililcultatum.
3080 5394 3219 5443 Ilmc
3258 5389 3411 5441 enim
3446 5390 3567 5441 Lex
3590 5388 3776 5440 multa

2156 5463 2341 5527 jubet,
2370 5463 2459 5516 vel
2483 5463 2543 5515 in
2563 5462 2757 5514 Africa
2772 5462 2993 5527 pridem
3008 5465 3179 5528 jussa
3195 5466 3253 5514 et
3269 5460 3599 5514 execntioni
3618 5473 3777 5512 man-

2162 5534 2311 5596 data,
2340 5534 2430 5587 vel
2463 5547 2823 5599 paganorum
2847 5535 3271 5590 Calamensium
3296 5532 3525 5586 crimini
3557 5546 3774 5597 nequa-

2161 5620 2335 5671 quam
2358 5607 2712 5671 aptanda.Ea
2736 5611 2873 5660 sunt
2899 5625 2909 5657 :

2223 5676 2273 5731 1.
2300 5678 2380 5728 De
2402 5678 2648 5731 annonis
2682 5678 3026 5743 templorum
3049 5676 3120 5730 ad
3141 5689 3433 5730 annonam
3459 5675 3773 5728 militarem

2163 5750 2593 5803 transferendis.

2221 5820 2272 5876 2.
2310 5824 2393 5874 De
2419 5822 2757 5875 simulacris.

2221 5893 2270 5947 3.
2306 5896 2389 5946 De
2412 5894 2527 5947 aris
2553 5894 2870 5949 evellendis
2904 5898 2962 5945 et
2989 5892 3376 5945 destruendis.
