3894 6414
40 382 150 439 289
1300 379 1495 431 VITA.
1530 378 1665 433 LIB.

1806 379 1960 433 CAP.
1997 381 2123 432 XX.

88 499 142 553 4.
176 501 266 551 De
288 495 525 562 templis
548 493 621 547 ad
645 504 820 547 usum
848 491 1148 558 publicum
1178 493 1560 547 vindicandis.

90 570 143 624 5.
182 572 271 623 De
297 567 586 622 conviviis
607 571 667 619 et
696 564 1157 618 solemnitatibus
1192 566 1582 630 prohibendis.

3253 388 3360 445 290

1671 506 1733 576 Α
1814 498 1885 576 11.
1913 496 2131 576 Eodem
2172 500 2240 552 A.
2273 499 2347 576 _D.
2386 501 2510 576 408.
2547 515 2662 569 quo
2694 506 3091 560 nobilissimus
3134 506 3361 572 piarum

767 567 1157 647 _lemnitatibus
1192 567 1582 647 prohibendis.
1671 567 1733 576 ““
1747 567 2056 647 _Inulierum
2074 573 2252 647 atque
2272 567 2584 647 hominum
2602 580 2792 647 catus
2806 579 2867 631 in
2877 567 3361 642 Siciliamippulit,

92 644 233 694 Jam
252 653 393 693 vero
410 639 513 711 ubi
535 638 836 711 contraria
859 638 1163 711 sententia
1181 642 1452 711 patronos
1470 638 1650 711 hujus
1747 640 1928 692 Roma
1961 641 2034 692 ab
2057 641 2283 696 Alarico
2310 646 2462 710 Rege
2485 646 2809 702 Gothorum
2834 651 3044 704 obessa
3062 638 3187 711 est;
3206 638 3359 702 inul-J

29 709 500 786 Legispraesidio
523 708 839 786 emmavl.
864 708 1006 759 alias
1031 709 1218 786 Lege?
1243 708 1650 786 appre‘indica—
1751 713 2379 786 toqueauroﬁreciemta.
2396 708 2531 771 Mox
2556 719 2894 786 fadifragus
2906 708 3192 775 Barbarus
3206 722 3358 773 inse-

30 792 125 837 tas
148 784 466 836 reinostra
480 779 1005 834 accommodemus.
1020 780 1108 830 Ab
1126 779 1374 831 ethnicis
1392 782 1652 829 Calumen-
1750 783 1950 845 quenti
1974 786 2040 834 A.
2078 785 2145 833 D.
2170 784 2292 839 409.
2320 800 2512 840 rerum
2541 779 2852 845 Dominain
2878 792 3272 846 miserandum
3295 792 3357 844 in

30 858 200 907 sibus
218 855 276 907 in
299 853 492 919 legem
509 850 849 928 xvn.alteri,
865 862 1023 928 nunc
1038 850 1651 928 deperdita,_innixam,
1752 854 1992 928 modum
2015 854 2255 919 diripuit
2286 863 2462 923 atque
2497 864 2764 915 vastavit.
2804 864 2941 916 Dies
2977 869 3119 924 atra,
3159 866 3363 928 Egyp-

30 939 165 991 qua
196 938 384 991 nuper
403 925 669 999 profanos
691 924 831 999 ritus
850 922 1490 999 submoverat-,‘maxime
1520 935 1654 999 pec-
1755 925 1919 999 tiise‘t
1930 927 2339 999 Cannensibus
2362 922 2854 999 adnumerandus,
2872 934 3092 987 mensis
3106 922 3365 998 Augusti

32 1004 235 1050 catum
258 1002 366 1049 est.
392 996 483 1048 Ab
505 996 596 1047 his
619 995 774 1045 enim
794 993 1032 1057 profano
1047 994 1314 1057 sacrificio
1330 999 1376 1042 et
1395 993 1655 1057 supersti-

36 1072 183 1120 tione
219 1066 529 1119 damnabili
556 1069 856 1131 peccatum
896 1068 1005 1126 est,
1047 1068 1196 1116 teste
1225 1066 1553 1129 Augustino
1580 1065 1653 1116 ad

40 1142 394 1202 Nectar-ium,
418 1150 621 1190 eorum
642 1136 951 1201 gregalem,
977 1136 1116 1187 dum
1141 1148 1239 1199 per
1258 1148 1358 1189 eos
1384 1136 1514 1199 [esto
1554 1151 1655 1198 pa-

38 1227 321 1275 ganorum
340 1210 607 1273 sacrilega
632 1208 944 1257 solemnitas
959 1207 1169 1270 agitata
1190 1212 1278 1256 est.
1298 1209 1421 1259 Hoc
1434 1207 1651 1269 festum,

42 1286 172 1337 hac
193 1282 511 1334 solemnitas
535 1279 812 1344 tantisper
829 1291 923 1330 me
948 1278 1183 1330 sistunt.
1201 1279 1443 1328 Floralia
1458 1291 1657 1343 perop-

42 1361 297 1419 portune
319 1356 796 1414 occurrunt,qua
818 1352 1067 1402 Sanctus
1095 1349 1318 1402 Prasul
1341 1351 1543 1413 utique
1570 1350 1658 1401 in-

44 1428 193 1480 nuit.
220 1426 444 1477 Ftoram
471 1428 625 1476 certe
648 1422 840 1487 paullo
864 1425 1000 1473 ante
1023 1432 1466 1485 memoraveras,
1485 1421 1656 1485 cujus

42 1499 258 1564 inquit,
283 1496 402 1547 ludi
412 1495 608 1546 scenici
634 1500 751 1544 tam
772 1492 1023 1564 effusiore
1046 1497 1092 1542 et
1115 1492 1389 1564 licentiore
1413 1493 1658 1564 turpitu—

49 1563 178 1619 dine
200 1567 558 1626 celebrantur,
568 1569 629 1613 ut
651 1563 831 1628 quivis
854 1563 1311 1629 intelligat,quale
1322 1563 1656 1613 daemonium

43 1643 130 1703 sit,
156 1641 308 1706 quod
339 1637 552 1704 placari
574 1636 731 1687 aliter
759 1649 874 1685 non
894 1640 1079 1700 potest,
1116 1636 1225 1683 nisi
1245 1634 1356 1685 illic
1379 1650 1494 1684 non
1516 1649 1656 1697 aves,

44 1727 159 1761 non
183 1708 586 1776 quadrupedes,
600 1722 711 1757 non
734 1706 966 1770 denique
989 1706 1217 1770 sanguis
1246 1707 1548 1779 humanus,
1565 1708 1656 1756 sed
1765 1709 1908 1759 tium
1938 1709 2139 1761 defixit
2159 1712 2226 1762 A.
2256 1713 2321 1761 D.
2348 1711 2470 1766 410.
2486 1713 2543 1764 in
2563 1706 2812 1766 Historia
2824 1706 3234 1779 imperatorum
3255 1716 3371 1765 t.V.

46 1783 215 1834 multo
225 1782 509 1840 scelestius.
520 1779 702 1844 pudor
724 1779 1023 1838 humanus,
1044 1782 1314 1842 tanquam
1337 1777 1656 1828 immolatus
1759 1792 1812 1843 p.
1839 1779 1934 1833 411
1949 1818 1959 1829 .
1974 1782 2259 1833 Palladius
2276 1796 2397 1835 rem
2414 1784 2496 1835 sic
2515 1790 2709 1837 narrat
2724 1786 2786 1837 in
2808 1777 3063 1838 Historia
3074 1787 3312 1836 Lausiaca
3328 1802 3371 1836 ο.

327 1852 835 1949 Nihil'er’go‘aque’
857 1849 1079 1949 {cadum
1103 1853 1161 1901 et
1185 1850 1553 1949 sacrilegum,
1590 1863 1657 1949 ac
1691 1876 1745 1949 B
1765 1853 2333 1949 CP'EVIIIBpostquam
2357 1861 2542 1906 autem
2567 1857 2633 1949 hi
2655 1873 2838 1907 omnes
2856 1858 3107 1949 (atriaque,
3134 1856 3378 1949 Melania

74 1930 89 1949 ,Ἰ
117 1937 213 1949 Α..Λ
245 1925 292 1949 2η
325 1942 337 1949 .
368 1936 462 1949 mnu
509 1937 542 1949 ι.
589 1938 603 1949 ι
653 1937 720 1949 nm
751 1935 779 1949 Λ
801 1936 819 1949 r
840 1935 925 1949 nun
950 1935 1037 1949 anno
1079 1934 1224 1949 nanum
1256 1935 1285 1949 Λ
1328 1935 1584 1949 ιιηωιιοηρ
1608 1934 1655 1949 n-
1870 1924 1964 1949 ἔμη-
2040 1925 2269 1949 .2...‘-....-
2296 1932 2343 1949 ..ι
2367 1932 2578 1949 ..κ-...ιιικ
2639 1930 2846 1949 una-.-“
2874 1930 2945 1949 Π-.
2989 1929 3079 1949 ιβ--
3115 1944 3139 1949 ρ.
3173 1929 3359 1949 1-...ξμ...

52 1925 300 1979 Floralia
325 1942 337 1974 :
366 1923 466 1988 qui
488 1921 607 1971 ludi
631 1926 779 1971 tanto
800 1921 1055 1980 devotius,
1078 1924 1285 1992 quanto
1303 1921 1521 1985 turpius
1532 1920 1657 1970 cele-
1691 1920 1745 1949 υ
1766 1923 2351 1990 Albina,Pinianus,et
2367 1932 2579 1992 prater
2589 1920 3142 1992 RuﬁnumPublicola
3153 1923 3374 1988 Junior)

50 1998 204 2046 brari
228 1996 413 2057 solent,
438 1993 645 2045 eodem
670 1995 816 2064 teste
838 1992 982 2043 libro
1002 1993 1071 2043 II.
1096 1990 1167 2064 de
1178 1992 1419 2043 Civitate
1434 1993 1536 2044 Dei
1547 2006 1658 2053 cap.
1758 1997 1932 2045 Roma
1968 1990 2385 2060 abscesssissenl,
2413 2014 2515 2064 que
2545 1990 2804 2050 catechesi
2839 2001 3077 2051 instituti
3099 1999 3321 2062 fuerant
3343 2014 3377 2048 a

54 2070 289 2120 XXVII.
314 2067 420 2117 His
442 2064 735 2118 simillima
755 2063 933 2115 habet
959 2063 1247 2137 Arnobius
1271 2064 1491 2137 Aleum
1511 2064 1658 2137 libro
1759 2067 1913 2117 beata
1933 2068 2199 2132 Melania,
2221 2063 2508 2121 barbarica
2526 2072 2778 2135 quaedam
2800 2071 3037 2137 procella
3066 2068 3374 2136 (Gothorum)

54 2143 174 2191 VII.
202 2139 486 2192 adversus
532 2138 754 2201 gentes.
788 2138 855 2186 In
890 2134 1378 2209 veterumrFastis
1410 2133 1659 2200 legimus
1762 2154 1878 2203 quae
1906 2141 2071 2189 etiam
2095 2140 2157 2189 in
2186 2141 2470 2206 Prophelis
2484 2133 2608 2207 jam
2631 2133 2951 2209 olimposila
2981 2133 3180 2207 fuerat,
3197 2142 3259 2191 in
3273 2142 3380 2191 Ro-

53 2214 293 2278 quidem
313 2211 558 2261 Floralia
574 2209 735 2261 initio
748 2209 881 2260 Maii
905 2208 1180 2259 celebrari
1194 2206 1381 2271 solita,
1395 2211 1485 2258 sed
1501 2223 1660 2269 quum
1762 2225 1915 2259 mam
1933 2211 2169 2275 irruit,“
2191 2226 2284 2261 nec
2296 2227 2468 2262 aneas
2484 2206 2704 2278 quidem
2719 2206 2924 2264 statuas
2934 2206 3152 2277 reliquit
3162 2213 3221 2261 in
3236 2212 3377 2275 foro.

52 2286 224 2337 editis
250 2283 528 2336 Caesareis
545 2282 665 2344 jam
688 2284 886 2331 essent
900 2278 1584 2343 sublata,Pcenigentiles
1602 2282 1663 2328 de
1765 2284 1951 2333 Tanta
1973 2285 2167 2346 strage
2188 2283 2426 2334 inﬂatus
2455 2284 2736 2348 Alaricus,
2765 2285 2828 2337 in
2864 2284 3112 2347 Latium,
3148 2285 3384 2346 Campa-

54 2357 366 2422 improviso
376 2352 649 2405 Kalendis
663 2352 852 2403 Juniis
875 2364 943 2403 ea
966 2352 1199 2402 tandem
1214 2350 1432 2415 agitare
1448 2354 1664 2402 statue-
1764 2354 1943 2416 niam,
1969 2353 2242 2416 Bruttios,
2261 2353 2666 2419 Calabrosque,
2693 2355 3044 2408 furibundus
3082 2367 3381 2416 excurrens,

56 2434 208 2481 runt.
236 2425 352 2480 Sed
374 2428 578 2477 Fastos
598 2422 906 2487 aliquando
928 2422 991 2472 in
1012 2422 1347 2486 hujusmodi
1370 2422 1545 2474 etiam
1569 2434 1665 2474 so-
1769 2427 1928 2477 luctu
1951 2428 2009 2475 et
2032 2424 2335 2492 funeribus
2359 2428 2555 2478 omnia
2577 2427 2905 2492 complevit.
2924 2427 3025 2479 Rei
3049 2430 3261 2479 testem
3284 2424 3383 2477 ha-

55 2499 349 2551 lemnibus
394 2495 667 2556 variasse,
694 2485 1045 2545 adnotatum
1078 2485 1376 2545 meminia
1404 2493 1668 2545 Simeone
1769 2497 1976 2549 bemus
2022 2485 2495 2560 Olympiodorum,
2529 2485 3014 2562 cujus-Historia
3055 2497 3382 2550 luculentas

62 2572 232 2624 Bosio
271 2572 333 2621 in
354 2568 518 2633 epist.
544 2568 615 2618 II.
638 2566 767 2617 libri
792 2567 939 2616 XVI.
966 2565 1255 2616 Ciceronis
1279 2564 1352 2615 ad
1389 2565 1666 2617 Atticum.
1768 2567 2007 2621 lacinias
2027 2568 2196 2619 nobis
2222 2570 2474 2621 servavit
2496 2570 2735 2622 Photius
2759 2569 2883 2623 cod.
2905 2570 3131 2621 LXXX.
3158 2568 3267 2622 Sed
3278 2569 3386 2618 Ru-

64 2643 257 2695 Verba
284 2642 410 2693 hac
431 2637 761 2702 Augustini,
779 2636 1089 2686 solemnilas
1111 2636 1341 2699 agitata,
1366 2635 1546 2689 ferme
1569 2649 1672 2688 ex-
1770 2641 1927 2705 finus
1949 2638 2345 2704 Olympiodori
2368 2642 2770 2694 testimonium
2790 2642 3026 2694 miriﬁce
3049 2640 3317 2693 illustrat.
3332 2638 3384 2690 ls

69 2721 223 2766 stare
245 2713 307 2765 in
321 2711 466 2776 lege,
488 2720 666 2774 quam
691 2708 798 2760 viri
821 2707 1028 2760 eruditi
1048 2707 1109 2758 in
1130 2719 1253 2759 rem
1267 2719 1436 2759 suam
1451 2708 1673 2760 trahere
1775 2712 1929 2765 enim
1953 2723 2086 2764 cum
2104 2711 2321 2776 inclyto
2358 2715 2749 2766 Romanorum
2772 2725 3074 2779 procerum
3107 2712 3385 2764 comitatu

68 2788 376 2847 conantur,
392 2783 492 2834 ubi
509 2781 757 2846 gentiles
768 2780 1076 2844 quidquam
1088 2779 1451 2829 solemnitalis
1466 2780 1676 2844 agitare
1779 2786 2109 2835 Messanam
2136 2782 2394 2849 elapsus,
2419 2785 2659 2850 Regium
2688 2784 2844 2847 Julii,
2861 2785 2921 2836 in
2945 2784 3182 2849 cuspide
3206 2782 3387 2836 Italia

73 2861 364 2919 vetantur,
387 2854 515 2919 lege
542 2851 859 2905 admodum
882 2855 989 2917 est,
1012 2861 1079 2903 ut
1101 2851 1196 2902 vel
1220 2851 1373 2902 hanc
1392 2850 1463 2902 de
1475 2852 1675 2904 eadem
1782 2854 1974 2907 Siculo
2020 2854 2165 2906 freto
2202 2855 2530 2920 imminens,
2567 2856 2887 2909 Gothorum
2910 2855 3159 2907 flammis
3182 2853 3386 2906 ardere

1756 995 1862 1067 iuit
1877 994 2103 1049 24.6um
2119 998 2349 1051 duobus
2367 994 2883 1067 subsequentibus.
2904 1006 3153 1055 Melaniae
3170 994 3367 1055 SZnior

1757 1066 2082 1139 futurorum
2118 1071 2362 1133 prascia
2389 1066 2608 1125 tantam
2637 1075 2861 1128 cladem
2886 1077 3215 1139 vaticinata,
3241 1075 3367 1127 suis

1754 1140 1963 1210 raptim
1987 1138 2317 1205 divenditis,
2344 1144 2743 1207 proximorum
2768 1146 2962 1207 saluti,
2986 1151 3160 1210 atque
3184 1138 3367 1198 hone-

1758 1209 1894 1259 stati
1928 1211 2117 1273 paullo
2143 1217 2278 1264 ante
2299 1214 2469 1265 celeri
2492 1215 2632 1280 fuga
2655 1217 2966 1270 consuluit.
2994 1209 3134 1270 Hac
3158 1229 3367 1269 secun-

1757 1280 1898 1331 dum
1934 1282 2212 1344 Pagianos
2257 1285 2530 1345 calculos,
2579 1300 2729 1351 quos
2763 1288 2857 1341 hic
2894 1289 3070 1354 probe
3115 1293 3368 1351 exactos,

1759 1354 2082 1433 ceterisque
2107 1354 2495 1433 praeferendos
2523 1360 2839 1433 comperio,
2865 1360 3250 1433 continenter,
3273 1371 3372 1411 no-

1760 1422 2066 1504 hilaruni
2079 1437 2265 1504 alitus
2286 1426 2410 1504 408.;
2430 1432 2488 1480 ει
2508 1428 2631 1504 κερθς
2651 1422 3370 1504 Ειιωίιιωοηξρηοξοευω

1763 1494 1891 1546 vide
1924 1497 1990 1545 Α.
2027 1497 2092 1546 1).
2133 1495 2256 1551 408.
2292 1499 2342 1561 θ.
2378 1499 2428 1552 2.
2473 1505 2532 1551 et
2563 1500 2647 1555 16.
2682 1514 2955 1566 annoque
2996 1500 3118 1557 410.
3158 1502 3211 1566 §.
3236 1494 3287 1554 7.
3314 1507 3371 1553 et

1760 1566 2702 1636 subsequentibus.'l‘illemontius,
2717 1575 2817 1637 qui
2839 1574 3122 1638 Pagianas
3142 1575 3372 1622 lucubra-

1766 1637 1969 1698 tiones,
1993 1639 2205 1703 quippe
2226 1640 2490 1693 nondum
2514 1642 2720 1702 editas,
2746 1637 3234 1708 ignoravit,Urbis
3258 1643 3374 1695 exi-

73 2930 226 2992 Lege
250 2928 443 2980 virum
467 2928 736 2975 sanctum
757 2920 1060 2986 loquutum
1086 2920 1384 2974 suadeant.
1410 2922 1680 2974 Formula

72 3002 229 3055 enim
248 3003 363 3062 est,
388 2996 642 3063 profanis
665 2995 965 3061 gentilium
986 2994 1142 3046 ludis
1160 2994 1505 3060 pompisque
1529 2994 1682 3047 desi-

79 3071 334 3137 gnandis
358 3070 553 3131 obvia,
568 3067 903 3133 passimque
914 3068 1210 3137 usurpata,
1228 3065 1383 3117 idem
1397 3077 1612 3118 sonans
1627 3081 1683 3115 ac

80 3136 343 3194 «inhibita.
374 3140 487 3193 Adi
511 3138 924 3192 Gothofredum
947 3138 1008 3189 in
1041 3136 1332 3190 Clossario
1354 3138 1582 3191 nomico
1616 3139 1681 3189 V.

82 3217 311 3279 agitare.
338 3215 478 3265 IIac
502 3210 685 3263 fusius
708 3209 961 3274 excussi,
981 3212 1048 3260 ut
1070 3209 1453 3273 quastionem
1469 3208 1540 3261 de
1555 3224 1688 3258 anno

80 3283 389 3338 emortuali
414 3282 692 3334 Publicolas
715 3280 977 3345 Senioris,
1008 3293 1082 3333 ex
1116 3279 1371 3332 tumultu
1402 3283 1687 3330 Calamensi

82 3369 201 3409 non
220 3354 591 3417 removendo,
617 3352 983 3419 explicarem,
996 3357 1173 3416 utque
1187 3351 1488 3401 Melanium
1506 3352 1688 3403 Senio-

81 3444 213 3492 rem,
231 3428 352 3480 tilio
368 3426 717 3491 jamdudum
736 3426 1014 3483 orbatam,
1032 3436 1166 3475 cum
1181 3424 1390 3486 Rufino
1403 3424 1687 3489 cognatis-

84 3514 195 3565 que
216 3501 281 3552 ln
304 3498 553 3550 Siciliam
578 3502 711 3549 ante
733 3496 899 3548 Urbis
922 3495 1214 3548 excidium
1235 3495 1543 3561 migrasse,
1567 3508 1690 3549 cer-

85 3577 162 3624 tis
194 3571 562 3636 argumentis
594 3567 977 3621 ostenderem.
1008 3569 1105 3631 Ea,
1131 3579 1266 3631 qua
1291 3567 1528 3633 digessi,
1554 3580 1689 3619 cum

83 3642 357 3705 Palladio,
387 3645 533 3693 teste
554 3640 780 3702 idoneo,
798 3638 1011 3704 quippe
1032 3638 1277 3701 oculato,
1295 3642 1688 3704 undequaque

84 3715 482 3771 consentiunt.
506 3712 693 3764 Etiam
717 3724 851 3764 cum
874 3712 1025 3764 Vita
1046 3710 1547 3776 Melaniaejunioris
1562 3724 1692 3764 con-

86 3790 270 3842 ditore
300 3787 455 3852 apud
488 3785 865 3837 Laurentium
889 3783 1118 3836 Surium
1142 3783 1204 3835 in
1226 3783 1374 3835 Vitis
1396 3787 1689 3833 Sanctorum

87 3861 180 3913 die
211 3859 302 3915 31.
340 3856 694 3910 Decembris.
735 3855 1022 3908 Palladius
1053 3855 1207 3907 enim
1229 3860 1428 3908 auctor
1452 3860 1542 3907 est
1565 3866 1687 3921 cap.

90 3933 340 3985 CXVIII.
354 3930 651 3981 Melanium
666 3928 944 3979 Seniorem
955 3940 1029 3979 ex
1044 3927 1348 3979 Palastina
1362 3930 1605 3979 Romam
1618 3944 1692 3976 re-

90 4006 271 4057 diisse
292 4003 386 4055 ubi
410 4001 661 4067 primum
676 3999 748 4052 de
756 3998 1005 4050 Melaniae
1014 3999 1203 4063 neptis
1215 4002 1360 4047 statu
1379 3999 1690 4058 audivisset;

88 4091 211 4127 eam
232 4082 281 4125 et
302 4073 546 4138 nupsisse
564 4078 611 4122 et
634 4072 755 4122 velle
773 4070 958 4121 saculo
976 4086 1068 4121 ren
1077 4072 1322 4135 unciare,
1339 4069 1609 4123 videlicet
1626 4075 1690 4123 A.

90 4151 156 4202 Ι).
188 4145 316 4203 397.
342 4146 443 4210 qui
477 4145 583 4197 fuit
605 4150 901 4197 extremus
916 4143 1097 4195 Siricii
1123 4143 1432 4207 Pontiﬁcis,
1473 4147 1539 4195 ut
1559 4143 1695 4194 alibi

90 4224 418 4274 ostensum.
442 4216 743 4267 Melaniam
769 4215 1055 4266 Juniorem
1087 4228 1241 4267 anno
1272 4216 1462 4267 atatis
1495 4215 1582 4269 14.
1607 4216 1698 4266 Pi-

91 4295 271 4346 niano
294 4293 536 4356 nuptam
561 4289 733 4342 tradit
766 4302 901 4341 cum
935 4288 1086 4340 Vita
1115 4289 1390 4353 scriptore
1414 4287 1696 4340 Palladius

91 4378 217 4429 cap.
246 4363 447 4416 CXIX.
471 4374 599 4415 eam
622 4366 871 4414 testatus
895 4362 1085 4414 atatis
1106 4373 1232 4413 sua
1253 4374 1407 4414 anno
1431 4360 1520 4417 ‘20.
1544 4366 1697 4426 post-

92 4448 275 4501 quam
304 4447 490 4487 annos
515 4439 738 4500 septem
762 4446 896 4485 cum
918 4433 1156 4485 Piniano
1177 4434 1443 4498 vixisset,
1468 4433 1697 4486 duobus

90 4508 291 4562 liberis
319 4512 376 4560 et
419 4512 577 4572 patre
618 4505 891 4556 Publicola
924 4506 1204 4569 orbatam,
1239 4505 1452 4558 Mundo
1484 4518 1701 4558 renun-

91 4583 301 4634 ciasse.
334 4580 471 4631 Post
500 4577 729 4644 singula
759 4579 886 4631 hac
909 4579 1156 4639 criteria,
1182 4579 1305 4631 suis
1329 4590 1581 4642 quaque
1602 4589 1698 4630 ra-

94 4653 371 4715 tionibus,
395 4651 457 4703 in
477 4664 661 4702 unum
685 4651 1048 4711 coeuntibus,
1072 4650 1236 4715 fulta,
1261 4663 1378 4703 uno
1401 4651 1595 4704 omnia
1617 4651 1696 4704 in-

96 4725 267 4786 tuitu,
294 4721 612 4776 secundum
636 4722 895 4775 ordinem
916 4722 1403 4788 ohronologicum.
1428 4727 1694 4787 spectan-

97 4797 172 4849 da
196 4794 463 4859 subjicio.

158 4871 227 4921 A.
255 4868 322 4918 D.
346 4866 469 4921 397.
495 4865 737 4918 Melania
753 4865 947 4918 Senior
969 4866 1382 4931 Hierosolymis
1397 4870 1604 4917 Romam
1620 4882 1701 4918 re-

100 4940 202 5004 dit,
214 4943 389 5004 nepte
399 4937 639 4988 Melania
654 4940 842 4992 atatis
859 4951 984 4992 sua
996 4950 1148 4991 anno
1162 4937 1248 4993 14.
1270 4939 1507 4991 Piniano
1523 4944 1696 5001 nupta.

163 5010 288 5066 399.
314 5012 603 5062 Honorius
614 5013 919 5075 Augustus
933 5010 993 5062 in
1006 5012 1213 5062 Panos
1228 5011 1471 5075 gentiles
1486 5015 1602 5063 tres
1620 5014 1704 5060 Le-

102 5096 203 5148 ges
223 5081 567 5148 Apollodoro
591 5082 921 5135 Proconsuli
935 5082 1147 5134 Africa
1157 5082 1486 5147 inscriptas,
1506 5085 1701 5143 vulgat.

163 5153 290 5210 400.
316 5153 557 5203 Melania
589 5152 810 5205 Seniore
846 5154 903 5205 in
946 5153 1198 5205 Africam
1220 5155 1491 5218 profecta,
1514 5153 1699 5204 Publi-

105 5228 234 5286 cola,
256 5226 417 5290 filius
434 5226 646 5291 unicus,
667 5227 867 5279 Roma
891 5226 1026 5278 obit.
1056 5224 1326 5277 Paulinus
1352 5225 1608 5278 Nolanus
1632 5225 1704 5278 de

106 5298 211 5352 hoc
233 5297 630 5362 Augustinum
656 5299 955 5351 certiorem
982 5299 1133 5356 facit,
1164 5299 1335 5362 cujus
1356 5310 1702 5362 responsum

102 5372 219 5435 jam
243 5370 465 5435 pridem
489 5370 770 5434 scriptum
793 5372 1010 5434 Roma,
1036 5371 1243 5435 accipit
1270 5384 1305 5421 a
1327 5369 1571 5432 Quincto
1583 5370 1708 5422 Dia-

108 5456 248 5495 cono
282 5442 386 5494 Die
414 5439 502 5495 29.
525 5442 701 5494 Junii.
729 5442 1039 5495 Tumultus
1074 5444 1437 5508 Paganorum
1460 5441 1709 5495 Calama

109 5517 410 5568 excitatur.
452 5515 749 5566 Possidius
809 5515 1159 5566 Calamensis
1218 5514 1535 5578 Episcopus
1577 5518 1711 5578 post

112 5599 367 5640 mensem
390 5585 529 5638 Julii
551 5586 611 5637 in
639 5585 865 5638 Italiam
898 5586 1252 5639 transmittit.

172 5658 297 5715 403.
328 5658 574 5709 Melania
595 5658 801 5709 Junior
819 5660 970 5712 avia
996 5670 1176 5711 suasu
1190 5670 1410 5710 annum
1425 5669 1605 5723 agens
1618 5655 1708 5713 20.

114 5737 240 5798 post
261 5743 449 5784 annos
474 5735 697 5796 septem
721 5743 855 5783 cum
878 5731 1113 5785 Piniano
1134 5734 1476 5795 transactus,
1500 5729 1714 5782 Mundo

119 5818 247 5857 cum
271 5805 519 5869 conjuge
542 5801 670 5856 vale
700 5802 858 5854 dicit.

178 5874 301 5931 408.
325 5876 568 5927 Melania
600 5880 832 5939 utraque
855 5887 986 5926 cum
1017 5873 1139 5926 suis
1163 5875 1220 5926 et
1239 5873 1446 5937 Rufino
1469 5886 1543 5926 ex
1565 5874 1716 5927 Urbe

121 5949 191 6003 ob
214 5947 552 6015 pudicitiam
583 5945 948 6007 servandam,
974 5944 1035 5998 in
1067 5944 1312 5999 Siciliam
1346 5945 1651 6011 trajiciunt.

1719 4682 1778 4755 D

1782 2926 2107 2991 conspexit.
2122 2929 2453 2979 Extremam
2478 2928 2565 2980 vir
2586 2928 2716 2993 pius
2734 2931 2875 2980 tunc
2897 2938 3136 2979 manum
3164 2924 3387 2978 Latina

1783 2998 2034 3050 versioni
2080 2998 2345 3062 Origenis
2387 2998 2761 3049 Homiliarum
2804 2998 3386 3061 ίποΝιιτηθνοειὶωρο-

1786 3071 1977 3122 nebat.
2024 3069 2145 3120 Viri
2191 3070 2546 3134 percelebres
2588 3071 2649 3121 in
2692 3070 2784 3122 his
2822 3069 3003 3122 literis
3047 3069 3106 3121 id
3150 3067 3384 3120 tandem

1787 3154 1896 3193 nos
1919 3141 2259 3205 docuerunt,
2281 3140 2567 3194 Henricus
2592 3142 2878 3206 Valesius,
2902 3146 2963 3193 et
2983 3142 3186 3193 Petrus
3211 3142 3388 3192 Fran-

1788 3213 1979 3264 ciscus
2025 3212 2369 3278 Chiftletius,
2419 3213 2520 3277 qui
2578 3213 2767 3277 Ruﬁni
2816 3212 3150 3278 prologum,
3200 3211 3387 3264 cidem

1713 3303 1762 3380 C
1788 3283 3136 3380 Ῐῗῖῗίίίῗί,Εἰ,Ἦὲἱθὲἶξδῗέἳὲίξῗῗίέῗῗῗτέῗἑξίίὶἳ
3157 3288 3389 3380 Si???

1790 3369 1944 3423 pore,
1964 3368 2038 3408 ex
2054 3356 2303 3409 diversis
2320 3358 2568 3422 quisque
2582 3357 2893 3421 codicibus,
2910 3355 3141 3423 publica
3157 3362 3387 3418 typorum

1785 3430 1914 3481 luce
1950 3428 2259 3493 donarunt,
2292 3429 2561 3482 Valesius
2594 3429 2829 3494 quidem
2852 3429 2914 3481 in
2936 3428 3091 3482 notis
3126 3429 3199 3481 ad
3219 3428 3392 3492 caput

1786 3501 2103 3552 XXXVIII.
2118 3500 2246 3552 libri
2257 3501 2352 3553 VI.
2370 3501 2714 3553 Eusebiana
2731 3500 3003 3554 Historia
3018 3498 3269 3553 Parasiis
3292 3510 3393 3551 ex-

1787 3584 1949 3625 cusa
1969 3571 2125 3636 apud
2148 3573 2466 3624 Antonium
2489 3573 2649 3625 Vitre
2673 3575 2738 3625 A.
2766 3574 2833 3624 D.
2867 3571 3026 3627 1619.
3070 3570 3393 3624 Chiffletius

1788 3648 2005 3705 autem,
2032 3643 2243 3696 Valesii
2278 3643 2530 3696 editione
2568 3645 2853 3709 ignorata,
2879 3644 2941 3696 in
2971 3649 3133 3709 parte
3165 3644 3235 3707 II,
3267 3653 3391 3707 cap.

1791 3715 1974 3767 XXV.
1999 3713 2219 3766 Paulini
2240 3714 2512 3769 illustrati
2539 3728 2615 3769 ex
2640 3715 2976 3768 Divionensi
3000 3715 3249 3767 editione
3268 3713 3394 3765 Phi-

1787 3785 1978 3838 liberti
2017 3784 2320 3839 Chavance
2352 3789 2418 3838 A.
2463 3788 2529 3837 D.
2571 3786 2727 3842 1662.
2756 3786 3156 3839 Tillemontius
3179 3786 3253 3837 ob
3276 3797 3396 3837 non

1788 3857 1978 3911 visam
1993 3856 2253 3920 Chifﬂetii
2267 3858 2577 3911 editionem
2591 3870 2709 3910 non
2726 3858 2907 3910 semel
2920 3856 3131 3909 erravit
3141 3862 3271 3905 tomo
3280 3857 3394 3907 XII.

1787 3933 1898 3981 art.
1932 3926 2052 3982 128.
2071 3939 2199 3992 pag.
2227 3926 2350 3982 311.
2380 3930 2524 3980 Nam
2548 3934 2607 3981 et
2640 3928 2860 3978 Ursacio
2879 3926 3396 3992 prologuminscri-

1792 4005 1957 4066 ptum
1999 3999 2263 4062 credidit,
2308 4004 2367 4051 et
2408 4000 2564 4051 hunc
2608 4011 2644 4051 a
2685 4011 2882 4064 puero,
2920 3998 3111 4051 Ruﬁni
3151 3998 3396 4063 notario,

1793 4071 2072 4123 distinxit.
2120 4070 2278 4135 Opus
2314 4072 2439 4122 fuse
2475 4070 2741 4123 recensui
2774 4070 2870 4121 lib.
2898 4071 2966 4122 II.
2989 4082 3111 4135 cap.
3140 4071 3262 4122 VII.
3285 4068 3319 4133 ἓ
3343 4067 3394 4123 3.

1794 4142 2164 4196 Emendatior
2204 4143 2295 4194 est
2336 4142 2510 4195 editio
2564 4142 2775 4202 Valesii,
2817 4141 3027 4193 alicubi
3061 4147 3255 4193 tamen
3288 4153 3395 4207 ope

1795 4214 2173 4267 Chiftletiana
2195 4213 2573 4266 emendanda.
2598 4214 2831 4278 Ruﬁnus
2853 4213 3130 4263 Donatum
3145 4213 3398 4274 quendam

1796 4287 1991 4339 verbis
2013 4285 2281 4350 Cypriani
2315 4286 2584 4350 martyris
2614 4285 2688 4337 ad
2718 4286 2897 4337 alium
2924 4285 3220 4345 Donatum,
3257 4281 3399 4335 allo-

1796 4359 2010 4424 quitur.
2040 4358 2104 4409 Ei
2129 4370 2193 4410 se
2219 4357 2532 4422 pollicitum
2554 4357 2636 4410 ait
2656 4357 3001 4422 scriptorum
3012 4356 3273 4408 omnium
3286 4358 3401 4405 Ori-

1795 4431 1965 4496 genis
1979 4430 2041 4482 in
2050 4430 2509 4482 Pentateuchum
2524 4429 2788 4481 Latinam
2800 4428 3142 4480 versionem.
3155 4427 3402 4477 Donatus

1794 4506 1905 4555 iste
1928 4514 2081 4554 anne
2111 4501 2339 4553 Siculus
2362 4500 2508 4553 fuit?
2548 4502 2708 4553 Certe
2732 4501 2794 4552 in
2822 4499 3016 4550 Sicilia
3038 4511 3171 4551 cum
3194 4496 3402 4561 Rufino

1795 4575 2006 4641 pariter
2025 4573 2359 4625 morabatur
2394 4575 2459 4624 A.
2505 4574 2572 4624 D.
2609 4571 2733 4627 409.
2760 4572 2901 4624 dum
2922 4570 3211 4636 Rhegium
3242 4569 3400 4622 Julii.

1800 4646 1971 4711 Regis
1983 4644 2191 4697 Alarici
2207 4644 2463 4697 exercitu
2483 4645 2749 4696 ﬂammas
2764 4643 3076 4708 injiciente,
3093 4643 3405 4707 conﬂagra-

1804 4722 1917 4771 bat.
1942 4722 2019 4770 At
2040 4718 2284 4767 Donatus
2308 4717 2551 4779 fortasse
2575 4728 2709 4768 cum
2727 4716 2928 4781 Ruﬁno
2946 4727 3023 4768 ex
3036 4712 3184 4768 Urbe
3198 4714 3259 4766 in
3272 4716 3408 4764 Sici-

1801 4792 1935 4844 liam
1970 4795 2024 4843 et
2049 4790 2172 4854 ipse
2192 4789 2545 4853 confugerat.
2573 4787 3193 4853 Nostrumloquentem
3205 4786 3407 4839 audia-

1800 4876 1952 4915 mus.
1980 4861 2278 4914 Reddendze
2305 4862 2686 4926 pollicitationi
2708 4876 2823 4911 non
2845 4862 3235 4926 tempestivum,
3248 4864 3307 4909 ut
3317 4858 3406 4911 ille

1799 4937 1897 4997 ait,
1921 4935 2011 4985 sed
2032 4940 2444 4999 tempestuosum
2478 4933 2630 4984 nobis
2655 4938 2862 4999 tempus
2883 4949 2945 4983 ac
2972 4932 3252 4983 turbidum
3272 4929 3401 4994 fuit.

1800 5008 1931 5068 Quis
1953 5007 2100 5057 enim
2136 5007 2211 5056 ibi
2244 5006 2366 5057 stilo
2391 5008 2535 5056 locus
2555 5010 2644 5068 est,
2670 5005 2763 5055 ubi
2788 5004 3009 5059 hostilia
3034 5004 3133 5055 tela
3155 5007 3407 5053 metuun-

1803 5088 1909 5143 tur,
1935 5080 2028 5129 ubi
2048 5081 2111 5129 in
2130 5079 2299 5129 oculis
2317 5084 2388 5130 est
2412 5078 2635 5127 urbium
2658 5091 3029 5142 agrorumque
3046 5073 3292 5137 vastatio,
3314 5072 3407 5122 ubi

1801 5152 2018 5217 fugitur
2039 5165 2133 5216 per
2154 5150 2381 5199 marina
2403 5149 2729 5199 discrimina
2747 5163 2759 5199 :
2783 5154 2906 5197 etne
2920 5148 3041 5212 ipsa
3053 5145 3275 5213 quidem
3290 5144 3407 5195 abs-

1804 5238 1906 5290 que
1930 5228 2073 5272 metu
2098 5221 2368 5272 habentur
2390 5220 2621 5272 exsilia?
2640 5220 2709 5273 In
2729 5228 3087 5273 CONSPBGTU
3109 5218 3325 5279 etenim,
3352 5222 3410 5266 ut

1806 5307 2060 5347 VIDEBAS
2075 5295 2238 5343 etiam
2250 5304 2403 5354 IPSE,
2414 5291 2977 5355 NOSTRO,Barbarus,
2993 5292 3091 5355 qui
3102 5291 3409 5354 Rheginam

1806 5367 2033 5432 cpidum
2058 5365 2303 5415 miscebat
2322 5364 2592 5429 incendio,
2616 5361 3406 5432 augustissimoaNOBisfreto,

1806 5431 1900 5489 ubi
1943 5438 2109 5487 Italia
2140 5438 2315 5488 solum
2352 5436 2534 5488 Siculo
2579 5436 2881 5498 dirimitur,
2907 5432 3207 5484 arcebatur.
3236 5431 3299 5481 In
3325 5432 3411 5481 his

1808 5525 1932 5575 ergo
1954 5511 2127 5575 posito
2151 5524 2269 5574 qua:
2285 5524 2389 5559 esse
2405 5508 2479 5560 ad
2498 5507 2839 5558 scribendum
2861 5505 3118 5556 securitas
3141 5503 3337 5569 potuit,
3367 5510 3413 5554 et

1806 5574 2073 5649 praecipue
2091 5583 2164 5631 ad
2186 5580 2677 5647 interpretandum,
2702 5577 2794 5626 ubi
2818 5592 2929 5627 non
2954 5579 3034 5626 ita
3055 5574 3309 5649 proprios
3325 5589 3411 5649 ea;-

1772 5696 1775 5701 .
1806 5646 1994 5720 pedire
2015 5670 2219 5716 sensus,
2245 5660 2305 5705 ut
2329 5646 2537 5704 alienos
2558 5655 2777 5715 captare
2794 5647 3304 5715 proponitur?Mox
3318 5646 3412 5699 ad-

1814 5728 1916 5787 dit,
1943 5740 2007 5779 se
2029 5731 2248 5788 noctes,
2272 5724 2610 5777 abhostium
2640 5723 2844 5775 timore
2868 5720 3054 5786 magis
3076 5722 3231 5773 tutas
3254 5721 3415 5785 quasi

1813 5799 1888 5849 ad
1910 5799 2151 5851 solamen
2168 5797 2461 5859 malorum,
2475 5795 2812 5860 levandaeque
2823 5792 3281 5859 peregrinationis
3296 5807 3417 5857 gra-

1819 5873 1913 5936 tia,
1941 5871 2291 5935 impendisse
2310 5868 2510 5921 Latine
2521 5867 2823 5920 reddendis
2837 5866 3098 5931 Origenis
3112 5865 3413 5929 Homiiliis,

1817 5943 1941 5998 sive
1970 5944 2143 5996 etiam
2162 5941 2440 6007 excerptis,
2463 5944 2563 5993 aut
2585 5938 2822 5993 scholiis
2837 5939 2895 5993 in
2915 5938 3199 5990 Numeros.
3218 5936 3415 6002 Orige-
