3894 6394
505 376 607 433 291

490 492 585 545 nis
597 489 774 548 enim,
791 492 857 539 ut
872 484 1144 538 Valesius
1156 494 1228 533 ex
1243 477 1490 531 Sedulio.
1512 475 1979 550 Hieronymoque
1994 474 2100 521 ani-
2118 475 2175 550 Α

486 545 809 623 madvertit,
828 556 1037 622 triplex
1058 566 1205 619 opus
1230 550 1340 623 fuit
1358 549 1420 623 in
1449 545 2056 623 Sacrathcripturam
2080 557 2093 595 :

490 638 532 687 Ι.
559 616 969 686 Commentarii.
1010 629 1077 678 II.
1097 616 1359 675 'Scholia.
1390 622 1487 671 ΙΙΙ.
1514 617 1766 668 Homilies
1792 618 1912 669 sive
1936 616 2100 664 Trac-

492 686 651 756 tatus.
683 704 765 753 De
810 700 923 751 hoc
965 696 1169 761 triplici
1214 705 1384 758 opere
1415 692 1477 743 in
1517 688 1757 761 Prologo
1782 688 1903 761 agit
1924 686 2099 761 etiam

490 776 737 837 Ruﬁnus.
777 773 816 821 Ι.
850 757 1144 819 Homelias.
1183 757 1560 837 11.77Exeerpta
1574 762 1678 837 ill:
1700 757 2101 837 Εωριίοαιίρηα

496 831 807 911 appellans.
834 842 953 890 Haec
970 842 1289 911 perurgente
1302 840 1373 911 te,
1399 832 1607 896 inquit,
1640 831 1903 911 Romana,
1923 832 1987 911 ut
2003 842 2102 911 po-

495 899 719 974 tuimus,
753 928 891 973 voce,
936 899 1003 961 ea:
1034 899 1258 959 diversis
1292 906 1357 955 in
1392 920 1571 953 unum
1609 902 1859 974 ordinem
1888 899 2099 950 collecta

496 973 832 1052 digessimus.
858 984 919 1033 Te
942 995 1155 1047 quoque
1170 980 1287 1052 ipso
1308 978 1368 1025 in
1386 973 1815 1052 quamplurima:
1828 982 2100 1052 JUVANTE

502 1042 713 1109 Ursacii
736 1055 913 1106 nostri
938 1042 1205 1112 laborem,
1230 1050 1385 1109 dum,
1412 1047 1580 1095 nimis
1604 1044 1852 1109 cupidus,
1882 1042 2101 1107 pueruli

496 1129 704 1180 notarii
723 1126 951 1178 tardum
968 1128 1130 1188 putas
1141 1136 1244 1171 esse
1256 1118 1644 1169 ministerium.
1655 1119 1842 1188 Quare
1856 1115 2101 1188 Donatus

497 1206 555 1254 et
602 1200 858 1251 Ursacius
893 1185 1103 1248 Ruﬁno
1128 1194 1191 1245 in
1214 1189 1595 1244 describenda
1619 1186 1880 1251 Origenis
1901 1185 2105 1237 Latina

500 1272 787 1333 versione,
828 1281 864 1320 a
887 1280 1065 1320 manu
1087 1265 1337 1317 fuerunt.
1371 1261 1625 1313 Ursacius
1647 1259 1823 1311 frater
1844 1260 2106 1333 Exsupe-

499 1342 689 1405 rantii,
726 1328 785 1393 in
819 1338 1074 1391 Lucania
1100 1335 1387 1401 Episcopi,
1414 1328 1946 1405 memoratur}de
1967 1331 2101 1405 Ura-

500 1415 666 1468 nium
678 1400 756 1464 in
770 1410 905 1463 Vita
921 1408 1113 1462 Sancti
1137 1400 1355 1459 Paulini
1381 1404 1583 1456 Nolani
1599 1415 1720 1467 cap.
1736 1403 1830 1453 III.
1849 1400 2105 1464 Denique

502 1486 582 1538 ait
603 1485 852 1547 Ruﬁnus,
880 1494 953 1534 ex
976 1479 1247 1533 omnibus
1269 1478 1343 1529 ab
1366 1476 1610 1539 Origene
1634 1474 1696 1547 i_n
1712 1472 1894 1536 Legem
1914 1470 2109 1547 Mosai-

501 1571 622 1608 cam
666 1543 913 1619 scriptis,
941 1551 1097 1604 solas
1128 1547 1508 1599 oratiunculas
1537 1547 1599 1619 in
1627 1543 2109 1619 Deutcronomium

506 1628 618 1680 sibi
657 1615 965 1679 verténdas
1003 1632 1326 1686 superesse,
1372 1619 1505 1681 Has,
1538 1616 1751 1680 inquit,
1770 1616 1819 1664 si
1843 1615 2110 1686 Dominus

493 1697 718 1763 juverit,
744 1702 792 1747 ct
813 1685 1107 1745 sanitatem
1124 1690 1326 1742 dederit
1341 1689 1530 1763 oculis,
1552 1688 1767 1763 reliqua
1781 1685 2001 1763 corpori
2017 1700 2108 1735 cu-

501 1758 948 1836 pimus'sociare,
988 1764 1238 1836 quamvis
1274 1760 1688 1836 amantissimus
1708 1758 1856 1821 [ilius
1878 1767 2113 1836 NOSTER

1786 357 2033 412 RUFINI
2081 353 2523 411 PRESBle

3699 343 3803 402 292

2198 473 2416 523 canunt
2448 468 2660 521 fabula
2694 473 3009 532 poetarum.
3049 467 3438 522 Stridonensis
3472 468 3642 518 Pater
3662 479 3804 513 scor-

2196 541 2353 606 pium
2376 539 2685 605 plurimum
2708 538 3104 604 brachiorum,
3142 542 3201 592 et
3237 539 3476 604 hydram
3502 536 3805 586 multorum

2198 614 2439 677 capitum
2451 625 2549 677 per
2558 612 2829 675 ambages
2839 613 3105 676 Ruﬁnum
3117 612 3351 675 dixit,ob
3362 614 3619 672 ingentem
3631 622 3803 657 eorum

2198 697 2525 746 numerum,
2540 684 2639 747 qui
2660 682 2741 735 illi
2766 684 3096 736 studebant.
3109 686 3174 736 In
3188 682 3525 747 Hieronymi
3549 679 3802 739 codices,

2202 758 2351 821 typis
2372 756 2661 820 vulgatos,
2679 757 3027 821 Porphyrius
3040 757 3268 822 irrepsit
3286 768 3390 821 pro
3403 752 3803 818 Porphyrionc:

2202 841 2333 893 quas
2385 834 2475 880 est
2510 828 2736 892 egregia
2768 829 3092 881 emendatio
3120 827 3418 893 purpurati
3456 825 3564 878 viri
3604 823 3807 875 Jacobi

2203 900 2418 951 Peronii
2451 900 2514 951 in
2557 901 2854 964 Responso
2891 900 3093 952 iterato
3128 900 3203 952 ad
3234 902 3450 962 Regem
3484 895 3807 960 Anglorum

2204 972 2456 1023 sectione
2479 974 2521 1023 Ι.
2542 971 2591 1035 §.
2615 970 2666 1025 9.
2696 973 2775 1023 De
2796 975 3046 1035 utroque
3067 972 3302 1036 gigante
3335 968 3726 1035 Apollodorus
3748 966 3807 1017 in

2204 1042 2553 1095 Bibliotheca
2578 1042 2719 1094 libro
2745 1044 2787 1092 Ι.
2819 1043 2906 1094 Ad
2945 1043 3405 1107 Porphyrionem,
3430 1052 3703 1103 magnum
3725 1037 3810 1101 gi-

2202 1119 2437 1179 ganlem,
2462 1113 2666 1165 alludit
2698 1112 2977 1165 Martialis
3013 1114 3111 1165 lib.
3147 1115 3296 1165 XIII.
3321 1112 3599 1178 epigram.
3626 1121 3803 1161 Lxxv.

2208 1188 2327 1237 Hoc
2350 1198 2416 1237 eo
2437 1184 2771 1250 diligentius
2792 1185 3144 1247 conﬁrmavi,
3173 1183 3329 1249 quod
3345 1182 3636 1235 Henricus
3652 1180 3811 1232 Vale-

2205 1259 2348 1316 sius,
2388 1257 2474 1308 vir
2514 1256 2587 1308 de
2615 1268 2675 1307 re
2706 1255 3109 1309 Ecclesiastica
3140 1256 3414 1322 prasclare
3447 1253 3718 1313 meritus,
3752 1252 3811 1302 in

2203 1328 2356 1380 notis
2376 1326 2450 1379 ad
2473 1327 2789 1380 Historiam
2811 1326 3046 1380 Eusebii
3068 1328 3215 1380 libro
3236 1329 3331 1379 Vl.
3357 1337 3481 1389 cap.
3500 1325 3660 1377 XIX.
3687 1324 3813 1373 Por-

2201 1399 2473 1464 phyrium
2494 1398 2918 1463 philosophum,
2945 1400 3018 1450 ab
3045 1399 3393 1463 Hieronymo
3417 1395 3661 1448 indicari
3681 1409 3812 1444 com-

2206 1474 2441 1523 mentus
2477 1469 2665 1523 fuerit.
2710 1470 2821 1522 Sed
2858 1471 3238 1536 Porphyrium
3271 1470 3332 1521 in
3362 1468 3552 1521 Sicilia
3572 1467 3812 1532 periisse

2207 1556 2326 1596 non
2347 1546 2594 1605 constat,
2618 1554 2950 1607 quanquam
2975 1543 3129 1608 apud
3155 1542 3377 1594 Siculos
3402 1552 3689 1604 magnum
3706 1538 3814 1589 sibi

2208 1616 2269 1667 in
2290 1615 2596 1667 scribendo
2612 1627 2825 1667 nomen
2847 1616 3084 1680 paravit.
3112 1614 3203 1667 Ad
3225 1618 3487 1666 mortuos
3510 1614 3708 1664 autem
3735 1622 3815 1661 se-

2213 1686 2522 1753 pultosque
2567 1687 2626 1739 in
2665 1686 2872 1751 Sicilia,
2915 1690 2972 1739 et
3004 1688 3248 1752 gigantes
3281 1684 3535 1751 quidem,
3567 1682 3812 1735 lacerto-

2214 1772 2343 1811 rum
2383 1759 2444 1809 vi
2490 1764 2549 1811 et
2581 1758 2980 1823 magnitudine
3017 1756 3233 1811 bellum
3276 1756 3501 1823 superis
3524 1755 3810 1807 intentare

506 1827 803 1928 triane
828 1827 1320 1928 ωέιίεζτςέξθέςίιέίη
1337 1831 1663 1928 alter:
1680 1828 2108 1928 fﬂ°’2i’3‘i‘fﬁi:
2134 1852 2190 1928 Β
2214 1833 2472 1928 series
2487 1829 2696 1928 illud“
2713 1830 3125 1928 ξίίειξειξῖωυεε
3142 1830 3357 1928 res
3371 1827 3688 1928 esse
3705 1841 3814 1875 νεπλ

508 1914 591 1962 tie
610 1900 913 1976 profugum
934 1917 1312 1966 COHITAMUR,
1337 1903 1595 1967 injungal
1618 1906 1663 1950 et
1677 1901 1824 1976 alia._
1840 1900 1942 1949 Sed
1959 1904 2107 1949 orate

508 1971 875 2034 communiter
910 1985 969 2030 ut
1000 1978 1142 2029 adsit
1175 1976 1462 2034 Dominus,
1496 1979 1541 2022 et
1580 1971 1903 2036 temporibus
1925 1984 2112 2035 pacem

512 2053 732 2115 tribuat,
753 2052 997 2118 gratiam
1014 2046 1384 2118 laborantibus
1411 2046 1590 2118 donet,
1625 2043 1974 2118 fructumque
1989 2057 2115 2106 ope-

510 2128 591 2176 ris
630 2115 803 2176 nostri
846 2124 907 2172 in
935 2121 1240 2186 profectum
1271 2117 1561 2181 legentium
1591 2119 1836 2186 promat.
1868 2115 2114 2162 Donatus

512 2211 651 2263 ergo
670 2202 727 2250 et
745 2185 997 2246 Ursacius
1010 2193 1072 2244 in
1088 2189 1455 2243 sanctissimo
1467 2188 1561 2239 illo
1576 2185 1947 2263 Romulidum
1963 2188 2114 2234 choro

509 2259 688 2322 etiam
721 2268 971 2328 fuerunt,
1011 2265 1276 2327 Ruﬁnum
1300 2266 1441 2314 tunc
1466 2259 1767 2312 oculorum
1792 2259 1992 2312 morbo
2018 2271 2118 2311 ve-

512 2346 709 2393 xante.
730 2342 807 2390 At
830 2336 1095 2398 Ruﬁnus,
1115 2346 1249 2399 quas
1269 2332 1455 2386 amico
1480 2331 1883 2397 spoponderat,
1901 2331 1973 2383 ad
1992 2342 2117 2383 um-

510 2412 749 2465 bilicum
770 2408 1082 2474 perducere
1105 2418 1225 2458 non
1252 2404 1457 2471 potuit.

577 2485 673 2535 III.
709 2472 883 2533 Paulo
921 2482 1053 2545 post
1090 2477 1247 2530 enim
1289 2476 1511 2537 morbo,
1556 2487 1730 2537 quem
1775 2472 2019 2545 dixerat,
2060 2476 2121 2524 et

514 2555 677 2607 senio
702 2544 1117 2618 prmgravatus,
1143 2546 1381 2601 vivendi
1404 2546 1588 2618 finem
1602 2545 1773 2618 fecit:
1789 2549 1863 2618 et
1885 2544 2120 2618 quidem

511 2614 769 2675 Messanae
804 2614 865 2673 in
902 2623 1218 2684 conspectu
1259 2617 1454 2681 Rhegii
1493 2616 1655 2679 Julii,
1697 2616 1903 2668 ultima
1939 2614 2121 2667 Italia

514 2697 767 2759 civitate,
796 2706 910 2759 quo
933 2691 1265 2756 religiosum
1292 2693 1512 2759 castum
1536 2691 1841 2759 sequutus,
1859 2686 2123 2759 profuge:

514 2773 623 2821 rat.
663 2756 779 2819 Nec
814 2756 963 2816 sane
1006 2761 1247 2822 felicius,
1281 2770 1461 2822 quam
1481 2758 1542 2809 in
1565 2757 1880 2821 complexu
1902 2762 2022 2809 tam
2045 2756 2123 2821 pii

517 2836 786 2899 sodalitii,
823 2835 912 2889 vir
946 2844 1175 2886 summe
1208 2830 1340 2896 pius
1370 2829 1629 2881 animam
1659 2828 1852 2880 efflare
1883 2832 2119 2892 poterat.

516 2909 797 2974 Norisius,
833 2906 932 2971 qui
962 2906 1106 2957 libro
1145 2902 1197 2957 1.
1223 2913 1349 2965 cap.
1379 2902 1474 2974 III.
1509 2899 1779 2974 Historiae
1804 2899 2125 2974 Pelagiana

519 2985 655 3048 post
690 2971 1019 3039 Baronium,
1053 2973 1248 3048 Rhegii
1273 2971 1645 3048 eversionem
1677 2971 1920 3048 illigavit
1960 2974 2026 3048 A_.
2058 2972 2123 3048 ι).

520 3041 644 3109 ῙΗΟ.
679 3050 869 3114 Rufini
908 3048 1134 3101 exitum
1160 3044 1235 3097 ad
1264 3043 1441 3096 ﬁnem
1465 3042 1729 3108 ejusdem
1751 3042 1907 3105 anni,
1932 3042 2028 3096 vel
2051 3041 2126 3094 ad

522 3124 751 3177 initium
766 3119 1066 3185 sequentis
1082 3115 1407 3169 sistendum
1422 3115 1791 3167 existimavit.
1806 3116 2034 3164 Mat-ioue
2045 3116 2127 3163 dio

523 3195 613 3250 ‘27.
637 3192 908 3259 Augusti,
937 3188 1124 3243 triduo
1151 3189 1223 3241 ab
1256 3188 1403 3241 Urbe
1428 3188 2128 3259 expugnata,vi_ctrices_co-

2215 1904 2326 1956 dici
2347 1915 2465 1955 non
2487 1908 2753 1968 possunt.
2775 1902 2885 1955 Adi
2910 1904 3125 1955 Lucam
3150 1901 3517 1955 Holstenium
3538 1900 3601 1951 in
3626 1900 3817 1948 Disser-

2211 1975 2425 2027 tatione
2459 1974 2529 2026 de
2572 1974 2703 2026 Vita
2727 1974 3021 2039 Porphyrii
3052 1986 3174 2039 cap.
3214 1975 3281 2025 II.
3323 1976 3380 2024 et
3412 1972 3507 2024 IlI.
3541 1969 3726 2023 Ulcus
3759 1969 3815 2020 in

2214 2046 2548 2111 Hieronymi
2592 2046 2785 2097 verbis
2831 2058 2867 2097 a
2906 2045 3144 2098 Peronio
3187 2044 3479 2097 detectum
3517 2042 3598 2106 (a)
3648 2052 3818 2093 nemo

2214 2118 2542 2170 criticorum
2560 2116 3061 2169 animadverterat.
3081 2116 3191 2168 Sed
3206 2120 3266 2168 et
3283 2114 3431 2167 alius
3455 2125 3618 2167 error
3635 2114 3815 2161 Valesii

2215 2188 2661 2253 expungendus,
2699 2188 2800 2239 ubi
2829 2187 3103 2239 Ruﬁnum
3123 2191 3281 2252 capta
3309 2185 3460 2249 Urbe,
3482 2185 3544 2236 in
3567 2183 3815 2233 Siciliam

2217 2272 2281 2313 se
2304 2260 2591 2324 recepisse
2619 2259 2944 2322 arbitratur,
2971 2258 3071 2323 qui
3094 2262 3289 2309 tamen
3317 2261 3454 2309 ante
3476 2255 3695 2307 Urbem
3719 2254 3818 2305 ob-

2218 2342 2444 2383 sessam
2476 2330 2613 2382 illuc
2637 2343 2698 2381 se
2721 2334 3028 2394 receperat,
3054 2333 3122 2381 ut
3143 2328 3285 2381 satis
3309 2332 3620 2380 ostensum
3650 2330 3761 2377 est.

2279 2404 2374 2454 IV.
2412 2403 2519 2454 Hic
2543 2402 2653 2454 fuit
2674 2403 2863 2466 Ruﬁni
2888 2402 3205 2466 presbyteri
3225 2401 3418 2453 exitus
3434 2399 3544 2452 viri
3570 2399 3634 2450 in
3655 2401 3819 2447 Eccle-

2219 2474 2306 2525 sia
2327 2475 2535 2526 Latina
2559 2476 2750 2527 Sacra
2774 2474 3042 2527 Historia
3053 2473 3330 2538 parentis:
3351 2483 3527 2536 quem
3539 2471 3823 2521 Orientales

2219 2557 2487 2611 peraeque
2499 2556 2566 2596 ac
2576 2544 2760 2597 nostri
2776 2546 2848 2597 ob
2860 2544 3180 2596 doctrinam
3195 2547 3254 2595 et
3265 2541 3598 2606 religionem
3610 2541 3823 2602 plurimi

2222 2628 2449 2681 semper
2468 2617 2744 2679 fecerunt,
2775 2620 2841 2667 ut
2862 2628 2959 2678 per
2980 2617 3159 2667 totam
3180 2613 3330 2665 hanc
3353 2612 3658 2665 historiam
3669 2615 3825 2675 pate-

2222 2688 2459 2740 factum.
2484 2687 2745 2751 Plerique
2767 2698 2988 2749 omnes,
3007 2685 3298 2738 literarum
3321 2690 3381 2737 et
3406 2683 3639 2748 pietatis
3660 2681 3826 2734 laude

2221 2760 2283 2812 in
2306 2760 2714 2812 communione
2736 2758 3023 2811 Catholica
3046 2757 3472 2823 spectatissimi,
3498 2755 3558 2809 hi
3580 2766 3829 2819 praeser-

2224 2831 2347 2893 tim,
2372 2831 2473 2895 qui
2504 2830 2830 2895 Episcopati
2853 2830 3082 2894 fastigio
3103 2829 3361 2894 insignes
3383 2828 3446 2880 in
3460 2826 3718 2879 Ecclesia
3735 2825 3831 2878 ful-

2226 2906 2445 2966 serunt,
2481 2904 2847 2967 superstitem
2878 2902 2940 2954 in
2974 2902 3106 2954 sinu
3139 2901 3331 2954 fovere
3355 2904 3414 2953 et
3439 2899 3647 2958 colere.
3676 2898 3831 2962 ejus-

2225 2972 2475 3037 demque
2497 2977 2689 3038 partes
2714 2973 2886 3025 tutari
2901 2985 2968 3025 eo
2987 2974 3115 3037 ipso
3140 2977 3395 3037 tempore
3418 2970 3531 3023 visi
3542 2973 3701 3031 sunt,
3716 2981 3830 3033 quo

2225 3046 2281 3098 is
2302 3058 2339 3097 a
2363 3046 2713 3110 Hieronymo
2727 3044 3040 3109 dissidens,
3065 3058 3197 3097 cum
3218 3043 3508 3097 haereticis
3524 3044 3828 3092 numeraba-

2228 3123 2340 3181 tur,
2383 3117 2456 3168 ab
2502 3116 2603 3170 illo
2646 3128 2762 3171 uno
2796 3115 3044 3181 scilicet;
3089 3117 3164 3169 ab
3206 3116 3333 3168 aliis
3367 3126 3490 3167 non
3520 3117 3696 3166 certe.
3721 3113 3827 3174 Qui

2229 3191 2476 3242 Sanctus
2496 3190 2680 3249 Pater,
2691 3188 2823 3241 licet
2834 3188 3128 3241 maximus
3139 3187 3544 3253 undequaque,
3561 3187 3698 3248 apud
3710 3187 3829 3233 illos

524 3268 652 3353 pias
672 3257 986 3353 inA'La‘tium
1009 3259 1665 3353 etmagnna-m‘Gmeiam
1676 3257 2123 3353 populabundus
2147 3276 2197 3353 ρ
2228 3264 2424 3353 tamen
2433 3259 2621 3353 inlitas
2631 3260 3025 3353 controversia
3036 3259 3260 3353 efﬁcere
3270 3257 3725 3353 haudquaquam
3742 3272 3829 3353 po;

523 3331 772 3390 induxit.
796 3336 1029 3397 Ruﬁnus
1053 3333 1178 3398 ipse
1198 3335 1489 3384 Donatum
1509 3331 1826 3395 alioquens.
1839 3332 2126 3392 Rheginum

526 3407 883 3470 incendium,
908 3409 974 3458 ut
992 3416 1195 3457 recens
1213 3402 1467 3470 quidem,
1487 3401 1590 3456 sed
1610 3402 1731 3466 jam
1750 3400 2124 3466 pmteritum;

526 3479 796 3533 morbum
833 3488 986 3541 vero,
1025 3489 1141 3542 quo
1162 3475 1563 3539 afﬂictabatur,
1587 3478 1652 3525 ut
1669 3478 1980 3539 praesentem
2003 3484 2127 3525 me-

528 3555 734 3604 morat.
759 3551 943 3612 Quare
963 3550 1032 3601 A.
1056 3549 1124 3601 D.
1138 3547 1261 3602 410.
1287 3551 1422 3612 post
1438 3546 1709 3611 Rhegium
1723 3547 2000 3598 exustum
2013 3546 2128 3596 Ru-

531 3623 687 3676 ﬁnus
711 3621 864 3675 diem
880 3619 1087 3674 clausit
1108 3626 1453 3672 extremum.
1478 3620 1563 3670 De
1582 3630 1783 3671 mense
1804 3623 1863 3671 et
1886 3617 1977 3670 die
1992 3618 2124 3679 apud

529 3694 884 3759 antiquiores
920 3705 1039 3745 non
1068 3691 1277 3756 liquet.
1312 3689 1779 3755 Martyrologium
1813 3695 2027 3748 tamen,
2056 3689 2127 3741 de

533 3779 648 3833 quo
673 3766 782 3819 sub
812 3762 1307 3826 nomineftorarii
1342 3762 1669 3833 Sanctorum
1692 3760 1994 3826 Hagiologi
2013 3763 2128 3812 Au-

534 3832 896 3904 tuerpienses
932 3836 1194 3889 crebram
1224 3834 1575 3887 mentionem
1605 3832 1841 3897 faciunt,
1864 3833 2129 3904 Ruﬁnum

537 3902 776 3963 exhibet
798 3909 891 3961 die
923 3909 992 3963 14
1013 3908 1195 3971 Junii,
1220 3906 1437 3959 ibidem
1461 3906 1681 3958 tom.II.
1714 3917 1843 3969 pag.
1872 3902 1996 3957 782.
2019 3903 2125 3955 col.

533 3981 988 4037 2.Emortualem
1013 3980 1142 4045 ejus
1172 3979 1366 4032 locum
1395 3980 1452 4030 et
1479 3981 1710 4042 tempus
1741 3978 2130 4040 Hieronymus

530 4053 853 4120 magniﬁcis
877 4052 1067 4105 verbis
1091 4050 1379 4116 expressit
1398 4050 1461 4102 in
1478 4050 1716 4115 prologo
1737 4047 1866 4100 libri
1898 4049 1941 4099 Ι.
1967 4049 2133 4120 Gom-

530 4119 948 4179 mentariorum
985 4123 1047 4175 in
1091 4122 1468 4183 Ezechielem,
1502 4121 1595 4173 cui
1616 4119 2044 4184 interpretando
2071 4121 2132 4172 in

531 4197 844 4250 Bethleemi
866 4200 1099 4259 receptu
1112 4196 1349 4247 ineunte
1366 4196 1436 4246 A.
1468 4195 1533 4244 D.
1563 4192 1685 4247 411.
1708 4204 1921 4243 manus
1942 4191 2133 4243 admo-

535 4269 641 4333 vit,
682 4272 942 4321 resumto
968 4265 1100 4319 stilo
1122 4278 1296 4330 quem
1318 4264 1608 4330 prmterito
1631 4267 1698 4316 A.
1724 4265 1791 4316 D.
1820 4263 1942 4319 410.
1960 4266 2131 4315 animo

534 4339 753 4393 fractus
778 4340 851 4392 ob
885 4338 1187 4402 nuncium,
1213 4337 1285 4388 de
1309 4342 1478 4401 capta
1501 4337 1651 4389 Urbe
1673 4347 1709 4388 a
1743 4348 1805 4388 se
1831 4334 2131 4402 perlatum,

532 4412 936 4477 suspenderat.
965 4410 1106 4461 Vide
1132 4409 1370 4473 Pagium
1384 4421 1508 4461 rem
1519 4411 1785 4461 accurate
1799 4411 2132 4470 explicantem

531 4487 600 4537 A.
645 4487 715 4535 D.
752 4482 876 4538 410.
910 4482 965 4547 §.
1004 4480 1089 4535 17.
1122 4486 1182 4533 et
1217 4479 1305 4535 27.
1341 4480 1719 4533 Postmodum
1750 4480 2137 4545 Hieronymus

533 4557 722 4619 Rufini
744 4560 929 4607 morte
950 4554 1012 4606 in
1035 4552 1361 4615 Palmstina,
1383 4554 1485 4606 ubi
1506 4554 1850 4606 notissimus
1867 4556 2003 4614 erat,
2018 4564 2138 4617 per-

532 4628 790 4692 vulgata,
813 4628 955 4690 quin
977 4625 1230 4677 defuncti
1254 4625 1567 4678 adversarii
1588 4625 1863 4678 manibus
1887 4625 2135 4676 obscure

2228 3332 2355 3392 tuit,
2388 3336 2455 3384 ut
2490 3331 2782 3394 Ruﬁnum,
2806 3332 3077 3385 omnibus
3098 3331 3275 3396 probe
3295 3334 3518 3394 notum,
3544 3339 3738 3391 usque
3759 3327 3829 3379 ad

2225 3404 2497 3457 ultimum
2517 3404 2653 3457 vitm
2680 3403 2855 3456 ﬁnem
2882 3414 3183 3469 percarum
3209 3401 3512 3466 habentes,
3541 3400 3603 3452 in
3624 3400 3830 3452 Hiero-

2226 3476 2388 3542 nymi
2412 3479 2603 3541 partes
2617 3476 2859 3528 transire
2873 3475 3178 3539 voluerint,
3194 3474 3303 3527 viri
3320 3472 3464 3526 alias
3477 3474 3829 3523 haereticorum

2225 3546 2486 3601 acerrimi
2516 3546 2749 3614 hostes,
2782 3548 3099 3611 Ruﬁnoque,
3126 3546 3180 3599 ei
3203 3559 3276 3599 ex
3297 3545 3409 3598 illis
3430 3544 3654 3607 fuisset,
3672 3542 3832 3596 nullo

2228 3624 2394 3685 pacto
2417 3618 2731 3673 adhmsuri.
2750 3622 2934 3673 Immo
2947 3624 3007 3672 et
3028 3618 3240 3669 beatum
3250 3630 3318 3671 ac
3332 3620 3584 3668 sanctum
3593 3615 3832 3669 honoris

2226 3706 2435 3748 caussa
2465 3693 2687 3747 dictum
2718 3693 3104 3746 ostendimus.
3142 3694 3353 3745 Prmter
3373 3690 3792 3755 Hieronymum
3815 3726 3829 3751 ,

2227 3766 2424 3832 illique
2440 3766 2747 3818 studentes
2769 3777 2954 3818 unum
2967 3768 3025 3818 et
3039 3763 3304 3827 alterum,
3316 3774 3489 3815 nemo
3501 3772 3765 3825 unquam
3775 3774 3831 3809 ea

2230 3840 2400 3892 atate
2410 3838 2678 3902 Ruﬁnum
2694 3837 2758 3889 in
2773 3837 3068 3890 haereseos
3081 3835 3471 3901 suspicionem
3485 3832 3679 3895 traxit,
3686 3847 3829 3882 nemo

2231 3910 2645 3975 Episcoporum
2662 3921 2697 3961 a
2715 3921 2823 3961 sua
2837 3908 3244 3962 communione
3253 3907 3359 3972 disj
3370 3905 3697 3959 unxit.Non
3705 3911 3830 3954 certe

2230 3982 2483 4045 Siricius,
2501 3993 2623 4035 non
2644 3982 3012 4046 Anastasius,
3035 3993 3225 4047 neque
3246 3978 3621 4033 Innocentius
3634 3980 3833 4027 Pontiﬁ-

2230 4066 2346 4119 ces,
2373 4055 2586 4119 quibus
2608 4053 2671 4106 in
2694 4053 2965 4107 cathedra
2982 4053 3135 4106 Petri
3166 4051 3495 4105 successive
3517 4051 3831 4107 sedentibus,

2230 4127 2382 4179 intra
2401 4126 2646 4179 Romani
2669 4127 2956 4179 Primatus
2976 4124 3274 4188 terminos,
3300 4126 3519 4187 Roma,
3547 4120 3831 4186 Aquilejaa

2231 4203 2291 4251 et
2305 4199 2426 4251 Mes
2433 4209 2591 4251 sanie
2606 4197 2913 4251 duodecim
2936 4210 3121 4251 annos
3146 4197 3392 4249 Ruﬁnus
3407 4194 3573 4249 vixit.
3586 4196 3696 4243 Non
3709 4198 3834 4243 Pau-

2231 4270 2386 4323 linus
2423 4269 2702 4334 Nolanus,
2739 4282 2859 4322 non
2891 4270 3177 4323 Venerius
3216 4266 3680 4331 Mediolanensis,
3719 4277 3832 4317 non

2232 4340 2591 4395 Gaudentius
2615 4341 2951 4408 Brixiensis,
2974 4354 3095 4395 non
3118 4340 3419 4394 Petronius
3437 4336 3836 4391 Bononiensis.

2231 4425 2349 4466 non
2378 4413 2745 4466 Chromatius
2776 4413 3186 4479 Aquilejensis,
3221 4424 3337 4465 non
3358 4410 3704 4464 Laurentius
3726 4409 3832 4462 for-

2233 4489 2391 4539 tasse
2415 4485 2873 4551 Concordiensis,
2898 4498 3019 4539 non
3046 4484 3411 4551 Augustinus
3423 4482 3835 4548 Hipponensis.

2235 4569 2355 4609 non
2381 4556 2681 4611 Iohannes
2704 4557 3307 4623 Hierosolymitanus:
3334 4556 3434 4621 qui
3458 4566 3601 4607 sane
3629 4565 3834 4606 omnes

2235 4628 2588 4682 celeberrimi
2610 4634 2670 4683 et
2690 4629 3111 4683 absolutissimi
3131 4627 3445 4692 antistites,
3460 4627 3662 4691 Ruﬁno
3673 4626 3837 4678 fami-

532 4697 853 4780 iesulmrsi»
880 4710 943 4778 8.6
962 4697 1398 4780 comissatio“
1418 4696 1621 4780 20‘9":
1638 4696 1729 4779 sic
1751 4696 2131 4780 θιξίωβυεξο-
2150 4701 2208 4777 D
2235 4700 2542 4780 “missine
2573 4703 2668 4755 usi
2702 4704 2858 4780 sunt
2885 4705 3083 4780 Quare
3111 4702 3261 4780 seut
3284 4698 3622 4780 Ψετοξιξωί
3643 4703 3836 4780 Partes

536 4769 732 4821 obium
756 4768 1053 4833 Virginem
1068 4767 1402 4840 alloquitur:
1421 4769 1499 4819 Tu
1519 4769 1884 4819 indesinenter
1907 4768 2005 4819 hoc
2026 4769 2131 4833 μα-
2150 4767 2199 4777 ’⁷
2236 4774 2751 4839 ρθτρᾶιιοὶζεθτιιιυιὶ
2765 4776 2922 4840 sunt,
2943 4775 3059 4827 ubi.
3072 4772 3429 4838 aTheophilo
3445 4769 3835 4824 Alexandrino

533 4842 690 4906 gitas,
726 4844 774 4889 et
805 4854 1007 4904 magno
1032 4839 1243 4889 vulneri
1281 4841 1369 4903 (ob
1398 4844 1626 4905 captam
1649 4840 1880 4904 Urbem)
1903 4840 2136 4891 cicatrix

528 4912 809 4977 pautatim
831 4910 1113 4961 obducitur
1126 4915 1519 4978 SCORPIUSque
1530 4925 1713 4966 INTER
1734 4911 2075 4963 Enceladum
2092 4916 2138 4963 et

538 4983 985 5049 Porphyrionem
1019 4982 1313 5035 Trinacria
1339 4983 1506 5034 humo
1536 4995 1843 5037 PRBMITUR
1864 4988 1910 5034 et
1927 4996 2136 5038 HYDRA

533 5056 837 5107 multorum
857 5056 1101 5120 capitum
1128 5062 1319 5107 contra
1339 5071 1438 5107 nos
1448 5056 1753 5121 aliquando
1767 5055 1986 5107 sibilare
2001 5068 2138 5111 CES-

537 5139 734 5182 SAVI’I‘.
761 5131 829 5181 In
848 5127 1059 5191 insula,
1077 5141 1251 5194 quam
1264 5132 1492 5184 veteres
1514 5128 1858 5179 Trinacriam
1877 5137 2135 5194 vocarunt,

536 5201 768 5265 Ruﬁnus
793 5201 1013 5267 pridem
1045 5202 1281 5267 obierat,
1315 5201 1467 5253 inter
1491 5200 1745 5266 Sicanos,
1770 5200 2055 5254 Encelado
2078 5206 2139 5256 et

537 5272 909 5340 Porphyrioni
930 5274 1263 5340 gigantibus
1285 5272 1761 5339 superimpositos
1776 5280 1991 5340 montes,
2008 5290 2136 5338 quos

601 5419 669 5486 (α)
706 5419 825 5474 Nos
846 5420 1071 5488 pridem
1093 5418 1559 5475 emendavimus.

606 5493 668 5560 (ὁ)
704 5494 937 5546 Minime
960 5505 1097 5548 vero
1122 5493 1477 5557 Hieronymo
1491 5491 1591 5545 illa
1604 5495 1697 5544 est
1708 5490 1783 5545 ad
1798 5493 2135 5553 Theophilum

540 5566 813 5630 Epistola‘,
862 5565 965 5619 sed
1008 5579 1041 5619 e
1082 5566 1368 5619 contrario
1409 5563 1708 5630 Theophili
1739 5564 2044 5628 ipsiusmet
2064 5563 2139 5618 ad

540 5638 957 5702 Hieronymum
976 5656 986 5688 :
1003 5650 1177 5702 quam
1191 5637 1288 5689 hic
1310 5637 1547 5702 quidem
1562 5636 1766 5688 Latine
1781 5647 1849 5688 ea
1861 5632 2137 5689 nimirum

542 5709 613 5762 de
655 5722 865 5763 caussa
900 5708 1169 5770 reddidit,
1208 5714 1269 5763 et
1300 5710 1729 5763 Invectivarum
1756 5706 2055 5773 Theophili
2078 5708 2139 5762 in

543 5782 1040 5846 Chrysostomum,
1079 5794 1226 5847 quas
1270 5781 1474 5835 itidem
1509 5781 1571 5833 in
1609 5781 1881 5833 Latinum
1915 5785 2140 5836 vertere

544 5858 781 5906 coactus
802 5853 877 5905 ab
900 5866 968 5906 eo
991 5858 1099 5916 est,
1122 5852 1404 5907 volumini
1422 5852 1836 5919 prmposuit,ut
1850 5853 2020 5907 etiam
2043 5854 2138 5908 in-

545 5925 1212 5990 terpretationis,nedum
1224 5925 1360 5979 facti
1376 5924 1656 5979 invidiam
1670 5925 2000 5981 declinaret.
2015 5928 2137 5977 Rem

2236 4845 2531 4912 deceptus,
2555 4847 3055 4912 Chrysostomum,
3070 4846 3261 4900 virum
3273 4843 3729 4902 sanctissimum,
3739 4854 3836 4907 pro

2234 4917 2508 4971 hmretico
2549 4918 2840 4984 sugillavit
2877 4935 2889 4968 :
2918 4919 3001 4972 ita
3033 4918 3331 4984 perpaucis
3364 4914 3606 4969 suadere
3629 4915 3833 4979 potuit.

2233 4990 2501 5055 Rufinum
2520 4988 2813 5044 hmreseos
2828 4996 2968 5044 nota
2980 4989 3348 5044 inurendum.
3363 4987 3626 5042 Norisius
3641 4986 3835 5039 Cardi-

2234 5061 2383 5114 nalis
2414 5062 2476 5115 in
2516 5062 2768 5117 Historia
2787 5063 3089 5129 Pelagiana
3103 5063 3203 5116 lib.
3227 5064 3272 5114 I.
3296 5074 3420 5127 cap.
3448 5061 3516 5112 II.
3544 5059 3834 5124 Origenis-

2237 5138 2427 5186 tarum
2457 5146 2630 5199 opera
2652 5134 2873 5187 factum
2894 5136 2992 5197 ait,
3018 5137 3083 5188 ut
3105 5131 3457 5187 sanctissimi
3479 5130 3587 5194 viri
3611 5130 3833 5183 mutuis

2234 5204 2698 5259 dissensionibus
2709 5206 3347 5260 conﬂictarentur.Hinc
3361 5219 3423 5254 ex
3435 5205 3830 5266 Hieromyniana

2233 5275 2310 5329 ad
2332 5275 2717 5343 Theophilum
2739 5278 2984 5344 epistola
2998 5278 3058 5343 (ὁ)
3071 5278 3201 5332 hac
3221 5277 3396 5331 verba
3408 5276 3469 5329 in
3483 5274 3741 5340 Chrysos
3756 5278 3837 5327 to-

2237 5433 2343 5474 nos
2366 5423 2549 5475 totam
2573 5421 2993 5488 explicavimus
3018 5422 3079 5475 in
3102 5421 3264 5475 Notis
3278 5421 3350 5474 ad
3370 5431 3501 5474 eam
3516 5417 3830 5484 Epistolam

2236 5505 2412 5558 quam
2447 5496 2506 5547 et
2538 5505 2645 5547 suo
2677 5494 2910 5547 Auctori
2946 5494 3322 5557 reddidimus,
3349 5497 3410 5546 et
3438 5492 3512 5544 ab
3546 5491 3662 5544 alia
3699 5501 3832 5544 vere

2238 5565 2704 5631 Hieronymiana,
2728 5578 2979 5630 quacum
2998 5570 3121 5620 erat
3139 5570 3307 5619 antea
3320 5565 3383 5617 in
3397 5575 3583 5617 unum
3602 5566 3831 5626 conflata,

2239 5638 2624 5701 sejunximus.
2657 5638 2887 5691 Videsis
2910 5644 3049 5693 tom.
3083 5641 3124 5691 Ι.
3148 5636 3429 5690 Editionis
3455 5640 3677 5689 nostra
3704 5649 3830 5702 pag.

2238 5708 2361 5764 750.
2391 5714 2451 5763 et
2472 5722 2633 5775 seqq.
2652 5712 2981 5776 Numquam
2996 5723 3164 5777 porro
3183 5710 3244 5762 in
3256 5709 3760 5775 Chrysostomum,
3772 5709 3835 5760 ut

2238 5783 2598 5836 Fontaninus
2623 5783 2764 5837 falso
2780 5784 3002 5848 jactare
3026 5783 3226 5849 pergit.
3245 5782 3636 5845 Hieronymus
3651 5783 3832 5829 smviit.

3444 5853 3715 5917 (Burian
