3894 6402
100 368 208 425 293

1343 377 1542 430 VITA.
1578 378 1714 430 LIB.
1749 378 1819 430 II.
1856 379 2009 431 CAP.
2048 380 2175 432 XX.

3303 384 3411 442 294

91 499 275 570 mum,
316 499 350 538 e
389 487 1267 570 throno-ponetuntinopolitano
1299 491 1613 570 dejectum,
1643 496 1703 546 et
1728 497 1786 570 Α
1809 497 2025 558 posset.
2056 496 2258 570 Itaque
2275 495 2433 570 haud
2452 496 2683 562 mirum,
2702 498 2755 570 si
2777 498 2895 550 zelo
2911 498 3143 565 ductus,
3158 504 3216 553 et
3231 504 3412 553 absens

87 563 388 610 mortuum
414 559 692 613 adducit:
724 562 1054 625 Johannem,
1072 563 1169 628 qui
1199 564 1408 615 dudum
1442 564 1704 616 Constan-

88 630 524 695 tinopolitanam
537 632 681 682 rexit
691 632 1111 695 Ecclesiam,Deo
1124 634 1330 699 placere
1343 650 1549 701 semper
1557 640 1706 701 opta-

88 704 289 763 vimus,
330 707 379 752 et
416 718 635 753 caussas
668 704 993 769 perditionis
1016 705 1146 769 ejus,
1177 706 1240 755 in
1275 722 1413 771 quas
1434 706 1706 771 ferebatur

90 776 251 838 (Sup.
271 775 655 838 improvidus),
680 791 1031 840 nequaquam
1053 778 1260 827 credere
1287 778 1572 828 voluimus.
1600 779 1704 829 Sed

87 844 195 903 ille,
222 851 285 894 ut
310 852 483 896 cetera
509 848 723 911 ﬂagitia
739 847 853 911 ejus
878 853 1099 908 taceam,
1117 848 1447 913 Origenistas
1468 851 1527 900 in
1544 865 1702 900 suam

88 917 359 981 recipiens
390 919 673 982 familiam
708 919 787 981 (L.
819 919 1278 981 familiaritatem,
1320 926 1365 970 et
1399 922 1501 985 eae),
1524 937 1592 972 ex
1618 923 1704 972 his

83 987 365 1053 plurimos
386 991 460 1039 ad
482 990 843 1041 sacerdotium
862 993 1176 1055 provehens,
1203 996 1363 1057 atque
1385 992 1447 1042 ob
1475 994 1571 1043 hoc
1595 1009 1704 1043 sce-

88 1059 173 1109 lus
220 1059 383 1111 beate
414 1061 686 1112 memoriae
719 1062 996 1111 hominem
1027 1064 1124 1112 Dei
1159 1063 1562 1128 Epiphaniam,
1607 1067 1705 1129 qui

87 1131 235 1181 inter
256 1131 552 1198 Episcopos
567 1132 871 1183 olarum'in
894 1133 1015 1183 orbe
1037 1134 1188 1183 sidus
1210 1133 1429 1198 effulsit,
1448 1150 1564 1185 non
1576 1152 1704 1201 par-

90 1218 152 1252 vo
176 1217 404 1253 ἠδτ-ονε
427 1204 769 1265 contristans,
793 1206 991 1254 meruit
1010 1205 1205 1255 audire
1234 1220 1246 1255 :
1286 1207 1490 1271 cecidit,
1520 1208 1704 1258 cecidit

91 1274 363 1338 Babylon.
391 1276 496 1327 His
515 1276 690 1342 paria,
702 1278 756 1328 et
767 1276 936 1343 longe
946 1279 1165 1341 majora
1178 1277 1462 1331 adversus
1474 1282 1703 1341 Chryso—

91 1351 359 1399 stomum
387 1347 536 1400 lecta
557 1348 619 1400 in
645 1348 789 1400 libro
810 1348 1109 1413 Theophili
1133 1349 1530 1415 Alexandrini,
1548 1366 1699 1412 quem

91 1418 491 1483 Hieronymus
511 1419 779 1471 Latinum
793 1419 946 1485 fecit,
968 1424 1216 1473 testatur
1239 1422 1552 1474 Facundus
1570 1425 1707 1475 Her-

92 1490 420 1542 mianensis
444 1489 506 1542 in
531 1490 870 1543 Defensione
895 1491 1069 1544 trium
1095 1493 1590 1557 capitulorumlib.
1606 1495 1699 1546 VI.

88 1574 215 1627 cap.
249 1563 323 1614 V.
365 1564 541 1615 Recte
584 1562 891 1616 Facundus
939 1563 999 1618 in
1032 1576 1155 1616 rem
1189 1575 1419 1629 quoque
1443 1570 1701 1618 nostram

88 1633 310 1686 ibidem
331 1632 463 1687 hmo
486 1634 703 1697 scribit,
729 1635 903 1700 digna
924 1639 1076 1688 certe
1093 1647 1225 1701 qum
1237 1637 1501 1690 omnium
1516 1640 1701 1688 animis

88 1705 411 1771 inﬁgantur
432 1722 446 1755 :
470 1706 583 1756 Nos
604 1711 785 1756 autem
808 1707 870 1756 in
891 1707 985 1757 illo
1006 1707 1141 1758 libro
1162 1723 1275 1758 non
1297 1709 1479 1773 qualis
1491 1709 1702 1760 Johan-

88 1793 199 1838 nes,
230 1778 333 1842 qui
357 1777 506 1827 nihil
529 1777 729 1827 horum
748 1777 1082 1830 merebatur:
1110 1794 1202 1829 nec
1226 1780 1407 1844 qualis
1432 1781 1704 1846 Theophi-

87 1850 193 1913 lus,
228 1850 390 1914 cujus
428 1850 602 1899 virtus
625 1851 690 1899 in
715 1849 907 1902 multis
926 1850 1176 1916 probata,
1202 1852 1292 1901 sed
1313 1851 1494 1917 potius
1518 1853 1698 1916 qualis

87 1925 156 1973 sit
176 1921 507 1972 miserabilis
518 1922 770 1973 humana
784 1924 912 1984 vita,
931 1923 1314 1988 cognoscimus,
1333 1924 1398 1974 de
1413 1940 1523 1989 qua
1534 1926 1697 1990 scrip-

89 2002 209 2045 tum
220 1998 295 2044 est
318 1994 455 2058 quia
479 1994 697 2043 tentatio
720 1998 791 2043 est
813 2008 974 2050 super
987 1995 1371 2046 terram.Nam
1393 1996 1442 2045 si
1460 1996 1594 2046 talia
1627 2002 1703 2046 la-

88 2067 233 2117 libus
256 2065 587 2127 accidcrunl,
614 2065 748 2130 quid
771 2066 926 2116 nobis
945 2067 1296 2117 metuendum
1318 2082 1432 2117 non
1462 2068 1551 2126 sit,
1581 2083 1706 2118 nos-

90 2139 275 2203 (rique
296 2136 599 2187 similibus?
625 2137 737 2189 Sed
760 2151 930 2190 nemo
940 2140 1126 2190 nescit
1150 2151 1265 2203 qua
1275 2140 1586 2192 acerbitate
1604 2155 1700 2189 non

90 2209 288 2261 solum
312 2210 722 2273 Hieronymus,
738 2208 839 2273 sed
851 2213 910 2261 et
924 2208 1170 2275 Cyrillus
1186 2212 1555 2260 Alexandrinus
1566 2213 1705 2272 Epis-

90 2280 213 2333 tola
234 2281 311 2331 ad
332 2279 684 2343 Atticum,in
705 2279 1184 2347 Chrysostomum
1205 2281 1520 2333 smvierint.
1542 2283 1704 2333 Hanc

89 2366 194 2419 pro
209 2352 286 2403 iis
305 2350 630 2416 apologiam
645 2350 1172 2417 donatNicephorus
1199 2352 1451 2403 Callistus
1467 2355 1521 2402 in
1535 2355 1704 2402 Histo-

90 2426 177 2478 ria
200 2423 609 2476 Ecclesiastica
629 2423 726 2475 lib.
743 2425 891 2475 XIV.
907 2436 1031 2488 cap.
1044 2425 1301 2476 XXVIII.
1324 2437 1498 2488 quam
1514 2428 1704 2490 profert

92 2497 275 2550 etiam
306 2494 588 2548 Baronius
624 2496 692 2546 A.
716 2497 786 2547 D.
816 2493 939 2549 412.
966 2495 1017 2560 §.
1047 2494 1134 2551 61.
1160 2496 1420 2546 Homines
1445 2498 1594 2546 enim
1616 2496 1702 2545 illi

91 2573 273 2631 erant,
291 2572 338 2618 et
361 2567 629 2617 humanis
647 2566 987 2631 passionibus
1008 2566 1249 2619 obnoxii.
1267 2567 1395 2619 Alia.
1408 2568 1700 2619 hiSsimilia

90 2640 227 2694 vide
248 2639 408 2704 apud
434 2638 722 2689 Norisium
743 2638 1023 2691 Dissertat
1049 2637 1145 2691 III.
1183 2639 1255 2691 de
1279 2651 1395 2691 uno
1419 2650 1493 2692 ex
1517 2639 1703 2690 Trini-

93 2717 213 2765 tate
257 2712 321 2764 in
349 2722 523 2763 carne
566 2721 741 2774 passo
788 2722 916 2775 pag.
964 2709 1086 2765 169.
1134 2711 1268 2763 Fuit
1318 2710 1703 2776 Hieronymus

94 2784 382 2847 doctrina,
424 2782 780 2847 pmnitentia,
813 2784 871 2835 et
898 2782 1200 2835 sanctitate
1223 2794 1357 2835 vere
1393 2793 1701 2846 maxnmus,

94 2868 444 2920 summeque
487 2854 868 2917 orthodoxus,
906 2855 1006 2918 qui
1039 2853 1134 2907 vel
1165 2854 1326 2907 leves
1351 2858 1410 2908 et
1431 2853 1703 2906 minimas

98 2926 505 2995 suspicionum
529 2926 768 2980 umbras
783 2925 843 2978 in
865 2925 1159 2991 religionis
1173 2926 1405 2992 negotio
1425 2925 1571 2978 ferre
1589 2938 1705 2978 non

1809 577 1907 617 eas
1954 567 2189 618 umbras
2230 566 2522 620 interdum
2554 580 2628 620 ex
2664 569 2909 621 aliorum
2945 570 3147 636 relatu,
3186 572 3248 624 in
3271 572 3410 626 viris

1802 640 1977 691 etiam
1995 651 2155 693 sanm
2178 640 2337 692 Fidei
2355 644 2555 693 auctas
2578 641 2895 693 insectatus
2911 646 3099 708 est,At
3120 644 3182 695 in
3205 644 3411 709 hujus-

1803 711 1961 763 modi
1982 713 2159 764 rebus
2182 725 2300 764 non
2324 713 2497 764 unius
2521 711 2655 765 licet
2678 726 2926 766 summm
2951 717 3262 765 auctoritatis
3290 721 3410 783 viri,

1804 783 2202 835 testimonium
2225 784 2329 836 toti
2350 784 2590 847 reliqum
2605 784 2876 837 Ecclesiae
2888 788 3200 839 consensui
3212 804 3413 851 praepo-

1802 854 2080 906 nendum.
2096 854 2371 919 Haecipsa
2396 855 2592 919 magni
2610 856 2864 907 nominis
2880 862 2936 908 et
2951 858 3231 910 doctrinae
3242 862 3406 909 virum

1803 926 2093 978 Norisium
2130 930 2563 991 permoverunt,
2597 932 2663 979 ut
2692 927 2752 978 in
2776 927 2922 980 libro
2945 929 2984 979 Ι.
3013 942 3136 994 cap.
3166 931 3261 981 IV.
3287 931 3410 983 His-

1804 998 1965 1049 torim
1991 996 2315 1062 Pelagianae
2341 997 2466 1050 hinc
2490 998 2562 1049 de
2584 998 2779 1061 Ruﬁno
2803 998 2985 1051 literis
3006 999 3405 1065 consignaret:

1806 1068 2047 1119 Ceterum
2065 1069 2297 1132 Ruﬁnus
2321 1084 2433 1119 non
2457 1068 2567 1131 fuit
2599 1069 2889 1133 haereticus,
2916 1069 3027 1120 licet
3047 1071 3411 1137 Hieronymus

1803 1140 2032 1189 eundem
2078 1140 2336 1189 hmretieis
2374 1141 2698 1191 adnumeret
2721 1156 2738 1191 :
2778 1156 2948 1206 neque
2989 1143 3136 1192 enim
3181 1143 3411 1195 Sanctus

1804 1211 2076 1263 Paulinus
2101 1217 2214 1261 tam
2236 1212 2547 1277 religiosam
2566 1227 2691 1263 cum
2705 1214 2885 1264 eodem
2897 1215 3201 1265 amicitiam
3217 1216 3412 1267 coluis-

1801 1287 1891 1344 set,
1917 1298 2088 1347 neque
2112 1284 2394 1334 Pinianus
2419 1289 2464 1334 et
2479 1283 2724 1335 Melania
2746 1284 2905 1335 illum
2921 1300 3036 1336 una
3055 1280 3309 1351 secum'jn
3322 1287 3411 1339 Si-

1801 1354 1989 1405 ciliam
2019 1354 2375 1405 adduxissent
2393 1369 2407 1407 :
2428 1371 2599 1420 neque
2614 1356 2676 1405 in
2699 1354 2941 1407 suburba
2955 1372 3025 1407 no
3037 1358 3216 1408 Pineti
3229 1373 3412 1409 mona-

1801 1426 1962 1476 sterio
1982 1426 2166 1491 degere
2186 1427 2456 1492 potuisset,
2477 1427 2525 1477 si
2539 1426 2728 1492 palam
2759 1428 2951 1477 heresi
2969 1427 3196 1491 infectus
3207 1429 3411 1493 fuisset.

1804 1496 1907 1548 His
1934 1496 2082 1549 adde
2110 1502 2317 1557 cetera,
2330 1498 2403 1550 ad
2428 1498 2554 1561 ejus
2577 1498 2852 1563 pietatem
2874 1499 3257 1552 asserendam
3273 1512 3410 1554 ame

1803 1572 2099 1633 congesta.
2124 1569 2404 1633 Norisius,
2431 1569 2708 1621 Ruﬁnum
2733 1582 2993 1622 errorum
3029 1572 3407 1636 suspiciones,

1803 1640 2016 1704 quibus
2038 1640 2193 1706 apud
2213 1641 2589 1693 Anastasium
2602 1640 2905 1706 laboravit,
2919 1654 3110 1694 coram
3122 1646 3410 1694 Innocentio

1802 1711 2080 1765 Pontiﬂce
2102 1712 2176 1765 ab
2208 1725 2271 1765 se
2293 1713 2493 1775 procul
2521 1711 2858 1766 excussisse
2882 1712 3411 1777 arbitratur,libello

1806 1782 2039 1846 scilicet,
2077 1795 2249 1848 quem
2283 1784 2440 1836 idem
2471 1782 2561 1836 vir
2602 1788 2955 1849 purpuratus
2988 1785 3269 1849 vulgavit.
3301 1786 3407 1839 Sed

1730 1875 1783 1949 Β
1805 1854 2354 1949 assesasses
2372 1856 3219 1949 reparasse».assariis
3242 1869 3412 1921 argu-

1805 1927 2020 1979 mentis
2044 1931 2345 1979 ostensum
2369 1930 2476 1991 est,
2497 1927 2721 1989 Ruﬁnus
2735 1939 2868 1979 vero
2881 1928 3242 1992 suspiciones
3258 1945 3411 1991 quas-

1806 2010 2055 2061 cumque
2081 1997 2358 2063 Apologia
2375 2009 2483 2050 sua
2494 1997 2566 2050 ad
2582 1999 2960 2062 Anastasium,
2973 2000 3031 2051 et
3047 2002 3412 2050 Commentario

1804 2068 1866 2121 in
1890 2069 2228 2135 Symbolum
2253 2070 2394 2121 satis
2421 2081 2712 2134 superque
2737 2070 2809 2121 ab
2836 2082 2897 2121 se
2912 2070 3107 2134 procul
3128 2073 3409 2123 excussit:

1807 2141 1900 2193 cui
1924 2141 2159 2205 quidem
2181 2141 2600 2194 Commentario
2626 2141 3012 2205 Hieronymus
3036 2142 3407 2205 nihilunquam

1806 2213 2093 2278 opposuit.
2114 2215 2263 2265 Ante
2279 2212 2573 2265 Norisium
2586 2211 2884 2265 Johannes
2901 2212 3210 2265 Bollandus
3229 2221 3345 2264 tom.
3372 2217 3410 2265 Ι.

1802 2284 2063 2337 Januarii
2106 2283 2198 2336 die
2239 2283 2292 2337 2.
2337 2284 2548 2348 pagina
2591 2282 2678 2338 90.
2725 2284 2832 2336 col.
2871 2282 2922 2337 2.
2958 2284 3010 2347 ἓ.
3047 2283 3099 2338 5.
3137 2296 3317 2350 agens
3341 2285 3413 2337 de

1806 2360 2009 2407 sancto
2048 2354 2325 2418 Macario,
2357 2354 2547 2418 Βαβαῖ
2591 2354 2795 2418 amico,
2841 2355 3052 2419 pariter
3083 2355 3411 2421 scripserat,

1804 2427 2208 2492 presbyterum
2223 2430 2488 2478 nostrum
2505 2437 2728 2478 errores
2744 2424 3026 2489 Origenis,
3053 2428 3244 2487 quibus
3266 2442 3413 2489 aeque

1807 2510 1875 2549 ac
1894 2498 2180 2551 Macarius
2204 2496 2393 2549 fuerat
2413 2496 2695 2561 imbutus,
2714 2496 2929 2550 deinde
2949 2501 2990 2559 ej
3000 2501 3244 2561 uravisse,
3256 2499 3410 2561 idqua

1811 2582 1891 2627 se,
1924 2569 2022 2621 ubi
2061 2568 2131 2621 de
2153 2570 2352 2632 Rufino
2389 2569 2680 2631 scriberet,
2719 2583 2816 2618 suo
2854 2568 2962 2619 loco
2986 2569 3292 2622 dicturum.
3329 2572 3412 2623 De

1807 2642 2006 2703 Ruﬁno
2040 2654 2196 2706 ergo,
2226 2644 2294 2693 ut
2330 2642 2538 2693 Sancto
2568 2641 2797 2705 alicubi,
2822 2654 2885 2693 se
2910 2640 3259 2707 scripturum
3283 2654 3414 2706 pro-

1808 2717 2082 2777 posuerat
2122 2710 2451 2765 Bollandus.
2490 2714 2561 2764 At
2585 2712 2817 2775 Ruﬁnus
2839 2717 3012 2778 certe,
3040 2717 3101 2765 et
3128 2713 3411 2766 Macarius

1808 2796 2047 2849 errores,
2075 2796 2223 2849 quos
2239 2795 2543 2849 nunquam
2558 2783 2925 2848 imbiberant,
2943 2785 3163 2850 ejurare
3173 2798 3290 2838 non
3305 2797 3410 2851 po-

1811 2859 2061 2909 tuerunt.

745 3348 1051 3424 Tyrannii
1106 3346 1327 3421 Ruﬁni
1391 3343 1596 3419 Opera
1618 3388 1632 3415 ,
1685 3343 1761 3402 de
1819 3340 2042 3420 quibus
2093 3358 2290 3418 supra
2345 3339 2768 3400 disseruimus.

894 3578 928 3624 I.

796 3678 1020 3713 SINCERA.

626 3753 677 3807 1.
702 3752 920 3818 Scripta
939 3752 1190 3818 propria.

159 3846 454 3898 Dissertatio
477 3846 541 3893 de
565 3844 949 3892 Adulteratione
973 3844 1219 3891 librorum
1237 3842 1490 3902 Origenls.

163 3911 590 3960 Benedictionum
616 3909 717 3956 XII.
736 3907 1132 3955 Patriarcharum
1153 3905 1458 3966 explanatio.

166 3972 431 4037 Apologia,
471 3985 563 4019 seu
610 3970 974 4018 Invectivsrum
1009 3970 1127 4017 libri
1164 3965 1232 4019 II.
1259 3969 1500 4015 adversus
1532 3965 1708 4014 Hiero-

103 4051 336 4086 hvmum.

72 4134 81 4139 -
103 4052 414 4160 nyﬁlblllb'gia
436 4109 529 4157 pro
547 4095 673 4160 ‘Fide
698 4107 791 4160 sua
819 4094 1221 4160 adAnastasium
1247 4091 1550 4160 Pontiﬁcem.

163 4154 407 4210 Historiis
438 4154 807 4207 Ecclesiasticze
844 4158 961 4205 libri
998 4160 1057 4208 II.
1096 4158 1288 4205 scilicet
1309 4154 1369 4201 X.
1401 4160 1447 4203 et
1471 4155 1555 4205 XI.
1577 4158 1701 4205 Post.

105 4226 368 4274 historiam
404 4222 733 4270 Eusebianam
744 4256 756 4269 .

164 4287 389 4335 Historia
405 4285 688 4343 Eremiticn,
710 4284 817 4331 sive
839 4284 954 4332 vitm
977 4286 1195 4333 Patrum.

164 4348 446 4411 Explicatio
471 4346 714 4411 Symboli.

289 4409 343 4465 2.
387 4405 550 4459 Versa
573 4423 600 4457 e
639 4408 820 4461 Graeca
842 4410 905 4461 in
937 4407 1199 4460 Latinam
1225 4405 1517 4469 Linguam.

164 4474 346 4525 Basilii
369 4474 535 4533 Magni
558 4473 766 4532 Regula.

169 4537 341 4588 Basilii
364 4536 529 4596 Magni
552 4536 785 4585 Homilies
806 4537 929 4586 VIII.

164 4602 314 4650 Liber
354 4600 394 4648 Ι.
429 4595 689 4659 Apologia;
712 4599 964 4660 Pamphili
984 4610 1074 4658 pro
1097 4595 1310 4656 Origene
1334 4611 1347 4652 ;
1374 4595 1428 4642 in
1452 4607 1554 4655 quo
1577 4596 1707 4642 Scu-

109 4666 275 4713 tentite
298 4664 541 4711 adversus
575 4663 957 4713 Mathematicos.

166 4726 402 4791 origanis
427 4723 574 4791 Itibri
584 4726 815 4791 Quatuor
830 4719 1144 4791 neptjtpxtby.

167 4789 220 4848 Ei
230 4789 407 4837 usdem
430 4788 666 4835 Homilies
688 4789 834 4839 XVII.
855 4786 910 4836 in
931 4786 1161 4837 Ge'nesim

168 4877 227 4887 —-
263 4852 391 4900 XIII.
414 4852 469 4898 in
504 4850 748 4900 Exodum.

168 4939 232 4951 —
266 4916 392 4963 XVI.
421 4914 479 4961 in
503 4914 795 4963 Leviticum.

168 5004 229 5016 —
262 4977 480 5026 XXVIII.
501 4977 555 5023 in
580 4978 840 5025 Numeros.

164 5065 231 5077 —
256 5041 427 5090 XXVI.
449 5040 503 5086 in
526 5039 689 5087 Iosue.

166 5128 231 5142 —
264 5104 346 5153 IX.
371 5102 426 5150 in
448 5102 667 5151 Iudices.

167 5192 228 5203 —
262 5167 345 5216 IX.
369 5165 425 5213 in
445 5165 684 5213 Psalmos.

167 5255 227 5267 —
263 5231 299 5277 I.
322 5229 376 5276 in
399 5228 603 5277 Librum
628 5228 664 5277 Ι.
693 5227 903 5286 Regum.

168 5316 227 5329 --
262 5292 346 5341 IV.
376 5292 429 5338 in
454 5291 659 5340 Cantica
679 5290 1016 5353 Canticorum.
1064 5350 1094 5353 Α
1125 5349 1135 5353 _
1266 5346 1276 5353 _
1315 5348 1323 5353 ,
1362 5344 1374 5353 ,
1482 5345 1509 5353 _
1547 5344 1579 5353 _

169 5380 229 5394 -
261 5355 402 5403 Tomi
428 5352 530 5404 XV.
549 5353 603 5401 in
626 5353 781 5402 libros
794 5353 856 5402 X.
871 5349 1099 5400 distincti
1123 5349 1177 5396 in
1200 5344 1462 5406 epistolam
1479 5345 1534 5395 D.
1547 5343 1704 5391 Paulli

111 5420 169 5468 ad
195 5420 466 5466 Romanos.

170 5480 398 5541 Gregorii
420 5479 714 5541 Nazianzeni
738 5474 994 5538 Opuscula
1015 5472 1074 5522 X.
1098 5474 1193 5522 hoc
1210 5474 1301 5521 est.

170 5540 480 5606 Apologetici
506 5542 649 5590 Liber
671 5540 829 5591 Unus.

172 5605 235 5655 De
262 5605 577 5667 Epiphaniis.

172 5671 237 5719 De
259 5669 579 5719 Lumiuibus.

172 5734 237 5781 De
256 5733 378 5781 Fide
397 5732 543 5780 Liber
572 5730 725 5779 Unus.

174 5797 240 5844 De
264 5796 468 5845 Nicteua
500 5794 636 5852 Fide,
661 5792 1012 5847 Pentecoste,et
1036 5788 1227 5848 Spiritu
1252 5784 1301 5837 S.

173 5863 239 5908 De
262 5859 537 5920 Sometipso
570 5870 631 5906 ex
651 5869 770 5916 agro
782 5865 995 5902 reverso.

177 5925 240 5973 De
265 5924 420 5973 Dictis
443 5920 728 5970 Hieremias.

1734 3575 1783 3649 ί]
1873 3576 1940 3649 ρο
1966 3571 2374 3649 reconciliatione
2396 3573 2443 3649 et
2467 3568 2654 3617 unitate
2675 3568 3047 3616 Monachorum.

1870 3639 1936 3684 De
1963 3635 2235 3684 Grandinis
2254 3633 2546 3681 vastatione.

1870 3700 1937 3747 De
1958 3698 2185 3747 Arianis.

1807 3761 1933 3808 Sixti
1964 3759 2280 3821 Pythagorici
2306 3756 2591 3821 Sententiae.

1807 3817 2082 3883 Evagrii'C.
2109 3817 2375 3869 Sententiae
2397 3821 2462 3883 ad
2489 3817 2774 3867 Monachos.

1816 3912 1860 3920 —
1900 3880 2168 3932 S'ententiaa
2189 3884 2252 3931 de
2271 3880 2502 3943 Apatbia.

1804 3973 1868 3985 —
1901 3948 2046 3996 Liber
2071 3948 2140 3997 ad
2165 3946 2420 4005 Virgines.

1806 4010 2076 4061 Clementis
2098 4004 2307 4057 Romani
2330 4004 2731 4064 Recognitiones.

1806 4073 2010 4121 Eusebii
2035 4071 2266 4120 Historias
2296 4068 2655 4117 Ecclesiasticm
2680 4066 2796 4114 libri
2823 4066 2905 4114 XI.

1804 4133 2026 4186 Anatolii
2051 4132 2382 4184 Alexandrini
2404 4132 2578 4180 Canon
2601 4129 2875 4179 Paschalis.

2576 4219 2636 4268 II.

2270 4312 2611 4351 SUPPOSI'I‘ITIA
2644 4312 2706 4347 8T
2728 4312 2935 4351 ALIBNA.

1868 4385 2042 4435 Versio
2063 4384 2294 4445 Origenis
2319 4380 2651 4445 Homiliarum
2688 4378 2742 4425 In
2769 4379 2970 4441 Lucam,
2992 4390 3093 4425 non
3117 4376 3302 4436 Ruﬁni,
3322 4373 3407 4422 cui

1806 4448 2125 4507 adscribitur,
2153 4443 2237 4495 sed
2264 4443 2576 4507 Hieronymi.

1869 4537 1928 4547 —
1950 4502 2156 4570 Iosephi
2179 4509 2410 4569 Operum,
2436 4518 2537 4552 non
2555 4505 2747 4567 Ruﬁni,
2772 4503 2858 4550 sed
2884 4502 3153 4552 Ambrosii.

1868 4579 2225 4632 Commentarii
2244 4580 2299 4627 in
2317 4578 2502 4627 LXXV.
2524 4577 2718 4635 priores
2752 4573 2950 4622 Davidis
2978 4573 3218 4624 Psalmos.

1867 4671 1928 4683 -
1960 4646 2018 4693 In
2043 4644 2235 4692 Oseam.

1866 4733 1930 4743 —
1962 4709 2019 4754 In
2042 4706 2283 4755 Iobatem.

1868 4794 1928 4806 -—
1964 4772 2019 4818 In
2044 4771 2213 4818 Amos.

1869 4833 1980 4881 Vita
2012 4835 2061 4880 S.
2099 4830 2356 4891 Eugenite.

1863 4894 2087 4945 Libellus
2110 4893 2171 4942 de
2187 4895 2306 4943 Fide
2329 4892 2547 4943 brevior.

1726 4954 1784 5029 D
1872 4958 2097 5008 Libellus
2132 4958 2195 5007 de
2218 4956 2337 5006 Fide
2360 4957 2536 5006 fusior.

2562 5044 2644 5094 III.

2522 5138 2694 5174 DUBIA.

1868 5209 2099 5269 Otigenis
2123 5205 2355 5255 Homiliae
2379 5205 2482 5256 VII.
2511 5206 2566 5254 in
2590 5204 2893 5253 Matthteum.

1868 5296 1931 5308 —
1960 5274 1994 5321 Ι.
2024 5272 2077 5319 in
2100 5271 2400 5318 Iohannem.

1870 5335 2022 5398 -ῖᾴθ
2043 5333 2196 5398 Maria
2218 5331 2544 5398 Magdalena._
2606 5393 2616 5398 _
2693 5393 2713 5398 _
2763 5388 2793 5398 Α,

1869 5388 2021 5445 —'de
2047 5388 2328 5458 Epiphania
2348 5393 2579 5451 Domini;
2603 5393 2657 5439 in
2693 5388 2924 5439 latinum
2947 5394 3216 5436 converse.

2568 5478 2649 5530 IV.

2477 5572 2753 5610 DEPIRDI'I'A

1872 5648 2093 5707 Epistola
2113 5647 2176 5697 ad
2204 5646 2587 5707 Hieronymum,
2610 5642 2663 5689 in
2687 5653 2790 5701 qua
2810 5639 2963 5698 hujus
2983 5637 3145 5697 prima
3165 5635 3409 5698 Apologia

1810 5716 2112 5765 confutatur.

1876 5763 2112 5837 Epistolas
2132 5772 2204 5837 ad
2217 5765 2757 5837 Aniciam_Faicon_iam_
2779 5763 3007 5812 Probum.

1877 5823 2136 5887 bibi-orum
2163 5835 2354 5894 aliquot
2386 5846 2411 5880 e
2443 5830 2615 5881 Latino
2644 5830 2698 5875 ln
2723 5829 2950 5877 Grtecum
2974 5823 3254 5875 sermonem
3280 5837 3406 5873 con-

1814 5903 1993 5951 vorato.
