3894 6410
482 482 3780 509 ww

1823 633 2432 710 GENNADIUS

1332 796 1431 859 De
1491 794 1951 880 scriptoribus
2008 794 2522 874 ecclesiasticis,
2590 814 2741 879 cap.
2813 792 2924 861 I7.

544 960 775 1020 Ruﬁnus
813 955 1175 1021 Aquilejensis
1204 956 1445 1007 Ecclesia:
1479 955 1778 1022 Presbyter,
1808 973 1922 1006 non
1960 958 2199 1007 minima
2246 972 2379 1021 pars
2409 957 2518 1019 fuit
2542 958 2823 1007 doctorum
2848 958 3118 1021 Ecclesia,
3150 964 3195 1007 et
3224 957 3285 1007 in
3308 955 3691 1019 transferendo
3719 956 3785 1004 de

478 1031 651 1081 Graeco
669 1030 730 1078 in
749 1029 1009 1077 Latinum
1024 1028 1237 1092 elegans
1252 1029 1535 1093 ingenium
1558 1030 1765 1080 habuit.
1795 1031 2036 1093 Denique
2056 1030 2364 1079 maximam
2378 1036 2587 1093 partem
2610 1031 2913 1079 Graecorum
2929 1029 3251 1079 bibliothecae
3273 1029 3483 1078 Latinis
3498 1026 3785 1077 exhibuit:

480 1100 673 1153 Basilii
717 1098 913 1149 scilicet
958 1100 1331 1152 Caesariensis
1368 1101 1723 1165 Cappadociae
1760 1101 2032 1165 Episcopi,
2065 1102 2317 1165 Gregorii
2352 1102 2689 1152 Nazienzeni
2721 1101 3140 1165 eloquentissimi
3173 1100 3431 1161 hominis,
3464 1097 3782 1150 Clementis

482 1172 727 1226 Romani
749 1171 1225 1235 Recognitionum
1244 1171 1438 1236 libros,
1465 1172 1700 1224 Eusebii
1724 1173 2092 1225 Caesariensis
2116 1174 2413 1222 Palaestinae
2437 1172 2897 1224 Ecclesiasticam
2922 1172 3243 1229 historiam,
3264 1171 3417 1222 Xisti
3441 1169 3788 1229 sententias,

482 1243 708 1307 Evagrii
730 1242 1067 1294 sententias.
1093 1244 1478 1307 Interpretatus
1500 1251 1572 1292 est
1591 1246 1773 1307 etiam,
1812 1246 2132 1296 sententias
2154 1245 2451 1310 Pamphilii
2476 1246 2740 1309 Martyris
2760 1245 3072 1295 adversum
3088 1244 3277 1295 Matho
3287 1243 3543 1294 maticos.
3571 1242 3790 1291 Horum

478 1330 563 1366 om
572 1315 730 1363 nium
754 1328 1099 1377 quascumque
1121 1316 1411 1379 praemissis
1426 1315 1682 1379 prologis,
1707 1330 1743 1365 α
1765 1315 1974 1365 Latinis
1990 1317 2261 1381 leguntur,
2278 1332 2314 1366 a
2326 1317 2525 1378 Ruﬁno
2542 1316 2889 1379 interpretata
2907 1321 3052 1377 sunt,
3074 1330 3191 1379 qua
3207 1320 3387 1362 autem
3410 1313 3528 1361 sine
3540 1311 3790 1376 prologo,

481 1386 547 1436 ab
568 1384 675 1435 alto
694 1384 961 1434 translata
984 1391 1127 1447 sunt,
1157 1387 1255 1449 qui
1274 1386 1557 1450 prologum
1569 1387 1743 1449 facere
1763 1386 1957 1437 noluit.
1983 1388 2243 1452 Origenis
2268 1394 2449 1437 autem
2472 1403 2585 1436 non
2620 1388 2829 1449 omnia,
2854 1388 2987 1451 quia
3024 1392 3070 1435 et
3098 1386 3484 1449 Hieronymus,
3509 1382 3791 1432 transtulit

481 1457 790 1520 atiquanta,
808 1471 925 1519 quas
943 1455 1037 1504 sub
1058 1458 1279 1520 prologo
1299 1457 1699 1509 discernuntur.
1724 1458 1958 1524 PrOprio
1983 1465 2163 1509 autem
2180 1460 2371 1522 labore,
2390 1461 2557 1509 immo
2578 1459 2765 1522 gratia:
2788 1459 2883 1507 Dei
2902 1459 3064 1521 dono,
3089 1458 3335 1520 exposuit
3371 1455 3514 1503 idem
3542 1454 3792 1518 Rufinus

486 1529 847 1594 Symbolum,
874 1536 933 1579 ut
954 1533 1013 1579 in
1051 1530 1165 1592 ejus
1194 1531 1604 1595 comparatione
1629 1532 1730 1581 alii
1760 1546 1853 1582 nec
1886 1533 2192 1596 exposuisse
2215 1532 2522 1583 credantur.
2545 1531 2805 1580 Disseruit
2837 1536 2882 1579 et
2907 1529 3370 1581 Benedictionem
3401 1527 3582 1578 Jacob
3617 1538 3795 1589 super

492 1601 866 1657 Patriarchas,
886 1599 1089 1664 triplici
1126 1600 1187 1649 id
1209 1606 1280 1651 est
1304 1603 1580 1663 hisiorico,
1604 1603 1805 1654 morali
1826 1610 1871 1653 et
1892 1604 2117 1668 mystico
2141 1618 2317 1653 sensu.
2346 1603 2574 1667 Scripsit
2593 1608 2638 1652 et
2658 1602 2944 1667 Epistolas
2968 1601 3041 1649 ad
3063 1602 3310 1650 timorem
3336 1599 3429 1648 Dei
3453 1598 3795 1647 hortatorias

490 1672 709 1735 multas,
743 1672 886 1720 inter
915 1686 1052 1735 quas
1090 1674 1444 1735 praeminent
1484 1673 1603 1736 illa,
1629 1689 1767 1738 quas
1790 1674 1864 1726 ad
1888 1675 2131 1726 Probam
2161 1674 2323 1725 dedit.
2358 1675 2609 1724 Historia:
2632 1675 2795 1723 etiam
2819 1672 3211 1733 Ecclesiastirte,
3247 1685 3413 1734 quam
3436 1669 3504 1719 ab
3538 1670 3796 1721 Eusebio

485 1743 767 1806 scriptam,
805 1747 850 1790 et
894 1740 960 1789 ab
1005 1742 1121 1805 ipso
1156 1743 1566 1807 interpretatum
1599 1744 1865 1809 diximus,
1890 1746 2105 1795 addidit
2134 1745 2423 1797 decimum
2464 1751 2510 1794 et
2542 1744 2911 1797 undecimum
2934 1744 3161 1795 librum.
3196 1741 3299 1792 Sed
3333 1747 3379 1791 et
3422 1739 3795 1793 obtrectatori

485 1812 876 1876 opusculorum
888 1826 1116 1861 suorum
1129 1815 1423 1877 respondit
1447 1816 1677 1868 duobus
1694 1815 2101 1878 volominibus,
2126 1832 2360 1881 arguens
2380 1823 2426 1866 et
2445 1819 2782 1875 convincens,
2803 1831 2854 1865 se
2866 1817 2961 1865 Dei
2978 1816 3183 1864 intuitu
3205 1820 3251 1863 et
3275 1813 3518 1862 Ecclesiae
3539 1811 3795 1872 utilitate,

485 1883 741 1934 auxiliari
752 1888 796 1933 te
807 1882 1001 1932 Domin
1012 1898 1060 1946 ο,
1075 1884 1360 1947 ingenium
1370 1887 1599 1951 agitasse
1617 1903 1629 1939 :
1643 1887 1798 1938 illum
1815 1904 1935 1938 vero
1947 1888 2254 1939 armulation
2263 1889 2309 1937 is
2322 1888 2538 1938 stimulo
2550 1888 2775 1937 incitatu
2784 1904 2835 1936 m
2853 1886 2925 1938 ad
2940 1886 3085 1951 obloq
3095 1885 3331 1936 nendum
3345 1883 3530 1933 stilum
3542 1887 3796 1933 vertisset.

499 2050 731 2092 ΣΗ,
3458 2050 3531 2094 iii
3774 2046 3793 2094 ἓ

499 2085 589 2092 ..-

941 2338 945 2342 ,
1035 2202 2212 2366 TYRANNII
2419 2204 3239 2367 RUFINI

1248 2510 2142 2622 AQUILEIENSIS
2239 2512 3039 2609 PRESBYTERI

901 2751 1169 2894 DE
1363 2748 3389 2979 BENEDICTIONIBUS

1410 3056 2873 3175 PATRIARCHARUM

1641 3317 2134 3440 LIBRI
2245 3320 2655 3445 1)υο-

1927 3617 2413 3688 adnotationem"...
2440 3620 2600 3667 direxi
2626 3623 2687 3668 ad
2715 3623 2947 3673 Rurmuu
2980 3627 3342 3688 Presbyterum,
3363 3633 3550 3677 sancite
3570 3630 3801 3678 Melania?

1877 3680 2131 3749 spiritus“
2155 3682 2240 3749 uia
2264 3683 2511 3749 comitem,
2539 3698 2665 3732 veru:
2688 3699 2937 3745 SANCTUM,
2962 3695 3009 3736 et
3033 3703 3110 3737 rm
3132 3680 3364 3749 'Doc'rmt,
3388 3696 3435 3740 et
3456 3693 3520 3740 ob
3541 3693 3594 3739 id
3620 3693 3801 3741 intima

1878 3742 2003 3789 mihi
2027 3744 2285 3790 aii‘ecliouo
2308 3746 2653 3803 conjunctum.

2188 3807 2235 3857 S.
2264 3808 2531 3868 wamus,
2559 3809 2730 3873 Epist.
2762 3810 3011 3875 XXVIII,
3036 3814 3109 3863 ad
3133 3813 3435 3879 Sulpicium
3459 3814 3736 3867 Severum.

1279 3932 3008 3960 m

1598 4060 2113 4169 RUFINO
2207 4063 2696 4173 FRATRI

1744 4234 2137 4303 PAULINUS
2186 4244 2211 4271 ⁸
2258 4237 2562 4307 SALUTEM.

580 4384 700 4457 1-2
711 4386 773 4443 ,1.
791 4384 873 4439 Vel
891 4383 1062 4434 breves
1077 4381 1229 4433 nobis
1244 4380 1318 4432 ad
1331 4380 1698 4431 unanimitate
1721 4386 1815 4430 tua
1832 4381 1993 4431 literae
2016 4396 2215 4447 magno
2226 4383 2509 4448 refrigerio
2520 4388 2664 4452 sunt,
2676 4387 2812 4437 sicut
2831 4388 2893 4439 in
2905 4392 3142 4455 penuria
3153 4393 3454 4457 fluviorum
3469 4409 3599 4459 ager
3616 4396 3803 4446 sitiens

503 4502 626 4537 rore
649 4489 938 4535 recreatur.
968 4482 1118 4533 Unde
1132 4480 1345 4544 refectos
1358 4495 1457 4530 nos
1480 4479 1730 4544 quamvis
1754 4477 1896 4529 brevi
1920 4479 1941 4509 δ
1963 4479 2223 4545 Epistola,
2252 4487 2489 4532 attamen
2506 4488 2618 4549 tua,
2644 4500 2739 4550 per
2755 4502 2989 4552 puerum
3003 4491 3376 4541 communium
3392 4491 3638 4556 ﬁliorum
3663 4493 3806 4558 fate-

503 4589 632 4625 mur
657 4590 669 4625 :
702 4573 790 4623 sed
817 4578 997 4623 tanem
1018 4584 1210 4622 rursus
1234 4577 1254 4599 °
1281 4569 1532 4634 adfectos,
1556 4568 1693 4634 quia
1715 4568 2016 4618 etiamnum
2038 4584 2187 4620 nunc
2204 4585 2295 4620 vos
2318 4571 2377 4620 in
2401 4577 2527 4622 aestu
2548 4572 2932 4627 sollicitudinis
2953 4582 2998 4626 et
3025 4579 3227 4629 incerto
3244 4594 3548 4642 morarum,
3568 4582 3803 4633 Romam

504 4663 613 4727 peti
626 4662 933 4725 judicastis.
951 4661 1044 4711 Det
1057 4658 1206 4710 nobis
1220 4658 1537 4710 Dominusa
1555 4657 1788 4709 Domino
1805 4657 2069 4722 laetiﬁcari
2077 4661 2493 4724 quamprimum
2512 4663 2576 4712 de
2590 4667 2715 4715 actu
2732 4672 2913 4716 nostro
2932 4684 2943 4716 :
2963 4669 3173 4718 utsicut
3192 4670 3382 4720 anxiis
3412 4672 3802 4737 compatimur,

498 4754 579 4803 ita
602 4751 1037 4815 congaudeamus
1063 4749 1355 4809 hilaritati,
1385 4753 1432 4798 et
1475 4748 1811 4812 incipiamus
1834 4754 2013 4799 tamen
2034 4763 2249 4814 sperare
2268 4749 2509 4814 fructum
2529 4756 2821 4817 praesentiae
2844 4764 3037 4821 vestrae,
3072 4759 3119 4809 si
3141 4774 3231 4809 vos
3252 4760 3381 4810 certi
3410 4773 3514 4811 esse
3537 4760 3600 4811 de
3627 4768 3801 4812 vestra

504 4841 767 4893 sententia
788 4840 866 4891 vel
889 4839 1117 4891 Domini
1140 4839 1283 4888 circa
1305 4853 1394 4887 vos
1416 4837 1633 4901 placito,
1659 4839 1943 4902 caperetis.

568 4932 635 4983 II.
669 4929 821 4980 Sane
850 4929 996 4995 quod
1009 4929 1298 4979 admonere
1320 4927 1573 4991 dignaris
1595 4926 1790 4991 a/f’ectu
1813 4928 1926 4993 illo,
1949 4943 2056 4993 quo
2088 4943 2187 4980 nos
2208 4930 2342 4979 sicut
2365 4935 2411 4979 te
2440 4931 2644 4997 diligis,
2671 4940 2730 4983 ut
2753 4937 2997 4987 studium
3022 4939 3081 4988 in
3109 4940 3312 4990 Graecas
3334 4940 3515 4990 literas
3546 4943 3804 4992 attentius

508 5033 725 5070 sumam
744 5017 963 5067 libenter
976 5016 1206 5081 accipio,
1222 5015 1311 5065 sed
1328 5015 1549 5080 implere
1569 5029 1683 5065 non
1700 5015 1844 5066 valeo
1864 5032 1880 5076 ;
1902 5018 2012 5066 nisi
2026 5016 2162 5079 forte
2173 5018 2440 5069 desideria
2458 5036 2578 5071 mea
2592 5022 2817 5087 adjuvat
2832 5026 3122 5093 Dominus,
3140 5032 3198 5078 ut
3209 5028 3415 5078 diutius
3430 5032 3697 5080 consortio
3709 5038 3803 5083 tuo

507 5108 786 5175 perfruar.
821 5106 968 5158 Nam
994 5105 1262 5171 quomodo
1290 5105 1594 5171 profectum
1617 5119 1802 5170 capere
1832 5114 2013 5171 potero
2034 5110 2297 5159 sermonis
2322 5109 2514 5175 ignoti,
2536 5112 2587 5162 si
2619 5114 2751 5165 desit
2774 5131 2808 5165 a
2831 5130 2937 5181 quo
2960 5116 3217 5181 ignorata
3238 5118 3545 5170 condiscam
3568 5122 3596 5170 ?
3635 5121 3804 5172 Credo

573 5282 590 5301 ³
629 5274 930 5337 Perperam
941 5268 1331 5322 addebaturin
1344 5268 1553 5321 Barraai
1576 5269 1842 5322 editione.
1857 5270 2107 5321 Nolanus

510 5344 828 5408 Episcopus;
845 5341 1107 5394 nondum
1118 5340 1271 5392 enim
1288 5340 1549 5405 Episcopi
1570 5341 1907 5406 dignitatem
1920 5343 2107 5394 Pauli-

507 5428 621 5467 nus
652 5427 749 5479 per
778 5414 837 5465 id
872 5413 1141 5477 temporis
1180 5412 1520 5472 obtinuerat,
1553 5416 1651 5463 sed
1690 5413 1748 5463 in
1785 5414 2102 5478 presbyteri

509 5488 813 5538 dumtaxat
851 5485 1032 5550 gradu
1060 5486 1333 5536 merebat.
1369 5488 1536 5535 Anno
1564 5484 1803 5547 inquam
1836 5484 1960 5547 398,
1992 5498 2105 5549 quo

509 5558 655 5609 hanc
667 5557 979 5622 scripsitad
990 5557 1263 5608 Ruﬁnum
1275 5553 1605 5620 Epistolam.
1622 5555 1855 5607 Fallitur
1868 5558 2105 5619 proinde

509 5629 678 5680 etiam
704 5628 922 5679 Paulini
957 5629 1262 5693 ipsiusmet
1277 5632 1485 5679 caetera
1513 5626 1721 5678 doctus
1742 5628 1939 5679 Editor
1958 5629 2104 5681 Bru-

509 5700 662 5763 nius,
678 5700 776 5763 qui
790 5712 919 5751 eam
933 5700 1155 5764 integro
1169 5700 1345 5751 ferme
1357 5700 1599 5747 decennio
1624 5701 1947 5748 recentiorem
1969 5703 2101 5764 facit,

510 5772 629 5823 sive
643 5772 792 5823 circa
805 5782 1024 5823 annum
1045 5769 1165 5833 408,
1180 5770 1451 5833 rationes,
1468 5773 1534 5821 ut
1549 5768 1795 5835 videtur,
1813 5770 2106 5825 Tillemon-

510 5843 591 5906 tii,
617 5844 919 5905 sequutus,
937 5844 1206 5907 scriptam
1219 5846 1401 5906 putat.
1420 5844 1547 5893 Non
1562 5846 1671 5907 est,
1696 5855 1799 5894 cur
1817 5842 1962 5897 hanc
1978 5845 2105 5909 ejus

509 5912 785 5979 epocham
801 5917 934 5978 post
949 5914 1027 5965 Cl.
1042 5914 1346 5967 Fontanini
1362 5919 1722 5981 argumenta,
1740 5927 1871 5979 qua
1887 5918 1946 5968 in
1957 5929 2106 5983 pm-

2206 5272 2431 5352 cedenti
2446 5276 2639 5328 Ruﬁni
2657 5278 2785 5330 Vita
2813 5280 3015 5352 Liib.7et
3036 5295 3159 5348 cap.
3185 5285 3251 5336 II.
3283 5284 3471 5349 legere
3494 5289 3602 5349 est,
3625 5285 3805 5352 pluri-

2206 5345 2315 5425 bus
2340 5346 2820 5425 demonstremus.
2839 5351 3017 5404 Multo
3034 5345 3204 5406 etiam
3220 5345 3413 5408 minus
3437 5345 3806 5421 mussabant

2203 5417 2510 5495 ipsiusmet
2541 5420 2811 5495 Epistolas
2846 5426 3281 5487 germanitatem
3317 5441 3352 5480 a
3375 5417 3805 5495 suspicionibus

2204 5487 2504 5569 doctorum
2515 5492 2768 5569 virorum
2788 5496 2885 5569 qui
2901 5508 3028 5548 eam
3050 5501 3234 5557 νοθείας
3254 5487 3803 5567 insimularunt,vin-

2205 5560 2462 5638 dicemus
2481 5575 2493 5621 ;
2511 5575 2602 5638 res
2616 5565 2770 5616 enim
2781 5566 2992 5621 clamat
3007 5570 3150 5634 ipsa,
3167 5584 3283 5623 non
3305 5572 3482 5637 aliud,
3498 5560 3803 5638 quam'Ru-

2205 5630 2428 5692 ﬂniani,
2453 5634 2546 5685 cui
2583 5635 2916 5691 inscribitur
2937 5630 3188 5694 nominis
3215 5630 3494 5697 invidiam
3515 5630 3590 5694 'in
3625 5660 3800 5697 caussa

2203 5704 2519 5828 ἓέῗὲἷξξῗεθ,
2544 5711 2609 5759 ut
2632 5719 2707 5760 ne
2730 5708 2808 5761 illi
2824 5711 3065 5776 junctus
3088 5715 3337 5769 amicitia
3358 5717 3411 5768 S.
3430 5715 3707 5772 Paulinus
3725 5719 3803 5771 vi-

2265 5847 2287 5877 ι’
2320 5849 2482 5902 Hanc
2504 5852 2695 5904 Ruﬁni
2719 5854 3029 5920 Epistolam
3048 5871 3164 5911 non
3187 5858 3488 5913 habemus.

2273 5929 2289 5951 ο
2323 5922 2627 5988 Perperam
2659 5927 2831 5983 estin
2854 5941 3075 5994 nupera
3097 5931 3343 5985 editione
3370 5933 3612 5997 affectus.
