3898 6424
504 383 610 441 299
1546 379 1787 431 RUFINI
1821 379 2315 441 AQUILEIENSIS
2349 374 2783 427 PRESBYTERI
3696 369 3793 425 300

567 500 635 550 Il.
664 494 928 558 Requiris
951 506 985 546 a
1008 492 1193 558 nobis,
1219 491 1506 556 quomodo
1525 490 1874 554 intelligatur
1896 491 2035 544 illud
2060 492 2215 557 quod
2240 491 2515 554 scriptum
2537 488 2701 539 estin
2731 484 2939 538 Genesi
2969 484 3043 538 de
3076 483 3399 536 Patriarcha
3438 481 3618 547 Juda,
3649 484 3799 547 quod

504 586 677 639 Israel
699 587 860 649 pater
875 584 1018 647 ejus,
1042 582 1181 634 dum
1206 581 1446 646 singulis
1470 580 1736 639 ﬁliorum,
1754 592 1886 643 qum
1912 581 2264 645 prmvidebat
2287 582 2565 631 eventura
2586 575 2859 641 praedicit,
2907 573 2979 626 de
3003 574 3113 625 isto
3135 574 3216 625 ait
3238 574 3385 625 inter
3408 577 3602 625 cetera
3628 591 3640 622 :
3668 574 3800 623 Alti-

500 687 638 740 gans
662 672 734 723 ad
755 671 911 721 vitem
931 668 1145 734 pullum
1168 683 1347 729 suum,
1373 674 1421 718 et
1437 668 1509 717 ad
1521 667 1797 732 palmitem
1818 667 2161 733 vitispullum
2194 668 2482 716 asinaesuae
2508 666 2663 726 (Gen.
2700 662 2785 716 49.
2832 660 2970 723 11.)ε
2998 661 3153 725 quod
3176 666 3242 714 tu
3264 662 3566 727 scripsisti,
3612 661 3688 711 Et
3731 662 3799 710 ad

508 762 743 813 cilicium
752 759 969 825 pullum
993 759 1160 809 asinae
1182 772 1307 821 sua,
1335 756 1489 821 quod
1511 756 1571 807 in
1593 756 1782 807 Graato
1806 754 1886 807 ita
1913 759 2003 807 est
2029 771 2041 807 :
2081 766 2096 785 '

2206 759 2217 806 ἰ
2247 762 2304 833 τῇ
2346 754 2466 806 eam
2502 755 2585 804 τὸν
2616 756 2779 803 πῶλον
2823 755 2906 813 τῆς
2946 749 3062 802 ὄνου
3102 746 3266 803 αὐτοῦ.
3304 750 3483 803 Ἕλικα
3518 752 3683 801 vilem
3718 752 3800 805 di-

508 855 648 904 cunt
668 849 868 912 Graeci,
889 860 1008 900 non
1022 852 1139 900 tam
1156 845 1433 911 palmitem
1451 843 1761 908 (quomodo
1775 844 1989 897 habent
2010 848 2208 897 nostra
2222 842 2585 908 exemplaria)
2604 852 2777 905 quam
2789 838 2914 891 illos
2926 839 3091 902 quasi
3102 839 3123 868 δ
3134 838 3490 902 rucinnulos,
3514 840 3609 892 vel
3626 842 3797 893 ramis

506 939 742 1002 arboris,
764 938 856 991 vel
883 936 1042 1001 palis,
1068 934 1162 988 vel
1185 934 1674 998 quibusquunque
1691 931 1802 983 illis
1825 931 2476 993 innitituradminiculis,
2497 942 2645 995 quos
2660 926 2965 993 capreolos,
2983 928 3321 992 utarbitror,
3336 928 3629 993 appellant
3648 930 3797 994 agri-

506 1026 647 1080 colm
671 1041 684 1075 :
741 1021 796 1090 5
838 1020 893 1091 6
928 1024 1140 1087 quibus
1152 1022 1401 1074 nexibus
1417 1023 1596 1084 tutus,
1620 1022 1811 1072 etsine
1825 1019 2023 1085 lapsus
2036 1020 2304 1085 periculo,
2318 1018 2409 1071 vel
2422 1021 2694 1083 gravatur
2716 1015 2996 1067 fructibus
3014 1015 3252 1080 palmes,
3267 1015 3358 1068 vel
3378 1027 3529 1081 vaga
3552 1016 3801 1082 proceri-

505 1119 622 1169 tate
644 1114 733 1167 dis
741 1112 998 1165 tinditur.
1023 1111 1282 1164 Arbitror
1296 1121 1450 1174 ergo,
1476 1107 1628 1172 quod
1640 1108 1731 1159 hic
1742 1108 1864 1172 ipse
1887 1108 2119 1161 Graecus
2132 1120 2317 1160 sermo
2341 1106 2363 1136 ⁸
2381 1107 2440 1157 in
2453 1106 2671 1158 Latinis
2683 1104 3103 1169 exemplaribus
3113 1104 3435 1170 antiquitus
3449 1106 3679 1171 positus
3691 1110 3802 1170 est,

503 1216 572 1266 ut
599 1213 657 1265 et
676 1210 789 1264 alia
806 1207 1102 1267 nonnulla,
1128 1212 1186 1259 et
1205 1219 1305 1272 per
1331 1211 1558 1270 tempus
1572 1205 1646 1257 ab
1675 1204 2048 1269 scriptoribus
2064 1218 2183 1258 non
2204 1203 2658 1269 intelligentibus
2682 1214 2782 1267 pro
2818 1199 2964 1265 ἕλικι,
3000 1202 3243 1252 cilicium
3266 1202 3377 1255 dici
3400 1204 3673 1267 putatum
3684 1207 3793 1257 est.

564 1302 659 1354 III.
695 1300 765 1351 Et
784 1296 969 1350 inhoc
993 1295 1225 1359 quidem
1248 1292 1411 1346 facile
1444 1304 1597 1345 error
1618 1292 1944 1357 interpretis
1974 1293 2330 1358 emendatur,
2382 1292 2485 1344 sed
2528 1304 2649 1344 non
2672 1294 2790 1343 tam
2814 1290 2975 1343 facile
2999 1293 3104 1356 est,
3122 1291 3295 1344 etiam
3320 1304 3559 1345 sensum
3584 1292 3801 1345 intelli-

504 1387 716 1456 gentiae
744 1386 928 1451 ipsius
953 1382 1229 1444 invenire,
1253 1380 1368 1431 nisi
1386 1380 1564 1433 totius
1588 1379 2044 1444 capitulimentio
2068 1382 2184 1434 ﬁat.
2200 1382 2398 1434 Totius
2411 1384 2604 1432 autem
2615 1379 2791 1444 hujus
2806 1378 3037 1443 capituli
3059 1378 3082 1408 ⁴
3106 1382 3385 1433 tractatus
3419 1380 3673 1446 amplius
3697 1380 3800 1433 ali-

504 1476 644 1543 quid
665 1478 723 1528 et
742 1472 991 1526 lucidius
1007 1471 1309 1529 inveniret,
1334 1467 1384 1520 si
1416 1468 1489 1519 ab
1517 1466 1680 1519 initio
1694 1466 1951 1531 ipsarum
1974 1469 2439 1521 Benedictionum
2453 1467 2800 1532 sumpsisset
2815 1466 3302 1529 exordium.Quod
3320 1468 3519 1533 utique
3531 1468 3717 1531 etotii,
3736 1473 3795 1522 et

500 1563 771 1631 temporis
794 1574 912 1616 non
944 1572 1146 1627 parum
1170 1558 1393 1625 quierit,
1419 1561 1477 1611 et
1501 1558 1567 1609 ut
1589 1556 1815 1610 ﬁdelius
1837 1556 2045 1622 dicam,
2075 1559 2231 1623 quod
2277 1563 2529 1611 mentem
2573 1557 2785 1622 Spiritu
2823 1558 3032 1610 Sancto
3081 1557 3464 1612 illuminatam
3513 1559 3793 1625 deposcit.

503 1655 796 1717 Quantum
820 1661 955 1715 ergo
983 1648 1075 1702 vel
1106 1646 1474 1700 mediocritas
1495 1644 1890 1709 intelligentia
1910 1651 2130 1700 nostra
2160 1646 2330 1710 valet,
2358 1645 2450 1699 vel
2475 1651 2701 1711 tempus
2738 1644 3019 1710 indulget,
3045 1646 3137 1699 vel
3178 1646 3240 1700 hi
3273 1647 3490 1712 sinunt,
3535 1648 3637 1713 qui
3678 1661 3802 1702 res-

510 1745 693 1808 cripta
714 1740 787 1794 ad
815 1740 1118 1805 Origenem
1140 1744 1159 1767 ⁶
1180 1737 1508 1802 perurgent,
1532 1738 1749 1798 quanta
1779 1746 1871 1787 res
1895 1737 2055 1788 tanta
2076 1736 2195 1801 pati
2219 1735 2391 1801 [Forte
2418 1734 2630 1800 peragi]
2665 1736 2855 1800 potuit
2882 1734 3178 1800 brevitate,
3203 1748 3305 1803 pro
3339 1749 3407 1789 eo
3438 1748 3655 1803 amore,
3678 1750 3793 1803 quo

512 1833 800 1890 conﬁdere
817 1844 925 1885 nos
948 1830 1050 1883 tibi
1075 1829 1146 1882 de
1171 1827 1443 1881 omnibus
1461 1826 1653 1891 jubes,
1678 1826 1801 1879 sine
1827 1827 2159 1893 praajudicio
2192 1839 2409 1891 eorum,
2441 1829 2539 1894 qui
2579 1826 2787 1880 melius
2837 1826 3052 1893 aliquid
3095 1830 3308 1885 sentire
3348 1832 3615 1896 possunt,
3664 1831 3801 1897 quid

500 1925 673 1982 nobis
689 1924 759 1976 de
778 1923 887 1975 hoc
912 1919 1139 1973 interim
1159 1918 1408 1983 capitulo
1441 1916 1723 1980 videatur,
1746 1916 2141 1981 exprimimus.

565 2016 660 2069 IV.
697 2012 822 2065 Scio
851 2007 1307 2075 quamplurimos
1332 2006 1347 2036 τ
1370 2007 1543 2071 caput
1581 2004 1739 2056 istud
1762 2004 1842 2056 ita
1868 2005 1940 2058 de
1963 2006 2208 2059 Domino
2236 2006 2607 2071 interpretari,
2630 2011 2698 2059 ut
2724 2006 2954 2059 nihilad
2982 2007 3364 2061 Patriarcham
3386 2010 3419 2061 J
3426 2008 3600 2061 udam
3620 2010 3796 2075 perti-

502 2117 639 2159 nere
670 2116 745 2156 ex
768 2101 860 2154 his
882 2111 1016 2164 quas
1036 2098 1325 2157 dicuntur,
1349 2095 1671 2159 adﬁrment,
1702 2094 1839 2158 quia
1859 2107 2046 2160 neque
2067 2098 2134 2150 ut
2164 2094 2252 2148 leo
2285 2094 2565 2148 dormisse
2603 2109 2867 2160 usquam,
2905 2109 3095 2161 neque
3125 2100 3190 2149 ut
3214 2097 3440 2151 catulus
3477 2098 3660 2151 leonis
3706 2112 3799 2152 os-

503 2192 760 2249 tenditur
781 2190 1116 2252 suscitatus,
1135 2198 1322 2252 neque
1335 2184 1616 2238 Gentesin
1631 2196 1698 2236 eo
1717 2197 1977 2249 sperasse
1995 2184 2284 2238 ullatenus
2299 2186 2728 2251 probabuntur‘.
2743 2187 2851 2239 Sed
2869 2198 3002 2239 cum
3019 2186 3304 2239 dicitzNon
3332 2185 3533 2253 deﬁciet
3545 2188 3795 2253 princeps

504 2309 572 2345 ea:
591 2292 759 2357 Juda,
784 2303 953 2355 neque
974 2287 1093 2337 dux
1119 2285 1182 2336 de
1198 2283 1398 2349 femore
1416 2282 1551 2349 ejus,
1568 2281 1732 2333 donec
1760 2283 2019 2347 veniatis,
2044 2284 2134 2334 cui
2156 2284 2449 2348 repositum
2470 2288 2561 2347 est,
2584 2296 2829 2348 regnum
2852 2283 3083 2348 scilicet,
3107 2288 3153 2334 et
3176 2285 3237 2335 in
3260 2286 3376 2351 ipso
3410 2289 3583 2350 gentes
3607 2300 3798 2350 sperae

505 2384 638 2433 bunt
663 2396 677 2433 :
703 2380 840 2444 quia
862 2380 1044 2431 donec
1065 2375 1264 2429 veniat
1281 2373 1351 2438 is,
1376 2372 1472 2425 cui
1492 2372 1808 2437 repositum
1830 2377 1939 2433 est,
1963 2374 2024 2425 in
2047 2386 2161 2437 quo
2186 2375 2390 2438 gentes
2416 2372 2743 2437 sperabunt,
2766 2373 3069 2426 manifeste
3092 2372 3163 2425 de
3198 2374 3420 2425 Christo
3443 2374 3680 2436 dicitur;
3695 2387 3791 2427 co-

501 2472 692 2537 gimur
711 2470 835 2520 sine
857 2465 1032 2518 dubio
1054 2464 1228 2517 alium
1250 2461 1563 2525 intelligere
1587 2474 1736 2525 esse,
1759 2474 1927 2524 quam
1951 2464 2241 2515 Christum
2270 2474 2423 2526 eum,
2446 2461 2518 2514 de
2558 2463 2726 2527 cujus
2773 2463 2991 2515 semine
3036 2462 3158 2515 dux
3190 2476 3309 2516 non
3331 2464 3579 2526 deﬁciet,
3604 2463 3786 2517 donec

508 2560 769 2613 Christus
791 2556 999 2609 veniat.
1031 2556 1158 2606 Non
1178 2552 1331 2605 enim
1355 2552 1624 2604 convenit
1644 2551 1807 2604 illum
1844 2553 2135 2605 Christum
2157 2551 2412 2618 intelligi,
2446 2552 2517 2605 de
2560 2553 2725 2618 cujus
2752 2554 2967 2606 semine
3011 2552 3130 2606 dux
3159 2566 3279 2607 non
3321 2553 3567 2619 deﬁciet,
3611 2554 3791 2608 donec

507 2648 769 2701 Christus
792 2643 986 2698 veniat
1008 2641 1107 2707 qui
1130 2641 1322 2705 utique
1343 2639 1465 2693 dux
1485 2640 1544 2692 in
1564 2639 1821 2693 adventu
1841 2641 2049 2693 Christi
2069 2641 2287 2693 defecit.
2314 2643 2383 2693 Et
2401 2640 2510 2693 hoc
2532 2641 2726 2707 ipsum
2749 2642 2955 2695 indicio
2979 2641 3104 2707 fuit,
3148 2642 3454 2696 advenisse
3498 2655 3653 2706 eum,
3700 2644 3791 2697 cui

507 2737 823 2803 repositum
847 2736 953 2798 est,
978 2732 1035 2785 id
1066 2735 1156 2785 est
1178 2731 1481 2782 Christum.
1508 2730 1776 2792 quaedam
1802 2730 2126 2783 referuntur
2146 2729 2221 2783 ad
2253 2733 2283 2783 J
2294 2730 2479 2794 udam;
2509 2730 2659 2784 sicut
2698 2732 2762 2783 in
2814 2732 3205 2797 complurimis
3242 2732 3489 2797 cateris,
3529 2733 3703 2786 etiam
3734 2734 3792 2785 in

511 2827 622 2881 hoc
651 2823 899 2891 capitulo
925 2819 1288 2874 sentiendum
1312 2824 1418 2884 est,
1448 2824 1512 2871 ut
1533 2821 1751 2871 alterno
1773 2818 2071 2873 intellectu
2116 2820 2398 2885 expositio
2441 2820 2735 2886 dirigatur,
2760 2822 2818 2874 et
2836 2820 3172 2888 interruptio
3218 2821 3539 2874 Historians
3582 2820 3787 2875 intelli-

513 2919 725 2985 gentia
748 2912 974 2980 Mystici
997 2923 1206 2964 sensus
1240 2910 1445 2976 prodat
1458 2920 1750 2960 arcanum.

569 3089 588 3112 ι
620 3080 817 3131 Graeca
840 3088 957 3128 non
980 3085 1102 3148 uno
1123 3072 1247 3124 loco
1271 3069 1653 3148 restituimus._
1674 3070 1782 3148 Sed
1808 3073 1867 3123 et
1907 3081 2099 3136 prava
2116 3072 2173 3148 Α

506 3150 982 3216 lnterpunotionis
1006 3145 1145 3198 vitio
1168 3155 1377 3196 sensus
1402 3142 1881 3206 intercipiebatur.

565 3240 590 3269 ι’
622 3237 811 3291 Malim
836 3234 1101 3299 equidem
1119 3230 1431 3293 ruscinulis,
1456 3234 1555 3284 aut
1587 3230 1927 3281 runcinulis:
1954 3243 2098 3294 quo-

506 3323 635 3365 rum
677 3309 918 3361 alterum
954 3305 1295 3357 vocabulum
1330 3304 1515 3367 potuit
1536 3316 1570 3354 a
1592 3302 1852 3351 ruscariis
1865 3302 2096 3365 falcatis,

508 3380 709 3435 Catoni
735 3376 1082 3434 memoratis,
1105 3374 1346 3426 alterum
1368 3387 1402 3423 a
1424 3374 1611 3421 runcis
1641 3373 1793 3437 apud
1837 3374 2099 3426 Colume-

507 3459 643 3515 lam,
667 3454 981 3512 utcumque
1005 3446 1266 3499 derivari.
1289 3447 1451 3497 Certe
1479 3444 1808 3494 meinnulus
1845 3446 1985 3508 quid
2021 3445 2099 3496 rei

510 3526 605 3588 sit,
629 3524 857 3588 penitus
872 3520 1213 3583 ignoro,nec
1236 3517 1413 3567 fuisse
1441 3520 1580 3580 puto
1604 3527 1860 3579 unquam
1885 3519 2099 3588 Aucto-

508 3586 669 3650 ribus
692 3594 765 3644 de
800 3603 861 3643 re
904 3591 1139 3641 Rustica
1163 3592 1385 3639 notum.
1417 3592 1557 3647 Quae
1583 3593 1924 3649 sequuntur,
1950 3586 2101 3637 illus-

511 3668 665 3721 trant
686 3664 814 3717 hac
834 3660 1102 3714 Varronis
1143 3659 1240 3710 lib.
1277 3660 1320 3709 Ι.
1372 3670 1496 3722 cap.
1522 3658 1729 3709 XXXI.
1768 3659 1840 3709 de
1888 3657 2100 3720 Vincis,

2260 3069 2276 3102 ‘
2307 3071 2468 3123 Unus
2490 3082 2590 3135 pro
2612 3070 2838 3123 cunctis
2868 3071 3268 3124 S.Ambrosius
3291 3071 3634 3137 cognomine
3654 3070 3782 3124 huic

2196 3142 2501 3202 Tractatui,
2529 3155 2697 3206 quem
2731 3148 2865 3194 ante
2889 3144 3161 3195 Ruﬁnum
3178 3156 3363 3196 annos
3396 3143 3575 3196 ferme
3598 3144 3790 3196 decem

2198 3213 2595 3274 adornaverat,
2625 3226 2747 3277 cap.
2772 3215 2867 3265 1V.
2914 3226 3078 3266 num.
3104 3214 3281 3269 17.Αά
3319 3214 3527 3265 Judam
3576 3214 3792 3278 quidem

2197 3286 2582 3335 Patriam/iam
2626 3285 2793 3347 dirigi
2816 3285 3027 3335 videtur
3048 3285 3368 3350 alloquium,
3403 3286 3493 3335 sed
3521 3285 3698 3335 Judas
3715 3285 3796 3334 ille

2196 3357 2453 3421 posterior
2479 3355 2929 3418 (Christus)verus
2957 3357 3224 3421 confessor
3244 3358 3594 3421 exprimitur,
3612 3357 3711 3420 qui
3734 3370 3797 3405 es:

2198 3443 2261 3476 ea
2290 3426 2447 3475 Tribu
2474 3433 2635 3476 natus
2659 3433 2747 3489 est,
2771 3427 2868 3490 qui
2904 3428 3045 3477 solus
3092 3427 3351 3477 laudatur
3374 3444 3409 3477 a
3431 3427 3696 3492 fratribus
3741 3428 3800 3475 de

2201 3499 2396 3563 quibus
2430 3498 2576 3557 dicit,
2604 3498 2854 3550 Narrabo
2893 3512 3103 3551 nomen
3128 3504 3293 3551 tuum
3321 3499 3592 3551 fratribus
3635 3498 3801 3558 meis,

2200 3569 2468 3619 Dominus
2492 3584 2586 3632 per
2608 3574 2888 3630 naturam,
2910 3571 3082 3634 frater
3099 3585 3197 3635 per
3225 3570 3653 3635 gratiam,cujus
3682 3584 3805 3619 ma-

2200 3656 2325 3704 nus,
2349 3655 2485 3705 quas
2514 3640 2779 3704 expandit
2801 3643 2874 3691 ad
2881 3642 3148 3707 populum
3167 3658 3281 3692 non
3312 3641 3804 3706 credentem,supcr

508 3739 595 3791 Ea:
615 3736 785 3787 altera
806 3739 958 3798 parte
972 3744 1168 3794 caprea
1183 3730 1343 3793 dicta,
1368 3730 1513 3793 quod
1529 3730 1676 3793 parit
1691 3729 2019 3793 capreolum,
2041 3728 2101 3777 id

507 3805 866 3873 esl,coliculus
888 3804 1052 3853 viteus
1073 3803 1326 3862 intortus,
1357 3806 1415 3849 ut
1430 3800 1787 3862 cincinnus;is
1807 3800 1955 3849 enim
1977 3801 2101 3873 vites

509 3888 569 3934 ut
582 3871 768 3939 teneat,
802 3877 966 3941 serpit
999 3874 1072 3924 ad
1095 3874 1268 3924 locum
1282 3873 1621 3932 capiundum
1647 3886 1661 3924 :
1684 3886 1751 3922 ea:
1765 3886 1871 3937 quo
1893 3887 1929 3922 a
1948 3871 2103 3936 capi-

508 3953 645 4005 endo
667 3950 947 4016 capreotus
965 3946 1152 3996 dictus.

570 4054 590 4078 ο
622 4043 767 4094 Puta
788 4037 861 4092 ad
882 4034 1135 4089 nominis
1178 4032 1388 4099 proprii
1434 4032 1631 4096 instar,
1676 4031 1835 4084 Elici.
1868 4034 1970 4084 Est
1992 4031 2103 4085 hoc

508 4118 707 4168 autem
726 4111 954 4174 insigne
986 4108 1210 4160 Criticm
1231 4106 1370 4158 artis
1394 4105 1685 4169 specimen
1696 4104 1757 4156 in
1779 4104 2006 4156 Ruﬁno.

573 4202 595 4233 ‘
628 4202 747 4266 Ego
773 4210 909 4253 vero
938 4197 1211 4247 Tractator
1232 4194 1466 4248 rescribi
1488 4206 1556 4245 ac
1579 4193 1803 4245 restitui
1823 4192 2037 4245 malim.

572 4304 594 4327 ο
621 4286 1025 4343 Celeberrimos
1078 4285 1189 4352 περὶ
1246 4279 1412 4351 ἀρχῶν
1449 4282 1625 4333 libros
1660 4280 1923 4345 Origenis
1947 4279 2104 4332 Ruﬁ-

510 4375 625 4418 nns
647 4373 749 4427 per
773 4361 831 4411 id
857 4355 1149 4421 temporis,
1173 4354 1232 4407 in
1265 4353 1447 4405 Pineti
1482 4354 1825 4427 monasterio
1869 4353 2105 4427 degens,

2201 3712 2422 3762 dorsum
2456 3711 2814 3762 inimicorum
2867 3727 3115 3779 suorum,
3165 3718 3272 3768 etc.
3300 3725 3431 3779 qua
3462 3712 3659 3766 omnia
3698 3725 3799 3778 per

2200 3790 2391 3849 partes
2426 3795 2493 3835 eo
2518 3782 2704 3834 refert.

2262 3863 2280 3892 ι
2318 3855 2616 3918 Ingentem
2650 3852 2917 3907 lacunam
2940 3853 3141 3907 decem
3166 3853 3278 3909 fere
3321 3866 3555 3909 versum
3592 3853 3669 3907 ab
3690 3853 3801 3906 hoc

2200 3926 2375 3978 verbo
2395 3923 2797 3990 probabuntur,
2824 3926 2898 3977 ad
2921 3927 3188 3978 mutilam
3208 3938 3411 3979 vocem
3444 3926 3566 3987 mis,
3592 3925 3693 3977 ubi
3709 3924 3801 3976 di-

2200 3997 2349 4049 citur
2367 3997 2623 4061 plurimis
2650 3996 2861 4060 caeteris,
2896 3998 3122 4063 supplet
3144 3997 3580 4051 vetustissimus
3615 3996 3799 4049 codex

2202 4068 2592 4121 Murbacensis
2612 4067 2674 4119 in
2695 4068 2914 4119 Alsatia
2937 4080 2974 4119 a
2997 4068 3796 4132 Fontaninolaudatus,quem

2201 4139 2385 4191 multa
2422 4139 2529 4190 hac
2568 4139 2640 4190 de
2672 4151 2734 4191 re
2768 4138 3145 4192 disserentem
3167 4141 3227 4192 in
3243 4142 3374 4192 Vita
3395 4139 3492 4192 lib.
3518 4142 3576 4192 et
3598 4139 3799 4204 cap.II.

2200 4222 2359 4264 num.
2385 4208 2685 4264 6.videsis.
2713 4212 2901 4263 Unum
2914 4210 3083 4273 addo,
3098 4212 3249 4276 quod
3272 4212 3495 4264 lacunas
3506 4222 3797 4273 caussam,

2202 4286 2378 4345 atque
2402 4280 2680 4346 originem
2697 4286 2938 4347 spectat,
2962 4295 3079 4334 non
3094 4284 3271 4335 alium
3284 4282 3693 4336 scilicetvideri
3714 4294 3804 4335 co.

2208 4353 2389 4405 dicem
2402 4352 3014 4418 illumGeorgiiPictorii
3033 4354 3597 4419 antiquissimum,(et
3611 4353 3807 4418 utipse

512 4411 710 4489 ianuis
723 4411 1296 4495 interpretabaturmt
1319 4425 1562 4477 Macario
1588 4411 2106 4488 Monachn,hoinini
2128 4411 2183 4485 Β
2206 4425 2304 4486 ait,
2330 4411 3044 4491 Romanorumvmajusculis
3068 4411 3252 4488 literis,
3277 4426 3347 4477 iis
3370 4411 3588 4491 quidem
3609 4411 3807 4491 quibus

513 4502 884 4559 Orientalium
904 4501 1265 4565 scriptorum,
1282 4503 1340 4549 et
1362 4510 1494 4548 cum
1518 4496 1716 4561 primis
1740 4496 2109 4560 Origeniano-

2205 4497 2483 4548 Pandectis
2502 4496 2955 4559 Florentinorum,
2990 4499 3104 4548 sine
3128 4499 3467 4549 distinctione
3496 4497 3628 4561 ulla,
3682 4501 3810 4547 ante

512 4589 644 4630 rum
676 4572 1047 4639 cupidissimo
1070 4582 1288 4623 morem
1322 4573 1559 4633 gereret.
1587 4570 1689 4619 lno
1730 4568 1934 4619 iisdem
1959 4569 2109 4628 Quap
2208 4568 2351 4618 mille
2372 4573 2417 4617 et
2453 4569 2577 4633 plus
2606 4584 2780 4619 annos
2804 4570 3118 4633 exemtum)
3156 4583 3229 4622 ex
3255 4582 3370 4634 quo
3393 4568 3810 4639 Heroldiprin-

515 4638 831 4711 dragesimce
852 4645 1055 4695 diebus
1070 4643 1315 4695 vixdum
1332 4643 1547 4705 priores
1564 4640 1711 4691 duos
1723 4639 1903 4692 libros
1916 4642 2107 4694 absol-
2207 4653 2341 4704 ceps
2364 4640 2537 4692 editio
2562 4645 2801 4705 excepta
2827 4646 2934 4705 est,
2956 4654 3126 4705 quam
3152 4642 3528 4705 subsequutw
3551 4638 3804 4711 Grynei,

514 4709 695 4777 verat,
726 4728 857 4768 cnm
881 4716 1035 4766 hunc
1056 4714 1129 4765 ad
1154 4714 1454 4765 Paulinum
1470 4713 1951 4765 Commentarium
1980 4715 2103 4766 elu-
2207 4712 2531 4775 Barrseique
2555 4712 2995 4777 descripserunt,
3020 4725 3135 4764 non
3158 4712 3355 4775 alium,
3374 4712 3611 4776 inquam
3623 4709 3810 4763 videri

516 4788 794 4844 cubravit.
824 4786 1273 4849 Utrumqueipse
1296 4783 1769 4836 luculentissimis
1785 4786 1974 4837 verbis
1987 4792 2105 4838 tes-
2205 4795 2240 4835 a
2262 4785 2537 4846 Cassareo,
2573 4795 2747 4847 quem
2786 4783 3131 4836 mulctatum
3159 4783 3361 4836 eadem
3385 4782 3482 4835 illa
3523 4794 3809 4835 versuum

517 4869 704 4918 tatur:
729 4862 969 4912 alterum
993 4858 1052 4908 in
1080 4857 1415 4908 Praefatione
1446 4856 1573 4907 libri
1616 4858 1711 4908 IIl.
1746 4858 2104 4921 Periarchon,
2201 4857 2459 4920 pericope
2481 4856 2554 4907 ad
2576 4856 2832 4907 ultimam
2857 4857 3205 4921 imperfectae
3219 4856 3378 4909 vocis
3397 4856 3502 4905 mis
3523 4854 3810 4919 syllabam

514 4936 616 4989 ubi
643 4931 948 4986 Macarium
970 4928 1309 4992 adloquens,
1328 4928 1641 4991 superiores,
1694 4928 1789 4989 ait,
1840 4930 1973 4979 duos
2009 4930 2105 4978 Pe-
2200 4931 2388 4980 cetera
2414 4928 2568 4978 mille
2600 4926 2866 4980 ducentis
2888 4929 3055 4979 annis
3072 4930 3465 4990 vetustiorem,
3483 4932 3541 4979 et
3566 4927 3694 4978 sine
3707 4936 3811 4979 vo-

513 4992 1006 5065 riarchontibellos,
1027 4998 1073 5041 te
1097 5007 1212 5065 non
1233 4991 1408 5065 solum
1424 4992 1710 5065 insistente,
1733 5006 1918 5041 verum
1941 4993 2109 5065 etiam,
2211 5012 2343 5051 cum
2379 4999 2745 5052 distinctione
2786 4999 3158 5065 descriptum,
3198 4999 3540 5052 Lambecius
3588 5000 3805 5051 narrat.

511 5075 739 5145 cogente,
763 5063 1395 5145 diecus‘Quadragesimae
1418 5062 2113 5145 interpretatus"8um.—Se_d
2212 5070 2618 5145 Sentioautem
2640 5072 2713 5145 ab
2726 5062 3068 5145 Ensishej'm
3080 5062 3480 5124 Vindobonam
3496 5071 3807 5145 transisse,

516 5134 801 5216 quoniam,
824 5138 1197 5216 Qte-elisarum
1219 5139 1278 5216 in
1301 5138 1572 5216 sequente
1593 5134 2111 5216 αᾴΡᾶιιΙὲωᾉωΕρὶέ
2209 5150 2381 5208 atque
2404 5144 2906 5197 huicBibliothecaa
2916 5134 3155 5196 illatum.
3172 5147 3341 5196 Porro
3356 5144 3682 5198 notandum
3700 5134 3812 5201 hoc

518 5207 1175 5277 stola,qua3Prsefationis
1190 5207 1372 5280 vicem
1395 5207 1456 5257 in
1470 5208 1787 5259 secundum
1812 5209 2110 5271 hujusmet
2210 5207 2441 5280 quoque
2464 5216 2521 5267 in
2543 5229 2670 5268 eam
2692 5228 2834 5268 rem,
2865 5217 3129 5269 Bari-mus
3152 5229 3285 5267 cum
3309 5228 3370 5267 se
3392 5215 3473 5267 ait,
3499 5217 3812 5271 mmmam

517 5282 1139 5341 Commentariilibrum
1156 5279 1654 5346 gerit.Quiaaulem
1675 5280 2109 5344 Quadragesimse
2210 5279 2419 5353 ἐπίβα),
2444 5290 2674 5353 fex-uisse
2712 5304 2779 5353 ea:
2812 5288 3068 5353 reliquiis
3101 5286 3444 5353 Venerabilis
3485 5289 3811 5341 Monasterii

516 5361 697 5413 diebus
719 5361 780 5409 in
803 5359 927 5409 Μοη
937 5355 1129 5407 asterio
1164 5354 1343 5405 Pineti
1365 5354 1587 5418 positus,
1614 5354 1725 5404 hcec
1766 5354 2015 5418 rescripsi
2035 5352 2109 5404 ad
2207 5350 2406 5403 Montis
2430 5352 2546 5416 Dei,
2575 5363 2694 5402 non
2716 5352 2788 5403 de
2811 5351 2904 5403 his
2926 5350 3146 5415 proprie
3157 5350 3617 5401 Patriarcharum
3640 5354 3812 5403 Bene-

520 5442 581 5496 te,
612 5434 775 5484 etiam
796 5429 1094 5491 Fratribus,
1121 5426 1218 5494 qui
1242 5428 1487 5492 aderant,
1509 5426 1741 5491 ineptias
1769 5441 1914 5477 meas
1938 5430 2108 5478 celare
2206 5422 2528 5475 dictionibus
2554 5422 2741 5496 loqui,
2756 5423 2855 5496 sed
2878 5422 2949 5475 de
2966 5423 3089 5474 aliis
3106 5422 3298 5496 Ruﬁni
3321 5422 3500 5496 libris.
3522 5425 3579 5475 et
3594 5425 3801 5489 praeis-

519 5492 631 5557 nem
646 5503 1074 5570 potui.Instabat
1097 5492 1289 5569 itaque
1305 5501 1725 5557 tuncMacarius
1751 5502 2106 5570 urgebatque
2207 5508 2318 5564 pue
2346 5494 2779 5550 Commentariis
2801 5494 2862 5570 in
2873 5496 3095 5557 Ossam,
3121 5499 3231 5570 etc.
3256 5495 3391 5570 limo
3434 5492 3552 5550 duo
3568 5496 3809 5553 videtur

521 5582 587 5634 ut
607 5565 851 5648 saeptam
874 5565 1399 5647 interpretationem
1430 5574 1766 5630 absolveret.
1822 5565 1847 5569 ⁷
2011 5565 2030 5570 ⁷
2204 5570 2559 5628 Fontaninus
2580 5581 2700 5625 non
2721 5568 2861 5625 satis
2875 5569 3174 5638 perspecta
3192 5565 3489 5622 habuisse.
