3898 6400
55 344 153 399 301

737 357 832 407 DE
868 359 1502 422 BENEDICTIONIBUS
1537 371 2152 431 PATRIARCHARUM
2189 381 2395 434 LIBER
2430 383 2710 439 PRIMUS.

3271 392 3375 451 302

55 519 3368 581 —————————_______________________

1144 667 1610 768 LIBER
1688 674 2300 777 PRIMUS.

867 851 1990 986 BBNEDIGTIO
2062 867 2639 1004 JUDIE.

139 1228 192 1299 7
245 1238 289 1284 1.
325 1234 421 1285 Ait
444 1250 568 1301 ergo
595 1239 770 1303 JUDA,
797 1245 841 1291 lc
862 1242 1162 1295 collaudem
1188 1247 1385 1311 fratres
1419 1250 1517 1301 tui.
1543 1252 1669 1301 Ma-
1696 1247 1826 1321 Ain
1852 1255 2049 1309 Graeco
2097 1258 2310 1320 βλαστὸν
2359 1262 2580 1330 dicitur,
2618 1269 2772 1332 quod
2801 1273 2987 1339 magis
3030 1276 3368 1344 virgultum,

49 1336 160 1370 nus
191 1327 295 1372 tusc
316 1339 481 1390 super
504 1327 1090 1383 dorsu-minimicorum
1113 1338 1666 1403 tuorum(Gen.49.8).

52 1409 258 1462 Potest
281 1412 391 1464 hoc
425 1414 519 1466 vel
548 1415 621 1466 ad
654 1417 845 1482 ipsum
883 1421 1097 1474 Judam
1124 1424 1231 1486 vel,
1253 1426 1324 1476 ad
1350 1439 1448 1478 eos
1471 1428 1572 1492 qui
1596 1442 1668 1480 ex

49 1499 188 1564 ipso
225 1501 500 1556 videntur
522 1517 652 1558 esse
674 1509 955 1572 progeniti
975 1511 1176 1575 Reges,
1205 1515 1429 1566 referri:
1458 1518 1554 1580 qui
1590 1531 1671 1571 re-

53 1602 245 1652 gnum
268 1593 458 1656 gentis
480 1593 635 1646 illius
668 1596 1074 1665 ministrantes,
1108 1602 1471 1656 inimicorum
1511 1609 1670 1672 terga

53 1678 433 1733 domuerunt.
464 1682 572 1734 Sed
587 1685 714 1736 etin
731 1686 954 1740 Christo
979 1693 1667 1760 competenteraccipitur,

50 1767 150 1829 qui
183 1780 222 1819 a
247 1768 520 1822 fratribus
546 1772 686 1837 suis,
715 1773 775 1824 id
808 1778 914 1837 est,
941 1778 1014 1829 ab
1038 1781 1348 1844 Apostolis,
1381 1795 1524 1846 quos
1546 1785 1671 1848 ipse

50 1858 264 1911 fratres
288 1859 350 1910 in
377 1861 699 1925 Evangeliis
732 1865 1054 1919 nominavit
1076 1870 1288 1930 (Matth.
1316 1869 1441 1934 28.),
1460 1875 1667 1927 merito

52 1945 436 1998 collaudatur.
462 1949 686 2000 Inimici
719 1963 854 2004 vero
883 1954 1030 2018 ejus,
1048 1968 1218 2021 super
1230 1970 1476 2022 quorum
1495 1961 1666 2014 dorsa

51 2042 271 2084 manus
317 2036 443 2097 ejus
473 2038 579 2095 est,
611 2038 691 2089 illi
716 2039 1136 2109 intelliguntur,
1159 2058 1306 2110 quos
1334 2050 1498 2101 Pater
1532 2063 1667 2114 pro-

52 2122 237 2175 mittit
271 2135 334 2174 se
369 2125 478 2174 sub
511 2125 684 2189 pedes
726 2127 854 2192 ejus
877 2131 1199 2193 positurum
1241 2135 1458 2202 dicens,
1489 2139 1666 2194 Donec

52 2228 263 2276 ponam
298 2213 551 2264 inimicos
585 2222 700 2266 tuos
743 2217 839 2268 sub
891 2221 1114 2285 pedibus
1156 2225 1263 2274 tuis
1302 2226 1464 2291 (Psal.
1501 2228 1658 2295 109.).

57 2304 206 2353 Sunt
231 2314 369 2366 ergo
402 2303 633 2367 inimici,
649 2305 832 2358 donec
857 2307 1130 2361 increduli
1149 2315 1285 2364 sunt
1307 2316 1362 2366 et
1384 2315 1660 2376 infideles.

55 2394 108 2440 et
135 2388 270 2440 ideo
291 2388 598 2442 caeduntur
617 2392 676 2443 in
709 2398 884 2459 tergo,
901 2395 994 2459 qui
1009 2403 1385 2464 posteaquam
1398 2407 1662 2458 conversi

56 2479 292 2543 fuerint,
325 2479 654 2533 efficiuntur
683 2481 906 2548 fratres,
951 2490 1010 2538 et
1028 2487 1357 2542 collaudant
1388 2505 1537 2554 eum,
1563 2497 1660 2560 qui

1768 1343 1859 1394 vel
1880 1356 2076 1398 ramus
2099 1351 2247 1401 recte
2278 1351 2698 1422 interpretatur,
2724 1361 2820 1424 qui
2843 1361 2916 1415 de
2953 1365 3144 1420 radice
3179 1343 3374 1435 repul-

1764 1431 1960 1498 lulare,
1977 1434 2069 1487 vel
2089 1436 2158 1489 de
2182 1438 2306 1502 ipso
2330 1443 2532 1496 robore
2550 1447 2767 1500 arboris
2793 1451 2954 1505 solet.
2982 1456 3068 1506 Ex
3085 1468 3199 1521 quo
3234 1431 3372 1526 ergo

1763 1520 2029 1588 virgulto,
2055 1525 2146 1577 vel
2167 1540 2240 1579 ex
2263 1541 2379 1593 quo
2401 1545 2558 1586 ramo
2580 1536 2612 1586 J
2618 1537 2765 1591 udas
2781 1543 3115 1598 ascendisse
3135 1546 3360 1602 dicetur

1767 1611 1856 1662 vel
1881 1615 2167 1676 quomodo
2189 1622 2534 1674 recumbens
2557 1625 2839 1682 dormisse
2861 1637 2928 1684 ut
2949 1631 3058 1698 leo,
3084 1638 3142 1687 et
3158 1638 3221 1688 ut
3267 1651 3365 1691 ca-

1765 1698 1924 1751 tulus
1946 1701 2147 1768 leonis,
2176 1705 2257 1758 ita
2291 1711 2356 1760 ut
2399 1719 2706 1780 quaeratur,
2746 1719 2877 1782 quis
2901 1733 3035 1773 eum
3066 1725 3315 1781 suscitet
3341 1730 3368 1780 ?

1765 1788 1885 1840 Nisi
1910 1790 2051 1844 forte
2080 1792 2285 1858 aliquis
2313 1798 2434 1850 vim
2456 1800 2689 1870 faciens,
2724 1809 2864 1861 velit
2885 1809 2966 1863 ita
2994 1811 3369 1870 adseverare:

1763 1878 1848 1929 Ex
1870 1881 2122 1944 germine
2145 1888 2494 1948 processisse
2521 1893 2552 1943 J
2558 1893 2746 1961 udam,
2773 1897 2831 1950 id
2865 1904 2973 1963 est,
3013 1907 3078 1954 ut
3101 1906 3366 1969 superius

1764 1966 2034 2035 diximus,
2055 1984 2127 2023 ex
2151 1973 2402 2039 virgulto
2426 1979 2518 2032 vel
2542 1994 2616 2034 ex
2638 1997 2818 2050 ramo,
2845 1989 3000 2052 quod
3023 1990 3094 2044 de
3117 1966 3242 2058 ipsa
3264 2008 3368 2060 pa-

1765 2056 1867 2109 tris
1892 2058 2223 2115 fortitudine
2234 2068 2292 2117 et
2320 2067 2530 2122 virtute
2547 2071 2864 2137 signiﬁcet:
2893 2079 3108 2145 quique
3132 2056 3364 2138 virtutis

1763 2147 2107 2202 confidentia
2127 2155 2362 2208 recubet
2384 2159 2440 2209 et
2462 2159 2734 2226 quiescat,
2761 2168 2827 2217 ut
2851 2165 2942 2219 leo
2966 2172 3024 2221 et
3045 2170 3111 2223 ut
3141 2171 3364 2226 catulus

1759 2233 1943 2288 leonis
1959 2251 2235 2301 ;neceum
2246 2252 2426 2298 ausus
2450 2248 2526 2301 sit
2541 2249 2750 2316 aliquis
2766 2257 3062 2323 suscitare,
3083 2259 3224 2313 dum
3257 2275 3363 2328 pro

1760 2327 2157 2391 magnitudine
2171 2332 2394 2399 virium,
2409 2337 2467 2388 et
2477 2340 3068 2401 potentia°beatorum
3079 2349 3362 2405 suscitare

1761 2425 1894 2466 eum
1918 2416 2113 2470 nullus
2127 2421 2335 2474 audeat
2356 2425 2429 2476 ad
2444 2427 2657 2490 praelia.
2679 2431 2788 2484 Sed
2809 2434 2990 2488 multo
3012 2439 3361 2494 convenien-

1760 2503 1877 2555 tius
1904 2507 2191 2570 aptabitur
2232 2510 2368 2564 huic
2398 2514 2523 2568 loco
2551 2522 2797 2583 mystica
2825 2525 3122 2592 expositio,
3161 2527 3222 2582 in
3245 2541 3360 2594 qua

1939 2567 1960 2570 _
2503 2567 2511 2568 ί
2553 2567 2636 2583 "in!
2655 2567 2797 2573 """
2829 2567 3122 2592 *κτνυικνς
3161 2567 3222 2582 ΑΙ..
3246 2567 3356 2594 ‘uu

53 2580 152 2619 eos
180 2568 243 2619 in
268 2567 640 2633 adoptionem
658 2571 835 2623 Patris
847 2578 1104 2638 vocatos,
1127 2575 1237 2626 sibi
1253 2579 1310 2628 et
1337 2579 1661 2634 coheeredes
1679 2572 1734 2646 B
1757 2595 1983 2646 catulus
2009 2596 2206 2664 leonis,
2241 2602 2649 2667 Christusmon
2671 2610 2861 2662 solum
2879 2623 3110 2681 φυσικῶς,
3133 2630 3356 2672 verum.

54 2657 99 2681 οη
125 2659 181 2681 ,τι
214 2661 266 2681 ,ιι
307 2657 508 2681 θυι-ιιι.
553 2660 702 2681 11......
733 2666 920 2681 nun-..
955 2665 1104 2681 1-..---
1138 2664 1210 2681 :__s
1235 2666 1350 2681 UL,
1610 2672 1649 2681 -ι

54 2657 101 2710 fe
125 2659 189 2709 :it
213 2661 271 2709 et
306 2657 530 2710 fratres.
553 2660 705 2712 Bene
731 2666 926 2714 autem
955 2665 1114 2728 terga
1137 2664 1495 2721 inimicorum
1508 2672 1653 2724 caedi

54 2747 196 2798 dixit
220 2761 256 2798 a
280 2747 535 2800 Christo:
583 2761 783 2802 omnes
812 2752 966 2804 enim
1004 2753 1104 2818 qui
1140 2754 1454 2810 adorabant
1497 2760 1652 2814 idola

55 2842 211 2901 terga
239 2837 452 2890 dabant
474 2840 611 2904 Deo,
633 2840 781 2892 sicut
803 2847 862 2894 et
892 2855 994 2907 per
1017 2845 1350 2909 prophetam
1375 2850 1652 2906 Dominus

51 2925 371 2989 exprobrat,
413 2925 648 2978 dicens:
701 2928 842 2986 Quia
881 2937 1251 2982 converterunt
1276 2936 1349 2985 ad
1370 2951 1454 2986 me
1481 2938 1642 2992 dorsa

51 3028 144 3061 sua
187 3019 232 3062 et
276 3029 390 3064 non
430 3013 626 3078 faciem
664 3017 790 3078 (Jcr.
832 3015 883 3072 2.
931 3017 1055 3083 27.).
1118 3022 1258 3074 Haec
1303 3038 1436 3090 ergo
1481 3028 1654 3084 dorsa

55 3104 244 3166 caedit,
274 3109 339 3154 ut
364 3109 625 3157 conversi
652 3106 960 3170 aliquando
1010 3113 1168 3174 terga
1211 3112 1349 3165 dent
1371 3115 1557 3170 idolis.
1595 3124 1653 3174 et

52 3191 250 3245 faciem
287 3194 510 3258 erigant
534 3195 604 3246 ad
615 3197 816 3260 Deum,
835 3201 891 3249 et
909 3197 1119 3252 faciant
1135 3201 1242 3253 hoc
1261 3205 1417 3268 quod
1434 3205 1491 3258 in
1511 3221 1651 3262 con-

53 3283 380 3347 seqentibus
423 3284 700 3348 scriptum
738 3291 825 3339 est
856 3305 867 3335 :
905 3287 974 3338 Et
1010 3290 1234 3341 adorent
1260 3298 1304 3343 te
1337 3295 1442 3355 ﬁlii
1473 3299 1650 3361 patris

57 3371 144 3422 tui.
167 3372 331 3422 Tunc
355 3371 507 3423 enim
525 3386 652 3424 cum
676 3374 918 3428 adorant
946 3377 1118 3441 [Forte
1141 3381 1467 3451 adorarunt]
1494 3399 1648 3457 eum,

62 3456 156 3507 filii
190 3457 371 3509 Patris
398 3457 629 3511 fuerunt
653 3461 855 3526 effecti,
882 3465 1210 3529 etspiritum
1228 3456 1650 3534 adoptionisacQ

55 3548 337 3612 ceperunt,
362 3547 424 3598 in
436 3561 548 3612 quo
560 3548 826 3615 clamant,
852 3551 998 3602 Abba
1011 3561 1163 3618 pater
1185 3557 1321 3622 (Gal.
1347 3559 1380 3614 4
1393 3563 1440 3624 ο).
1469 3563 1646 3618 Nemo

58 3637 204 3689 enim
220 3636 357 3688 dicit
370 3637 680 3691 Dominum
695 3642 727 3692 J
732 3654 898 3694 esum
913 3643 1219 3711 Christum,
1236 3648 1417 3701 nisiin
1440 3651 1647 3716 Spiritu

57 3726 256 3779 Sancto
281 3726 336 3787 (ι.
358 3728 476 3777 Cor.
502 3726 627 3792 12.).
646 3731 762 3782 Iste
786 3744 971 3784 sermo
988 3733 1158 3798 paulo
1180 3736 1381 3790 durius
1409 3740 1648 3797 refertur

57 3818 107 3868 ad
147 3817 182 3868 J
188 3816 378 3876 udam,
404 3817 776 3874 niviabusive
804 3821 862 3873 id
873 3823 1152 3890 dicamus,
1180 3834 1198 3856 ·
1222 3827 1488 3882 adoratas
1513 3845 1642 3886 esse

58 3890 273 3969 8quasi
301 3917 485 3970 reges,
512 3919 545 3958 a
568 3907 856 3974 fratribus,
881 3909 939 3963 id
959 3914 1062 3975 est,
1092 3914 1216 3967 suis
1249 3918 1472 3972 caeteris
1509 3934 1645 3976 con-
1668 3900 1726 3974 D

61 3993 376 4058 tribulibus,
393 3994 540 4048 ﬁlios
568 3997 600 4048 J
605 3997 735 4050 uda.

103 4083 154 4138 2.
200 4083 426 4135 Catulus
471 4085 636 4136 leonis
673 4087 841 4150 Juda,
887 4090 949 4141 de
980 4094 1220 4156 germine
1247 4094 1268 4125 ι’
1303 4097 1453 4162 ﬁlius
1496 4116 1646 4153 meus

57 4173 328 4224 ascendisti
354 4174 643 4227 :recubans
667 4176 915 4228 dormisti
935 4181 1071 4231 sicut
1095 4182 1188 4248 leo,
1215 4190 1410 4237 etsicut
1433 4193 1642 4243 catulus
1740 4207 2007 4260 noctibus
2027 4173 2300 4265 in‘corde
2327 4215 2493 4268 terra
2526 4173 2804 4284 ggpultus’

59 4259 145 4284 1η..
163 4264 201 4284 3-
229 4277 242 4284 -
279 4263 391 4284 ..-ΑΔ
419 4265 633 4284 -_.--3._l
655 4266 690 4284 ΒΑ
725 4282 754 4284 μ
873 4269 934 4284 ιη
1073 4271 1125 4284 ιη
1173 4273 1202 4284 η
1230 4274 1238 4284 ι
1266 4278 1289 4284 Α
1318 4279 1338 4284 -
1407 4278 1421 4284 -
1451 4279 1460 4284 .

57 4259 203 4313 (conis
228 4277 242 4312 :
271 4263 391 4328 quis
414 4265 690 4315 suscitabit
713 4282 835 4316 eum
871 4269 1020 4331 (Gen.
1059 4271 1144 4336 49,
1172 4273 1241 4338 9.)
1264 4278 1290 4326 ‘t
1317 4279 1384 4328 In
1406 4278 1497 4331 his
1525 4295 1644 4334 ver-

107 4774 120 4794 '
153 4767 337 4818 Vetus
368 4769 582 4821 Auctor
614 4769 804 4835 libelli,
853 4773 926 4823 De
976 4775 1444 4831 Benedictionibus
1483 4783 1581 4834 Jac

60 4832 386 4904 Palriarchae,
414 4841 584 4904 cujus
608 4856 716 4919 nos
732 4832 1018 4919 specimen
1041 4849 1218 4902 Tomo
1241 4852 1639 4919 Hieronymia-

61 4917 241 4991 porum
255 4910 501 4991 Qperum
516 4914 679 4991 tertio
694 4916 956 4969 dedimus
970 4920 1028 4970 in
1048 4923 1376 4986 Appendice
1387 4910 1514 4991 pug.
1532 4928 1634 4983 739

59 4975 357 5034 laudandus
401 4985 665 5068 subinde,
699 4992 755 5038 et
789 4975 1208 5069 comparandus
1232 4975 1369 5048 cum
1387 4975 1635 5055 Kuactore
1731 5017 1804 5069 ad

61 5058 231 5106 nostro
268 5059 375 5118 est,
417 5060 542 5107 tum
580 5059 670 5109 sui
696 5061 916 5125 merito,
947 5071 1068 5114 tum
1119 5066 1293 5118 etiam
1335 5073 1634 5145 novitate;

61 5125 291 5145 ,ηλμῴ
323 5126 466 5145 ηιμ
510 5135 718 5145 ___-_.,
765 5144 772 5145 ,
869 5132 878 5143 .
953 5139 963 5145 .
1015 5137 1024 5145 .
1430 5143 1439 5145 ξ

60 5125 296 5177 nundum
319 5126 490 5202 enim,
505 5135 783 5202 quantum
802 5132 1107 5197 sci0,totus
1127 5139 1412 5200 publicam
1426 5125 1634 5202 lucem:

1753 2683 1926 2736 etiam
1947 2696 2184 2752 τροπικῶς
2206 2689 2558 2756 designatur.
2596 2698 2742 2750 Nam
2763 2700 3142 2771 physiologus
3171 2707 3244 2761 de
3269 2719 3356 2762 ca-

1752 2773 1873 2826 tulo
1892 2774 2072 2828 leonis
2083 2777 2210 2831 haec
2222 2781 2436 2835 seribit.
2450 2785 2609 2848 Quod
2628 2799 2762 2842 cum
2772 2793 2945 2844 natus
2956 2793 3144 2861 fuerit,
3157 2795 3180 2826 ⁸
3194 2797 3356 2850 tribus

1752 2863 1956 2917 diebus
1976 2877 2043 2918 ac
2061 2867 2241 2921 tribus
2252 2873 2520 2926 noctibus
2535 2875 2800 2930 dormiat:
2823 2884 2949 2933 tum
2958 2882 3164 2938 deinde
3176 2887 3358 2952 patris

1748 2951 1976 3006 fremitu
1984 2956 2073 3009 vel
2085 2960 2331 3024 mugitu,
2339 2964 2613 3027 tanquam
2625 2967 2991 3023 tremefactus
2999 2951 3359 3042 cubilislocus,

1747 3045 1987 3097 suscitet
1999 3048 2256 3099 catulum
2267 3049 2646 3106 dormientem.
2662 3059 2756 3106 Iste
2765 3069 2901 3122 ergo
2912 3063 3110 3112 catulus
3133 3067 3358 3116 escendit

1749 3145 1822 3184 ex
1841 3135 2094 3197 germine
2121 3151 2134 3188 :
2157 3150 2231 3190 ex
2246 3140 2474 3204 Virgine
2489 3143 2642 3196 enim
2665 3149 2840 3199 natus
2863 3155 2972 3214 est,
3001 3163 3118 3206 non
3145 3166 3221 3206 ex
3269 3168 3359 3208 se-

1748 3224 1922 3286 mine,
1949 3225 2050 3277 sed
2068 3239 2141 3278 ex
2164 3228 2387 3294 virgine
2401 3231 2621 3297 absque
2632 3240 2942 3293 concubitu
2955 3242 3120 3304 virili,
3155 3249 3215 3298 et
3227 3247 3360 3300 abs-

1749 3323 1861 3376 que
1885 3315 2102 3367 semine
2125 3319 2366 3370 naturali
2381 3319 2662 3377 Christus.
2680 3327 2850 3381 Velut
2868 3331 3199 3398 virgultum,
3221 3335 3347 3388 sive

1746 3413 1960 3467 ramus,
1987 3398 2040 3471 9
2064 3405 2124 3457 in
2168 3418 2282 3470 quo
2302 3411 2766 3468 manifestissime
2793 3423 2852 3471 et
2888 3421 3100 3474 veritas
3150 3424 3343 3479 carnis

1745 3491 2031 3546 adsumtae
2054 3507 2128 3546 ex
2159 3497 2390 3562 Virgine
2413 3499 2734 3557 declaratur
2753 3505 2814 3559 in
2837 3514 3202 3566 sacrosancto
3214 3527 3350 3580 ger-

1745 3579 1916 3643 mine,
1943 3587 2001 3635 et
2019 3595 2054 3635 a
2076 3587 2339 3651 contagio
2361 3591 2602 3643 carnalis
2635 3598 2695 3646 et
2727 3593 2969 3650 humani
2994 3579 3234 3654 seminis
3258 3616 3358 3658 ex.

1745 3675 1993 3723 cusatur.
2032 3674 2356 3727 Recumbens
2390 3679 2640 3732 dormisti
2677 3689 2738 3733 ut
2759 3684 2856 3748 leo,
2901 3694 2948 3738 et
2977 3689 3113 3741 sicut
3131 3693 3345 3746 catulus

1743 3757 1928 3812 leonis.
1958 3762 2253 3819 Manifeste
2272 3769 2609 3824 recubuisse
2622 3774 2679 3826 et
2700 3773 3003 3846 dormisse,
3027 3779 3248 3836 dictum
3279 3783 3352 3838 de

1750 3849 2015 3913 passione
2047 3853 2249 3906 mortis
2277 3859 2618 3912 ostenditur.
2645 3864 2756 3916 Sed
2776 3864 3076 3920 videamus
3091 3881 3270 3934 quare
3285 3875 3352 3926 ut

1745 3937 1852 4002 leo,
1883 3941 1941 3990 et
1962 3944 2027 3992 ut
2048 3943 2274 3996 catulus
2313 3945 2516 4010 leonis,
2541 3949 2768 4004 dormit.
2791 3954 2875 4006 De
2908 3956 3083 4009 catuli
3110 3958 3348 4022 quidem

1747 4038 1951 4081 somno
1980 4029 2102 4094 jam
2128 4033 2393 4096 superius
2417 4035 2636 4089 dictum
2648 4043 2757 4103 est,
2769 4042 2926 4105 quod
2955 4043 3123 4098 valde
3148 4059 3353 4104 conve-

1744 4117 1962 4170 nienter
1989 4119 2294 4186 adaptatur
2305 4123 2547 4190 Christo,
2560 4127 2657 4191 qui
2672 4128 2854 4182 tribus
2865 4131 3070 4186 diebus
3085 4138 3144 4188 et
3159 4137 3352 4192 tribus

2839 4233 3117 4276 somnum
3139 4228 3349 4281 mortis

1731 4297 2006 4362 implevit.
2033 4301 2106 4353 Ut
2134 4301 2222 4354 leo
2249 4306 2460 4369 autem,
2503 4306 2611 4358 hoc
2638 4310 2806 4362 modo
2834 4311 3043 4366 debere
3092 4315 3336 4382 intelligi

1624 4390 1635 4437 ς
1741 4388 1988 4441 arbitror
2017 4405 2030 4441 :
2057 4391 2209 4444 Mors
2233 4394 2442 4448 Christi
2466 4400 2760 4462 oppressio
2791 4405 2848 4453 et
2881 4404 3208 4469 triumphus
3235 4407 3347 4460 daa-

1740 4489 1977 4529 monum
1994 4480 2113 4543 fuit,
2134 4495 2364 4537 omnem
2387 4498 2636 4553 namque
2647 4491 2925 4558 praedam,
2947 4507 3124 4558 quam
3147 4495 3233 4548 leo
3258 4496 3352 4550 ille

61 4542 136 4593 pro
163 4533 378 4586 virtute
407 4534 671 4602 bellandi,
703 4541 990 4602 quomodo
1021 4549 1354 4611 exponetur,
1394 4551 1547 4612 quod
1571 4553 1641 4605 de
1737 4567 2057 4620 contrarius
2098 4533 2388 4627 ίηναέέιξι

60 4623 299 4682 germine
312 4622 464 4676 ﬁlius
481 4625 689 4679 dicitur
698 4629 1025 4684 ascendisse
1042 4637 1066 4682 Ρ
1079 4633 1319 4688 Germen
1330 4641 1527 4692 autem
1547 4642 1640 4694 hic
1739 4654 1832 4708 hic
1853 4657 1940 4709 leo
1975 4663 2171 4713 noster
2202 4665 2382 4729 eripui

2392 4613 2408 4641 ,
2443 4583 2730 4642 prostrato
2759 4581 2991 4636 nomine
3016 4587 3074 4636 et
3105 4584 3332 4650 dejecto

2385 4669 2445 4717 t:
2495 4669 2730 4734 desique
2757 4671 2984 4725 rediens
3010 4674 3084 4726 ab
3123 4674 3342 4744 inferis,

1584 4785 1645 4909 Ξῖ)
1671 4791 1716 4864 C
1738 4800 1870 4922 giuts
1901 4800 2134 4857 abludit.
2188 4807 2524 4864 Rectissime
2572 4815 2826 4880 Vulgatl
2894 4816 2978 4882 ﬁli
3033 4819 3112 4870 mi
3165 4835 3322 4872 ascen

1613 4884 1639 4895 ’³
1778 4887 1882 4922 ιεῑ.

1778 4887 1882 4924 ιειι.

1793 4958 1812 5068 le
1837 4945 2026 5068 ffatim
2071 4951 2302 5003 rescribi
2324 4951 2598 5021 bellorum,
2625 4970 2760 5011 nam
2783 4959 3077 5029 beatorum,
3093 4964 3332 5019 minime

1859 5019 2003 5068 eetio
2027 5025 2132 5068 est.

1859 5019 2003 5069 eetio
2027 5025 2132 5071 est.

1794 5089 1816 5119 ἀ
1851 5091 2032 5182 Vetus
2047 5092 2511 5182 'mod‘olaudatus
2527 5101 2744 5182 auctor
2761 5103 3036 5182 ineditus,
3060 5108 3340 5182 Catulum,

1727 5165 1828 5226 ait,
1850 5163 2015 5241 leonis
2036 5164 2336 5241 Dominum
2370 5169 2700 5223 Sat'vatorem
2732 5163 3196 5241 appellat"..ch
3239 5163 3345 5240 au:-

1728 5243 1830 5286 tem
1845 5235 2052 5284 catulus
2071 5235 2237 5327 leonis
2278 5246 2514 5306 vocatur,
2555 5245 2710 5307 cujus
2730 5235 2940 5298 natura
2971 5265 3076 5302 esse
3115 5255 3338 5327 dicitur,

1729 5312 1788 5358 ut
1823 5322 2044 5356 nascens
2081 5306 2249 5358 tribus
2284 5311 2466 5361 diebus
2503 5306 2740 5394 deﬁniat
2783 5319 2975 5394 deinde
3025 5325 3213 5387 rugitu
3233 5306 3346 5394 ipa:

1732 5385 1881 5430 terno
1911 5381 2172 5428 eiecit-atus
2207 5390 2478 5447 assurgat.
2507 5387 2632 5445 Qua
2650 5391 2834 5452 ﬁgura
2862 5381 3223 5447 pulcherrime
3237 5381 3334 5451 ar-

1727 5453 1864 5502 ridet
1887 5451 2179 5501 Dominicae
2199 5453 2643 5522 dormitioni,qui
2667 5451 2834 5512 tribus
2858 5462 3038 5514 diebus
3061 5467 3349 5533 dormiens

1730 5525 1804 5574 ad
1843 5524 2064 5573 Patrem
2110 5523 2324 5599 clamat.
2352 5528 2436 5579 Tu
2499 5535 2692 5583 autem
2735 5535 2990 5596 Domine,
3063 5523 3346 5599 miserere

1729 5596 1862 5660 mei,
1892 5601 1950 5648 et
1977 5597 2254 5649 resuscita
2268 5611 2374 5650 me.
2396 5602 2601 5653 Scilicet
2633 5607 2978 5658 resuscitatus
3007 5610 3081 5660 ad
3098 5596 3348 5677 praedans

1730 5669 1983 5733 ascendit,
2019 5670 2152 5733 quia
2173 5674 2481 5738 exspolians
2495 5677 2799 5752 ln/‘cmqum,
2818 5681 2991 5746 justas
3011 5669 3256 5752 quasque
3269 5690 3344 5742 ad

1699 5755 1968 5807 -superna
2013 5755 2193 5820 secum
2238 5749 2503 5816 tanquam
2536 5750 2784 5817 praedam
2826 5755 3097 5820 egregiam
3145 5749 3345 5813 trium-

1723 5813 1938 5882 phatur
1959 5815 2151 5884 evexit,

60 5197 270 5271 aspexit,
298 5197 504 5271 sedle
545 5201 648 5251 Ms.
671 5202 1011 5256 Bononiensi
1041 5197 1212 5271 (quod
1235 5223 1536 5268 narramus
1574 5197 1634 5271 in

63 5261 385 5344 testatione)
403 5269 624 5344 integer
639 5280 917 5339 exceptus
931 5261 1206 5342 apud-nos
1226 5261 1330 5334 est.
1348 5261 1632 5344 ria—Eia;

63 5338 173 5426 nihil
200 5339 293 5426 ille
328 5341 568 5423 dubitat,
604 5338 933 5426 vaticinium
966 5338 1200 5426 _pr0prie
1218 5355 1299 5426 ad
1315 5359 1347 5406 J
1355 5338 1524 5411 udam
1541 5338 1632 5426 re:

65 5405 187 5495 ferre.
219 5413 427 5495 Aperte,
462 5405 668 5495 inquit,
694 5433 924 5495 regnum
959 5405 1105 5486 quod
1124 5424 1305 5475 Ruben

65 5477 186 5567 {udae
203 5485 444 5567 condidit
463 5477 666 5567 [idestu
685 5477 843 5554 dedit]
864 5477 1043 5567 dicens
1067 5511 1190 5545 eum
1217 5513 1252 5546 a

67 5552 200 5633 tribus
214 5557 326 5605 suis
347 5557 716 5623 adorandum,
743 5577 775 5628 q
785 5552 890 5613 uod
901 5566 1056 5629 regiae
1073 5569 1258 5633 utique
1272 5552 1526 5638 congruit
1545 5552 1630 5629 di-

65 5625 242 5692 gnitati,
257 5633 361 5680 etc.

109 5693 125 5722 ⁵
141 5699 237 5752 Ms.
258 5699 566 5766 exemplar,
591 5716 704 5768 quo
728 5705 879 5770 prior
912 5708 1106 5763 Editor
1129 5713 1470 5771 Laurentius
1498 5720 1633 5775 Bar-

67 5773 184 5858 rafus
212 5784 352 5858 usus
376 5778 482 5858 est,
512 5777 867 5858 praeferebat,
881 5781 1183 5858 _ﬁlius_ejus
1207 5789 1466 5855 ascendet,
1498 5773 1631 5858 qum

72 5836 124 5891 ab
134 5841 396 5916 Hebmis,
410 5849 480 5902 ut
497 5836 556 5902 et
569 5847 695 5916 ipsa
714 5836 927 5906 Grecis
946 5836 1240 5926 archetypi
1253 5836 1632 5920 isaidﬁeié};
