  <div class='ocr_page' id='page_1' title='image "/cluster/home/n/w/nwhite01/storage/ocr_20150623/21/umn.319510024773153/155.png"; bbox 0 0 3898 6394; ppageno 0'>
   <div class='ocr_carea' id='block_1_1' title="bbox 485 330 589 387">
    <p class='ocr_par' dir='ltr' id='par_1_1' title="bbox 485 330 589 387">
     <span class='ocr_line' id='line_1_1' title="bbox 485 330 589 387; baseline 0 0"><span class='ocrx_word' id='word_1_1' title='bbox 485 330 589 387; x_wconf 82' lang='lat'>303</span> 
     </span>
    </p>
   </div>
   <div class='ocr_carea' id='block_1_2' title="bbox 1522 321 2780 388">
    <p class='ocr_par' dir='ltr' id='par_1_2' title="bbox 1522 321 2780 388">
     <span class='ocr_line' id='line_1_2' title="bbox 1522 321 2780 388; baseline -0.005 -10"><span class='ocrx_word' id='word_1_2' title='bbox 1522 326 1766 379; x_wconf 79' lang='lat' dir='ltr'>RUFINI</span> <span class='ocrx_word' id='word_1_3' title='bbox 1801 324 2295 388; x_wconf 84' lang='lat' dir='ltr'>AQUILEIENSIS</span> <span class='ocrx_word' id='word_1_4' title='bbox 2344 321 2780 376; x_wconf 79' lang='lat' dir='ltr'>PRESBYTERI</span> 
     </span>
    </p>
   </div>
   <div class='ocr_carea' id='block_1_3' title="bbox 3691 322 3795 379">
    <p class='ocr_par' dir='ltr' id='par_1_3' title="bbox 3691 322 3795 379">
     <span class='ocr_line' id='line_1_3' title="bbox 3691 322 3795 379; baseline -0.01 0"><span class='ocrx_word' id='word_1_5' title='bbox 3691 322 3795 379; x_wconf 69' lang='grc'>304</span> 
     </span>
    </p>
   </div>
   <div class='ocr_carea' id='block_1_4' title="bbox 496 438 3799 529">
    <p class='ocr_par' dir='ltr' id='par_1_4' title="bbox 496 438 3799 529">
     <span class='ocr_line' id='line_1_4' title="bbox 496 438 3799 529; baseline -0.002 -30"><span class='ocrx_word' id='word_1_6' title='bbox 496 453 554 500; x_wconf 90' lang='lat' dir='ltr'>et</span> <span class='ocrx_word' id='word_1_7' title='bbox 572 446 891 500; x_wconf 89' lang='lat' dir='ltr'>ascendens</span> <span class='ocrx_word' id='word_1_8' title='bbox 911 448 971 497; x_wconf 91' lang='lat' dir='ltr'>in</span> <span class='ocrx_word' id='word_1_9' title='bbox 986 448 1184 507; x_wconf 89' lang='lat' dir='ltr'>altum,</span> <span class='ocrx_word' id='word_1_10' title='bbox 1209 444 1493 509; x_wconf 89' lang='lat' dir='ltr'>captivam</span> <span class='ocrx_word' id='word_1_11' title='bbox 1513 443 1681 495; x_wconf 89' lang='lat' dir='ltr'>duxit</span> <span class='ocrx_word' id='word_1_12' title='bbox 1697 442 2087 506; x_wconf 73' lang='lat' dir='ltr'>captivitatem</span> <span class='ocrx_word' id='word_1_13' title='bbox 2115 458 2176 529; x_wconf 78' lang='grc' dir='ltr'><strong>Α</strong></span> <span class='ocrx_word' id='word_1_14' title='bbox 2196 441 2356 493; x_wconf 89' lang='lat' dir='ltr'>ribus</span> <span class='ocrx_word' id='word_1_15' title='bbox 2392 439 2615 492; x_wconf 86' lang='lat' dir='ltr'>Christi.</span> <span class='ocrx_word' id='word_1_16' title='bbox 2642 440 2764 489; x_wconf 83' lang='lat' dir='ltr'>Hoc</span> <span class='ocrx_word' id='word_1_17' title='bbox 2796 438 2969 491; x_wconf 92' lang='lat' dir='ltr'>modo</span> <span class='ocrx_word' id='word_1_18' title='bbox 2993 444 3261 504; x_wconf 78' lang='lat' dir='ltr'>exponet,</span> <span class='ocrx_word' id='word_1_19' title='bbox 3306 440 3569 492; x_wconf 87' lang='lat' dir='ltr'>membra</span> <span class='ocrx_word' id='word_1_20' title='bbox 3592 438 3799 492; x_wconf 88' lang='lat' dir='ltr'>Christi</span> 
     </span>
    </p>
   </div>
   <div class='ocr_carea' id='block_1_5' title="bbox 499 531 2093 601">
    <p class='ocr_par' dir='ltr' id='par_1_5' title="bbox 499 531 2093 601">
     <span class='ocr_line' id='line_1_5' title="bbox 499 531 2093 601; baseline -0.003 -16"><span class='ocrx_word' id='word_1_21' title='bbox 499 537 711 601; x_wconf 82' lang='lat' dir='ltr'>(Ephes.</span> <span class='ocrx_word' id='word_1_22' title='bbox 733 536 784 589; x_wconf 82' lang='grc'><strong>4.</strong></span> <span class='ocrx_word' id='word_1_23' title='bbox 812 534 900 598; x_wconf 91' lang='grc'>8.).</span> <span class='ocrx_word' id='word_1_24' title='bbox 928 537 1049 587; x_wconf 86' lang='lat' dir='ltr'>Hoc</span> <span class='ocrx_word' id='word_1_25' title='bbox 1090 547 1223 599; x_wconf 82' lang='lat' dir='ltr'>ergo</span> <span class='ocrx_word' id='word_1_26' title='bbox 1245 534 1415 586; x_wconf 90' lang='lat' dir='ltr'>modo</span> <span class='ocrx_word' id='word_1_27' title='bbox 1439 537 1497 585; x_wconf 93' lang='lat' dir='ltr'>et</span> <span class='ocrx_word' id='word_1_28' title='bbox 1525 533 1588 584; x_wconf 90' lang='lat' dir='ltr'>in</span> <span class='ocrx_word' id='word_1_29' title='bbox 1632 544 1832 584; x_wconf 86' lang='lat' dir='ltr'>somno</span> <span class='ocrx_word' id='word_1_30' title='bbox 1867 543 1971 583; x_wconf 90' lang='lat' dir='ltr'>suo</span> <span class='ocrx_word' id='word_1_31' title='bbox 2004 531 2093 582; x_wconf 91' lang='lat' dir='ltr'>leo</span> 
     </span>
    </p>
   </div>
   <div class='ocr_carea' id='block_1_6' title="bbox 489 621 2092 682">
    <p class='ocr_par' dir='ltr' id='par_1_6' title="bbox 489 621 2092 682">
     <span class='ocr_line' id='line_1_6' title="bbox 489 621 2092 682; baseline -0.004 -5"><span class='ocrx_word' id='word_1_32' title='bbox 489 624 605 677; x_wconf 85' lang='lat' dir='ltr'>fuit</span> <span class='ocrx_word' id='word_1_33' title='bbox 633 625 871 678; x_wconf 87' lang='lat' dir='ltr'>vincens</span> <span class='ocrx_word' id='word_1_34' title='bbox 907 624 1100 677; x_wconf 84' lang='lat' dir='ltr'>omnia</span> <span class='ocrx_word' id='word_1_35' title='bbox 1132 628 1187 675; x_wconf 90' lang='lat' dir='ltr'>et</span> <span class='ocrx_word' id='word_1_36' title='bbox 1223 621 1512 675; x_wconf 89' lang='lat' dir='ltr'>debellans</span> <span class='ocrx_word' id='word_1_37' title='bbox 1544 626 1601 673; x_wconf 92' lang='lat' dir='ltr'>et</span> <span class='ocrx_word' id='word_1_38' title='bbox 1630 621 1913 673; x_wconf 92' lang='lat' dir='ltr'>destruxit</span> <span class='ocrx_word' id='word_1_39' title='bbox 1940 633 2092 682; x_wconf 90' lang='lat' dir='ltr'>eum,</span> 
     </span>
    </p>
   </div>
   <div class='ocr_carea' id='block_1_7' title="bbox 499 710 2095 778">
    <p class='ocr_par' dir='ltr' id='par_1_7' title="bbox 499 710 2095 778">
     <span class='ocr_line' id='line_1_7' title="bbox 499 710 2095 778; baseline -0.003 -12"><span class='ocrx_word' id='word_1_40' title='bbox 499 715 599 778; x_wconf 88' lang='lat' dir='ltr'>qui</span> <span class='ocrx_word' id='word_1_41' title='bbox 622 715 868 766; x_wconf 79' lang='lat' dir='ltr'>habebat</span> <span class='ocrx_word' id='word_1_42' title='bbox 894 715 1094 765; x_wconf 87' lang='lat' dir='ltr'>mortis</span> <span class='ocrx_word' id='word_1_43' title='bbox 1128 712 1429 777; x_wconf 90' lang='lat' dir='ltr'>imperium</span> <span class='ocrx_word' id='word_1_44' title='bbox 1467 711 1595 776; x_wconf 86' lang='lat' dir='ltr'>(Act.</span> <span class='ocrx_word' id='word_1_45' title='bbox 1618 710 1706 775; x_wconf 88' lang='lat'>3).</span> <span class='ocrx_word' id='word_1_46' title='bbox 1730 712 1797 761; x_wconf 87' lang='lat' dir='ltr'>Et</span> <span class='ocrx_word' id='word_1_47' title='bbox 1820 711 1976 762; x_wconf 91' lang='lat' dir='ltr'>velut</span> <span class='ocrx_word' id='word_1_48' title='bbox 2009 721 2095 761; x_wconf 83' lang='lat' dir='ltr'>ca-</span> 
     </span>
    </p>
   </div>
   <div class='ocr_carea' id='block_1_8' title="bbox 500 799 2096 859">
    <p class='ocr_par' dir='ltr' id='par_1_8' title="bbox 500 799 2096 859">
     <span class='ocr_line' id='line_1_8' title="bbox 500 799 2096 859; baseline -0.006 -2"><span class='ocrx_word' id='word_1_49' title='bbox 500 804 658 857; x_wconf 90' lang='lat' dir='ltr'>tulus</span> <span class='ocrx_word' id='word_1_50' title='bbox 678 803 858 856; x_wconf 85' lang='lat' dir='ltr'>leonis</span> <span class='ocrx_word' id='word_1_51' title='bbox 874 804 963 855; x_wconf 90' lang='lat' dir='ltr'>die</span> <span class='ocrx_word' id='word_1_52' title='bbox 978 803 1142 855; x_wconf 84' lang='lat' dir='ltr'>tertia</span> <span class='ocrx_word' id='word_1_53' title='bbox 1155 803 1482 853; x_wconf 72' lang='lat' dir='ltr'>suscitatur.</span> <span class='ocrx_word' id='word_1_54' title='bbox 1499 801 1627 859; x_wconf 86' lang='lat' dir='ltr'>Quis</span> <span class='ocrx_word' id='word_1_55' title='bbox 1650 799 1917 849; x_wconf 85' lang='lat' dir='ltr'>suscitabit</span> <span class='ocrx_word' id='word_1_56' title='bbox 1934 814 2056 848; x_wconf 89' lang='lat' dir='ltr'>eum</span> <span class='ocrx_word' id='word_1_57' title='bbox 2068 800 2096 848; x_wconf 74' lang='lat' dir='ltr'>‘P</span> 
     </span>
    </p>
   </div>
   <div class='ocr_carea' id='block_1_9' title="bbox 505 890 2095 956">
    <p class='ocr_par' dir='ltr' id='par_1_9' title="bbox 505 890 2095 956">
     <span class='ocr_line' id='line_1_9' title="bbox 505 890 2095 956; baseline -0.004 -11"><span class='ocrx_word' id='word_1_58' title='bbox 505 895 677 946; x_wconf 86' lang='lat' dir='ltr'>Recte</span> <span class='ocrx_word' id='word_1_59' title='bbox 706 893 870 956; x_wconf 89' lang='lat' dir='ltr'>quasi</span> <span class='ocrx_word' id='word_1_60' title='bbox 911 891 1244 954; x_wconf 82' lang='lat' dir='ltr'>inquirentis</span> <span class='ocrx_word' id='word_1_61' title='bbox 1281 890 1577 956; x_wconf 66' lang='lat' dir='ltr'>prophetis</span> <span class='ocrx_word' id='word_1_62' title='bbox 1612 901 1932 954; x_wconf 87' lang='lat' dir='ltr'>personam,</span> <span class='ocrx_word' id='word_1_63' title='bbox 1963 900 2095 952; x_wconf 81' lang='lat' dir='ltr'>quae</span> 
     </span>
    </p>
   </div>
   <div class='ocr_carea' id='block_1_10' title="bbox 494 977 2094 1044">
    <p class='ocr_par' dir='ltr' id='par_1_10' title="bbox 494 977 2094 1044">
     <span class='ocr_line' id='line_1_10' title="bbox 494 977 2094 1044; baseline -0.004 -9"><span class='ocrx_word' id='word_1_64' title='bbox 494 982 737 1035; x_wconf 82' lang='lat' dir='ltr'>suscitet</span> <span class='ocrx_word' id='word_1_65' title='bbox 759 982 1067 1040; x_wconf 84' lang='lat' dir='ltr'>Christum,</span> <span class='ocrx_word' id='word_1_66' title='bbox 1092 993 1278 1032; x_wconf 83' lang='lat' dir='ltr'>sermo</span> <span class='ocrx_word' id='word_1_67' title='bbox 1309 979 1612 1044; x_wconf 85' lang='lat' dir='ltr'>signiﬁcat,</span> <span class='ocrx_word' id='word_1_68' title='bbox 1637 979 1771 1042; x_wconf 89' lang='lat' dir='ltr'>quia</span> <span class='ocrx_word' id='word_1_69' title='bbox 1788 977 2094 1043; x_wconf 79' lang='lat' dir='ltr'>Apostolus</span> 
     </span>
    </p>
   </div>
   <div class='ocr_carea' id='block_1_11' title="bbox 496 1066 2093 1136">
    <p class='ocr_par' dir='ltr' id='par_1_11' title="bbox 496 1066 2093 1136">
     <span class='ocr_line' id='line_1_11' title="bbox 496 1066 2093 1136; baseline -0.006 -11"><span class='ocrx_word' id='word_1_70' title='bbox 496 1071 729 1136; x_wconf 84' lang='lat' dir='ltr'>quidem</span> <span class='ocrx_word' id='word_1_71' title='bbox 759 1071 897 1122; x_wconf 86' lang='lat' dir='ltr'>dicit</span> <span class='ocrx_word' id='word_1_72' title='bbox 928 1085 940 1121; x_wconf 89' lang='lat'><strong>:</strong></span> <span class='ocrx_word' id='word_1_73' title='bbox 976 1071 1115 1129; x_wconf 90' lang='lat' dir='ltr'>Quia</span> <span class='ocrx_word' id='word_1_74' title='bbox 1145 1070 1285 1119; x_wconf 86' lang='lat' dir='ltr'>Deus</span> <span class='ocrx_word' id='word_1_75' title='bbox 1308 1068 1465 1117; x_wconf 86' lang='lat' dir='ltr'>illum</span> <span class='ocrx_word' id='word_1_76' title='bbox 1488 1066 1765 1117; x_wconf 71' lang='lat' dir='ltr'>suscitavit</span> <span class='ocrx_word' id='word_1_77' title='bbox 1793 1082 1830 1116; x_wconf 91' lang='lat' dir='ltr'>a</span> <span class='ocrx_word' id='word_1_78' title='bbox 1864 1066 2093 1115; x_wconf 86' lang='lat' dir='ltr'>mortuis</span> 
     </span>
    </p>
   </div>
   <div class='ocr_carea' id='block_1_12' title="bbox 494 1155 2093 1222">
    <p class='ocr_par' dir='ltr' id='par_1_12' title="bbox 494 1155 2093 1222">
     <span class='ocr_line' id='line_1_12' title="bbox 494 1155 2093 1222; baseline -0.005 -9"><span class='ocrx_word' id='word_1_79' title='bbox 494 1163 579 1222; x_wconf 79' lang='grc' dir='ltr'>Ει,</span> <span class='ocrx_word' id='word_1_80' title='bbox 640 1161 744 1219; x_wconf 88' lang='lat' dir='ltr'>Qui</span> <span class='ocrx_word' id='word_1_81' title='bbox 777 1159 1053 1209; x_wconf 86' lang='lat' dir='ltr'>suscitavit</span> <span class='ocrx_word' id='word_1_82' title='bbox 1073 1159 1348 1210; x_wconf 74' lang='lat' dir='ltr'>Christum</span> <span class='ocrx_word' id='word_1_83' title='bbox 1373 1174 1409 1206; x_wconf 91' lang='lat' dir='ltr'>a</span> <span class='ocrx_word' id='word_1_84' title='bbox 1450 1156 1697 1220; x_wconf 77' lang='lat' dir='ltr'>mortuis,</span> <span class='ocrx_word' id='word_1_85' title='bbox 1745 1155 2020 1205; x_wconf 83' lang='lat' dir='ltr'>suscitabit</span> <span class='ocrx_word' id='word_1_86' title='bbox 2048 1161 2093 1205; x_wconf 89' lang='lat' dir='ltr'>et</span> 
     </span>
    </p>
   </div>
   <div class='ocr_carea' id='block_1_13' title="bbox 495 1244 2094 1312">
    <p class='ocr_par' dir='ltr' id='par_1_13' title="bbox 495 1244 2094 1312">
     <span class='ocr_line' id='line_1_13' title="bbox 495 1244 2094 1312; baseline -0.004 -12"><span class='ocrx_word' id='word_1_87' title='bbox 495 1248 756 1300; x_wconf 75' lang='lat' dir='ltr'>mortalia</span> <span class='ocrx_word' id='word_1_88' title='bbox 766 1262 996 1312; x_wconf 85' lang='lat' dir='ltr'>corpora</span> <span class='ocrx_word' id='word_1_89' title='bbox 1010 1252 1182 1297; x_wconf 86' lang='lat' dir='ltr'>vestra</span> <span class='ocrx_word' id='word_1_90' title='bbox 1188 1251 1407 1311; x_wconf 80' lang='lat' dir='ltr'>propter</span> <span class='ocrx_word' id='word_1_91' title='bbox 1417 1244 1819 1295; x_wconf 86' lang='lat' dir='ltr'>inhabitantem</span> <span class='ocrx_word' id='word_1_92' title='bbox 1834 1245 2094 1309; x_wconf 85' lang='lat' dir='ltr'>spiritum</span> 
     </span>
    </p>
   </div>
   <div class='ocr_carea' id='block_1_14' title="bbox 500 1332 2093 1404">
    <p class='ocr_par' dir='ltr' id='par_1_14' title="bbox 500 1332 2093 1404">
     <span class='ocr_line' id='line_1_14' title="bbox 500 1332 2093 1404; baseline -0.003 -14"><span class='ocrx_word' id='word_1_93' title='bbox 500 1338 614 1404; x_wconf 86' lang='lat' dir='ltr'>ejus</span> <span class='ocrx_word' id='word_1_94' title='bbox 630 1338 692 1386; x_wconf 91' lang='lat' dir='ltr'>in</span> <span class='ocrx_word' id='word_1_95' title='bbox 713 1335 855 1386; x_wconf 85' lang='lat' dir='ltr'>vobis</span> <span class='ocrx_word' id='word_1_96' title='bbox 876 1336 1042 1400; x_wconf 90' lang='lat' dir='ltr'>(Rom.</span> <span class='ocrx_word' id='word_1_97' title='bbox 1070 1333 1159 1400; x_wconf 90' lang='lat'>8.).</span> <span class='ocrx_word' id='word_1_98' title='bbox 1180 1337 1246 1386; x_wconf 86' lang='lat' dir='ltr'>Et</span> <span class='ocrx_word' id='word_1_99' title='bbox 1265 1335 1471 1386; x_wconf 86' lang='lat' dir='ltr'>iterum</span> <span class='ocrx_word' id='word_1_100' title='bbox 1518 1334 1640 1397; x_wconf 90' lang='lat' dir='ltr'>ipse</span> <span class='ocrx_word' id='word_1_101' title='bbox 1664 1334 1926 1385; x_wconf 83' lang='lat' dir='ltr'>Christus</span> <span class='ocrx_word' id='word_1_102' title='bbox 1954 1332 2093 1385; x_wconf 85' lang='lat' dir='ltr'>dicit</span> 
     </span>
    </p>
   </div>
   <div class='ocr_carea' id='block_1_15' title="bbox 496 1422 2094 1490">
    <p class='ocr_par' dir='ltr' id='par_1_15' title="bbox 496 1422 2094 1490">
     <span class='ocr_line' id='line_1_15' title="bbox 496 1422 2094 1490; baseline -0.006 -11"><span class='ocrx_word' id='word_1_103' title='bbox 496 1429 557 1480; x_wconf 87' lang='lat' dir='ltr'>in</span> <span class='ocrx_word' id='word_1_104' title='bbox 580 1426 923 1490; x_wconf 86' lang='lat' dir='ltr'>Evangeliis,</span> <span class='ocrx_word' id='word_1_105' title='bbox 960 1424 1152 1475; x_wconf 87' lang='lat' dir='ltr'>Solvite</span> <span class='ocrx_word' id='word_1_106' title='bbox 1178 1424 1435 1489; x_wconf 75' lang='lat' dir='ltr'>templum</span> <span class='ocrx_word' id='word_1_107' title='bbox 1485 1424 1598 1484; x_wconf 89' lang='lat' dir='ltr'>hoc,</span> <span class='ocrx_word' id='word_1_108' title='bbox 1634 1427 1679 1471; x_wconf 91' lang='lat' dir='ltr'>et</span> <span class='ocrx_word' id='word_1_109' title='bbox 1711 1438 1801 1486; x_wconf 86' lang='lat' dir='ltr'>ego</span> <span class='ocrx_word' id='word_1_110' title='bbox 1824 1422 1884 1471; x_wconf 87' lang='lat' dir='ltr'>in</span> <span class='ocrx_word' id='word_1_111' title='bbox 1922 1422 2094 1471; x_wconf 85' lang='lat' dir='ltr'>tribus</span> 
     </span>
    </p>
   </div>
   <div class='ocr_carea' id='block_1_16' title="bbox 497 1511 2094 1576">
    <p class='ocr_par' dir='ltr' id='par_1_16' title="bbox 497 1511 2094 1576">
     <span class='ocr_line' id='line_1_16' title="bbox 497 1511 2094 1576; baseline -0.004 -9"><span class='ocrx_word' id='word_1_112' title='bbox 497 1517 680 1568; x_wconf 84' lang='lat' dir='ltr'>diebus</span> <span class='ocrx_word' id='word_1_113' title='bbox 719 1513 978 1564; x_wconf 76' lang='lat' dir='ltr'>suscitabo</span> <span class='ocrx_word' id='word_1_114' title='bbox 1014 1514 1185 1564; x_wconf 87' lang='lat' dir='ltr'>illud:</span> <span class='ocrx_word' id='word_1_115' title='bbox 1227 1514 1323 1563; x_wconf 85' lang='lat' dir='ltr'>hoc</span> <span class='ocrx_word' id='word_1_116' title='bbox 1357 1517 1538 1562; x_wconf 83' lang='lat' dir='ltr'>autem</span> <span class='ocrx_word' id='word_1_117' title='bbox 1561 1513 1761 1563; x_wconf 87' lang='lat' dir='ltr'>dicebat</span> <span class='ocrx_word' id='word_1_118' title='bbox 1799 1513 1861 1562; x_wconf 86' lang='lat' dir='ltr'>de</span> <span class='ocrx_word' id='word_1_119' title='bbox 1904 1511 2094 1576; x_wconf 86' lang='lat' dir='ltr'>templo</span> 
     </span>
    </p>
   </div>
   <div class='ocr_carea' id='block_1_17' title="bbox 500 1601 2096 1670">
    <p class='ocr_par' dir='ltr' id='par_1_17' title="bbox 500 1601 2096 1670">
     <span class='ocr_line' id='line_1_17' title="bbox 500 1601 2096 1670; baseline -0.004 -13"><span class='ocrx_word' id='word_1_120' title='bbox 500 1604 742 1670; x_wconf 85' lang='lat' dir='ltr'>corporis</span> <span class='ocrx_word' id='word_1_121' title='bbox 788 1603 876 1653; x_wconf 85' lang='lat' dir='ltr'>sui</span> <span class='ocrx_word' id='word_1_122' title='bbox 901 1602 1079 1668; x_wconf 88' lang='lat' dir='ltr'>(Joan.</span> <span class='ocrx_word' id='word_1_123' title='bbox 1117 1601 1212 1667; x_wconf 71' lang='grc'>2.),</span> <span class='ocrx_word' id='word_1_124' title='bbox 1242 1601 1386 1665; x_wconf 84' lang='lat' dir='ltr'>Quia</span> <span class='ocrx_word' id='word_1_125' title='bbox 1408 1613 1542 1655; x_wconf 88' lang='lat' dir='ltr'>vero</span> <span class='ocrx_word' id='word_1_126' title='bbox 1565 1601 1689 1667; x_wconf 89' lang='lat' dir='ltr'>ipse</span> <span class='ocrx_word' id='word_1_127' title='bbox 1735 1601 1893 1665; x_wconf 84' lang='lat' dir='ltr'>dicit,</span> <span class='ocrx_word' id='word_1_128' title='bbox 1918 1601 2096 1652; x_wconf 90' lang='lat' dir='ltr'>susci-</span> 
     </span>
    </p>
   </div>
   <div class='ocr_carea' id='block_1_18' title="bbox 498 1689 2096 1758">
    <p class='ocr_par' dir='ltr' id='par_1_18' title="bbox 498 1689 2096 1758">
     <span class='ocr_line' id='line_1_18' title="bbox 498 1689 2096 1758; baseline -0.004 -11"><span class='ocrx_word' id='word_1_129' title='bbox 498 1699 652 1748; x_wconf 87' lang='lat' dir='ltr'>tasse</span> <span class='ocrx_word' id='word_1_130' title='bbox 669 1692 944 1758; x_wconf 87' lang='lat' dir='ltr'>templum</span> <span class='ocrx_word' id='word_1_131' title='bbox 967 1705 1159 1755; x_wconf 90' lang='lat' dir='ltr'>suum,</span> <span class='ocrx_word' id='word_1_132' title='bbox 1183 1696 1244 1744; x_wconf 90' lang='lat' dir='ltr'>et</span> <span class='ocrx_word' id='word_1_133' title='bbox 1282 1693 1435 1743; x_wconf 91' lang='lat' dir='ltr'>Deus</span> <span class='ocrx_word' id='word_1_134' title='bbox 1463 1690 1628 1743; x_wconf 89' lang='lat' dir='ltr'>illum</span> <span class='ocrx_word' id='word_1_135' title='bbox 1671 1691 1879 1743; x_wconf 85' lang='lat' dir='ltr'>dicitur</span> <span class='ocrx_word' id='word_1_136' title='bbox 1910 1689 2096 1742; x_wconf 90' lang='lat' dir='ltr'>susci-</span> 
     </span>
    </p>
   </div>
   <div class='ocr_carea' id='block_1_19' title="bbox 2193 527 3802 595">
    <p class='ocr_par' dir='ltr' id='par_1_19' title="bbox 2193 527 3802 595">
     <span class='ocr_line' id='line_1_19' title="bbox 2193 527 3802 595; baseline 0 -14"><span class='ocrx_word' id='word_1_137' title='bbox 2193 543 2322 581; x_wconf 88' lang='lat' dir='ltr'>esse</span> <span class='ocrx_word' id='word_1_138' title='bbox 2348 529 2470 580; x_wconf 88' lang='lat' dir='ltr'>sine</span> <span class='ocrx_word' id='word_1_139' title='bbox 2502 528 2677 579; x_wconf 91' lang='lat' dir='ltr'>dubio</span> <span class='ocrx_word' id='word_1_140' title='bbox 2704 527 3028 592; x_wconf 85' lang='lat' dir='ltr'>spiritaliter</span> <span class='ocrx_word' id='word_1_141' title='bbox 3050 528 3443 593; x_wconf 82' lang='lat' dir='ltr'>intelligenda,</span> <span class='ocrx_word' id='word_1_142' title='bbox 3485 541 3630 593; x_wconf 70' lang='lat' dir='ltr'>quae</span> <span class='ocrx_word' id='word_1_143' title='bbox 3654 532 3802 595; x_wconf 82' lang='lat' dir='ltr'>Apo-</span> 
     </span>
    </p>
   </div>
   <div class='ocr_carea' id='block_1_20' title="bbox 2194 616 3803 682">
    <p class='ocr_par' dir='ltr' id='par_1_20' title="bbox 2194 616 3803 682">
     <span class='ocr_line' id='line_1_20' title="bbox 2194 616 3803 682; baseline 0.001 -12"><span class='ocrx_word' id='word_1_144' title='bbox 2194 618 2357 671; x_wconf 89' lang='lat' dir='ltr'>stolis</span> <span class='ocrx_word' id='word_1_145' title='bbox 2382 618 2520 669; x_wconf 88' lang='lat' dir='ltr'>dicit</span> <span class='ocrx_word' id='word_1_146' title='bbox 2546 618 2819 681; x_wconf 87' lang='lat' dir='ltr'>populum</span> <span class='ocrx_word' id='word_1_147' title='bbox 2861 617 3137 669; x_wconf 87' lang='lat' dir='ltr'>Fidelium</span> <span class='ocrx_word' id='word_1_148' title='bbox 3162 616 3232 679; x_wconf 86' lang='grc'>(1.</span> <span class='ocrx_word' id='word_1_149' title='bbox 3278 618 3402 669; x_wconf 87' lang='lat' dir='ltr'>Cor.</span> <span class='ocrx_word' id='word_1_150' title='bbox 3432 618 3527 682; x_wconf 90' lang='lat'>6.).</span> <span class='ocrx_word' id='word_1_151' title='bbox 3558 620 3803 671; x_wconf 87' lang='lat' dir='ltr'>Possunt</span> 
     </span>
    </p>
   </div>
   <div class='ocr_carea' id='block_1_21' title="bbox 2193 704 3802 771">
    <p class='ocr_par' dir='ltr' id='par_1_21' title="bbox 2193 704 3802 771">
     <span class='ocr_line' id='line_1_21' title="bbox 2193 704 3802 771; baseline 0 -12"><span class='ocrx_word' id='word_1_152' title='bbox 2193 720 2326 771; x_wconf 85' lang='lat' dir='ltr'>ergo</span> <span class='ocrx_word' id='word_1_153' title='bbox 2360 712 2419 758; x_wconf 91' lang='lat' dir='ltr'>et</span> <span class='ocrx_word' id='word_1_154' title='bbox 2443 706 2652 758; x_wconf 83' lang='lat' dir='ltr'>femora.</span> <span class='ocrx_word' id='word_1_155' title='bbox 2687 707 2815 769; x_wconf 86' lang='lat' dir='ltr'>ejus</span> <span class='ocrx_word' id='word_1_156' title='bbox 2856 704 3181 769; x_wconf 85' lang='lat' dir='ltr'>spiritaliter</span> <span class='ocrx_word' id='word_1_157' title='bbox 3222 707 3513 759; x_wconf 87' lang='lat' dir='ltr'>intellecta</span> <span class='ocrx_word' id='word_1_158' title='bbox 3555 707 3802 759; x_wconf 77' lang='lat' dir='ltr'>indicare</span> 
     </span>
    </p>
   </div>
   <div class='ocr_carea' id='block_1_22' title="bbox 2193 793 3801 859">
    <p class='ocr_par' dir='ltr' id='par_1_22' title="bbox 2193 793 3801 859">
     <span class='ocr_line' id='line_1_22' title="bbox 2193 793 3801 859; baseline -0.001 -12"><span class='ocrx_word' id='word_1_159' title='bbox 2193 808 2310 857; x_wconf 89' lang='lat' dir='ltr'>eos,</span> <span class='ocrx_word' id='word_1_160' title='bbox 2358 795 2458 859; x_wconf 89' lang='lat' dir='ltr'>qui</span> <span class='ocrx_word' id='word_1_161' title='bbox 2510 807 2612 859; x_wconf 91' lang='lat' dir='ltr'>pro</span> <span class='ocrx_word' id='word_1_162' title='bbox 2652 793 2921 846; x_wconf 87' lang='lat' dir='ltr'>ﬁrmitate</span> <span class='ocrx_word' id='word_1_163' title='bbox 2967 798 3025 847; x_wconf 91' lang='lat' dir='ltr'>et</span> <span class='ocrx_word' id='word_1_164' title='bbox 3066 796 3396 848; x_wconf 85' lang='lat' dir='ltr'>constantia</span> <span class='ocrx_word' id='word_1_165' title='bbox 3428 795 3801 855; x_wconf 83' lang='lat' dir='ltr'>fortitudinis,</span> 
     </span>
    </p>
   </div>
   <div class='ocr_carea' id='block_1_23' title="bbox 2194 882 3803 949">
    <p class='ocr_par' dir='ltr' id='par_1_23' title="bbox 2194 882 3803 949">
     <span class='ocr_line' id='line_1_23' title="bbox 2194 882 3803 949; baseline -0.001 -12"><span class='ocrx_word' id='word_1_166' title='bbox 2194 896 2364 938; x_wconf 91' lang='lat' dir='ltr'>omne</span> <span class='ocrx_word' id='word_1_167' title='bbox 2388 896 2595 949; x_wconf 88' lang='lat' dir='ltr'>corpus</span> <span class='ocrx_word' id='word_1_168' title='bbox 2620 882 2891 935; x_wconf 81' lang='lat' dir='ltr'>Ecclesiae</span> <span class='ocrx_word' id='word_1_169' title='bbox 2903 886 3224 936; x_wconf 86' lang='lat' dir='ltr'>sustentare</span> <span class='ocrx_word' id='word_1_170' title='bbox 3244 883 3528 949; x_wconf 89' lang='lat' dir='ltr'>videntur,</span> <span class='ocrx_word' id='word_1_171' title='bbox 3549 889 3611 936; x_wconf 90' lang='lat' dir='ltr'>et</span> <span class='ocrx_word' id='word_1_172' title='bbox 3632 884 3803 937; x_wconf 89' lang='lat' dir='ltr'>ferre:</span> 
     </span>
    </p>
   </div>
   <div class='ocr_carea' id='block_1_24' title="bbox 2196 972 3806 1037">
    <p class='ocr_par' dir='ltr' id='par_1_24' title="bbox 2196 972 3806 1037">
     <span class='ocr_line' id='line_1_24' title="bbox 2196 972 3806 1037; baseline 0.001 -12"><span class='ocrx_word' id='word_1_173' title='bbox 2196 974 2286 1026; x_wconf 93' lang='lat' dir='ltr'>vel</span> <span class='ocrx_word' id='word_1_174' title='bbox 2300 973 2435 1037; x_wconf 89' lang='lat' dir='ltr'>quia</span> <span class='ocrx_word' id='word_1_175' title='bbox 2457 972 2693 1024; x_wconf 88' lang='lat' dir='ltr'>humani</span> <span class='ocrx_word' id='word_1_176' title='bbox 2717 972 2953 1024; x_wconf 86' lang='lat' dir='ltr'>seminis</span> <span class='ocrx_word' id='word_1_177' title='bbox 2970 972 3254 1037; x_wconf 88' lang='lat' dir='ltr'>judicium</span> <span class='ocrx_word' id='word_1_178' title='bbox 3267 973 3412 1026; x_wconf 90' lang='lat' dir='ltr'>solet</span> <span class='ocrx_word' id='word_1_179' title='bbox 3434 973 3494 1025; x_wconf 93' lang='lat' dir='ltr'>in</span> <span class='ocrx_word' id='word_1_180' title='bbox 3517 973 3806 1027; x_wconf 88' lang='lat' dir='ltr'>femorum</span> 
     </span>
    </p>
   </div>
   <div class='ocr_carea' id='block_1_25' title="bbox 2194 1060 3807 1126">
    <p class='ocr_par' dir='ltr' id='par_1_25' title="bbox 2194 1060 3807 1126">
     <span class='ocr_line' id='line_1_25' title="bbox 2194 1060 3807 1126; baseline 0.001 -14"><span class='ocrx_word' id='word_1_181' title='bbox 2194 1061 2571 1125; x_wconf 84' lang='lat' dir='ltr'>appellatione</span> <span class='ocrx_word' id='word_1_182' title='bbox 2594 1060 2907 1124; x_wconf 83' lang='lat' dir='ltr'>ﬁguraliter</span> <span class='ocrx_word' id='word_1_183' title='bbox 2949 1061 3080 1125; x_wconf 90' lang='lat' dir='ltr'>dici,</span> <span class='ocrx_word' id='word_1_184' title='bbox 3104 1061 3259 1126; x_wconf 90' lang='lat' dir='ltr'>apud</span> <span class='ocrx_word' id='word_1_185' title='bbox 3308 1074 3417 1114; x_wconf 91' lang='lat' dir='ltr'>nos</span> <span class='ocrx_word' id='word_1_186' title='bbox 3456 1065 3663 1114; x_wconf 89' lang='lat' dir='ltr'>autem</span> <span class='ocrx_word' id='word_1_187' title='bbox 3709 1064 3807 1126; x_wconf 88' lang='lat' dir='ltr'>qui</span> 
     </span>
    </p>
   </div>
   <div class='ocr_carea' id='block_1_26' title="bbox 2198 1149 3813 1218">
    <p class='ocr_par' dir='ltr' id='par_1_26' title="bbox 2198 1149 3813 1218">
     <span class='ocr_line' id='line_1_26' title="bbox 2198 1149 3813 1218; baseline 0.002 -17"><span class='ocrx_word' id='word_1_188' title='bbox 2198 1151 2460 1214; x_wconf 87' lang='lat' dir='ltr'>seminat,</span> <span class='ocrx_word' id='word_1_189' title='bbox 2482 1150 2724 1202; x_wconf 79' lang='lat' dir='ltr'>verbum</span> <span class='ocrx_word' id='word_1_190' title='bbox 2760 1150 3006 1203; x_wconf 88' lang='lat' dir='ltr'>seminat</span> <span class='ocrx_word' id='word_1_191' title='bbox 3044 1151 3190 1213; x_wconf 86' lang='lat' dir='ltr'>(Luc.</span> <span class='ocrx_word' id='word_1_192' title='bbox 3216 1149 3313 1212; x_wconf 92' lang='lat'>8.).</span> <span class='ocrx_word' id='word_1_193' title='bbox 3339 1170 3352 1199; x_wconf 84' lang='lat'><strong>:</strong></span> <span class='ocrx_word' id='word_1_194' title='bbox 3379 1154 3655 1216; x_wconf 89' lang='lat' dir='ltr'>poterunt</span> <span class='ocrx_word' id='word_1_195' title='bbox 3677 1164 3813 1218; x_wconf 82' lang='lat' dir='ltr'>ergo</span> 
     </span>
    </p>
   </div>
   <div class='ocr_carea' id='block_1_27' title="bbox 2193 1238 3812 1306">
    <p class='ocr_par' dir='ltr' id='par_1_27' title="bbox 2193 1238 3812 1306">
     <span class='ocr_line' id='line_1_27' title="bbox 2193 1238 3812 1306; baseline 0.002 -15"><span class='ocrx_word' id='word_1_196' title='bbox 2193 1239 2273 1303; x_wconf 87' lang='lat' dir='ltr'>hi,</span> <span class='ocrx_word' id='word_1_197' title='bbox 2298 1239 2396 1303; x_wconf 87' lang='lat' dir='ltr'>qui</span> <span class='ocrx_word' id='word_1_198' title='bbox 2441 1238 2829 1291; x_wconf 90' lang='lat' dir='ltr'>ministerium</span> <span class='ocrx_word' id='word_1_199' title='bbox 2862 1240 3020 1292; x_wconf 85' lang='lat' dir='ltr'>verbi</span> <span class='ocrx_word' id='word_1_200' title='bbox 3063 1241 3337 1294; x_wconf 68' lang='lat' dir='ltr'>Ecclesiae</span> <span class='ocrx_word' id='word_1_201' title='bbox 3380 1241 3681 1306; x_wconf 80' lang='lat' dir='ltr'>exhibent,</span> <span class='ocrx_word' id='word_1_202' title='bbox 3741 1243 3812 1295; x_wconf 89' lang='lat' dir='ltr'>de</span> 
     </span>
    </p>
   </div>
   <div class='ocr_carea' id='block_1_28' title="bbox 2196 1328 3807 1395">
    <p class='ocr_par' dir='ltr' id='par_1_28' title="bbox 2196 1328 3807 1395">
     <span class='ocr_line' id='line_1_28' title="bbox 2196 1328 3807 1395; baseline 0.001 -16"><span class='ocrx_word' id='word_1_203' title='bbox 2196 1328 2403 1381; x_wconf 91' lang='lat' dir='ltr'>Christi</span> <span class='ocrx_word' id='word_1_204' title='bbox 2437 1328 2747 1381; x_wconf 86' lang='lat' dir='ltr'>femoribus</span> <span class='ocrx_word' id='word_1_205' title='bbox 2775 1328 3011 1393; x_wconf 76' lang='lat' dir='ltr'>intelligi</span> <span class='ocrx_word' id='word_1_206' title='bbox 3033 1328 3230 1382; x_wconf 90' lang='lat' dir='ltr'>duces.</span> <span class='ocrx_word' id='word_1_207' title='bbox 3259 1329 3541 1395; x_wconf 84' lang='lat' dir='ltr'>Usquequo</span> <span class='ocrx_word' id='word_1_208' title='bbox 3564 1332 3807 1394; x_wconf 83' lang='lat' dir='ltr'>veniant,</span> 
     </span>
    </p>
   </div>
   <div class='ocr_carea' id='block_1_29' title="bbox 2194 1417 3798 1486">
    <p class='ocr_par' dir='ltr' id='par_1_29' title="bbox 2194 1417 3798 1486">
     <span class='ocr_line' id='line_1_29' title="bbox 2194 1417 3798 1486; baseline 0.002 -19"><span class='ocrx_word' id='word_1_209' title='bbox 2194 1432 2311 1482; x_wconf 68' lang='lat' dir='ltr'>quae</span> <span class='ocrx_word' id='word_1_210' title='bbox 2344 1419 2572 1481; x_wconf 85' lang='lat' dir='ltr'>reposita</span> <span class='ocrx_word' id='word_1_211' title='bbox 2608 1422 2735 1467; x_wconf 90' lang='lat' dir='ltr'>sunt</span> <span class='ocrx_word' id='word_1_212' title='bbox 2772 1417 2819 1465; x_wconf 87' lang='lat' dir='ltr'>ei</span> <span class='ocrx_word' id='word_1_213' title='bbox 2851 1432 2864 1469; x_wconf 92' lang='lat'><strong>:</strong></span> <span class='ocrx_word' id='word_1_214' title='bbox 2897 1418 3185 1470; x_wconf 74' lang='lat' dir='ltr'>videbitur</span> <span class='ocrx_word' id='word_1_215' title='bbox 3229 1420 3311 1472; x_wconf 90' lang='lat' dir='ltr'>ita</span> <span class='ocrx_word' id='word_1_216' title='bbox 3338 1431 3509 1485; x_wconf 86' lang='lat' dir='ltr'>posse</span> <span class='ocrx_word' id='word_1_217' title='bbox 3533 1419 3798 1486; x_wconf 71' lang='lat' dir='ltr'>intelligi,</span> 
     </span>
    </p>
   </div>
   <div class='ocr_carea' id='block_1_30' title="bbox 2196 1506 3813 1571">
    <p class='ocr_par' dir='ltr' id='par_1_30' title="bbox 2196 1506 3813 1571">
     <span class='ocr_line' id='line_1_30' title="bbox 2196 1506 3813 1571; baseline 0 -12"><span class='ocrx_word' id='word_1_218' title='bbox 2196 1506 2350 1571; x_wconf 87' lang='lat' dir='ltr'>quod</span> <span class='ocrx_word' id='word_1_219' title='bbox 2376 1506 2645 1571; x_wconf 87' lang='lat' dir='ltr'>usquead</span> <span class='ocrx_word' id='word_1_220' title='bbox 2674 1508 3235 1560; x_wconf 84' lang='lat' dir='ltr'>consummationem</span> <span class='ocrx_word' id='word_1_221' title='bbox 3264 1507 3566 1571; x_wconf 87' lang='lat' dir='ltr'>seculi,non</span> <span class='ocrx_word' id='word_1_222' title='bbox 3593 1512 3813 1559; x_wconf 87' lang='lat' dir='ltr'>deerunt</span> 
     </span>
    </p>
   </div>
   <div class='ocr_carea' id='block_1_31' title="bbox 2191 1595 3808 1663">
    <p class='ocr_par' dir='ltr' id='par_1_31' title="bbox 2191 1595 3808 1663">
     <span class='ocr_line' id='line_1_31' title="bbox 2191 1595 3808 1663; baseline 0.003 -16"><span class='ocrx_word' id='word_1_223' title='bbox 2191 1596 2290 1648; x_wconf 90' lang='lat' dir='ltr'>isti</span> <span class='ocrx_word' id='word_1_224' title='bbox 2307 1596 2502 1657; x_wconf 89' lang='lat' dir='ltr'>duces,</span> <span class='ocrx_word' id='word_1_225' title='bbox 2520 1595 2703 1648; x_wconf 90' lang='lat' dir='ltr'>donec</span> <span class='ocrx_word' id='word_1_226' title='bbox 2734 1595 2969 1649; x_wconf 88' lang='lat' dir='ltr'>veniant</span> <span class='ocrx_word' id='word_1_227' title='bbox 2992 1609 3058 1649; x_wconf 92' lang='lat' dir='ltr'>ea</span> <span class='ocrx_word' id='word_1_228' title='bbox 3073 1609 3205 1661; x_wconf 60' lang='lat' dir='ltr'>qua</span> <span class='ocrx_word' id='word_1_229' title='bbox 3218 1598 3468 1662; x_wconf 90' lang='lat' dir='ltr'>reposita</span> <span class='ocrx_word' id='word_1_230' title='bbox 3492 1604 3650 1659; x_wconf 88' lang='lat' dir='ltr'>sunt,</span> <span class='ocrx_word' id='word_1_231' title='bbox 3670 1611 3808 1663; x_wconf 73' lang='lat' dir='ltr'>quae</span> 
     </span>
    </p>
   </div>
   <div class='ocr_carea' id='block_1_32' title="bbox 2193 1684 3815 1752">
    <p class='ocr_par' dir='ltr' id='par_1_32' title="bbox 2193 1684 3815 1752">
     <span class='ocr_line' id='line_1_32' title="bbox 2193 1684 3815 1752; baseline -0.001 -13"><span class='ocrx_word' id='word_1_232' title='bbox 2193 1685 2488 1751; x_wconf 83' lang='lat' dir='ltr'>apparavit</span> <span class='ocrx_word' id='word_1_233' title='bbox 2502 1687 2655 1737; x_wconf 88' lang='lat' dir='ltr'>Deus</span> <span class='ocrx_word' id='word_1_234' title='bbox 2677 1684 2770 1737; x_wconf 90' lang='lat' dir='ltr'>his</span> <span class='ocrx_word' id='word_1_235' title='bbox 2798 1685 2898 1750; x_wconf 89' lang='lat' dir='ltr'>qui</span> <span class='ocrx_word' id='word_1_236' title='bbox 2921 1685 3166 1751; x_wconf 85' lang='lat' dir='ltr'>diligunt</span> <span class='ocrx_word' id='word_1_237' title='bbox 3189 1699 3341 1739; x_wconf 90' lang='lat' dir='ltr'>eum.</span> <span class='ocrx_word' id='word_1_238' title='bbox 3356 1686 3424 1736; x_wconf 85' lang='lat' dir='ltr'>Et</span> <span class='ocrx_word' id='word_1_239' title='bbox 3460 1686 3573 1752; x_wconf 86' lang='lat' dir='ltr'>ipse</span> <span class='ocrx_word' id='word_1_240' title='bbox 3596 1689 3699 1737; x_wconf 80' lang='lat' dir='ltr'>erit</span> <span class='ocrx_word' id='word_1_241' title='bbox 3720 1704 3815 1738; x_wconf 74' lang='lat' dir='ltr'>eac-</span> 
     </span>
    </p>
   </div>
   <div class='ocr_carea' id='block_1_33' title="bbox 497 1775 3814 1850">
    <p class='ocr_par' dir='ltr' id='par_1_33' title="bbox 497 1775 3814 1850">
     <span class='ocr_line' id='line_1_33' title="bbox 497 1775 3814 1850; baseline -0.002 -12"><span class='ocrx_word' id='word_1_242' title='bbox 497 1789 689 1838; x_wconf 84' lang='lat' dir='ltr'>tasse:</span> <span class='ocrx_word' id='word_1_243' title='bbox 728 1787 878 1835; x_wconf 86' lang='lat' dir='ltr'>recte</span> <span class='ocrx_word' id='word_1_244' title='bbox 915 1782 1192 1847; x_wconf 81' lang='lat' dir='ltr'>Propheta</span> <span class='ocrx_word' id='word_1_245' title='bbox 1228 1785 1460 1846; x_wconf 88' lang='lat' dir='ltr'>stupore</span> <span class='ocrx_word' id='word_1_246' title='bbox 1492 1783 1671 1834; x_wconf 76' lang='lat' dir='ltr'>tantes</span> <span class='ocrx_word' id='word_1_247' title='bbox 1695 1780 1875 1833; x_wconf 88' lang='lat' dir='ltr'>Patris</span> <span class='ocrx_word' id='word_1_248' title='bbox 1900 1784 1960 1833; x_wconf 90' lang='lat' dir='ltr'>et</span> <span class='ocrx_word' id='word_1_249' title='bbox 1972 1778 2095 1831; x_wconf 85' lang='lat' dir='ltr'>Filii</span> <span class='ocrx_word' id='word_1_250' title='bbox 2126 1777 2174 1850; x_wconf 83' lang='grc' dir='ltr'>Β</span> <span class='ocrx_word' id='word_1_251' title='bbox 2203 1775 2451 1842; x_wconf 73' lang='lat' dir='ltr'>spectatio</span> <span class='ocrx_word' id='word_1_252' title='bbox 2475 1775 2734 1838; x_wconf 87' lang='lat' dir='ltr'>gentium.</span> <span class='ocrx_word' id='word_1_253' title='bbox 2761 1777 2827 1828; x_wconf 91' lang='lat' dir='ltr'>In</span> <span class='ocrx_word' id='word_1_254' title='bbox 2851 1775 2941 1827; x_wconf 90' lang='lat' dir='ltr'>die</span> <span class='ocrx_word' id='word_1_255' title='bbox 2965 1776 3183 1828; x_wconf 89' lang='lat' dir='ltr'>scilicet</span> <span class='ocrx_word' id='word_1_256' title='bbox 3199 1776 3418 1841; x_wconf 86' lang='lat' dir='ltr'>judicii,</span> <span class='ocrx_word' id='word_1_257' title='bbox 3442 1789 3574 1828; x_wconf 88' lang='lat' dir='ltr'>cum</span> <span class='ocrx_word' id='word_1_258' title='bbox 3606 1790 3814 1830; x_wconf 86' lang='lat' dir='ltr'>omnes</span> 
     </span>
    </p>
   </div>
   <div class='ocr_carea' id='block_1_34' title="bbox 498 1869 2096 1936">
    <p class='ocr_par' dir='ltr' id='par_1_34' title="bbox 498 1869 2096 1936">
     <span class='ocr_line' id='line_1_34' title="bbox 498 1869 2096 1936; baseline -0.001 -13"><span class='ocrx_word' id='word_1_259' title='bbox 498 1889 528 1923; x_wconf 85' lang='lat' dir='ltr'>a</span> <span class='ocrx_word' id='word_1_260' title='bbox 560 1873 817 1934; x_wconf 83' lang='lat' dir='ltr'>unitatis,</span> <span class='ocrx_word' id='word_1_261' title='bbox 860 1875 1030 1936; x_wconf 87' lang='lat' dir='ltr'>atque</span> <span class='ocrx_word' id='word_1_262' title='bbox 1105 1870 1529 1924; x_wconf 90' lang='lat' dir='ltr'>indiscretionis</span> <span class='ocrx_word' id='word_1_263' title='bbox 1607 1871 1886 1923; x_wconf 88' lang='lat' dir='ltr'>attonitus</span> <span class='ocrx_word' id='word_1_264' title='bbox 1939 1869 2096 1933; x_wconf 90' lang='lat' dir='ltr'>dicit,</span> 
     </span>
    </p>
   </div>
   <div class='ocr_carea' id='block_1_35' title="bbox 503 1960 1129 2022">
    <p class='ocr_par' dir='ltr' id='par_1_35' title="bbox 503 1960 1129 2022">
     <span class='ocr_line' id='line_1_35' title="bbox 503 1960 1129 2022; baseline -0.003 -9"><span class='ocrx_word' id='word_1_265' title='bbox 503 1962 633 2022; x_wconf 84' lang='lat' dir='ltr'>Quis</span> <span class='ocrx_word' id='word_1_266' title='bbox 667 1960 940 2012; x_wconf 84' lang='lat' dir='ltr'>suscitabit</span> <span class='ocrx_word' id='word_1_267' title='bbox 959 1976 1079 2009; x_wconf 88' lang='lat' dir='ltr'>eum</span> <span class='ocrx_word' id='word_1_268' title='bbox 1102 1963 1129 2011; x_wconf 79' lang='lat' dir='ltr'>‘t</span> 
     </span>
    </p>
   </div>
   <div class='ocr_carea' id='block_1_36' title="bbox 564 2070 2101 2141">
    <p class='ocr_par' dir='ltr' id='par_1_36' title="bbox 564 2070 2101 2141">
     <span class='ocr_line' id='line_1_36' title="bbox 564 2070 2101 2141; baseline -0.007 -8"><span class='ocrx_word' id='word_1_269' title='bbox 564 2077 616 2134; x_wconf 91' lang='lat'>3.</span> <span class='ocrx_word' id='word_1_270' title='bbox 651 2078 778 2129; x_wconf 88' lang='lat' dir='ltr'>Non</span> <span class='ocrx_word' id='word_1_271' title='bbox 829 2078 1028 2139; x_wconf 85' lang='lat' dir='ltr'>deﬁciet</span> <span class='ocrx_word' id='word_1_272' title='bbox 1062 2070 1321 2141; x_wconf 76' lang='lat' dir='ltr'>Princeps</span> <span class='ocrx_word' id='word_1_273' title='bbox 1368 2092 1435 2126; x_wconf 76' lang='lat' dir='ltr'>ea:</span> <span class='ocrx_word' id='word_1_274' title='bbox 1467 2076 1636 2140; x_wconf 85' lang='lat' dir='ltr'>Juda,</span> <span class='ocrx_word' id='word_1_275' title='bbox 1684 2090 1854 2140; x_wconf 88' lang='lat' dir='ltr'>neque</span> <span class='ocrx_word' id='word_1_276' title='bbox 1881 2074 1999 2124; x_wconf 75' lang='lat' dir='ltr'>dua:</span> <span class='ocrx_word' id='word_1_277' title='bbox 2040 2074 2101 2124; x_wconf 88' lang='lat' dir='ltr'>de</span> 
     </span>
    </p>
   </div>
   <div class='ocr_carea' id='block_1_37' title="bbox 2202 1864 3814 1931">
    <p class='ocr_par' dir='ltr' id='par_1_37' title="bbox 2202 1864 3814 1931">
     <span class='ocr_line' id='line_1_37' title="bbox 2202 1864 3814 1931; baseline 0.001 -13"><span class='ocrx_word' id='word_1_278' title='bbox 2202 1870 2404 1931; x_wconf 78' lang='lat' dir='ltr'>gentes</span> <span class='ocrx_word' id='word_1_279' title='bbox 2420 1869 2478 1916; x_wconf 90' lang='lat' dir='ltr'>et</span> <span class='ocrx_word' id='word_1_280' title='bbox 2499 1864 2691 1929; x_wconf 86' lang='lat' dir='ltr'>populi</span> <span class='ocrx_word' id='word_1_281' title='bbox 2718 1865 3006 1917; x_wconf 88' lang='lat' dir='ltr'>Christum</span> <span class='ocrx_word' id='word_1_282' title='bbox 3018 1864 3291 1930; x_wconf 87' lang='lat' dir='ltr'>judicem,</span> <span class='ocrx_word' id='word_1_283' title='bbox 3315 1866 3375 1918; x_wconf 90' lang='lat' dir='ltr'>in</span> <span class='ocrx_word' id='word_1_284' title='bbox 3394 1878 3606 1930; x_wconf 87' lang='lat' dir='ltr'>pavore</span> <span class='ocrx_word' id='word_1_285' title='bbox 3619 1867 3814 1920; x_wconf 87' lang='lat' dir='ltr'>cordis</span> 
     </span>
    </p>
   </div>
   <div class='ocr_carea' id='block_1_38' title="bbox 2203 1954 3361 2019">
    <p class='ocr_par' dir='ltr' id='par_1_38' title="bbox 2203 1954 3361 2019">
     <span class='ocr_line' id='line_1_38' title="bbox 2203 1954 3361 2019; baseline 0.001 -13"><span class='ocrx_word' id='word_1_286' title='bbox 2203 1958 2259 2007; x_wconf 91' lang='lat' dir='ltr'>et</span> <span class='ocrx_word' id='word_1_287' title='bbox 2269 1957 2509 2007; x_wconf 87' lang='lat' dir='ltr'>tremore</span> <span class='ocrx_word' id='word_1_288' title='bbox 2531 1954 2897 2007; x_wconf 65' lang='lat' dir='ltr'>conscientiae</span> <span class='ocrx_word' id='word_1_289' title='bbox 2920 1956 3361 2019; x_wconf 77' lang='lat' dir='ltr'>exspectabant.</span> 
     </span>
    </p>
   </div>
   <div class='ocr_carea' id='block_1_39' title="bbox 2266 2068 3817 2138">
    <p class='ocr_par' dir='ltr' id='par_1_39' title="bbox 2266 2068 3817 2138">
     <span class='ocr_line' id='line_1_39' title="bbox 2266 2068 3817 2138; baseline -0.004 -12"><span class='ocrx_word' id='word_1_290' title='bbox 2266 2073 2318 2129; x_wconf 75' lang='grc'><strong>4.</strong></span> <span class='ocrx_word' id='word_1_291' title='bbox 2342 2073 2590 2137; x_wconf 81' lang='lat' dir='ltr'>Attigans</span> <span class='ocrx_word' id='word_1_292' title='bbox 2612 2072 2686 2122; x_wconf 88' lang='lat' dir='ltr'>ad</span> <span class='ocrx_word' id='word_1_293' title='bbox 2708 2074 2877 2122; x_wconf 86' lang='lat' dir='ltr'>vitam</span> <span class='ocrx_word' id='word_1_294' title='bbox 2893 2072 3110 2138; x_wconf 83' lang='lat' dir='ltr'>pullum</span> <span class='ocrx_word' id='word_1_295' title='bbox 3134 2089 3317 2138; x_wconf 88' lang='lat' dir='ltr'>suum,</span> <span class='ocrx_word' id='word_1_296' title='bbox 3349 2068 3370 2137; x_wconf 88' lang='grc' dir='ltr'><strong>Ι</strong></span> <span class='ocrx_word' id='word_1_297' title='bbox 3391 2069 3411 2138; x_wconf 90' lang='grc' dir='ltr'><strong>Ι</strong></span> <span class='ocrx_word' id='word_1_298' title='bbox 3472 2075 3517 2120; x_wconf 88' lang='lat' dir='ltr'>et</span> <span class='ocrx_word' id='word_1_299' title='bbox 3557 2072 3634 2121; x_wconf 83' lang='lat' dir='ltr'>ad</span> <span class='ocrx_word' id='word_1_300' title='bbox 3695 2072 3817 2137; x_wconf 61' lang='grc' dir='ltr'>ραι»</span> 
     </span>
    </p>
   </div>
   <div class='ocr_carea' id='block_1_40' title="bbox 497 2163 3818 2232">
    <p class='ocr_par' dir='ltr' id='par_1_40' title="bbox 497 2163 3818 2232">
     <span class='ocr_line' id='line_1_40' title="bbox 497 2163 3818 2232; baseline -0.002 -13"><span class='ocrx_word' id='word_1_301' title='bbox 497 2167 697 2231; x_wconf 87' lang='lat' dir='ltr'>femore</span> <span class='ocrx_word' id='word_1_302' title='bbox 719 2168 851 2232; x_wconf 85' lang='lat' dir='ltr'>ejus,</span> <span class='ocrx_word' id='word_1_303' title='bbox 876 2182 1042 2231; x_wconf 88' lang='lat' dir='ltr'>usque</span> <span class='ocrx_word' id='word_1_304' title='bbox 1082 2182 1188 2231; x_wconf 88' lang='lat' dir='ltr'>quo</span> <span class='ocrx_word' id='word_1_305' title='bbox 1216 2166 1431 2216; x_wconf 85' lang='lat' dir='ltr'>veniant</span> <span class='ocrx_word' id='word_1_306' title='bbox 1454 2182 1534 2231; x_wconf 89' lang='lat' dir='ltr'>ea,</span> <span class='ocrx_word' id='word_1_307' title='bbox 1570 2181 1686 2230; x_wconf 69' lang='lat' dir='ltr'>quae</span> <span class='ocrx_word' id='word_1_308' title='bbox 1719 2166 1949 2230; x_wconf 81' lang='lat' dir='ltr'>reposita</span> <span class='ocrx_word' id='word_1_309' title='bbox 1971 2169 2105 2217; x_wconf 84' lang='lat' dir='ltr'>sunt</span> <span class='ocrx_word' id='word_1_310' title='bbox 2204 2168 2389 2216; x_wconf 82' lang='lat' dir='ltr'>mitem</span> <span class='ocrx_word' id='word_1_311' title='bbox 2440 2166 2657 2231; x_wconf 80' lang='lat' dir='ltr'>pullum</span> <span class='ocrx_word' id='word_1_312' title='bbox 2690 2168 2858 2216; x_wconf 64' lang='lat' dir='ltr'>asiam</span> <span class='ocrx_word' id='word_1_313' title='bbox 2901 2182 3010 2216; x_wconf 62' lang='lat' dir='ltr'>sua</span> <span class='ocrx_word' id='word_1_314' title='bbox 3067 2167 3214 2230; x_wconf 86' lang='lat' dir='ltr'>(Gen.</span> <span class='ocrx_word' id='word_1_315' title='bbox 3257 2166 3344 2221; x_wconf 74' lang='grc'><strong>49.</strong></span> <span class='ocrx_word' id='word_1_316' title='bbox 3402 2163 3530 2227; x_wconf 85' lang='grc'><strong>11.).</strong></span> <span class='ocrx_word' id='word_1_317' title='bbox 3582 2163 3708 2214; x_wconf 91' lang='lat' dir='ltr'>Hoc</span> <span class='ocrx_word' id='word_1_318' title='bbox 3743 2163 3818 2214; x_wconf 87' lang='lat' dir='ltr'>de</span> 
     </span>
    </p>
   </div>
   <div class='ocr_carea' id='block_1_41' title="bbox 504 2253 3813 2321">
    <p class='ocr_par' dir='ltr' id='par_1_41' title="bbox 504 2253 3813 2321">
     <span class='ocr_line' id='line_1_41' title="bbox 504 2253 3813 2321; baseline -0.002 -11"><span class='ocrx_word' id='word_1_319' title='bbox 504 2259 581 2321; x_wconf 90' lang='lat' dir='ltr'>(et</span> <span class='ocrx_word' id='word_1_320' title='bbox 613 2258 847 2310; x_wconf 89' lang='lat' dir='ltr'>velutin</span> <span class='ocrx_word' id='word_1_321' title='bbox 874 2256 999 2308; x_wconf 87' lang='lat' dir='ltr'>aliis</span> <span class='ocrx_word' id='word_1_322' title='bbox 1023 2255 1762 2321; x_wconf 58' lang='lat' dir='ltr'>exemplaribusbhabetur,</span> <span class='ocrx_word' id='word_1_323' title='bbox 1804 2255 1989 2306; x_wconf 84' lang='lat' dir='ltr'>Veniat</span> <span class='ocrx_word' id='word_1_324' title='bbox 2014 2255 2104 2304; x_wconf 87' lang='lat' dir='ltr'>cui</span> <span class='ocrx_word' id='word_1_325' title='bbox 2207 2256 2430 2307; x_wconf 87' lang='lat' dir='ltr'>Christo</span> <span class='ocrx_word' id='word_1_326' title='bbox 2476 2260 2536 2307; x_wconf 85' lang='lat' dir='ltr'>et</span> <span class='ocrx_word' id='word_1_327' title='bbox 2571 2256 2792 2319; x_wconf 89' lang='lat' dir='ltr'>proprie</span> <span class='ocrx_word' id='word_1_328' title='bbox 2817 2255 2837 2284; x_wconf 70' lang='grc' dir='ltr'>δ</span> <span class='ocrx_word' id='word_1_329' title='bbox 2870 2261 2928 2307; x_wconf 90' lang='lat' dir='ltr'>et</span> <span class='ocrx_word' id='word_1_330' title='bbox 2969 2257 3330 2320; x_wconf 81' lang='lat' dir='ltr'>singulariter</span> <span class='ocrx_word' id='word_1_331' title='bbox 3382 2254 3626 2305; x_wconf 85' lang='lat' dir='ltr'>dicitur:</span> <span class='ocrx_word' id='word_1_332' title='bbox 3686 2253 3813 2315; x_wconf 89' lang='lat' dir='ltr'>ipse</span> 
     </span>
    </p>
   </div>
   <div class='ocr_carea' id='block_1_42' title="bbox 504 2341 3814 2412">
    <p class='ocr_par' dir='ltr' id='par_1_42' title="bbox 504 2341 3814 2412">
     <span class='ocr_line' id='line_1_42' title="bbox 504 2341 3814 2412; baseline -0.001 -15"><span class='ocrx_word' id='word_1_333' title='bbox 504 2348 796 2412; x_wconf 79' lang='lat' dir='ltr'>repositum</span> <span class='ocrx_word' id='word_1_334' title='bbox 819 2345 904 2410; x_wconf 86' lang='lat' dir='ltr'>est)</span> <span class='ocrx_word' id='word_1_335' title='bbox 926 2346 1097 2410; x_wconf 83' lang='lat' dir='ltr'>etipsc</span> <span class='ocrx_word' id='word_1_336' title='bbox 1117 2346 1215 2394; x_wconf 86' lang='lat' dir='ltr'>erit</span> <span class='ocrx_word' id='word_1_337' title='bbox 1230 2346 1545 2410; x_wconf 75' lang='lat' dir='ltr'>exspectatio</span> <span class='ocrx_word' id='word_1_338' title='bbox 1576 2345 1818 2409; x_wconf 87' lang='lat' dir='ltr'>gentium</span> <span class='ocrx_word' id='word_1_339' title='bbox 1840 2345 1987 2406; x_wconf 84' lang='lat' dir='ltr'>(Gen.</span> <span class='ocrx_word' id='word_1_340' title='bbox 2017 2343 2100 2399; x_wconf 78' lang='grc'><strong>49.</strong></span> <span class='ocrx_word' id='word_1_341' title='bbox 2208 2346 2363 2398; x_wconf 89' lang='lat' dir='ltr'>enim</span> <span class='ocrx_word' id='word_1_342' title='bbox 2392 2344 2648 2408; x_wconf 73' lang='lat' dir='ltr'>alligavit</span> <span class='ocrx_word' id='word_1_343' title='bbox 2669 2344 2743 2394; x_wconf 76' lang='lat' dir='ltr'>ad</span> <span class='ocrx_word' id='word_1_344' title='bbox 2788 2345 2967 2396; x_wconf 87' lang='lat' dir='ltr'>vitem</span> <span class='ocrx_word' id='word_1_345' title='bbox 3005 2344 3226 2410; x_wconf 88' lang='lat' dir='ltr'>pullum</span> <span class='ocrx_word' id='word_1_346' title='bbox 3256 2356 3449 2407; x_wconf 89' lang='lat' dir='ltr'>suum,</span> <span class='ocrx_word' id='word_1_347' title='bbox 3491 2342 3594 2406; x_wconf 86' lang='lat' dir='ltr'>qui</span> <span class='ocrx_word' id='word_1_348' title='bbox 3629 2341 3814 2392; x_wconf 85' lang='lat' dir='ltr'>dixit:</span> 
     </span>
    </p>
   </div>
   <div class='ocr_carea' id='block_1_43' title="bbox 500 2431 3815 2500">
    <p class='ocr_par' dir='ltr' id='par_1_43' title="bbox 500 2431 3815 2500">
     <span class='ocr_line' id='line_1_43' title="bbox 500 2431 3815 2500; baseline -0.002 -10"><span class='ocrx_word' id='word_1_349' title='bbox 500 2436 608 2498; x_wconf 86' lang='grc'><strong>10.)</strong></span> <span class='ocrx_word' id='word_1_350' title='bbox 635 2438 738 2487; x_wconf 88' lang='lat' dir='ltr'>Hic</span> <span class='ocrx_word' id='word_1_351' title='bbox 766 2435 927 2486; x_wconf 88' lang='lat' dir='ltr'>locus</span> <span class='ocrx_word' id='word_1_352' title='bbox 951 2434 1252 2486; x_wconf 81' lang='lat' dir='ltr'>manifeste</span> <span class='ocrx_word' id='word_1_353' title='bbox 1269 2434 1588 2486; x_wconf 87' lang='lat' dir='ltr'>referturad</span> <span class='ocrx_word' id='word_1_354' title='bbox 1603 2436 1635 2486; x_wconf 88' lang='lat' dir='ltr'><strong>J</strong></span> <span class='ocrx_word' id='word_1_355' title='bbox 1641 2433 1814 2486; x_wconf 90' lang='lat' dir='ltr'>udam</span> <span class='ocrx_word' id='word_1_356' title='bbox 1838 2448 1851 2485; x_wconf 89' lang='lat'>:</span> <span class='ocrx_word' id='word_1_357' title='bbox 1879 2437 2107 2485; x_wconf 89' lang='lat' dir='ltr'>constat</span> <span class='ocrx_word' id='word_1_358' title='bbox 2207 2435 2321 2500; x_wconf 81' lang='lat' dir='ltr'>Ego</span> <span class='ocrx_word' id='word_1_359' title='bbox 2343 2450 2465 2483; x_wconf 86' lang='lat' dir='ltr'>sum</span> <span class='ocrx_word' id='word_1_360' title='bbox 2486 2435 2606 2484; x_wconf 73' lang='lat' dir='ltr'>vitis</span> <span class='ocrx_word' id='word_1_361' title='bbox 2631 2450 2754 2485; x_wconf 86' lang='lat' dir='ltr'>vera</span> <span class='ocrx_word' id='word_1_362' title='bbox 2782 2436 2959 2500; x_wconf 87' lang='lat' dir='ltr'>(Joan.</span> <span class='ocrx_word' id='word_1_363' title='bbox 2994 2433 3124 2497; x_wconf 73' lang='lat'>25.).</span> <span class='ocrx_word' id='word_1_364' title='bbox 3156 2434 3243 2486; x_wconf 88' lang='lat' dir='ltr'>Ad</span> <span class='ocrx_word' id='word_1_365' title='bbox 3268 2434 3416 2485; x_wconf 87' lang='lat' dir='ltr'>hanc</span> <span class='ocrx_word' id='word_1_366' title='bbox 3451 2444 3588 2496; x_wconf 85' lang='lat' dir='ltr'>ergo</span> <span class='ocrx_word' id='word_1_367' title='bbox 3620 2431 3815 2494; x_wconf 81' lang='lat' dir='ltr'>vitem,</span> 
     </span>
    </p>
   </div>
   <div class='ocr_carea' id='block_1_44' title="bbox 505 2520 3817 2589">
    <p class='ocr_par' dir='ltr' id='par_1_44' title="bbox 505 2520 3817 2589">
     <span class='ocr_line' id='line_1_44' title="bbox 505 2520 3817 2589; baseline -0.002 -11"><span class='ocrx_word' id='word_1_368' title='bbox 505 2524 678 2588; x_wconf 87' lang='lat' dir='ltr'>enim,</span> <span class='ocrx_word' id='word_1_369' title='bbox 716 2536 898 2586; x_wconf 89' lang='lat' dir='ltr'>usque</span> <span class='ocrx_word' id='word_1_370' title='bbox 940 2522 1013 2575; x_wconf 90' lang='lat' dir='ltr'>ad</span> <span class='ocrx_word' id='word_1_371' title='bbox 1050 2524 1412 2576; x_wconf 85' lang='lat' dir='ltr'>nativitatem</span> <span class='ocrx_word' id='word_1_372' title='bbox 1436 2523 1645 2575; x_wconf 89' lang='lat' dir='ltr'>Christi</span> <span class='ocrx_word' id='word_1_373' title='bbox 1677 2535 1795 2575; x_wconf 92' lang='lat' dir='ltr'>non</span> <span class='ocrx_word' id='word_1_374' title='bbox 1829 2523 2104 2575; x_wconf 79' lang='lat' dir='ltr'>defecisse</span> <span class='ocrx_word' id='word_1_375' title='bbox 2210 2531 2267 2577; x_wconf 87' lang='lat' dir='ltr'>et</span> <span class='ocrx_word' id='word_1_376' title='bbox 2286 2524 2505 2589; x_wconf 82' lang='lat' dir='ltr'>pullum</span> <span class='ocrx_word' id='word_1_377' title='bbox 2534 2537 2701 2576; x_wconf 88' lang='lat' dir='ltr'>suum</span> <span class='ocrx_word' id='word_1_378' title='bbox 2735 2524 2931 2589; x_wconf 79' lang='lat' dir='ltr'>alligat</span> <span class='ocrx_word' id='word_1_379' title='bbox 2951 2529 3009 2576; x_wconf 92' lang='lat' dir='ltr'>et</span> <span class='ocrx_word' id='word_1_380' title='bbox 3029 2526 3210 2575; x_wconf 66' lang='lat' dir='ltr'>asinae</span> <span class='ocrx_word' id='word_1_381' title='bbox 3235 2535 3361 2574; x_wconf 64' lang='lat' dir='ltr'>sum</span> <span class='ocrx_word' id='word_1_382' title='bbox 3373 2524 3598 2587; x_wconf 89' lang='lat' dir='ltr'>pullum</span> <span class='ocrx_word' id='word_1_383' title='bbox 3625 2520 3817 2585; x_wconf 75' lang='lat' dir='ltr'>(Marc.</span> 
     </span>
    </p>
   </div>
   <div class='ocr_carea' id='block_1_45' title="bbox 510 2607 3821 2681">
    <p class='ocr_par' dir='ltr' id='par_1_45' title="bbox 510 2607 3821 2681">
     <span class='ocr_line' id='line_1_45' title="bbox 510 2607 3821 2681; baseline -0.002 -14"><span class='ocrx_word' id='word_1_384' title='bbox 510 2616 793 2681; x_wconf 84' lang='lat' dir='ltr'>principes</span> <span class='ocrx_word' id='word_1_385' title='bbox 825 2607 911 2679; x_wconf 87' lang='lat' dir='ltr'>IO</span> <span class='ocrx_word' id='word_1_386' title='bbox 930 2628 1002 2666; x_wconf 86' lang='lat' dir='ltr'>ex</span> <span class='ocrx_word' id='word_1_387' title='bbox 1035 2628 1242 2679; x_wconf 81' lang='lat' dir='ltr'>genere</span> <span class='ocrx_word' id='word_1_388' title='bbox 1264 2615 1449 2678; x_wconf 65' lang='lat' dir='ltr'>Judw,</span> <span class='ocrx_word' id='word_1_389' title='bbox 1488 2628 1595 2666; x_wconf 89' lang='lat' dir='ltr'>nec</span> <span class='ocrx_word' id='word_1_390' title='bbox 1619 2616 1798 2667; x_wconf 90' lang='lat' dir='ltr'>duces</span> <span class='ocrx_word' id='word_1_391' title='bbox 1828 2616 1896 2667; x_wconf 89' lang='lat' dir='ltr'>de</span> <span class='ocrx_word' id='word_1_392' title='bbox 1924 2619 2106 2668; x_wconf 78' lang='lat' dir='ltr'>fomo-</span> <span class='ocrx_word' id='word_1_393' title='bbox 2212 2613 2239 2668; x_wconf 85' lang='grc'>1</span> <span class='ocrx_word' id='word_1_394' title='bbox 2258 2617 2336 2677; x_wconf 81' lang='lat'>1.).</span> <span class='ocrx_word' id='word_1_395' title='bbox 2355 2614 2547 2666; x_wconf 85' lang='lat' dir='ltr'>Pullus</span> <span class='ocrx_word' id='word_1_396' title='bbox 2564 2627 2707 2665; x_wconf 87' lang='lat' dir='ltr'>suus</span> <span class='ocrx_word' id='word_1_397' title='bbox 2727 2620 2906 2666; x_wconf 87' lang='lat' dir='ltr'>estex</span> <span class='ocrx_word' id='word_1_398' title='bbox 2920 2614 3191 2677; x_wconf 77' lang='lat' dir='ltr'>gentibus</span> <span class='ocrx_word' id='word_1_399' title='bbox 3202 2611 3463 2677; x_wconf 85' lang='lat' dir='ltr'>populus,</span> <span class='ocrx_word' id='word_1_400' title='bbox 3490 2608 3586 2662; x_wconf 83' lang='lat' dir='ltr'>cui</span> <span class='ocrx_word' id='word_1_401' title='bbox 3620 2611 3821 2675; x_wconf 86' lang='lat' dir='ltr'>utique</span> 
     </span>
    </p>
   </div>
   <div class='ocr_carea' id='block_1_46' title="bbox 512 2700 3821 2771">
    <p class='ocr_par' dir='ltr' id='par_1_46' title="bbox 512 2700 3821 2771">
     <span class='ocr_line' id='line_1_46' title="bbox 512 2700 3821 2771; baseline -0.003 -12"><span class='ocrx_word' id='word_1_402' title='bbox 512 2708 674 2759; x_wconf 88' lang='lat' dir='ltr'>ribus</span> <span class='ocrx_word' id='word_1_403' title='bbox 697 2707 843 2771; x_wconf 86' lang='lat' dir='ltr'>ejus,</span> <span class='ocrx_word' id='word_1_404' title='bbox 865 2718 1047 2769; x_wconf 89' lang='lat' dir='ltr'>usque</span> <span class='ocrx_word' id='word_1_405' title='bbox 1060 2706 1131 2757; x_wconf 86' lang='lat' dir='ltr'>ad</span> <span class='ocrx_word' id='word_1_406' title='bbox 1148 2706 1431 2758; x_wconf 86' lang='lat' dir='ltr'>Herodem</span> <span class='ocrx_word' id='word_1_407' title='bbox 1442 2719 1655 2771; x_wconf 87' lang='lat' dir='ltr'>regem,</span> <span class='ocrx_word' id='word_1_408' title='bbox 1672 2707 1772 2770; x_wconf 89' lang='lat' dir='ltr'>qui</span> <span class='ocrx_word' id='word_1_409' title='bbox 1794 2708 2112 2759; x_wconf 86' lang='lat' dir='ltr'>secundum</span> <span class='ocrx_word' id='word_1_410' title='bbox 2212 2715 2515 2766; x_wconf 83' lang='lat' dir='ltr'>nunquam</span> <span class='ocrx_word' id='word_1_411' title='bbox 2543 2703 2731 2755; x_wconf 90' lang='lat' dir='ltr'>adhuc</span> <span class='ocrx_word' id='word_1_412' title='bbox 2767 2703 2936 2767; x_wconf 87' lang='lat' dir='ltr'>Logis</span> <span class='ocrx_word' id='word_1_413' title='bbox 2962 2715 3110 2754; x_wconf 91' lang='lat' dir='ltr'>onus</span> <span class='ocrx_word' id='word_1_414' title='bbox 3152 2702 3337 2753; x_wconf 80' lang='lat' dir='ltr'>fuerat</span> <span class='ocrx_word' id='word_1_415' title='bbox 3375 2700 3741 2765; x_wconf 88' lang='lat' dir='ltr'>impositum,</span> <span class='ocrx_word' id='word_1_416' title='bbox 3766 2705 3821 2750; x_wconf 87' lang='lat' dir='ltr'>et</span> 
     </span>
    </p>
   </div>
   <div class='ocr_carea' id='block_1_47' title="bbox 516 2789 3818 2862">
    <p class='ocr_par' dir='ltr' id='par_1_47' title="bbox 516 2789 3818 2862">
     <span class='ocr_line' id='line_1_47' title="bbox 516 2789 3818 2862; baseline -0.003 -14"><span class='ocrx_word' id='word_1_417' title='bbox 516 2796 689 2848; x_wconf 90' lang='lat' dir='ltr'>ﬁdcm</span> <span class='ocrx_word' id='word_1_418' title='bbox 710 2794 985 2856; x_wconf 63' lang='lat' dir='ltr'>historiae,</span> <span class='ocrx_word' id='word_1_419' title='bbox 1012 2808 1185 2859; x_wconf 89' lang='lat' dir='ltr'>quam</span> <span class='ocrx_word' id='word_1_420' title='bbox 1219 2797 1539 2860; x_wconf 78' lang='lat' dir='ltr'>Joscphus-</span> <span class='ocrx_word' id='word_1_421' title='bbox 1564 2797 1774 2861; x_wconf 84' lang='lat' dir='ltr'>scribit,</span> <span class='ocrx_word' id='word_1_422' title='bbox 1799 2797 2112 2862; x_wconf 83' lang='lat' dir='ltr'>alienigena</span> <span class='ocrx_word' id='word_1_423' title='bbox 2215 2804 2388 2856; x_wconf 83' lang='lat' dir='ltr'>supra</span> <span class='ocrx_word' id='word_1_424' title='bbox 2411 2804 2599 2855; x_wconf 88' lang='lat' dir='ltr'>quem,</span> <span class='ocrx_word' id='word_1_425' title='bbox 2618 2792 2731 2843; x_wconf 89' lang='lat' dir='ltr'>nisi</span> <span class='ocrx_word' id='word_1_426' title='bbox 2750 2792 2874 2855; x_wconf 91' lang='lat' dir='ltr'>ipse</span> <span class='ocrx_word' id='word_1_427' title='bbox 2898 2792 3138 2857; x_wconf 89' lang='lat' dir='ltr'>primus,</span> <span class='ocrx_word' id='word_1_428' title='bbox 3161 2802 3331 2843; x_wconf 89' lang='lat' dir='ltr'>nemo</span> <span class='ocrx_word' id='word_1_429' title='bbox 3354 2789 3648 2841; x_wconf 82' lang='lat' dir='ltr'>insederat</span> <span class='ocrx_word' id='word_1_430' title='bbox 3672 2790 3818 2851; x_wconf 83' lang='lat' dir='ltr'>(Luc.</span> 
     </span>
    </p>
   </div>
   <div class='ocr_carea' id='block_1_48' title="bbox 516 2878 3820 2949">
    <p class='ocr_par' dir='ltr' id='par_1_48' title="bbox 516 2878 3820 2949">
     <span class='ocr_line' id='line_1_48' title="bbox 516 2878 3820 2949; baseline -0.003 -12"><span class='ocrx_word' id='word_1_431' title='bbox 516 2885 714 2946; x_wconf 87' lang='lat' dir='ltr'>fuisse,</span> <span class='ocrx_word' id='word_1_432' title='bbox 751 2889 809 2936; x_wconf 90' lang='lat' dir='ltr'>et</span> <span class='ocrx_word' id='word_1_433' title='bbox 831 2898 927 2948; x_wconf 80' lang='lat' dir='ltr'>per</span> <span class='ocrx_word' id='word_1_434' title='bbox 955 2885 1327 2936; x_wconf 86' lang='lat' dir='ltr'>ambitionem</span> <span class='ocrx_word' id='word_1_435' title='bbox 1350 2885 1662 2949; x_wconf 78' lang='lat' dir='ltr'>inregnum</span> <span class='ocrx_word' id='word_1_436' title='bbox 1684 2885 2115 2938; x_wconf 66' lang='lat' dir='ltr'>Judasorumdi-</span> <span class='ocrx_word' id='word_1_437' title='bbox 2215 2878 2341 2944; x_wconf 74' lang='lat'>12.).</span> <span class='ocrx_word' id='word_1_438' title='bbox 2368 2880 2561 2933; x_wconf 87' lang='lat' dir='ltr'>Pullus</span> <span class='ocrx_word' id='word_1_439' title='bbox 2584 2894 2714 2934; x_wconf 88' lang='lat' dir='ltr'>vero</span> <span class='ocrx_word' id='word_1_440' title='bbox 2747 2883 2932 2933; x_wconf 63' lang='lat' dir='ltr'>asinae</span> <span class='ocrx_word' id='word_1_441' title='bbox 2974 2893 3099 2933; x_wconf 66' lang='lat' dir='ltr'>sum</span> <span class='ocrx_word' id='word_1_442' title='bbox 3131 2884 3237 2941; x_wconf 90' lang='lat' dir='ltr'>est,</span> <span class='ocrx_word' id='word_1_443' title='bbox 3265 2878 3361 2943; x_wconf 90' lang='lat' dir='ltr'>qui</span> <span class='ocrx_word' id='word_1_444' title='bbox 3394 2890 3468 2930; x_wconf 86' lang='lat' dir='ltr'>ex</span> <span class='ocrx_word' id='word_1_445' title='bbox 3498 2878 3693 2942; x_wconf 88' lang='lat' dir='ltr'>priore</span> <span class='ocrx_word' id='word_1_446' title='bbox 3715 2890 3820 2942; x_wconf 88' lang='lat' dir='ltr'>po—</span> 
     </span>
    </p>
   </div>
   <div class='ocr_carea' id='block_1_49' title="bbox 522 2967 3821 3039">
    <p class='ocr_par' dir='ltr' id='par_1_49' title="bbox 522 2967 3821 3039">
     <span class='ocr_line' id='line_1_49' title="bbox 522 2967 3821 3039; baseline -0.002 -11"><span class='ocrx_word' id='word_1_447' title='bbox 522 2977 669 3028; x_wconf 89' lang='lat' dir='ltr'>citur</span> <span class='ocrx_word' id='word_1_448' title='bbox 689 2974 1002 3039; x_wconf 89' lang='lat' dir='ltr'>irrepsisse.</span> <span class='ocrx_word' id='word_1_449' title='bbox 1030 2975 1232 3027; x_wconf 86' lang='lat' dir='ltr'>Statim</span> <span class='ocrx_word' id='word_1_450' title='bbox 1257 2985 1391 3039; x_wconf 88' lang='lat' dir='ltr'>ergo</span> <span class='ocrx_word' id='word_1_451' title='bbox 1412 2979 1480 3026; x_wconf 89' lang='lat' dir='ltr'>ut</span> <span class='ocrx_word' id='word_1_452' title='bbox 1492 2974 1599 3027; x_wconf 90' lang='lat' dir='ltr'>hoc</span> <span class='ocrx_word' id='word_1_453' title='bbox 1613 2974 1828 3027; x_wconf 85' lang='lat' dir='ltr'>factum</span> <span class='ocrx_word' id='word_1_454' title='bbox 1845 2978 1955 3038; x_wconf 90' lang='lat' dir='ltr'>est,</span> <span class='ocrx_word' id='word_1_455' title='bbox 1978 2980 2034 3027; x_wconf 84' lang='lat' dir='ltr'>et</span> <span class='ocrx_word' id='word_1_456' title='bbox 2051 2978 2116 3028; x_wconf 92' lang='lat' dir='ltr'>ut</span> <span class='ocrx_word' id='word_1_457' title='bbox 2211 2973 2364 3038; x_wconf 88' lang='lat' dir='ltr'>pulo,</span> <span class='ocrx_word' id='word_1_458' title='bbox 2396 2970 2496 3034; x_wconf 89' lang='lat' dir='ltr'>qui</span> <span class='ocrx_word' id='word_1_459' title='bbox 2522 2983 2679 3021; x_wconf 90' lang='lat' dir='ltr'>nunc</span> <span class='ocrx_word' id='word_1_460' title='bbox 2701 2970 2760 3021; x_wconf 93' lang='lat' dir='ltr'>in</span> <span class='ocrx_word' id='word_1_461' title='bbox 2800 2971 2982 3035; x_wconf 80' lang='lat' dir='ltr'>ﬁgura</span> <span class='ocrx_word' id='word_1_462' title='bbox 3009 2970 3196 3021; x_wconf 67' lang='lat' dir='ltr'>asinae</span> <span class='ocrx_word' id='word_1_463' title='bbox 3250 2967 3602 3031; x_wconf 87' lang='lat' dir='ltr'>nominatur,</span> <span class='ocrx_word' id='word_1_464' title='bbox 3655 2967 3821 3020; x_wconf 88' lang='lat' dir='ltr'>electi</span> 
     </span>
    </p>
   </div>
   <div class='ocr_carea' id='block_1_50' title="bbox 522 3055 3822 3128">
    <p class='ocr_par' dir='ltr' id='par_1_50' title="bbox 522 3055 3822 3128">
     <span class='ocr_line' id='line_1_50' title="bbox 522 3055 3822 3128; baseline -0.004 -10"><span class='ocrx_word' id='word_1_465' title='bbox 522 3065 729 3118; x_wconf 87' lang='lat' dir='ltr'>defecit</span> <span class='ocrx_word' id='word_1_466' title='bbox 751 3064 871 3115; x_wconf 87' lang='lat' dir='ltr'>dux</span> <span class='ocrx_word' id='word_1_467' title='bbox 895 3063 965 3115; x_wconf 92' lang='lat' dir='ltr'>de</span> <span class='ocrx_word' id='word_1_468' title='bbox 995 3062 1307 3116; x_wconf 84' lang='lat' dir='ltr'>femoribus</span> <span class='ocrx_word' id='word_1_469' title='bbox 1327 3063 1514 3128; x_wconf 68' lang='lat' dir='ltr'>Judaa,</span> <span class='ocrx_word' id='word_1_470' title='bbox 1540 3064 1773 3116; x_wconf 85' lang='lat' dir='ltr'>advenit</span> <span class='ocrx_word' id='word_1_471' title='bbox 1793 3063 1886 3117; x_wconf 90' lang='lat' dir='ltr'>ille</span> <span class='ocrx_word' id='word_1_472' title='bbox 1906 3065 2000 3116; x_wconf 92' lang='lat' dir='ltr'>cui</span> <span class='ocrx_word' id='word_1_473' title='bbox 2027 3078 2115 3118; x_wconf 90' lang='lat' dir='ltr'>re-</span> <span class='ocrx_word' id='word_1_474' title='bbox 2214 3064 2379 3114; x_wconf 88' lang='lat' dir='ltr'>erant</span> <span class='ocrx_word' id='word_1_475' title='bbox 2398 3060 2472 3111; x_wconf 88' lang='lat' dir='ltr'>ad</span> <span class='ocrx_word' id='word_1_476' title='bbox 2500 3059 2763 3122; x_wconf 86' lang='lat' dir='ltr'>salutem,</span> <span class='ocrx_word' id='word_1_477' title='bbox 2789 3058 2860 3110; x_wconf 90' lang='lat' dir='ltr'>de</span> <span class='ocrx_word' id='word_1_478' title='bbox 2873 3059 3086 3122; x_wconf 87' lang='lat' dir='ltr'>quibus</span> <span class='ocrx_word' id='word_1_479' title='bbox 3110 3058 3389 3122; x_wconf 80' lang='lat' dir='ltr'>Propheta</span> <span class='ocrx_word' id='word_1_480' title='bbox 3410 3056 3550 3107; x_wconf 90' lang='lat' dir='ltr'>dicit</span> <span class='ocrx_word' id='word_1_481' title='bbox 3576 3069 3591 3105; x_wconf 86' lang='lat'><strong>:</strong></span> <span class='ocrx_word' id='word_1_482' title='bbox 3622 3055 3684 3104; x_wconf 83' lang='lat' dir='ltr'>Si</span> <span class='ocrx_word' id='word_1_483' title='bbox 3713 3056 3822 3117; x_wconf 79' lang='lat' dir='ltr'>fuc-</span> 
     </span>
    </p>
   </div>
   <div class='ocr_carea' id='block_1_51' title="bbox 520 3143 3822 3220">
    <p class='ocr_par' dir='ltr' id='par_1_51' title="bbox 520 3143 3822 3220">
     <span class='ocr_line' id='line_1_51' title="bbox 520 3143 3822 3220; baseline -0.004 -15"><span class='ocrx_word' id='word_1_484' title='bbox 520 3166 704 3220; x_wconf 91' lang='lat' dir='ltr'>gnum</span> <span class='ocrx_word' id='word_1_485' title='bbox 726 3154 1061 3218; x_wconf 89' lang='lat' dir='ltr'>repositum,</span> <span class='ocrx_word' id='word_1_486' title='bbox 1083 3152 1143 3203; x_wconf 88' lang='lat' dir='ltr'>in</span> <span class='ocrx_word' id='word_1_487' title='bbox 1169 3164 1303 3217; x_wconf 91' lang='lat' dir='ltr'>quo,</span> <span class='ocrx_word' id='word_1_488' title='bbox 1333 3152 1620 3216; x_wconf 89' lang='lat' dir='ltr'>quomodo</span> <span class='ocrx_word' id='word_1_489' title='bbox 1636 3154 1842 3205; x_wconf 89' lang='lat' dir='ltr'>Gentes</span> <span class='ocrx_word' id='word_1_490' title='bbox 1865 3158 2111 3218; x_wconf 91' lang='lat' dir='ltr'>sperent,</span> <span class='ocrx_word' id='word_1_491' title='bbox 2137 3148 2190 3220; x_wconf 63' lang='grc' dir='ltr'>(ζ</span> <span class='ocrx_word' id='word_1_492' title='bbox 2214 3150 2328 3201; x_wconf 82' lang='lat' dir='ltr'>rint</span> <span class='ocrx_word' id='word_1_493' title='bbox 2359 3148 2659 3198; x_wconf 80' lang='lat' dir='ltr'>Filiilsrael</span> <span class='ocrx_word' id='word_1_494' title='bbox 2678 3149 2815 3197; x_wconf 84' lang='lat' dir='ltr'>sicut</span> <span class='ocrx_word' id='word_1_495' title='bbox 2835 3162 3007 3197; x_wconf 83' lang='lat' dir='ltr'>arena</span> <span class='ocrx_word' id='word_1_496' title='bbox 3031 3148 3218 3208; x_wconf 85' lang='lat' dir='ltr'>maris,</span> <span class='ocrx_word' id='word_1_497' title='bbox 3244 3146 3485 3210; x_wconf 68' lang='lat' dir='ltr'>reliquiae</span> <span class='ocrx_word' id='word_1_498' title='bbox 3506 3143 3666 3193; x_wconf 79' lang='lat' dir='ltr'>salvae</span> <span class='ocrx_word' id='word_1_499' title='bbox 3694 3145 3822 3208; x_wconf 79' lang='lat' dir='ltr'>fient</span> 
     </span>
    </p>
   </div>
   <div class='ocr_carea' id='block_1_52' title="bbox 518 3240 2120 3307">
    <p class='ocr_par' dir='ltr' id='par_1_52' title="bbox 518 3240 2120 3307">
     <span class='ocr_line' id='line_1_52' title="bbox 518 3240 2120 3307; baseline 0 -13"><span class='ocrx_word' id='word_1_500' title='bbox 518 3240 811 3307; x_wconf 83' lang='lat' dir='ltr'>Evangelii</span> <span class='ocrx_word' id='word_1_501' title='bbox 840 3241 984 3293; x_wconf 82' lang='lat' dir='ltr'>ﬁdes</span> <span class='ocrx_word' id='word_1_502' title='bbox 997 3244 1053 3294; x_wconf 89' lang='lat' dir='ltr'>et</span> <span class='ocrx_word' id='word_1_503' title='bbox 1082 3242 1461 3292; x_wconf 84' lang='lat' dir='ltr'>Ecclesiarum</span> <span class='ocrx_word' id='word_1_504' title='bbox 1476 3241 1997 3307; x_wconf 82' lang='lat' dir='ltr'>docetpropagatio.</span> <span class='ocrx_word' id='word_1_505' title='bbox 2017 3244 2120 3295; x_wconf 84' lang='lat' dir='ltr'>Re-</span> 
     </span>
    </p>
   </div>
   <div class='ocr_carea' id='block_1_53' title="bbox 518 3329 2121 3398">
    <p class='ocr_par' dir='ltr' id='par_1_53' title="bbox 518 3329 2121 3398">
     <span class='ocr_line' id='line_1_53' title="bbox 518 3329 2121 3398; baseline 0.001 -15"><span class='ocrx_word' id='word_1_506' title='bbox 518 3332 709 3398; x_wconf 89' lang='lat' dir='ltr'>posita</span> <span class='ocrx_word' id='word_1_507' title='bbox 729 3336 925 3383; x_wconf 88' lang='lat' dir='ltr'>autem</span> <span class='ocrx_word' id='word_1_508' title='bbox 948 3329 1217 3382; x_wconf 88' lang='lat' dir='ltr'>dicuntur</span> <span class='ocrx_word' id='word_1_509' title='bbox 1262 3343 1329 3382; x_wconf 91' lang='lat' dir='ltr'>ea</span> <span class='ocrx_word' id='word_1_510' title='bbox 1364 3343 1497 3395; x_wconf 67' lang='lat' dir='ltr'>qum</span> <span class='ocrx_word' id='word_1_511' title='bbox 1520 3336 1840 3395; x_wconf 88' lang='lat' dir='ltr'>opportuno</span> <span class='ocrx_word' id='word_1_512' title='bbox 1867 3336 2121 3396; x_wconf 90' lang='lat' dir='ltr'>tempore</span> 
     </span>
    </p>
   </div>
   <div class='ocr_carea' id='block_1_54' title="bbox 520 3419 2123 3485">
    <p class='ocr_par' dir='ltr' id='par_1_54' title="bbox 520 3419 2123 3485">
     <span class='ocr_line' id='line_1_54' title="bbox 520 3419 2123 3485; baseline 0 -13"><span class='ocrx_word' id='word_1_513' title='bbox 520 3420 855 3485; x_wconf 85' lang='lat' dir='ltr'>proferenda</span> <span class='ocrx_word' id='word_1_514' title='bbox 877 3425 1025 3480; x_wconf 85' lang='lat' dir='ltr'>sunt,</span> <span class='ocrx_word' id='word_1_515' title='bbox 1050 3419 1200 3471; x_wconf 92' lang='lat' dir='ltr'>sicut</span> <span class='ocrx_word' id='word_1_516' title='bbox 1221 3419 1549 3471; x_wconf 89' lang='lat' dir='ltr'>etChristus</span> <span class='ocrx_word' id='word_1_517' title='bbox 1573 3420 1752 3472; x_wconf 88' lang='lat' dir='ltr'>inﬁne</span> <span class='ocrx_word' id='word_1_518' title='bbox 1776 3420 2123 3473; x_wconf 77' lang='lat' dir='ltr'>saeculorum</span> 
     </span>
    </p>
   </div>
   <div class='ocr_carea' id='block_1_55' title="bbox 518 3508 2121 3572">
    <p class='ocr_par' dir='ltr' id='par_1_55' title="bbox 518 3508 2121 3572">
     <span class='ocr_line' id='line_1_55' title="bbox 518 3508 2121 3572; baseline -0.002 -10"><span class='ocrx_word' id='word_1_519' title='bbox 518 3511 829 3562; x_wconf 87' lang='lat' dir='ltr'>advenisse</span> <span class='ocrx_word' id='word_1_520' title='bbox 865 3508 1091 3572; x_wconf 90' lang='lat' dir='ltr'>dicitur,</span> <span class='ocrx_word' id='word_1_521' title='bbox 1124 3520 1259 3559; x_wconf 90' lang='lat' dir='ltr'>cum</span> <span class='ocrx_word' id='word_1_522' title='bbox 1292 3508 1428 3560; x_wconf 90' lang='lat' dir='ltr'>dicit</span> <span class='ocrx_word' id='word_1_523' title='bbox 1443 3509 1770 3572; x_wconf 83' lang='lat' dir='ltr'>Apostolus,</span> <span class='ocrx_word' id='word_1_524' title='bbox 1806 3508 1935 3558; x_wconf 84' lang='lat' dir='ltr'>Ecce</span> <span class='ocrx_word' id='word_1_525' title='bbox 1972 3524 2121 3559; x_wconf 88' lang='lat' dir='ltr'>nunc</span> 
     </span>
    </p>
   </div>
   <div class='ocr_carea' id='block_1_56' title="bbox 521 3594 2123 3663">
    <p class='ocr_par' dir='ltr' id='par_1_56' title="bbox 521 3594 2123 3663">
     <span class='ocr_line' id='line_1_56' title="bbox 521 3594 2123 3663; baseline 0.001 -15"><span class='ocrx_word' id='word_1_526' title='bbox 521 3603 727 3663; x_wconf 82' lang='lat' dir='ltr'>tempus</span> <span class='ocrx_word' id='word_1_527' title='bbox 766 3603 1039 3662; x_wconf 82' lang='lat' dir='ltr'>acceptum</span> <span class='ocrx_word' id='word_1_528' title='bbox 1083 3597 1150 3657; x_wconf 82' lang='lat'>(2.</span> <span class='ocrx_word' id='word_1_529' title='bbox 1203 3597 1322 3647; x_wconf 85' lang='lat' dir='ltr'>Cor.</span> <span class='ocrx_word' id='word_1_530' title='bbox 1381 3594 1472 3660; x_wconf 91' lang='lat'>6.),</span> <span class='ocrx_word' id='word_1_531' title='bbox 1512 3596 1726 3649; x_wconf 85' lang='lat' dir='ltr'>scilicet</span> <span class='ocrx_word' id='word_1_532' title='bbox 1769 3597 1842 3648; x_wconf 89' lang='lat' dir='ltr'>ad</span> <span class='ocrx_word' id='word_1_533' title='bbox 1880 3597 2123 3650; x_wconf 85' lang='lat' dir='ltr'>salutem</span> 
     </span>
    </p>
   </div>
   <div class='ocr_carea' id='block_1_57' title="bbox 525 3686 2124 3750">
    <p class='ocr_par' dir='ltr' id='par_1_57' title="bbox 525 3686 2124 3750">
     <span class='ocr_line' id='line_1_57' title="bbox 525 3686 2124 3750; baseline 0.001 -11"><span class='ocrx_word' id='word_1_534' title='bbox 525 3687 801 3739; x_wconf 89' lang='lat' dir='ltr'>Gentibus</span> <span class='ocrx_word' id='word_1_535' title='bbox 816 3686 1231 3738; x_wconf 80' lang='lat' dir='ltr'>conferendam.</span> <span class='ocrx_word' id='word_1_536' title='bbox 1257 3686 1313 3739; x_wconf 90' lang='lat' dir='ltr'>Si</span> <span class='ocrx_word' id='word_1_537' title='bbox 1336 3698 1471 3738; x_wconf 87' lang='lat' dir='ltr'>vero</span> <span class='ocrx_word' id='word_1_538' title='bbox 1495 3686 1626 3750; x_wconf 88' lang='lat' dir='ltr'>quis</span> <span class='ocrx_word' id='word_1_539' title='bbox 1650 3686 1709 3737; x_wconf 91' lang='lat' dir='ltr'>in</span> <span class='ocrx_word' id='word_1_540' title='bbox 1740 3688 2008 3739; x_wconf 88' lang='lat' dir='ltr'>omnibus</span> <span class='ocrx_word' id='word_1_541' title='bbox 2024 3700 2124 3740; x_wconf 88' lang='lat' dir='ltr'>cu-</span> 
     </span>
    </p>
   </div>
   <div class='ocr_carea' id='block_1_58' title="bbox 526 3774 2125 3843">
    <p class='ocr_par' dir='ltr' id='par_1_58' title="bbox 526 3774 2125 3843">
     <span class='ocr_line' id='line_1_58' title="bbox 526 3774 2125 3843; baseline 0.001 -15"><span class='ocrx_word' id='word_1_542' title='bbox 526 3776 647 3843; x_wconf 88' lang='lat' dir='ltr'>piat</span> <span class='ocrx_word' id='word_1_543' title='bbox 689 3788 923 3828; x_wconf 88' lang='lat' dir='ltr'>cursum</span> <span class='ocrx_word' id='word_1_544' title='bbox 960 3776 1261 3839; x_wconf 89' lang='lat' dir='ltr'>utriusque</span> <span class='ocrx_word' id='word_1_545' title='bbox 1302 3774 1674 3840; x_wconf 81' lang='lat' dir='ltr'>expositionis</span> <span class='ocrx_word' id='word_1_546' title='bbox 1702 3779 1911 3839; x_wconf 82' lang='lat' dir='ltr'>aptare,</span> <span class='ocrx_word' id='word_1_547' title='bbox 1939 3781 2125 3840; x_wconf 86' lang='lat' dir='ltr'>potest</span> 
     </span>
    </p>
   </div>
   <div class='ocr_carea' id='block_1_59' title="bbox 529 3864 2123 3931">
    <p class='ocr_par' dir='ltr' id='par_1_59' title="bbox 529 3864 2123 3931">
     <span class='ocr_line' id='line_1_59' title="bbox 529 3864 2123 3931; baseline 0 -12"><span class='ocrx_word' id='word_1_548' title='bbox 529 3866 873 3931; x_wconf 84' lang='lat' dir='ltr'>extorquere</span> <span class='ocrx_word' id='word_1_549' title='bbox 912 3865 1195 3930; x_wconf 87' lang='lat' dir='ltr'>fortassis,</span> <span class='ocrx_word' id='word_1_550' title='bbox 1221 3866 1283 3917; x_wconf 92' lang='lat' dir='ltr'>ut</span> <span class='ocrx_word' id='word_1_551' title='bbox 1315 3866 1490 3917; x_wconf 89' lang='lat' dir='ltr'>etiam</span> <span class='ocrx_word' id='word_1_552' title='bbox 1513 3864 1584 3917; x_wconf 91' lang='lat' dir='ltr'>de</span> <span class='ocrx_word' id='word_1_553' title='bbox 1609 3866 1834 3918; x_wconf 87' lang='lat' dir='ltr'>Christo</span> <span class='ocrx_word' id='word_1_554' title='bbox 1856 3866 1984 3918; x_wconf 69' lang='grc' dir='ltr'>11ωο</span> <span class='ocrx_word' id='word_1_555' title='bbox 2012 3867 2123 3919; x_wconf 90' lang='lat' dir='ltr'>hoc</span> 
     </span>
    </p>
   </div>
   <div class='ocr_carea' id='block_1_60' title="bbox 528 3955 2124 4021">
    <p class='ocr_par' dir='ltr' id='par_1_60' title="bbox 528 3955 2124 4021">
     <span class='ocr_line' id='line_1_60' title="bbox 528 3955 2124 4021; baseline -0.003 -12"><span class='ocrx_word' id='word_1_556' title='bbox 528 3956 700 4009; x_wconf 89' lang='lat' dir='ltr'>modo</span> <span class='ocrx_word' id='word_1_557' title='bbox 723 3957 1022 4009; x_wconf 85' lang='lat' dir='ltr'>videantur</span> <span class='ocrx_word' id='word_1_558' title='bbox 1045 3955 1282 4020; x_wconf 79' lang='lat' dir='ltr'>intelligi</span> <span class='ocrx_word' id='word_1_559' title='bbox 1305 3969 1318 4007; x_wconf 89' lang='lat'><strong>:</strong></span> <span class='ocrx_word' id='word_1_560' title='bbox 1351 3955 1493 4014; x_wconf 89' lang='lat' dir='ltr'>Quia</span> <span class='ocrx_word' id='word_1_561' title='bbox 1515 3970 1630 4005; x_wconf 85' lang='lat' dir='ltr'>non</span> <span class='ocrx_word' id='word_1_562' title='bbox 1653 3955 1851 4019; x_wconf 80' lang='lat' dir='ltr'>deﬁciet</span> <span class='ocrx_word' id='word_1_563' title='bbox 1867 3957 2124 4021; x_wconf 76' lang='lat' dir='ltr'>Princeps</span> 
     </span>
    </p>
   </div>
   <div class='ocr_carea' id='block_1_61' title="bbox 528 4044 2129 4110">
    <p class='ocr_par' dir='ltr' id='par_1_61' title="bbox 528 4044 2129 4110">
     <span class='ocr_line' id='line_1_61' title="bbox 528 4044 2129 4110; baseline 0.001 -14"><span class='ocrx_word' id='word_1_564' title='bbox 528 4060 595 4096; x_wconf 72' lang='lat' dir='ltr'>ea:</span> <span class='ocrx_word' id='word_1_565' title='bbox 618 4045 785 4109; x_wconf 85' lang='lat' dir='ltr'>Juda,</span> <span class='ocrx_word' id='word_1_566' title='bbox 811 4045 869 4096; x_wconf 91' lang='lat' dir='ltr'>id</span> <span class='ocrx_word' id='word_1_567' title='bbox 880 4050 987 4109; x_wconf 92' lang='lat' dir='ltr'>est,</span> <span class='ocrx_word' id='word_1_568' title='bbox 1011 4044 1071 4096; x_wconf 91' lang='lat' dir='ltr'>hi</span> <span class='ocrx_word' id='word_1_569' title='bbox 1087 4044 1187 4109; x_wconf 90' lang='lat' dir='ltr'>qui</span> <span class='ocrx_word' id='word_1_570' title='bbox 1221 4048 1353 4109; x_wconf 88' lang='lat' dir='ltr'>post</span> <span class='ocrx_word' id='word_1_571' title='bbox 1379 4044 1851 4096; x_wconf 88' lang='lat' dir='ltr'>resurrectionem</span> <span class='ocrx_word' id='word_1_572' title='bbox 1875 4047 2129 4110; x_wconf 87' lang='lat' dir='ltr'>ejus,Ec-</span> 
     </span>
    </p>
   </div>
   <div class='ocr_carea' id='block_1_62' title="bbox 528 4133 2125 4199">
    <p class='ocr_par' dir='ltr' id='par_1_62' title="bbox 528 4133 2125 4199">
     <span class='ocr_line' id='line_1_62' title="bbox 528 4133 2125 4199; baseline -0.001 -12"><span class='ocrx_word' id='word_1_573' title='bbox 528 4134 831 4187; x_wconf 86' lang='lat' dir='ltr'>clesiarum</span> <span class='ocrx_word' id='word_1_574' title='bbox 853 4134 1135 4198; x_wconf 88' lang='lat' dir='ltr'>principes</span> <span class='ocrx_word' id='word_1_575' title='bbox 1155 4133 1599 4187; x_wconf 86' lang='lat' dir='ltr'>ordinantur:Et</span> <span class='ocrx_word' id='word_1_576' title='bbox 1622 4134 1810 4184; x_wconf 72' lang='lat' dir='ltr'>duxdc</span> <span class='ocrx_word' id='word_1_577' title='bbox 1832 4134 2125 4199; x_wconf 77' lang='lat' dir='ltr'>femoribus</span> 
     </span>
    </p>
   </div>
   <div class='ocr_carea' id='block_1_63' title="bbox 524 4222 2126 4289">
    <p class='ocr_par' dir='ltr' id='par_1_63' title="bbox 524 4222 2126 4289">
     <span class='ocr_line' id='line_1_63' title="bbox 524 4222 2126 4289; baseline 0.001 -14"><span class='ocrx_word' id='word_1_578' title='bbox 524 4223 656 4289; x_wconf 83' lang='lat' dir='ltr'>ejus,</span> <span class='ocrx_word' id='word_1_579' title='bbox 682 4224 859 4276; x_wconf 86' lang='lat' dir='ltr'>duces</span> <span class='ocrx_word' id='word_1_580' title='bbox 889 4234 1116 4288; x_wconf 90' lang='lat' dir='ltr'>quoque</span> <span class='ocrx_word' id='word_1_581' title='bbox 1140 4222 1336 4288; x_wconf 89' lang='lat' dir='ltr'>populi</span> <span class='ocrx_word' id='word_1_582' title='bbox 1362 4222 1827 4288; x_wconf 87' lang='lat' dir='ltr'>Christianorum,</span> <span class='ocrx_word' id='word_1_583' title='bbox 1850 4224 1921 4277; x_wconf 92' lang='lat' dir='ltr'>de</span> <span class='ocrx_word' id='word_1_584' title='bbox 1950 4223 2126 4277; x_wconf 88' lang='lat' dir='ltr'>femo-</span> 
     </span>
    </p>
   </div>
   <div class='ocr_carea' id='block_1_64' title="bbox 2217 3233 3826 3302">
    <p class='ocr_par' dir='ltr' id='par_1_64' title="bbox 2217 3233 3826 3302">
     <span class='ocr_line' id='line_1_64' title="bbox 2217 3233 3826 3302; baseline -0.003 -13"><span class='ocrx_word' id='word_1_585' title='bbox 2217 3239 2361 3302; x_wconf 88' lang='lat' dir='ltr'>(Osee</span> <span class='ocrx_word' id='word_1_586' title='bbox 2394 3237 2483 3301; x_wconf 90' lang='grc'><strong>1.).</strong></span> <span class='ocrx_word' id='word_1_587' title='bbox 2507 3237 2748 3300; x_wconf 86' lang='lat' dir='ltr'>Abjecta</span> <span class='ocrx_word' id='word_1_588' title='bbox 2769 3249 2903 3301; x_wconf 88' lang='lat' dir='ltr'>ergo</span> <span class='ocrx_word' id='word_1_589' title='bbox 2935 3237 3116 3300; x_wconf 84' lang='lat' dir='ltr'>asina,</span> <span class='ocrx_word' id='word_1_590' title='bbox 3130 3248 3264 3300; x_wconf 65' lang='lat' dir='ltr'>quis</span> <span class='ocrx_word' id='word_1_591' title='bbox 3283 3247 3431 3287; x_wconf 89' lang='lat' dir='ltr'>onus</span> <span class='ocrx_word' id='word_1_592' title='bbox 3454 3233 3625 3298; x_wconf 88' lang='lat' dir='ltr'>Legis</span> <span class='ocrx_word' id='word_1_593' title='bbox 3655 3234 3720 3285; x_wconf 91' lang='lat' dir='ltr'>in</span> <span class='ocrx_word' id='word_1_594' title='bbox 3747 3233 3826 3284; x_wconf 88' lang='lat' dir='ltr'>in-</span> 
     </span>
    </p>
   </div>
   <div class='ocr_carea' id='block_1_65' title="bbox 2218 3322 3828 3391">
    <p class='ocr_par' dir='ltr' id='par_1_65' title="bbox 2218 3322 3828 3391">
     <span class='ocr_line' id='line_1_65' title="bbox 2218 3322 3828 3391; baseline -0.004 -12"><span class='ocrx_word' id='word_1_595' title='bbox 2218 3326 2489 3379; x_wconf 88' lang='lat' dir='ltr'>ﬁdelitate</span> <span class='ocrx_word' id='word_1_596' title='bbox 2514 3332 2739 3390; x_wconf 76' lang='lat' dir='ltr'>portare</span> <span class='ocrx_word' id='word_1_597' title='bbox 2779 3324 2997 3389; x_wconf 87' lang='lat' dir='ltr'>maluit,</span> <span class='ocrx_word' id='word_1_598' title='bbox 3035 3324 3225 3391; x_wconf 89' lang='lat' dir='ltr'>pullus</span> <span class='ocrx_word' id='word_1_599' title='bbox 3261 3336 3336 3376; x_wconf 88' lang='lat' dir='ltr'>ex</span> <span class='ocrx_word' id='word_1_600' title='bbox 3371 3324 3497 3389; x_wconf 89' lang='lat' dir='ltr'>ipsa</span> <span class='ocrx_word' id='word_1_601' title='bbox 3514 3325 3693 3374; x_wconf 85' lang='lat' dir='ltr'>natus</span> <span class='ocrx_word' id='word_1_602' title='bbox 3727 3322 3828 3373; x_wconf 87' lang='lat' dir='ltr'>eli-</span> 
     </span>
    </p>
   </div>
   <div class='ocr_carea' id='block_1_66' title="bbox 2220 3410 3826 3482">
    <p class='ocr_par' dir='ltr' id='par_1_66' title="bbox 2220 3410 3826 3482">
     <span class='ocr_line' id='line_1_66' title="bbox 2220 3410 3826 3482; baseline -0.003 -14"><span class='ocrx_word' id='word_1_603' title='bbox 2220 3416 2392 3482; x_wconf 87' lang='lat' dir='ltr'>gitur,</span> <span class='ocrx_word' id='word_1_604' title='bbox 2417 3415 2476 3467; x_wconf 89' lang='lat' dir='ltr'>id</span> <span class='ocrx_word' id='word_1_605' title='bbox 2499 3420 2607 3475; x_wconf 86' lang='lat' dir='ltr'>est,</span> <span class='ocrx_word' id='word_1_606' title='bbox 2644 3414 2915 3468; x_wconf 89' lang='lat' dir='ltr'>novellus</span> <span class='ocrx_word' id='word_1_607' title='bbox 2938 3427 3012 3468; x_wconf 80' lang='lat' dir='ltr'>ex</span> <span class='ocrx_word' id='word_1_608' title='bbox 3043 3414 3224 3466; x_wconf 87' lang='lat' dir='ltr'>veteri</span> <span class='ocrx_word' id='word_1_609' title='bbox 3252 3426 3349 3479; x_wconf 88' lang='lat' dir='ltr'>per</span> <span class='ocrx_word' id='word_1_610' title='bbox 3373 3412 3547 3464; x_wconf 86' lang='lat' dir='ltr'>ﬁdem</span> <span class='ocrx_word' id='word_1_611' title='bbox 3570 3410 3826 3476; x_wconf 80' lang='lat' dir='ltr'>populus</span> 
     </span>
    </p>
   </div>
   <div class='ocr_carea' id='block_1_67' title="bbox 2218 3502 3826 3570">
    <p class='ocr_par' dir='ltr' id='par_1_67' title="bbox 2218 3502 3826 3570">
     <span class='ocr_line' id='line_1_67' title="bbox 2218 3502 3826 3570; baseline -0.005 -11"><span class='ocrx_word' id='word_1_612' title='bbox 2218 3506 2575 3570; x_wconf 88' lang='lat' dir='ltr'>adsciscitur,</span> <span class='ocrx_word' id='word_1_613' title='bbox 2616 3518 2684 3556; x_wconf 88' lang='lat' dir='ltr'>ac</span> <span class='ocrx_word' id='word_1_614' title='bbox 2706 3505 2917 3570; x_wconf 90' lang='lat' dir='ltr'>populo</span> <span class='ocrx_word' id='word_1_615' title='bbox 2957 3517 3033 3558; x_wconf 90' lang='lat' dir='ltr'>ex</span> <span class='ocrx_word' id='word_1_616' title='bbox 3063 3503 3346 3556; x_wconf 89' lang='lat' dir='ltr'>Gentibus</span> <span class='ocrx_word' id='word_1_617' title='bbox 3366 3503 3640 3554; x_wconf 87' lang='lat' dir='ltr'>sociatur.</span> <span class='ocrx_word' id='word_1_618' title='bbox 3675 3502 3826 3553; x_wconf 87' lang='lat' dir='ltr'>Vitis</span> 
     </span>
    </p>
   </div>
   <div class='ocr_carea' id='block_1_68' title="bbox 2222 3594 3827 3661">
    <p class='ocr_par' dir='ltr' id='par_1_68' title="bbox 2222 3594 3827 3661">
     <span class='ocr_line' id='line_1_68' title="bbox 2222 3594 3827 3661; baseline -0.002 -13"><span class='ocrx_word' id='word_1_619' title='bbox 2222 3608 2356 3661; x_wconf 86' lang='lat' dir='ltr'>ergo</span> <span class='ocrx_word' id='word_1_620' title='bbox 2382 3597 2641 3647; x_wconf 87' lang='lat' dir='ltr'>Christus</span> <span class='ocrx_word' id='word_1_621' title='bbox 2666 3608 2739 3647; x_wconf 89' lang='lat' dir='ltr'>ex</span> <span class='ocrx_word' id='word_1_622' title='bbox 2756 3608 2823 3648; x_wconf 91' lang='lat' dir='ltr'>ea</span> <span class='ocrx_word' id='word_1_623' title='bbox 2843 3600 3021 3660; x_wconf 88' lang='lat' dir='ltr'>parte,</span> <span class='ocrx_word' id='word_1_624' title='bbox 3037 3594 3263 3658; x_wconf 89' lang='lat' dir='ltr'>dicitur,</span> <span class='ocrx_word' id='word_1_625' title='bbox 3275 3605 3390 3658; x_wconf 89' lang='lat' dir='ltr'>qua</span> <span class='ocrx_word' id='word_1_626' title='bbox 3405 3596 3671 3644; x_wconf 83' lang='lat' dir='ltr'>naturam</span> <span class='ocrx_word' id='word_1_627' title='bbox 3695 3604 3827 3644; x_wconf 84' lang='lat' dir='ltr'>sus-</span> 
     </span>
    </p>
   </div>
   <div class='ocr_carea' id='block_1_69' title="bbox 2222 3682 3827 3751">
    <p class='ocr_par' dir='ltr' id='par_1_69' title="bbox 2222 3682 3827 3751">
     <span class='ocr_line' id='line_1_69' title="bbox 2222 3682 3827 3751; baseline -0.004 -13"><span class='ocrx_word' id='word_1_628' title='bbox 2222 3687 2371 3751; x_wconf 87' lang='lat' dir='ltr'>cepit</span> <span class='ocrx_word' id='word_1_629' title='bbox 2393 3685 2815 3749; x_wconf 88' lang='lat' dir='ltr'>humanam,ad</span> <span class='ocrx_word' id='word_1_630' title='bbox 2840 3696 3016 3749; x_wconf 91' lang='lat' dir='ltr'>quam</span> <span class='ocrx_word' id='word_1_631' title='bbox 3028 3684 3386 3738; x_wconf 87' lang='lat' dir='ltr'>Deiverbum</span> <span class='ocrx_word' id='word_1_632' title='bbox 3408 3682 3636 3747; x_wconf 89' lang='lat' dir='ltr'>pullum</span> <span class='ocrx_word' id='word_1_633' title='bbox 3651 3693 3827 3733; x_wconf 88' lang='lat' dir='ltr'>suum</span> 
     </span>
    </p>
   </div>
   <div class='ocr_carea' id='block_1_70' title="bbox 2221 3770 3827 3840">
    <p class='ocr_par' dir='ltr' id='par_1_70' title="bbox 2221 3770 3827 3840">
     <span class='ocr_line' id='line_1_70' title="bbox 2221 3770 3827 3840; baseline -0.006 -9"><span class='ocrx_word' id='word_1_634' title='bbox 2221 3775 2433 3840; x_wconf 73' lang='lat' dir='ltr'>alligat,</span> <span class='ocrx_word' id='word_1_635' title='bbox 2465 3777 2522 3827; x_wconf 89' lang='lat' dir='ltr'>id</span> <span class='ocrx_word' id='word_1_636' title='bbox 2546 3780 2653 3837; x_wconf 89' lang='lat' dir='ltr'>est,</span> <span class='ocrx_word' id='word_1_637' title='bbox 2678 3777 2953 3839; x_wconf 89' lang='lat' dir='ltr'>populum</span> <span class='ocrx_word' id='word_1_638' title='bbox 2978 3786 3152 3826; x_wconf 87' lang='lat' dir='ltr'>suum</span> <span class='ocrx_word' id='word_1_639' title='bbox 3175 3772 3472 3837; x_wconf 85' lang='lat' dir='ltr'>conjungit</span> <span class='ocrx_word' id='word_1_640' title='bbox 3500 3776 3559 3823; x_wconf 83' lang='lat' dir='ltr'>et</span> <span class='ocrx_word' id='word_1_641' title='bbox 3581 3770 3827 3822; x_wconf 88' lang='lat' dir='ltr'>sociatei</span> 
     </span>
    </p>
   </div>
   <div class='ocr_carea' id='block_1_71' title="bbox 2223 3860 3828 3928">
    <p class='ocr_par' dir='ltr' id='par_1_71' title="bbox 2223 3860 3828 3928">
     <span class='ocr_line' id='line_1_71' title="bbox 2223 3860 3828 3928; baseline -0.006 -9"><span class='ocrx_word' id='word_1_642' title='bbox 2223 3865 2664 3926; x_wconf 85' lang='lat' dir='ltr'>conversutioni,</span> <span class='ocrx_word' id='word_1_643' title='bbox 2697 3877 2874 3928; x_wconf 90' lang='lat' dir='ltr'>quam</span> <span class='ocrx_word' id='word_1_644' title='bbox 2902 3864 3024 3928; x_wconf 88' lang='lat' dir='ltr'>ipse</span> <span class='ocrx_word' id='word_1_645' title='bbox 3068 3864 3260 3928; x_wconf 84' lang='lat' dir='ltr'>exegit</span> <span class='ocrx_word' id='word_1_646' title='bbox 3299 3863 3358 3914; x_wconf 90' lang='lat' dir='ltr'>in</span> <span class='ocrx_word' id='word_1_647' title='bbox 3380 3873 3578 3913; x_wconf 88' lang='lat' dir='ltr'>carne:</span> <span class='ocrx_word' id='word_1_648' title='bbox 3606 3865 3677 3912; x_wconf 92' lang='lat' dir='ltr'>ut</span> <span class='ocrx_word' id='word_1_649' title='bbox 3698 3860 3828 3911; x_wconf 85' lang='lat' dir='ltr'>imi-</span> 
     </span>
    </p>
   </div>
   <div class='ocr_carea' id='block_1_72' title="bbox 2223 3950 3825 4020">
    <p class='ocr_par' dir='ltr' id='par_1_72' title="bbox 2223 3950 3825 4020">
     <span class='ocr_line' id='line_1_72' title="bbox 2223 3950 3825 4020; baseline -0.005 -11"><span class='ocrx_word' id='word_1_650' title='bbox 2223 3958 2437 4009; x_wconf 83' lang='lat' dir='ltr'>tatione</span> <span class='ocrx_word' id='word_1_651' title='bbox 2472 3955 2673 4020; x_wconf 87' lang='lat' dir='ltr'>ipsius,</span> <span class='ocrx_word' id='word_1_652' title='bbox 2716 3953 2908 4019; x_wconf 86' lang='lat' dir='ltr'>pullus</span> <span class='ocrx_word' id='word_1_653' title='bbox 2952 3953 3052 4018; x_wconf 89' lang='lat' dir='ltr'>qui</span> <span class='ocrx_word' id='word_1_654' title='bbox 3077 3955 3149 4005; x_wconf 87' lang='lat' dir='ltr'>ad</span> <span class='ocrx_word' id='word_1_655' title='bbox 3190 3957 3382 4018; x_wconf 84' lang='lat' dir='ltr'>ipsum</span> <span class='ocrx_word' id='word_1_656' title='bbox 3421 3950 3694 4015; x_wconf 86' lang='lat' dir='ltr'>alligatus</span> <span class='ocrx_word' id='word_1_657' title='bbox 3715 3957 3825 4002; x_wconf 88' lang='lat' dir='ltr'>est.</span> 
     </span>
    </p>
   </div>
   <div class='ocr_carea' id='block_1_73' title="bbox 2223 4039 3830 4108">
    <p class='ocr_par' dir='ltr' id='par_1_73' title="bbox 2223 4039 3830 4108">
     <span class='ocr_line' id='line_1_73' title="bbox 2223 4039 3830 4108; baseline -0.005 -10"><span class='ocrx_word' id='word_1_658' title='bbox 2223 4046 2502 4098; x_wconf 76' lang='lat' dir='ltr'>efﬁciatur</span> <span class='ocrx_word' id='word_1_659' title='bbox 2521 4057 2654 4096; x_wconf 90' lang='lat' dir='ltr'>cum</span> <span class='ocrx_word' id='word_1_660' title='bbox 2675 4042 2770 4096; x_wconf 87' lang='lat' dir='ltr'>illo</span> <span class='ocrx_word' id='word_1_661' title='bbox 2800 4050 2859 4096; x_wconf 92' lang='lat' dir='ltr'>et</span> <span class='ocrx_word' id='word_1_662' title='bbox 2897 4043 3051 4095; x_wconf 87' lang='lat' dir='ltr'>ﬁlius</span> <span class='ocrx_word' id='word_1_663' title='bbox 3086 4044 3209 4108; x_wconf 87' lang='lat' dir='ltr'>Dei,</span> <span class='ocrx_word' id='word_1_664' title='bbox 3234 4047 3292 4096; x_wconf 89' lang='lat' dir='ltr'>et</span> <span class='ocrx_word' id='word_1_665' title='bbox 3332 4041 3587 4094; x_wconf 76' lang='lat' dir='ltr'>cohaeres</span> <span class='ocrx_word' id='word_1_666' title='bbox 3615 4039 3830 4092; x_wconf 68' lang='lat' dir='ltr'>Christi</span> 
     </span>
    </p>
   </div>
   <div class='ocr_carea' id='block_1_74' title="bbox 2225 4129 3830 4200">
    <p class='ocr_par' dir='ltr' id='par_1_74' title="bbox 2225 4129 3830 4200">
     <span class='ocr_line' id='line_1_74' title="bbox 2225 4129 3830 4200; baseline -0.004 -14"><span class='ocrx_word' id='word_1_667' title='bbox 2225 4137 2396 4200; x_wconf 87' lang='lat' dir='ltr'>(Rom.</span> <span class='ocrx_word' id='word_1_668' title='bbox 2422 4134 2516 4199; x_wconf 87' lang='lat'>8.).</span> <span class='ocrx_word' id='word_1_669' title='bbox 2552 4132 3075 4198; x_wconf 86' lang='lat' dir='ltr'>Palmitemautem,</span> <span class='ocrx_word' id='word_1_670' title='bbox 3099 4133 3171 4185; x_wconf 90' lang='lat' dir='ltr'>de</span> <span class='ocrx_word' id='word_1_671' title='bbox 3198 4145 3314 4196; x_wconf 91' lang='lat' dir='ltr'>quo</span> <span class='ocrx_word' id='word_1_672' title='bbox 3336 4139 3354 4160; x_wconf 79' lang='grc'><strong><em>⁸</em></strong></span> <span class='ocrx_word' id='word_1_673' title='bbox 3369 4130 3548 4194; x_wconf 84' lang='lat' dir='ltr'>initio,</span> <span class='ocrx_word' id='word_1_674' title='bbox 3574 4129 3737 4195; x_wconf 87' lang='lat' dir='ltr'>quod</span> <span class='ocrx_word' id='word_1_675' title='bbox 3761 4129 3830 4180; x_wconf 87' lang='lat' dir='ltr'>si-</span> 
     </span>
    </p>
   </div>
   <div class='ocr_carea' id='block_1_75' title="bbox 2224 4218 3828 4290">
    <p class='ocr_par' dir='ltr' id='par_1_75' title="bbox 2224 4218 3828 4290">
     <span class='ocr_line' id='line_1_75' title="bbox 2224 4218 3828 4290; baseline -0.004 -14"><span class='ocrx_word' id='word_1_676' title='bbox 2224 4223 2535 4290; x_wconf 84' lang='lat' dir='ltr'>gniﬁcaret,</span> <span class='ocrx_word' id='word_1_677' title='bbox 2585 4222 2979 4288; x_wconf 85' lang='lat' dir='ltr'>exposuimus,</span> <span class='ocrx_word' id='word_1_678' title='bbox 3013 4220 3331 4287; x_wconf 84' lang='lat' dir='ltr'>intelligere</span> <span class='ocrx_word' id='word_1_679' title='bbox 3372 4230 3689 4286; x_wconf 87' lang='lat' dir='ltr'>possumus</span> <span class='ocrx_word' id='word_1_680' title='bbox 3715 4218 3828 4271; x_wconf 88' lang='lat' dir='ltr'>hoc</span> 
     </span>
    </p>
   </div>
   <div class='ocr_carea' id='block_1_76' title="bbox 591 4415 3829 4496">
    <p class='ocr_par' dir='ltr' id='par_1_76' title="bbox 591 4415 3829 4496">
     <span class='ocr_line' id='line_1_76' title="bbox 591 4415 3829 4496; baseline -0.002 -24"><span class='ocrx_word' id='word_1_681' title='bbox 591 4428 625 4496; x_wconf 75' lang='lat'>&#39;_</span> <span class='ocrx_word' id='word_1_682' title='bbox 639 4420 882 4472; x_wconf 88' lang='lat' dir='ltr'>Sanctus</span> <span class='ocrx_word' id='word_1_683' title='bbox 903 4428 1148 4496; x_wconf 78' lang='lat' dir='ltr'>quoque</span> <span class='ocrx_word' id='word_1_684' title='bbox 1158 4416 1514 4496; x_wconf 83' lang='lat' dir='ltr'>Ambrosius,</span> <span class='ocrx_word' id='word_1_685' title='bbox 1528 4417 1916 4496; x_wconf 74' lang='lat' dir='ltr'>uniusnaturse</span> <span class='ocrx_word' id='word_1_686' title='bbox 1926 4418 2128 4496; x_wconf 75' lang='lat' dir='ltr'>Filium</span> <span class='ocrx_word' id='word_1_687' title='bbox 2148 4427 2205 4496; x_wconf 84' lang='lat' dir='ltr'><strong>D</strong></span> <span class='ocrx_word' id='word_1_688' title='bbox 2221 4421 2503 4486; x_wconf 83' lang='lat' dir='ltr'>dignitatis</span> <span class='ocrx_word' id='word_1_689' title='bbox 2524 4420 2727 4496; x_wconf 77' lang='lat' dir='ltr'>amisit.</span> <span class='ocrx_word' id='word_1_690' title='bbox 2753 4422 2822 4472; x_wconf 87' lang='lat' dir='ltr'>Et</span> <span class='ocrx_word' id='word_1_691' title='bbox 2842 4419 3109 4496; x_wconf 84' lang='lat' dir='ltr'>laudatus</span> <span class='ocrx_word' id='word_1_692' title='bbox 3141 4430 3296 4496; x_wconf 54' lang='lat' dir='ltr'>sape</span> <span class='ocrx_word' id='word_1_693' title='bbox 3306 4420 3519 4496; x_wconf 83' lang='lat' dir='ltr'>Auctor</span> <span class='ocrx_word' id='word_1_694' title='bbox 3546 4415 3829 4496; x_wconf 82' lang='lat' dir='ltr'>ineditus,</span> 
     </span>
    </p>
   </div>
   <div class='ocr_carea' id='block_1_77' title="bbox 528 4490 2120 4556">
    <p class='ocr_par' dir='ltr' id='par_1_77' title="bbox 528 4490 2120 4556">
     <span class='ocr_line' id='line_1_77' title="bbox 528 4490 2120 4556; baseline 0 -13"><span class='ocrx_word' id='word_1_695' title='bbox 528 4491 626 4544; x_wconf 87' lang='lat' dir='ltr'>Dei</span> <span class='ocrx_word' id='word_1_696' title='bbox 648 4507 771 4542; x_wconf 88' lang='lat' dir='ltr'>cum</span> <span class='ocrx_word' id='word_1_697' title='bbox 789 4496 945 4556; x_wconf 80' lang='lat' dir='ltr'>patre</span> <span class='ocrx_word' id='word_1_698' title='bbox 967 4505 1087 4555; x_wconf 86' lang='lat' dir='ltr'>esse,</span> <span class='ocrx_word' id='word_1_699' title='bbox 1112 4490 1290 4540; x_wconf 87' lang='lat' dir='ltr'>doceri</span> <span class='ocrx_word' id='word_1_700' title='bbox 1321 4491 1590 4554; x_wconf 62' lang='lat' dir='ltr'>praesenti</span> <span class='ocrx_word' id='word_1_701' title='bbox 1612 4490 1911 4551; x_wconf 87' lang='lat' dir='ltr'>versiculo,</span> <span class='ocrx_word' id='word_1_702' title='bbox 1943 4495 2120 4553; x_wconf 77' lang='lat' dir='ltr'>notat,</span> 
     </span>
    </p>
   </div>
   <div class='ocr_carea' id='block_1_78' title="bbox 530 4562 2123 4626">
    <p class='ocr_par' dir='ltr' id='par_1_78' title="bbox 530 4562 2123 4626">
     <span class='ocr_line' id='line_1_78' title="bbox 530 4562 2123 4626; baseline -0.001 -10"><span class='ocrx_word' id='word_1_703' title='bbox 530 4566 746 4616; x_wconf 80' lang='lat' dir='ltr'>Auctor</span> <span class='ocrx_word' id='word_1_704' title='bbox 777 4562 1047 4623; x_wconf 89' lang='lat' dir='ltr'>ineditus,</span> <span class='ocrx_word' id='word_1_705' title='bbox 1075 4562 1227 4621; x_wconf 83' lang='lat' dir='ltr'>Quod</span> <span class='ocrx_word' id='word_1_706' title='bbox 1248 4567 1429 4612; x_wconf 87' lang='lat' dir='ltr'>autem</span> <span class='ocrx_word' id='word_1_707' title='bbox 1450 4562 1745 4626; x_wconf 86' lang='lat' dir='ltr'>subjungit,</span> <span class='ocrx_word' id='word_1_708' title='bbox 1770 4562 1907 4625; x_wconf 86' lang='lat' dir='ltr'>Quis</span> <span class='ocrx_word' id='word_1_709' title='bbox 1933 4564 2123 4615; x_wconf 86' lang='lat' dir='ltr'>susci-</span> 
     </span>
    </p>
   </div>
   <div class='ocr_carea' id='block_1_79' title="bbox 531 4632 2123 4697">
    <p class='ocr_par' dir='ltr' id='par_1_79' title="bbox 531 4632 2123 4697">
     <span class='ocr_line' id='line_1_79' title="bbox 531 4632 2123 4697; baseline -0.001 -11"><span class='ocrx_word' id='word_1_710' title='bbox 531 4636 675 4687; x_wconf 86' lang='lat' dir='ltr'>tabit</span> <span class='ocrx_word' id='word_1_711' title='bbox 695 4648 828 4685; x_wconf 86' lang='lat' dir='ltr'>eum</span> <span class='ocrx_word' id='word_1_712' title='bbox 848 4636 872 4682; x_wconf 80' lang='lat'><strong><em>?</em></strong></span> <span class='ocrx_word' id='word_1_713' title='bbox 893 4632 1238 4697; x_wconf 72' lang='lat' dir='ltr'>subauditur,</span> <span class='ocrx_word' id='word_1_714' title='bbox 1266 4634 1376 4682; x_wconf 84' lang='lat' dir='ltr'>nisi</span> <span class='ocrx_word' id='word_1_715' title='bbox 1387 4634 1548 4684; x_wconf 82' lang='lat' dir='ltr'>Pater</span> <span class='ocrx_word' id='word_1_716' title='bbox 1566 4636 1590 4682; x_wconf 73' lang='grc'><em>9</em></span> <span class='ocrx_word' id='word_1_717' title='bbox 1617 4633 1816 4684; x_wconf 83' lang='lat' dir='ltr'>Nullus</span> <span class='ocrx_word' id='word_1_718' title='bbox 1841 4634 1989 4683; x_wconf 83' lang='lat' dir='ltr'>enim</span> <span class='ocrx_word' id='word_1_719' title='bbox 2010 4650 2123 4684; x_wconf 90' lang='lat' dir='ltr'>non</span> 
     </span>
    </p>
   </div>
   <div class='ocr_carea' id='block_1_80' title="bbox 534 4705 2125 4770">
    <p class='ocr_par' dir='ltr' id='par_1_80' title="bbox 534 4705 2125 4770">
     <span class='ocr_line' id='line_1_80' title="bbox 534 4705 2125 4770; baseline 0.001 -14"><span class='ocrx_word' id='word_1_720' title='bbox 534 4706 706 4757; x_wconf 86' lang='lat' dir='ltr'>dicam</span> <span class='ocrx_word' id='word_1_721' title='bbox 738 4705 1021 4754; x_wconf 84' lang='lat' dir='ltr'>hominum</span> <span class='ocrx_word' id='word_1_722' title='bbox 1047 4706 1394 4766; x_wconf 83' lang='lat' dir='ltr'>caducorum,</span> <span class='ocrx_word' id='word_1_723' title='bbox 1430 4706 1519 4754; x_wconf 88' lang='lat' dir='ltr'>sed</span> <span class='ocrx_word' id='word_1_724' title='bbox 1552 4720 1648 4754; x_wconf 89' lang='lat' dir='ltr'>nec</span> <span class='ocrx_word' id='word_1_725' title='bbox 1676 4705 2125 4770; x_wconf 84' lang='lat' dir='ltr'>quitibetAngelo-</span> 
     </span>
    </p>
   </div>
   <div class='ocr_carea' id='block_1_81' title="bbox 532 4775 2129 4843">
    <p class='ocr_par' dir='ltr' id='par_1_81' title="bbox 532 4775 2129 4843">
     <span class='ocr_line' id='line_1_81' title="bbox 532 4775 2129 4843; baseline 0.001 -18"><span class='ocrx_word' id='word_1_726' title='bbox 532 4792 678 4836; x_wconf 81' lang='lat' dir='ltr'>rum,</span> <span class='ocrx_word' id='word_1_727' title='bbox 704 4777 813 4824; x_wconf 82' lang='lat' dir='ltr'>nisi</span> <span class='ocrx_word' id='word_1_728' title='bbox 857 4775 922 4837; x_wconf 85' lang='lat' dir='ltr'>is,</span> <span class='ocrx_word' id='word_1_729' title='bbox 960 4776 1021 4824; x_wconf 83' lang='lat' dir='ltr'>de</span> <span class='ocrx_word' id='word_1_730' title='bbox 1056 4790 1163 4839; x_wconf 88' lang='lat' dir='ltr'>quo</span> <span class='ocrx_word' id='word_1_731' title='bbox 1200 4778 1388 4825; x_wconf 77' lang='lat' dir='ltr'>Petrus</span> <span class='ocrx_word' id='word_1_732' title='bbox 1415 4776 1698 4841; x_wconf 83' lang='lat' dir='ltr'>Apostolus</span> <span class='ocrx_word' id='word_1_733' title='bbox 1720 4778 1863 4826; x_wconf 71' lang='lat' dir='ltr'>dixit</span> <span class='ocrx_word' id='word_1_734' title='bbox 1904 4778 2129 4843; x_wconf 75' lang='lat' dir='ltr'>Judseis,</span> 
     </span>
    </p>
   </div>
   <div class='ocr_carea' id='block_1_82' title="bbox 534 4848 2131 4914">
    <p class='ocr_par' dir='ltr' id='par_1_82' title="bbox 534 4848 2131 4914">
     <span class='ocr_line' id='line_1_82' title="bbox 534 4848 2131 4914; baseline 0.002 -14"><span class='ocrx_word' id='word_1_735' title='bbox 534 4852 716 4911; x_wconf 87' lang='lat' dir='ltr'>Quem</span> <span class='ocrx_word' id='word_1_736' title='bbox 743 4850 898 4899; x_wconf 89' lang='lat' dir='ltr'>Deus</span> <span class='ocrx_word' id='word_1_737' title='bbox 926 4848 1230 4899; x_wconf 63' lang='lat' dir='ltr'>suscitavit</span> <span class='ocrx_word' id='word_1_738' title='bbox 1251 4861 1286 4899; x_wconf 91' lang='lat' dir='ltr'>a</span> <span class='ocrx_word' id='word_1_739' title='bbox 1311 4849 1573 4914; x_wconf 89' lang='lat' dir='ltr'>mortuis,</span> <span class='ocrx_word' id='word_1_740' title='bbox 1604 4850 1775 4913; x_wconf 89' lang='lat' dir='ltr'>cujus</span> <span class='ocrx_word' id='word_1_741' title='bbox 1810 4862 1918 4902; x_wconf 89' lang='lat' dir='ltr'>nos</span> <span class='ocrx_word' id='word_1_742' title='bbox 1956 4854 2131 4903; x_wconf 88' lang='lat' dir='ltr'>testes</span> 
     </span>
    </p>
   </div>
   <div class='ocr_carea' id='block_1_83' title="bbox 534 4923 889 4980">
    <p class='ocr_par' dir='ltr' id='par_1_83' title="bbox 534 4923 889 4980">
     <span class='ocr_line' id='line_1_83' title="bbox 534 4923 889 4980; baseline -0.011 -8"><span class='ocrx_word' id='word_1_743' title='bbox 534 4931 755 4980; x_wconf 87' lang='lat' dir='ltr'>sumus,</span> <span class='ocrx_word' id='word_1_744' title='bbox 781 4923 889 4970; x_wconf 89' lang='lat' dir='ltr'>etc.</span> 
     </span>
    </p>
   </div>
   <div class='ocr_carea' id='block_1_84' title="bbox 595 5017 2129 5085">
    <p class='ocr_par' dir='ltr' id='par_1_84' title="bbox 595 5017 2129 5085">
     <span class='ocr_line' id='line_1_84' title="bbox 595 5017 2129 5085; baseline 0.002 -15"><span class='ocrx_word' id='word_1_745' title='bbox 595 5020 617 5049; x_wconf 71' lang='grc' dir='ltr'>δ</span> <span class='ocrx_word' id='word_1_746' title='bbox 647 5022 709 5070; x_wconf 82' lang='lat' dir='ltr'><strong>G1</strong></span> <span class='ocrx_word' id='word_1_747' title='bbox 723 5018 859 5071; x_wconf 78' lang='lat' dir='ltr'>secis</span> <span class='ocrx_word' id='word_1_748' title='bbox 882 5017 1101 5080; x_wconf 90' lang='lat' dir='ltr'>utique,</span> <span class='ocrx_word' id='word_1_749' title='bbox 1126 5029 1263 5069; x_wconf 88' lang='lat' dir='ltr'>nam</span> <span class='ocrx_word' id='word_1_750' title='bbox 1286 5018 1394 5070; x_wconf 89' lang='lat' dir='ltr'>etsi</span> <span class='ocrx_word' id='word_1_751' title='bbox 1428 5018 1630 5070; x_wconf 87' lang='lat' dir='ltr'>Latina</span> <span class='ocrx_word' id='word_1_752' title='bbox 1651 5019 1893 5071; x_wconf 85' lang='lat' dir='ltr'>Ruﬁnus</span> <span class='ocrx_word' id='word_1_753' title='bbox 1917 5019 2129 5085; x_wconf 89' lang='lat' dir='ltr'>laudet,</span> 
     </span>
    </p>
   </div>
   <div class='ocr_carea' id='block_1_85' title="bbox 531 5089 2108 5156">
    <p class='ocr_par' dir='ltr' id='par_1_85' title="bbox 531 5089 2108 5156">
     <span class='ocr_line' id='line_1_85' title="bbox 531 5089 2108 5156; baseline -0.001 -11"><span class='ocrx_word' id='word_1_754' title='bbox 531 5092 651 5145; x_wconf 89' lang='lat' dir='ltr'>tota</span> <span class='ocrx_word' id='word_1_755' title='bbox 683 5089 779 5141; x_wconf 90' lang='lat' dir='ltr'>illa</span> <span class='ocrx_word' id='word_1_756' title='bbox 812 5092 1161 5153; x_wconf 65' lang='lat' dir='ltr'>Grmcorum,</span> <span class='ocrx_word' id='word_1_757' title='bbox 1185 5101 1500 5153; x_wconf 91' lang='lat' dir='ltr'>eorumque</span> <span class='ocrx_word' id='word_1_758' title='bbox 1525 5092 1774 5142; x_wconf 83' lang='lat' dir='ltr'>maxime</span> <span class='ocrx_word' id='word_1_759' title='bbox 1797 5092 2108 5156; x_wconf 84' lang='lat' dir='ltr'>insignium</span> 
     </span>
    </p>
   </div>
   <div class='ocr_carea' id='block_1_86' title="bbox 528 5150 2133 5224">
    <p class='ocr_par' dir='ltr' id='par_1_86' title="bbox 528 5150 2133 5224">
     <span class='ocr_line' id='line_1_86' title="bbox 528 5150 2133 5224; baseline -0.007 -2"><span class='ocrx_word' id='word_1_760' title='bbox 528 5165 828 5222; x_wconf 86' lang='lat' dir='ltr'>diversitas</span> <span class='ocrx_word' id='word_1_761' title='bbox 850 5163 1121 5214; x_wconf 89' lang='lat' dir='ltr'>librorum</span> <span class='ocrx_word' id='word_1_762' title='bbox 1143 5150 1248 5213; x_wconf 87' lang='lat' dir='ltr'>est.</span> <span class='ocrx_word' id='word_1_763' title='bbox 1281 5150 1441 5224; x_wconf 79' lang='lat' dir='ltr'>Quod</span> <span class='ocrx_word' id='word_1_764' title='bbox 1474 5163 1523 5214; x_wconf 90' lang='lat' dir='ltr'>si</span> <span class='ocrx_word' id='word_1_765' title='bbox 1544 5166 1666 5215; x_wconf 89' lang='lat' dir='ltr'>erat</span> <span class='ocrx_word' id='word_1_766' title='bbox 1686 5150 2007 5215; x_wconf 71' lang='lat' dir='ltr'>communis</span> <span class='ocrx_word' id='word_1_767' title='bbox 2022 5150 2133 5224; x_wconf 73' lang='lat' dir='ltr'>La.’</span> 
     </span>
    </p>
   </div>
   <div class='ocr_carea' id='block_1_87' title="bbox 529 5233 2128 5301">
    <p class='ocr_par' dir='ltr' id='par_1_87' title="bbox 529 5233 2128 5301">
     <span class='ocr_line' id='line_1_87' title="bbox 529 5233 2128 5301; baseline -0.003 -6"><span class='ocrx_word' id='word_1_768' title='bbox 529 5246 679 5295; x_wconf 72' lang='lat' dir='ltr'>tenaa</span> <span class='ocrx_word' id='word_1_769' title='bbox 703 5233 999 5293; x_wconf 78' lang='lat' dir='ltr'>Editionis,</span> <span class='ocrx_word' id='word_1_770' title='bbox 1011 5236 1068 5285; x_wconf 87' lang='lat' dir='ltr'>et</span> <span class='ocrx_word' id='word_1_771' title='bbox 1078 5245 1251 5297; x_wconf 90' lang='lat' dir='ltr'>quam</span> <span class='ocrx_word' id='word_1_772' title='bbox 1266 5239 1477 5287; x_wconf 86' lang='lat' dir='ltr'>vocant</span> <span class='ocrx_word' id='word_1_773' title='bbox 1487 5235 1661 5301; x_wconf 87' lang='lat' dir='ltr'>vulgo</span> <span class='ocrx_word' id='word_1_774' title='bbox 1673 5235 1946 5300; x_wconf 87' lang='lat' dir='ltr'>Italicam,</span> <span class='ocrx_word' id='word_1_775' title='bbox 1960 5239 2128 5296; x_wconf 91' lang='lat' dir='ltr'>lectio</span> 
     </span>
    </p>
   </div>
   <div class='ocr_carea' id='block_1_88' title="bbox 526 5304 2129 5379">
    <p class='ocr_par' dir='ltr' id='par_1_88' title="bbox 526 5304 2129 5379">
     <span class='ocr_line' id='line_1_88' title="bbox 526 5304 2129 5379; baseline -0.002 -13"><span class='ocrx_word' id='word_1_776' title='bbox 526 5325 702 5379; x_wconf 87' lang='lat' dir='ltr'>quam</span> <span class='ocrx_word' id='word_1_777' title='bbox 725 5309 909 5375; x_wconf 89' lang='lat' dir='ltr'>priore</span> <span class='ocrx_word' id='word_1_778' title='bbox 921 5305 1045 5379; x_wconf 87' lang='lat' dir='ltr'>loco</span> <span class='ocrx_word' id='word_1_779' title='bbox 1063 5304 1275 5367; x_wconf 90' lang='lat' dir='ltr'>laudat,</span> <span class='ocrx_word' id='word_1_780' title='bbox 1290 5320 1417 5359; x_wconf 89' lang='lat' dir='ltr'>eam</span> <span class='ocrx_word' id='word_1_781' title='bbox 1434 5308 1770 5369; x_wconf 86' lang='lat' dir='ltr'>conjicimus</span> <span class='ocrx_word' id='word_1_782' title='bbox 1788 5311 1860 5360; x_wconf 90' lang='lat' dir='ltr'>ab</span> <span class='ocrx_word' id='word_1_783' title='bbox 1876 5312 2129 5367; x_wconf 83' lang='lat' dir='ltr'>Alexan-</span> 
     </span>
    </p>
   </div>
   <div class='ocr_carea' id='block_1_89' title="bbox 526 5377 2122 5449">
    <p class='ocr_par' dir='ltr' id='par_1_89' title="bbox 526 5377 2122 5449">
     <span class='ocr_line' id='line_1_89' title="bbox 526 5377 2122 5449; baseline 0 -13"><span class='ocrx_word' id='word_1_784' title='bbox 526 5377 708 5447; x_wconf 80' lang='lat' dir='ltr'>drino,</span> <span class='ocrx_word' id='word_1_785' title='bbox 732 5378 942 5433; x_wconf 87' lang='lat' dir='ltr'>alicubi</span> <span class='ocrx_word' id='word_1_786' title='bbox 964 5377 1156 5429; x_wconf 90' lang='lat' dir='ltr'>minus</span> <span class='ocrx_word' id='word_1_787' title='bbox 1178 5379 1482 5432; x_wconf 88' lang='lat' dir='ltr'>emendato</span> <span class='ocrx_word' id='word_1_788' title='bbox 1505 5379 1718 5442; x_wconf 86' lang='lat' dir='ltr'>codice,</span> <span class='ocrx_word' id='word_1_789' title='bbox 1736 5381 1796 5430; x_wconf 82' lang='grc' dir='ltr'>τὰ</span> <span class='ocrx_word' id='word_1_790' title='bbox 1806 5382 2122 5449; x_wconf 79' lang='grc' dir='ltr'>ἀποκείμενα.</span> 
     </span>
    </p>
   </div>
   <div class='ocr_carea' id='block_1_90' title="bbox 525 5450 2126 5519">
    <p class='ocr_par' dir='ltr' id='par_1_90' title="bbox 525 5450 2126 5519">
     <span class='ocr_line' id='line_1_90' title="bbox 525 5450 2126 5519; baseline -0.001 -9"><span class='ocrx_word' id='word_1_791' title='bbox 525 5466 657 5511; x_wconf 82' lang='grc' dir='ltr'>αυτῶ</span> <span class='ocrx_word' id='word_1_792' title='bbox 680 5451 1015 5519; x_wconf 67' lang='grc' dir='ltr'>ρι’ωῑθιιθηιθ</span> <span class='ocrx_word' id='word_1_793' title='bbox 1059 5450 1376 5519; x_wconf 76' lang='lat' dir='ltr'>derivatam</span> <span class='ocrx_word' id='word_1_794' title='bbox 1414 5465 1428 5502; x_wconf 88' lang='lat'><strong>:</strong></span> <span class='ocrx_word' id='word_1_795' title='bbox 1461 5452 1685 5503; x_wconf 90' lang='lat' dir='ltr'>restitui</span> <span class='ocrx_word' id='word_1_796' title='bbox 1706 5458 1900 5504; x_wconf 82' lang='lat' dir='ltr'>autem</span> <span class='ocrx_word' id='word_1_797' title='bbox 1926 5457 2126 5508; x_wconf 88' lang='lat' dir='ltr'>rectis-</span> 
     </span>
    </p>
   </div>
   <div class='ocr_carea' id='block_1_91' title="bbox 525 5516 1959 5589">
    <p class='ocr_par' dir='ltr' id='par_1_91' title="bbox 525 5516 1959 5589">
     <span class='ocr_line' id='line_1_91' title="bbox 525 5516 1959 5589; baseline -0.005 -7"><span class='ocrx_word' id='word_1_798' title='bbox 525 5530 666 5582; x_wconf 88' lang='lat' dir='ltr'>sime</span> <span class='ocrx_word' id='word_1_799' title='bbox 680 5516 762 5578; x_wconf 72' lang='lat' dir='ltr'>ex</span> <span class='ocrx_word' id='word_1_800' title='bbox 786 5525 1059 5576; x_wconf 85' lang='lat' dir='ltr'>Vaticano</span> <span class='ocrx_word' id='word_1_801' title='bbox 1142 5519 1415 5586; x_wconf 76' lang='grc' dir='ltr'>ἀπόκειται,</span> <span class='ocrx_word' id='word_1_802' title='bbox 1441 5524 1530 5573; x_wconf 87' lang='lat' dir='ltr'>cui</span> <span class='ocrx_word' id='word_1_803' title='bbox 1554 5523 1845 5587; x_wconf 84' lang='lat' dir='ltr'>repositum</span> <span class='ocrx_word' id='word_1_804' title='bbox 1869 5531 1959 5578; x_wconf 88' lang='lat' dir='ltr'>est.</span> 
     </span>
    </p>
   </div>
   <div class='ocr_carea' id='block_1_92' title="bbox 600 5622 2119 5686">
    <p class='ocr_par' dir='ltr' id='par_1_92' title="bbox 600 5622 2119 5686">
     <span class='ocr_line' id='line_1_92' title="bbox 600 5622 2119 5686; baseline 0 -8"><span class='ocrx_word' id='word_1_805' title='bbox 600 5629 770 5678; x_wconf 80' lang='lat' dir='ltr'>°Cum</span> <span class='ocrx_word' id='word_1_806' title='bbox 782 5623 934 5686; x_wconf 85' lang='lat' dir='ltr'>alibi,</span> <span class='ocrx_word' id='word_1_807' title='bbox 950 5626 1071 5674; x_wconf 87' lang='lat' dir='ltr'>tum</span> <span class='ocrx_word' id='word_1_808' title='bbox 1090 5623 1404 5686; x_wconf 76' lang='lat' dir='ltr'>praesertim</span> <span class='ocrx_word' id='word_1_809' title='bbox 1418 5622 1954 5685; x_wconf 78' lang='lat' dir='ltr'>Antiquitatumlib.</span> <span class='ocrx_word' id='word_1_810' title='bbox 1971 5627 2119 5678; x_wconf 82' lang='lat' dir='ltr'>XIV.</span> 
     </span>
    </p>
   </div>
   <div class='ocr_carea' id='block_1_93' title="bbox 528 5697 2124 5763">
    <p class='ocr_par' dir='ltr' id='par_1_93' title="bbox 528 5697 2124 5763">
     <span class='ocr_line' id='line_1_93' title="bbox 528 5697 2124 5763; baseline 0 -11"><span class='ocrx_word' id='word_1_811' title='bbox 528 5700 637 5753; x_wconf 92' lang='lat' dir='ltr'>Sed</span> <span class='ocrx_word' id='word_1_812' title='bbox 653 5701 776 5751; x_wconf 66' lang='lat' dir='ltr'>haec</span> <span class='ocrx_word' id='word_1_813' title='bbox 795 5697 948 5763; x_wconf 89' lang='lat' dir='ltr'>apud</span> <span class='ocrx_word' id='word_1_814' title='bbox 982 5698 1211 5749; x_wconf 79' lang='lat' dir='ltr'>Veteres</span> <span class='ocrx_word' id='word_1_815' title='bbox 1238 5698 1349 5749; x_wconf 87' lang='lat' dir='ltr'>loci</span> <span class='ocrx_word' id='word_1_816' title='bbox 1389 5697 1669 5762; x_wconf 80' lang='lat' dir='ltr'>expositio</span> <span class='ocrx_word' id='word_1_817' title='bbox 1696 5697 1868 5762; x_wconf 84' lang='lat' dir='ltr'>vulgo</span> <span class='ocrx_word' id='word_1_818' title='bbox 1902 5701 2124 5752; x_wconf 90' lang='lat' dir='ltr'>obtinet</span> 
     </span>
    </p>
   </div>
   <div class='ocr_carea' id='block_1_94' title="bbox 528 5767 2120 5834">
    <p class='ocr_par' dir='ltr' id='par_1_94' title="bbox 528 5767 2120 5834">
     <span class='ocr_line' id='line_1_94' title="bbox 528 5767 2120 5834; baseline -0.001 -10"><span class='ocrx_word' id='word_1_819' title='bbox 528 5772 582 5824; x_wconf 92' lang='lat' dir='ltr'>S.</span> <span class='ocrx_word' id='word_1_820' title='bbox 609 5771 967 5832; x_wconf 84' lang='lat' dir='ltr'>Ambrosius,</span> <span class='ocrx_word' id='word_1_821' title='bbox 996 5769 1058 5819; x_wconf 90' lang='lat' dir='ltr'>Ut</span> <span class='ocrx_word' id='word_1_822' title='bbox 1087 5771 1387 5834; x_wconf 82' lang='lat' dir='ltr'>docuimus,</span> <span class='ocrx_word' id='word_1_823' title='bbox 1404 5770 1590 5834; x_wconf 89' lang='lat' dir='ltr'>inquit</span> <span class='ocrx_word' id='word_1_824' title='bbox 1606 5767 1852 5820; x_wconf 87' lang='lat' dir='ltr'>Tractatu</span> <span class='ocrx_word' id='word_1_825' title='bbox 1868 5772 1929 5822; x_wconf 90' lang='lat' dir='ltr'>in</span> <span class='ocrx_word' id='word_1_826' title='bbox 1940 5772 2120 5823; x_wconf 85' lang='lat' dir='ltr'>Evan-</span> 
     </span>
    </p>
   </div>
   <div class='ocr_carea' id='block_1_95' title="bbox 528 5841 2121 5912">
    <p class='ocr_par' dir='ltr' id='par_1_95' title="bbox 528 5841 2121 5912">
     <span class='ocr_line' id='line_1_95' title="bbox 528 5841 2121 5912; baseline 0.002 -18"><span class='ocrx_word' id='word_1_827' title='bbox 528 5842 748 5912; x_wconf 83' lang='lat' dir='ltr'>gelium,</span> <span class='ocrx_word' id='word_1_828' title='bbox 756 5856 854 5908; x_wconf 82' lang='lat' dir='ltr'>per</span> <span class='ocrx_word' id='word_1_829' title='bbox 862 5841 1125 5892; x_wconf 83' lang='lat' dir='ltr'>Herodem</span> <span class='ocrx_word' id='word_1_830' title='bbox 1136 5842 1439 5893; x_wconf 82' lang='lat' dir='ltr'>adulterata</span> <span class='ocrx_word' id='word_1_831' title='bbox 1448 5842 1697 5893; x_wconf 83' lang='lat' dir='ltr'>successio</span> <span class='ocrx_word' id='word_1_832' title='bbox 1703 5844 2121 5910; x_wconf 74' lang='lat' dir='ltr'>praerogativam</span> 
     </span>
    </p>
   </div>
   <div class='ocr_carea' id='block_1_96' title="bbox 2222 4491 3831 4557">
    <p class='ocr_par' dir='ltr' id='par_1_96' title="bbox 2222 4491 3831 4557">
     <span class='ocr_line' id='line_1_96' title="bbox 2222 4491 3831 4557; baseline -0.004 -14"><span class='ocrx_word' id='word_1_833' title='bbox 2222 4496 2505 4557; x_wconf 84' lang='lat' dir='ltr'>Quousque</span> <span class='ocrx_word' id='word_1_834' title='bbox 2538 4493 2769 4542; x_wconf 84' lang='lat' dir='ltr'>Herodes</span> <span class='ocrx_word' id='word_1_835' title='bbox 2804 4492 3112 4556; x_wconf 83' lang='lat' dir='ltr'>alienigena</span> <span class='ocrx_word' id='word_1_836' title='bbox 3156 4492 3274 4540; x_wconf 77' lang='lat' dir='ltr'>lica:</span> <span class='ocrx_word' id='word_1_837' title='bbox 3314 4492 3389 4539; x_wconf 82' lang='lat' dir='ltr'>eis</span> <span class='ocrx_word' id='word_1_838' title='bbox 3419 4491 3831 4538; x_wconf 84' lang='lat' dir='ltr'>constitueretur</span> 
     </span>
    </p>
   </div>
   <div class='ocr_carea' id='block_1_97' title="bbox 2221 4561 3826 4631">
    <p class='ocr_par' dir='ltr' id='par_1_97' title="bbox 2221 4561 3826 4631">
     <span class='ocr_line' id='line_1_97' title="bbox 2221 4561 3826 4631; baseline -0.005 -13"><span class='ocrx_word' id='word_1_839' title='bbox 2221 4568 2293 4618; x_wconf 88' lang='lat' dir='ltr'>Et</span> <span class='ocrx_word' id='word_1_840' title='bbox 2315 4576 2443 4631; x_wconf 86' lang='lat' dir='ltr'>post</span> <span class='ocrx_word' id='word_1_841' title='bbox 2468 4578 2666 4629; x_wconf 82' lang='lat' dir='ltr'>pauca,</span> <span class='ocrx_word' id='word_1_842' title='bbox 2698 4565 2957 4628; x_wconf 81' lang='lat' dir='ltr'>Hyrcano</span> <span class='ocrx_word' id='word_1_843' title='bbox 2993 4563 3186 4611; x_wconf 88' lang='lat' dir='ltr'>ultimo</span> <span class='ocrx_word' id='word_1_844' title='bbox 3210 4563 3342 4626; x_wconf 85' lang='lat' dir='ltr'>Rege</span> <span class='ocrx_word' id='word_1_845' title='bbox 3372 4561 3690 4610; x_wconf 70' lang='lat' dir='ltr'>Judaeorum</span> <span class='ocrx_word' id='word_1_846' title='bbox 3727 4576 3826 4610; x_wconf 72' lang='lat' dir='ltr'>ea:-</span> 
     </span>
    </p>
   </div>
   <div class='ocr_carea' id='block_1_98' title="bbox 2221 4634 3832 4699">
    <p class='ocr_par' dir='ltr' id='par_1_98' title="bbox 2221 4634 3832 4699">
     <span class='ocr_line' id='line_1_98' title="bbox 2221 4634 3832 4699; baseline -0.004 -12"><span class='ocrx_word' id='word_1_847' title='bbox 2221 4638 2402 4687; x_wconf 81' lang='lat' dir='ltr'>tremis</span> <span class='ocrx_word' id='word_1_848' title='bbox 2435 4638 2595 4686; x_wconf 84' lang='lat' dir='ltr'>matis</span> <span class='ocrx_word' id='word_1_849' title='bbox 2629 4637 2862 4696; x_wconf 86' lang='lat' dir='ltr'>addicto,</span> <span class='ocrx_word' id='word_1_850' title='bbox 2887 4649 3113 4699; x_wconf 81' lang='lat' dir='ltr'>regnum</span> <span class='ocrx_word' id='word_1_851' title='bbox 3138 4646 3174 4685; x_wconf 84' lang='lat' dir='ltr'>a</span> <span class='ocrx_word' id='word_1_852' title='bbox 3196 4636 3396 4684; x_wconf 79' lang='lat' dir='ltr'>Caesare</span> <span class='ocrx_word' id='word_1_853' title='bbox 3436 4634 3676 4696; x_wconf 85' lang='lat' dir='ltr'>Augusto</span> <span class='ocrx_word' id='word_1_854' title='bbox 3725 4634 3832 4682; x_wconf 81' lang='lat' dir='ltr'>He-</span> 
     </span>
    </p>
   </div>
   <div class='ocr_carea' id='block_1_99' title="bbox 2229 4705 3833 4771">
    <p class='ocr_par' dir='ltr' id='par_1_99' title="bbox 2229 4705 3833 4771">
     <span class='ocr_line' id='line_1_99' title="bbox 2229 4705 3833 4771; baseline -0.002 -13"><span class='ocrx_word' id='word_1_855' title='bbox 2229 4710 2381 4758; x_wconf 85' lang='lat' dir='ltr'>rodes</span> <span class='ocrx_word' id='word_1_856' title='bbox 2424 4709 2732 4771; x_wconf 85' lang='lat' dir='ltr'>alienigena</span> <span class='ocrx_word' id='word_1_857' title='bbox 2774 4708 2998 4771; x_wconf 84' lang='lat' dir='ltr'>suscepit</span> <span class='ocrx_word' id='word_1_858' title='bbox 3032 4707 3345 4768; x_wconf 84' lang='lat' dir='ltr'>Judaicu-m,</span> <span class='ocrx_word' id='word_1_859' title='bbox 3396 4705 3549 4767; x_wconf 85' lang='lat' dir='ltr'>cujus</span> <span class='ocrx_word' id='word_1_860' title='bbox 3596 4710 3833 4769; x_wconf 69' lang='lat' dir='ltr'>tempon</span> 
     </span>
    </p>
   </div>
   <div class='ocr_carea' id='block_1_100' title="bbox 2225 4776 3833 4844">
    <p class='ocr_par' dir='ltr' id='par_1_100' title="bbox 2225 4776 3833 4844">
     <span class='ocr_line' id='line_1_100' title="bbox 2225 4776 3833 4844; baseline -0.004 -13"><span class='ocrx_word' id='word_1_861' title='bbox 2225 4783 2520 4831; x_wconf 85' lang='lat' dir='ltr'>secundum</span> <span class='ocrx_word' id='word_1_862' title='bbox 2546 4781 2685 4829; x_wconf 85' lang='lat' dir='ltr'>hanc</span> <span class='ocrx_word' id='word_1_863' title='bbox 2703 4780 3065 4844; x_wconf 83' lang='lat' dir='ltr'>prophetiam,</span> <span class='ocrx_word' id='word_1_864' title='bbox 3083 4785 3129 4827; x_wconf 86' lang='lat' dir='ltr'>et</span> <span class='ocrx_word' id='word_1_865' title='bbox 3152 4777 3433 4841; x_wconf 86' lang='lat' dir='ltr'>Evangelii</span> <span class='ocrx_word' id='word_1_866' title='bbox 3465 4776 3833 4827; x_wconf 84' lang='lat' dir='ltr'>testimonium</span> 
     </span>
    </p>
   </div>
   <div class='ocr_carea' id='block_1_101' title="bbox 2229 4850 3832 4917">
    <p class='ocr_par' dir='ltr' id='par_1_101' title="bbox 2229 4850 3832 4917">
     <span class='ocr_line' id='line_1_101' title="bbox 2229 4850 3832 4917; baseline -0.002 -15"><span class='ocrx_word' id='word_1_867' title='bbox 2229 4853 2276 4902; x_wconf 86' lang='lat' dir='ltr'>is</span> <span class='ocrx_word' id='word_1_868' title='bbox 2300 4854 2396 4917; x_wconf 88' lang='lat' dir='ltr'>qui</span> <span class='ocrx_word' id='word_1_869' title='bbox 2420 4854 2707 4901; x_wconf 88' lang='lat' dir='ltr'>mittendus</span> <span class='ocrx_word' id='word_1_870' title='bbox 2728 4852 3143 4915; x_wconf 87' lang='lat' dir='ltr'>erat,Dominus</span> <span class='ocrx_word' id='word_1_871' title='bbox 3165 4856 3211 4899; x_wconf 90' lang='lat' dir='ltr'>et</span> <span class='ocrx_word' id='word_1_872' title='bbox 3232 4851 3479 4900; x_wconf 83' lang='lat' dir='ltr'>Salvator</span> <span class='ocrx_word' id='word_1_873' title='bbox 3511 4855 3691 4899; x_wconf 86' lang='lat' dir='ltr'>noster</span> <span class='ocrx_word' id='word_1_874' title='bbox 3728 4850 3832 4899; x_wconf 79' lang='lat' dir='ltr'>ad-</span> 
     </span>
    </p>
   </div>
   <div class='ocr_carea' id='block_1_102' title="bbox 2228 4922 2755 4976">
    <p class='ocr_par' dir='ltr' id='par_1_102' title="bbox 2228 4922 2755 4976">
     <span class='ocr_line' id='line_1_102' title="bbox 2228 4922 2755 4976; baseline -0.008 -1"><span class='ocrx_word' id='word_1_875' title='bbox 2228 4926 2387 4976; x_wconf 83' lang='lat' dir='ltr'>venit.</span> <span class='ocrx_word' id='word_1_876' title='bbox 2414 4925 2574 4976; x_wconf 83' lang='lat' dir='ltr'>Mitto</span> <span class='ocrx_word' id='word_1_877' title='bbox 2597 4922 2755 4976; x_wconf 76' lang='lat' dir='ltr'>alios.</span> 
     </span>
    </p>
   </div>
   <div class='ocr_carea' id='block_1_103' title="bbox 2289 5017 3831 5087">
    <p class='ocr_par' dir='ltr' id='par_1_103' title="bbox 2289 5017 3831 5087">
     <span class='ocr_line' id='line_1_103' title="bbox 2289 5017 3831 5087; baseline -0.003 -12"><span class='ocrx_word' id='word_1_878' title='bbox 2289 5022 2310 5053; x_wconf 76' lang='lat'>&quot;</span> <span class='ocrx_word' id='word_1_879' title='bbox 2340 5023 2634 5077; x_wconf 89' lang='lat' dir='ltr'>Consentit</span> <span class='ocrx_word' id='word_1_880' title='bbox 2656 5022 2796 5087; x_wconf 90' lang='lat' dir='ltr'>ipsis</span> <span class='ocrx_word' id='word_1_881' title='bbox 2808 5036 2951 5087; x_wconf 90' lang='lat' dir='ltr'>pene</span> <span class='ocrx_word' id='word_1_882' title='bbox 2976 5022 3168 5075; x_wconf 89' lang='lat' dir='ltr'>verbis</span> <span class='ocrx_word' id='word_1_883' title='bbox 3180 5022 3396 5073; x_wconf 84' lang='lat' dir='ltr'>Auctor</span> <span class='ocrx_word' id='word_1_884' title='bbox 3417 5017 3680 5071; x_wconf 90' lang='lat' dir='ltr'>nondum</span> <span class='ocrx_word' id='word_1_885' title='bbox 3710 5018 3831 5071; x_wconf 88' lang='lat' dir='ltr'>vul-</span> 
     </span>
    </p>
   </div>
   <div class='ocr_carea' id='block_1_104' title="bbox 2225 5091 3832 5165">
    <p class='ocr_par' dir='ltr' id='par_1_104' title="bbox 2225 5091 3832 5165">
     <span class='ocr_line' id='line_1_104' title="bbox 2225 5091 3832 5165; baseline -0.009 -13"><span class='ocrx_word' id='word_1_886' title='bbox 2225 5104 2413 5165; x_wconf 90' lang='lat' dir='ltr'>gatus,</span> <span class='ocrx_word' id='word_1_887' title='bbox 2439 5099 2505 5147; x_wconf 89' lang='lat' dir='ltr'>In</span> <span class='ocrx_word' id='word_1_888' title='bbox 2523 5096 2625 5160; x_wconf 88' lang='lat' dir='ltr'>his,</span> <span class='ocrx_word' id='word_1_889' title='bbox 2652 5094 2920 5159; x_wconf 84' lang='lat' dir='ltr'>inquiens</span> <span class='ocrx_word' id='word_1_890' title='bbox 2941 5094 3109 5144; x_wconf 84' lang='lat' dir='ltr'>verbis</span> <span class='ocrx_word' id='word_1_891' title='bbox 3132 5093 3279 5142; x_wconf 82' lang='lat' dir='ltr'>nihil</span> <span class='ocrx_word' id='word_1_892' title='bbox 3303 5091 3832 5165; x_wconf 33' lang='lat' dir='ltr'>historicum‘requi-</span> 
     </span>
    </p>
   </div>
   <div class='ocr_carea' id='block_1_105' title="bbox 2224 5161 3831 5233">
    <p class='ocr_par' dir='ltr' id='par_1_105' title="bbox 2224 5161 3831 5233">
     <span class='ocr_line' id='line_1_105' title="bbox 2224 5161 3831 5233; baseline -0.006 -12"><span class='ocrx_word' id='word_1_893' title='bbox 2224 5161 2400 5233; x_wconf 67' lang='lat' dir='ltr'>ratur,</span> <span class='ocrx_word' id='word_1_894' title='bbox 2446 5170 2536 5219; x_wconf 88' lang='lat' dir='ltr'>sed</span> <span class='ocrx_word' id='word_1_895' title='bbox 2575 5173 2745 5218; x_wconf 88' lang='lat' dir='ltr'>totum</span> <span class='ocrx_word' id='word_1_896' title='bbox 2804 5168 2975 5231; x_wconf 83' lang='lat' dir='ltr'>typice</span> <span class='ocrx_word' id='word_1_897' title='bbox 3015 5166 3217 5215; x_wconf 86' lang='lat' dir='ltr'>dictum</span> <span class='ocrx_word' id='word_1_898' title='bbox 3241 5164 3592 5227; x_wconf 85' lang='lat' dir='ltr'>intelligatur.</span> <span class='ocrx_word' id='word_1_899' title='bbox 3617 5161 3831 5227; x_wconf 84' lang='lat' dir='ltr'>Ligavit</span> 
     </span>
    </p>
   </div>
   <div class='ocr_carea' id='block_1_106' title="bbox 2222 5236 3832 5300">
    <p class='ocr_par' dir='ltr' id='par_1_106' title="bbox 2222 5236 3832 5300">
     <span class='ocr_line' id='line_1_106' title="bbox 2222 5236 3832 5300; baseline -0.008 -4"><span class='ocrx_word' id='word_1_900' title='bbox 2222 5244 2369 5296; x_wconf 86' lang='lat' dir='ltr'>enim</span> <span class='ocrx_word' id='word_1_901' title='bbox 2390 5243 2657 5295; x_wconf 87' lang='lat' dir='ltr'>Dominus</span> <span class='ocrx_word' id='word_1_902' title='bbox 2685 5245 2731 5290; x_wconf 89' lang='lat' dir='ltr'>et</span> <span class='ocrx_word' id='word_1_903' title='bbox 2759 5238 3007 5289; x_wconf 83' lang='lat' dir='ltr'>Salvator</span> <span class='ocrx_word' id='word_1_904' title='bbox 3029 5245 3203 5288; x_wconf 85' lang='lat' dir='ltr'>noster</span> <span class='ocrx_word' id='word_1_905' title='bbox 3229 5236 3304 5286; x_wconf 88' lang='lat' dir='ltr'>ad</span> <span class='ocrx_word' id='word_1_906' title='bbox 3338 5238 3553 5287; x_wconf 88' lang='lat' dir='ltr'>vineam</span> <span class='ocrx_word' id='word_1_907' title='bbox 3592 5236 3832 5300; x_wconf 77' lang='lat' dir='ltr'>puttum,</span> 
     </span>
    </p>
   </div>
   <div class='ocr_carea' id='block_1_107' title="bbox 2221 5308 3829 5380">
    <p class='ocr_par' dir='ltr' id='par_1_107' title="bbox 2221 5308 3829 5380">
     <span class='ocr_line' id='line_1_107' title="bbox 2221 5308 3829 5380; baseline -0.009 -11"><span class='ocrx_word' id='word_1_908' title='bbox 2221 5332 2403 5380; x_wconf 85' lang='lat' dir='ltr'>suum,</span> <span class='ocrx_word' id='word_1_909' title='bbox 2417 5313 2635 5379; x_wconf 89' lang='lat' dir='ltr'>quando</span> <span class='ocrx_word' id='word_1_910' title='bbox 2642 5311 2909 5377; x_wconf 81' lang='lat' dir='ltr'>populum</span> <span class='ocrx_word' id='word_1_911' title='bbox 2922 5311 3209 5361; x_wconf 88' lang='lat' dir='ltr'>nationum</span> <span class='ocrx_word' id='word_1_912' title='bbox 3221 5309 3552 5358; x_wconf 87' lang='lat' dir='ltr'>indomitum</span> <span class='ocrx_word' id='word_1_913' title='bbox 3556 5308 3829 5380; x_wconf 61' lang='lat' dir='ltr'>praeceptis</span> 
     </span>
    </p>
   </div>
   <div class='ocr_carea' id='block_1_108' title="bbox 2219 5379 3831 5450">
    <p class='ocr_par' dir='ltr' id='par_1_108' title="bbox 2219 5379 3831 5450">
     <span class='ocr_line' id='line_1_108' title="bbox 2219 5379 3831 5450; baseline -0.009 -9"><span class='ocrx_word' id='word_1_914' title='bbox 2219 5385 2866 5450; x_wconf 82' lang='lat' dir='ltr'>subdiditApostotorum,</span> <span class='ocrx_word' id='word_1_915' title='bbox 2903 5388 3009 5435; x_wconf 86' lang='lat' dir='ltr'>etc.</span> <span class='ocrx_word' id='word_1_916' title='bbox 3042 5382 3301 5446; x_wconf 84' lang='lat' dir='ltr'>Alligavit</span> <span class='ocrx_word' id='word_1_917' title='bbox 3336 5384 3496 5430; x_wconf 74' lang='lat' dir='ltr'>etiam</span> <span class='ocrx_word' id='word_1_918' title='bbox 3532 5380 3607 5429; x_wconf 83' lang='lat' dir='ltr'>ad</span> <span class='ocrx_word' id='word_1_919' title='bbox 3652 5379 3831 5441; x_wconf 85' lang='lat' dir='ltr'>vitem,</span> 
     </span>
    </p>
   </div>
   <div class='ocr_carea' id='block_1_109' title="bbox 2221 5452 3827 5525">
    <p class='ocr_par' dir='ltr' id='par_1_109' title="bbox 2221 5452 3827 5525">
     <span class='ocr_line' id='line_1_109' title="bbox 2221 5452 3827 5525; baseline -0.007 -15"><span class='ocrx_word' id='word_1_920' title='bbox 2221 5462 2368 5525; x_wconf 81' lang='lat' dir='ltr'>idest,</span> <span class='ocrx_word' id='word_1_921' title='bbox 2396 5458 2705 5525; x_wconf 76' lang='lat' dir='ltr'>Ecclesium,</span> <span class='ocrx_word' id='word_1_922' title='bbox 2747 5457 2967 5525; x_wconf 76' lang='lat' dir='ltr'>asinam</span> <span class='ocrx_word' id='word_1_923' title='bbox 2989 5469 3165 5525; x_wconf 64' lang='lat' dir='ltr'>suam,</span> <span class='ocrx_word' id='word_1_924' title='bbox 3194 5453 3444 5502; x_wconf 84' lang='lat' dir='ltr'>videlicet.</span> <span class='ocrx_word' id='word_1_925' title='bbox 3471 5452 3827 5525; x_wconf 64' lang='lat' dir='ltr'>Sgnagogarn</span> 
     </span>
    </p>
   </div>
   <div class='ocr_carea' id='block_1_110' title="bbox 2221 5515 3817 5590">
    <p class='ocr_par' dir='ltr' id='par_1_110' title="bbox 2221 5515 3817 5590">
     <span class='ocr_line' id='line_1_110' title="bbox 2221 5515 3817 5590; baseline -0.008 -17"><span class='ocrx_word' id='word_1_926' title='bbox 2221 5515 2391 5590; x_wconf 78' lang='lat' dir='ltr'>quam</span> <span class='ocrx_word' id='word_1_927' title='bbox 2414 5523 2475 5572; x_wconf 88' lang='lat' dir='ltr'>in</span> <span class='ocrx_word' id='word_1_928' title='bbox 2502 5524 2626 5585; x_wconf 80' lang='lat' dir='ltr'>ﬁne.</span> <span class='ocrx_word' id='word_1_929' title='bbox 2650 5515 2826 5567; x_wconf 73' lang='lat' dir='ltr'>saeculi</span> <span class='ocrx_word' id='word_1_930' title='bbox 2863 5534 2898 5567; x_wconf 92' lang='lat' dir='ltr'>a</span> <span class='ocrx_word' id='word_1_931' title='bbox 2931 5519 3165 5584; x_wconf 77' lang='lat' dir='ltr'>perﬁdia</span> <span class='ocrx_word' id='word_1_932' title='bbox 3208 5531 3461 5565; x_wconf 79' lang='lat' dir='ltr'>revocans</span> <span class='ocrx_word' id='word_1_933' title='bbox 3487 5515 3623 5580; x_wconf 86' lang='lat' dir='ltr'>jugo</span> <span class='ocrx_word' id='word_1_934' title='bbox 3666 5515 3817 5577; x_wconf 82' lang='lat' dir='ltr'>Legis</span> 
     </span>
    </p>
   </div>
   <div class='ocr_carea' id='block_1_111' title="bbox 2219 5590 3829 5661">
    <p class='ocr_par' dir='ltr' id='par_1_111' title="bbox 2219 5590 3829 5661">
     <span class='ocr_line' id='line_1_111' title="bbox 2219 5590 3829 5661; baseline -0.003 -18"><span class='ocrx_word' id='word_1_935' title='bbox 2219 5609 2546 5661; x_wconf 83' lang='lat' dir='ltr'>oppressam,</span> <span class='ocrx_word' id='word_1_936' title='bbox 2580 5593 2927 5657; x_wconf 82' lang='lat' dir='ltr'>discipulatui</span> <span class='ocrx_word' id='word_1_937' title='bbox 2951 5594 3128 5643; x_wconf 83' lang='lat' dir='ltr'>subdet</span> <span class='ocrx_word' id='word_1_938' title='bbox 3156 5592 3413 5651; x_wconf 71' lang='lat' dir='ltr'>Ecclesiae,</span> <span class='ocrx_word' id='word_1_939' title='bbox 3448 5596 3610 5655; x_wconf 86' lang='lat' dir='ltr'>atque</span> <span class='ocrx_word' id='word_1_940' title='bbox 3633 5590 3713 5644; x_wconf 84' lang='lat' dir='ltr'>ita.</span> <span class='ocrx_word' id='word_1_941' title='bbox 3744 5596 3829 5659; x_wconf 60' lang='lat' dir='ltr'>ﬁet</span> 
     </span>
    </p>
   </div>
   <div class='ocr_carea' id='block_1_112' title="bbox 2217 5670 3120 5735">
    <p class='ocr_par' dir='ltr' id='par_1_112' title="bbox 2217 5670 3120 5735">
     <span class='ocr_line' id='line_1_112' title="bbox 2217 5670 3120 5735; baseline 0 -14"><span class='ocrx_word' id='word_1_942' title='bbox 2217 5685 2363 5721; x_wconf 87' lang='lat' dir='ltr'>unus</span> <span class='ocrx_word' id='word_1_943' title='bbox 2384 5683 2535 5735; x_wconf 64' lang='lat' dir='ltr'>grex,</span> <span class='ocrx_word' id='word_1_944' title='bbox 2561 5674 2608 5718; x_wconf 88' lang='lat' dir='ltr'>et</span> <span class='ocrx_word' id='word_1_945' title='bbox 2619 5684 2763 5717; x_wconf 85' lang='lat' dir='ltr'>unus</span> <span class='ocrx_word' id='word_1_946' title='bbox 2786 5670 2980 5719; x_wconf 86' lang='lat' dir='ltr'>Pastor</span> <span class='ocrx_word' id='word_1_947' title='bbox 3010 5676 3120 5725; x_wconf 87' lang='lat' dir='ltr'>etc.</span> 
     </span>
    </p>
   </div>
   <div class='ocr_carea' id='block_1_113' title="bbox 2277 5768 3820 5837">
    <p class='ocr_par' dir='ltr' id='par_1_113' title="bbox 2277 5768 3820 5837">
     <span class='ocr_line' id='line_1_113' title="bbox 2277 5768 3820 5837; baseline 0.001 -15"><span class='ocrx_word' id='word_1_948' title='bbox 2277 5778 2296 5800; x_wconf 88' lang='grc'><strong>·</strong></span> <span class='ocrx_word' id='word_1_949' title='bbox 2327 5772 2391 5823; x_wconf 90' lang='lat' dir='ltr'>In</span> <span class='ocrx_word' id='word_1_950' title='bbox 2414 5768 2746 5835; x_wconf 64' lang='lat' dir='ltr'>praefatione</span> <span class='ocrx_word' id='word_1_951' title='bbox 2766 5772 3023 5837; x_wconf 91' lang='lat' dir='ltr'>proxime</span> <span class='ocrx_word' id='word_1_952' title='bbox 3059 5769 3424 5837; x_wconf 73' lang='lat' dir='ltr'>praecedenti,</span> <span class='ocrx_word' id='word_1_953' title='bbox 3446 5770 3569 5825; x_wconf 88' lang='lat' dir='ltr'>sive</span> <span class='ocrx_word' id='word_1_954' title='bbox 3592 5782 3820 5824; x_wconf 61' lang='lat' dir='ltr'>nuncuo</span> 
     </span>
    </p>
   </div>
   <div class='ocr_carea' id='block_1_114' title="bbox 2218 5841 3340 5913">
    <p class='ocr_par' dir='ltr' id='par_1_114' title="bbox 2218 5841 3340 5913">
     <span class='ocr_line' id='line_1_114' title="bbox 2218 5841 3340 5913; baseline -0.004 -14"><span class='ocrx_word' id='word_1_955' title='bbox 2218 5842 2438 5913; x_wconf 83' lang='lat' dir='ltr'>patoria</span> <span class='ocrx_word' id='word_1_956' title='bbox 2458 5843 2533 5897; x_wconf 90' lang='lat' dir='ltr'>ad</span> <span class='ocrx_word' id='word_1_957' title='bbox 2557 5844 2859 5898; x_wconf 87' lang='lat' dir='ltr'>Paulinum</span> <span class='ocrx_word' id='word_1_958' title='bbox 2891 5845 3069 5911; x_wconf 86' lang='lat' dir='ltr'>Epist.</span> <span class='ocrx_word' id='word_1_959' title='bbox 3102 5855 3263 5897; x_wconf 89' lang='lat' dir='ltr'>num.</span> <span class='ocrx_word' id='word_1_960' title='bbox 3289 5841 3340 5903; x_wconf 90' lang='lat'>3.</span> 
     </span>
    </p>
   </div>
  </div>
