3898 6412
42 431 158 488 305

735 440 830 493 DE
861 439 1502 496 BENEDICTIONIBUS
1548 443 2165 501 PATRIARCHARUM
2199 449 2409 501 LIBER
2443 450 2720 504 PRIMUS.

3257 454 3363 512 306

43 549 236 604 modo
268 551 442 607 Fides
472 566 606 619 qua
634 555 697 609 in
724 556 944 611 Christo
968 563 1074 617 est.
1100 564 1159 612 et
1186 560 1488 625 prasentis
1524 562 1663 615 vita
1682 561 1745 633 Α
1764 557 1923 610 verbi
1957 559 2076 622 Dei,
2138 565 2351 625 quanto
2406 564 2663 628 capacior
2700 565 2904 620 effecta
2947 567 3118 622 fuerit
3153 569 3362 636 anima,

43 643 331 705 regulam
355 653 374 674 ·
408 645 586 711 tenet,
609 651 667 700 et
687 647 898 701 futura
942 650 1062 715 spei
1107 650 1374 705 ﬁduciam
1412 657 1661 719 prastat.

42 734 209 786 Vitis
234 747 376 800 ergo
404 736 632 789 videtur
652 737 789 790 illud
811 739 1126 804 ostendere,
1162 742 1314 805 quod
1358 743 1566 796 Christi
1606 746 1666 798 in

44 836 237 876 carne
267 825 443 889 positi
474 832 657 889 gesta,
689 828 751 880 in
772 828 895 893 ipso
915 830 1238 896 credentes,
1274 836 1330 883 et
1351 833 1460 898 ipsi
1483 834 1664 887 inha-

40 914 251 966 rentes
273 914 605 968 imitantur:
637 918 855 981 palmes
878 932 1032 984 vero,
1057 920 1116 972 id
1154 924 1259 984 est,
1288 920 1398 984 ἕλιξ,
1424 923 1522 986 qui
1544 936 1662 976 non

43 1008 171 1057 tam
193 1005 440 1069 palmes,
468 1019 645 1071 quam
668 1007 804 1059 illud
822 1008 1171 1074 intelligitur,
1187 1024 1301 1076 quo
1328 1012 1543 1077 palmes
1567 1026 1658 1065 ar-

39 1095 174 1145 bori
200 1096 583 1158 connectitur,
609 1102 665 1149 et
688 1098 1058 1152 conﬁrmatur
1079 1113 1114 1152 a
1134 1101 1299 1166 lapsu
1323 1102 1452 1167 (quo
1473 1103 1658 1155 admi-

38 1183 249 1236 niculo
281 1187 465 1249 tutus,
495 1189 702 1239 ventos
724 1200 791 1239 ac
814 1189 1073 1245 turbines
1104 1193 1419 1244 contemnit
1445 1196 1501 1244 et
1536 1206 1660 1245 res-

38 1274 196 1339 puit)
225 1274 556 1329 futurorum
566 1276 877 1330 bbonorum
890 1278 1104 1332 indicat
1120 1293 1275 1345 spem
1286 1319 1299 1343 ,
1314 1282 1449 1345 quia
1460 1282 1657 1337 fideles

37 1364 273 1429 quique
296 1378 417 1418 non
452 1364 638 1419 solum
665 1366 728 1419 in
754 1367 825 1419 iis
850 1380 981 1432 qua
1003 1373 1267 1434 egerunt,
1291 1371 1392 1423 sed
1420 1373 1550 1425 etin
1563 1373 1656 1425 his

36 1466 182 1518 qua
215 1459 457 1520 sperant
475 1460 534 1508 et
562 1456 799 1509 credunt
830 1457 1044 1523 futura,
1097 1462 1654 1515 consummationem

37 1543 261 1596 salutis
283 1548 641 1609 exspectant:
651 1547 710 1598 in
727 1558 842 1611 quo
858 1549 1024 1612 quasi
1035 1547 1105 1600 ad
1118 1550 1406 1613 quandam
1429 1552 1651 1616 patien-

36 1633 141 1685 tia
163 1634 453 1697 arborem,
492 1647 595 1700 spe
623 1635 800 1689 vincti
827 1648 896 1689 ac
918 1638 1238 1690 confirmati
1268 1640 1651 1693 tentationum

36 1722 334 1785 procellas
378 1734 449 1775 ac
493 1724 751 1777 turbines
793 1725 1001 1778 ferunt.
1038 1727 1201 1788 Quod
1248 1727 1319 1780 de
1364 1729 1652 1782 Historiali

33 1810 754 1878 Judainterpretari,nulla
770 1815 1063 1868 mihiratio
1101 1815 1187 1884 12
1221 1817 1450 1870 videtur
1471 1831 1641 1884 posse

35 1899 400 1965 permittere,
429 1900 541 1952 nisi
565 1901 615 1953 si
636 1902 888 1955 Judaicis
912 1903 1118 1956 fabulis
1143 1905 1527 1968 attendentes,
1544 1919 1652 1971 pu-

36 1992 242 2040 temus
264 1988 347 2040 ita
369 2002 540 2054 posse
550 1990 787 2057 intelligi
810 2005 909 2057 pro
927 2005 992 2045 eo
1017 1993 1171 2056 quod
1187 1993 1650 2060 dicunt,°partem

34 2077 231 2129 tribus
256 2078 288 2128 J
293 2076 446 2140 uda,
473 2090 646 2143 quam
672 2080 729 2131 in
753 2084 922 2134 terra
950 2080 1347 2134 hareditatem
1373 2084 1645 2148 suscepit,

33 2166 119 2217 ita.
146 2178 283 2219 esse
305 2166 576 2219 refertam
601 2169 803 2230 vineis,
831 2174 896 2221 ut
925 2171 1200 2234 tanquam
1221 2172 1380 2224 nullo
1412 2172 1647 2225 alterius

35 2255 274 2319 generis
290 2256 574 2308 existente
597 2256 862 2322 virgulto,
885 2260 1047 2312 tanta
1065 2272 1196 2312 esse
1219 2260 1354 2313 vitis
1377 2261 1539 2327 copia
1571 2261 1647 2314 vi-

33 2343 268 2406 deatur,
321 2349 387 2397 ut
432 2358 509 2398 ne
568 2346 779 2399 animal
811 2347 1043 2412 quidem
1089 2349 1363 2414 alligandi
1387 2350 1460 2402 ad
1491 2348 1645 2402 aliud

32 2446 229 2497 genus
253 2434 473 2487 arboris
502 2434 671 2487 detur
688 2435 944 2488 facultas.
973 2437 1081 2489 Sed
1105 2438 1252 2503 hac,
1283 2443 1348 2491 ut
1371 2439 1643 2504 diximus,

31 2522 287 2574 Judaica
308 2534 402 2574 me
412 2524 504 2588 gis
516 2530 839 2577 commenta
863 2525 1232 2591 videbuntur;
1263 2528 1428 2580 nobis
1448 2533 1644 2581 autem

32 2612 285 2676 Mystica
310 2612 460 2678 plus,
485 2614 658 2666 etiam
679 2614 728 2666 si
753 2614 875 2667 sola
898 2616 990 2679 sit,
1022 2616 1243 2681 placeat
1276 2618 1575 2681 expositio.

90 2725 145 2781 5.
182 2728 414 2777 Lavabit
443 2730 505 2777 in
530 2729 655 2780 vino
677 2730 869 2780 stolam
897 2738 1138 2795 suam,et
1159 2733 1220 2781 in
1234 2747 1505 2796 sanguine
1533 2748 1643 2783 uva

32 2818 303 2866 amictum
328 2833 492 2866 suum
511 2818 663 2882 (Gen.
710 2819 797 2874 49.
852 2819 978 2884 11.).
1033 2822 1396 2873 Videbuntur
1424 2827 1482 2874 et
1515 2822 1642 2874 hac

34 2909 264 2957 tantum
277 2906 1113 2974 adHistoricamexpositionem
1132 2911 1639 2976 pertinerezagrum

31 2995 277 3046 fertilem
314 2996 468 3057 vitis,
493 2998 550 3047 et
564 2996 966 3061 hyperbolices
991 2998 1110 3051 vini
1133 2999 1544 3051 abundantiam
1563 3000 1641 3051 si-

30 3084 325 3148 gniﬁcare;
353 3084 455 3135 sed
474 3085 807 3138 nobiliorem
833 3100 1072 3139 sensum
1115 3089 1345 3153 Mystica
1376 3088 1640 3154 producit

28 3172 338 3237 expositio.
375 3173 520 3225 Nam
542 3175 687 3226 stola
731 3175 939 3228 Christi
972 3189 1104 3241 qua
1135 3176 1362 3230 lavatur
1391 3178 1451 3229 in
1476 3178 1632 3242 vino,

1770 650 1928 700 tanto
1949 650 2139 710 purior
2152 651 2235 715 fit,
2262 657 2320 703 et
2342 652 2566 705 lavatur
2578 656 2833 719 quotidie
2856 656 2930 709 ad
2956 659 3211 713 scientia
3230 674 3362 724 pro-

1766 736 2012 790 fectum:
2049 744 2105 792 et
2141 740 2395 806 jungens
2441 756 2502 796 se
2534 745 2797 810 Domino,
2846 759 2965 799 non
2990 748 3177 801 solum
3218 752 3364 803 ami-

1765 828 1894 876 ctus
1947 827 2095 890 ejus,
2129 842 2332 881 verum
2386 832 2554 883 etiam
2598 847 2751 885 unus
2788 835 2909 900 jam
2944 849 3077 888 cum
3116 836 3136 904 |
3151 836 3203 905 3
3235 839 3361 905 ipso

1764 913 1998 978 spiritus
2015 916 2128 968 flet.
2149 918 2295 970 Huic
2324 921 2641 973 contrarius
2670 928 2790 975 erat
2818 925 3083 987 amictus,
3122 926 3215 979 ille
3256 941 3361 993 po—

1760 1003 1881 1067 puli
1935 1005 2127 1070 Israel,
2155 1006 2215 1058 in
2240 1021 2374 1072 quo,
2409 1015 2476 1061 ut
2509 1011 2695 1075 gentis
2749 1012 3161 1077 impudicitiam
3208 1016 3360 1069 desi-

1758 1096 1976 1157 gnaret,
2002 1107 2118 1147 non
2156 1100 2272 1147 tam
2303 1098 2593 1162 amictum,
2634 1113 2805 1164 quam
2829 1103 3357 1167 pracinctoriumid

1756 1182 2092 1247 nominavit,
2127 1185 2282 1249 quod
2299 1188 2575 1241 Jeremias
2600 1184 2951 1244 circumdare
2972 1192 3186 1247 lumbis
3211 1196 3353 1256 suis,

1759 1271 1816 1320 et
1848 1271 2068 1324 auferre
2117 1286 2338 1339 rursus,
2386 1281 2563 1341 atque
2612 1277 2675 1330 in
2729 1280 3076 1345 Euphratem
3123 1283 3358 1348 jubetur

1754 1359 2107 1415 abscondere
2134 1363 2257 1427 (Jer.
2288 1364 2415 1429 13.).

1811 1475 1864 1525 5.
1909 1477 2167 1541 Gratiﬁci,
2192 1479 2393 1545 inquit,
2416 1482 2557 1533 oculi
2580 1484 2694 1548 ejus
2717 1500 2753 1533 a
2775 1486 2919 1547 vino,
2943 1491 2988 1536 et
3021 1487 3198 1538 dentes
3239 1489 3355 1555 ejus

1750 1564 2091 1616 candidiores
2115 1567 2244 1619 tacte
2262 1571 2407 1634 (Gen.
2432 1572 2516 1626 49.
2544 1571 2669 1635 12.).
2689 1573 2862 1627 Vides
2874 1575 3354 1639 quomodoHisto-

1748 1652 1945 1706 rialem
1957 1655 2470 1724 intellectum,erga
2492 1660 2668 1714 finem
2682 1663 2989 1728 praecipue,
3011 1670 3274 1729 amputat
3290 1669 3349 1719 et

1748 1743 2069 1799 abscindit?
2092 1748 2148 1800 Si
2171 1749 2326 1801 enim
2347 1750 2537 1802 adhuc
2560 1751 2973 1804 contentiosius
2995 1757 3234 1819 agentes
3259 1754 3352 1808 de-

1745 1843 1871 1887 cere
1897 1836 2164 1902 velimus,
2190 1839 2322 1902 quia
2344 1840 2585 1903 gratiflci
2608 1846 2747 1893 sunt
2766 1841 2960 1893 oculi.)
2969 1842 3101 1896 uda
3119 1855 3194 1895 ex
3215 1844 3352 1898 vino

1755 1938 1873 1990 pra
1884 1927 2238 1980 abundantia
2261 1928 2467 1993 vini,ut
2479 1942 2651 1994 supra
2662 1930 2917 1983 diximus
2929 1933 2984 1983 et
2998 1933 3353 1987 abundantia

1750 2016 2107 2081 poculorum,
2131 2017 2269 2081 quid
2294 2016 2365 2070 de
2388 2018 2650 2071 candidis
2680 2019 2952 2073 dentibus
2977 2023 3352 2087 respondebi-

1749 2116 1880 2155 mus
1903 2103 1940 2167 τι,
1980 2109 2037 2157 et
2058 2106 2331 2170 qualitate
2351 2105 2888 2172 lactis,prolatis?ln
2909 2122 3023 2174 quo
3042 2110 3351 2165 adversum

1747 2193 2049 2247 veritatem
2072 2207 2190 2246 non
2211 2199 2300 2247 est
2325 2198 2612 2260 agendum
2648 2197 3028 2261 impudenter.
3055 2200 3162 2251 Sed
3178 2201 3349 2254 inter-

1744 2284 2008 2347 ruptione
2030 2283 2420 2350 intelligentia
2448 2286 2770 2338 Historialis
2813 2288 3052 2350 exclusi,
3077 2289 3150 2340 ad
3176 2289 3344 2354 Spiri-

1749 2371 1915 2423 tualis
1939 2373 2309 2437 expositionis
2327 2374 2582 2426 ordinem
2610 2374 2933 2428 redeamus.
2966 2377 3228 2440 Gratiﬁci,
3253 2378 3345 2430 in-

1747 2461 2033 2524 quit,oculi
2043 2461 2155 2526 ejus
2166 2477 2199 2511 a
2214 2463 2633 2528 vino.Superius
2649 2465 3007 2517 ostendimus
3035 2467 3347 2531 apostolica

1744 2551 2253 2615 auctoritate,mem
2261 2553 2361 2604 bra
2371 2553 2577 2606 Christi
2590 2554 2700 2605 dici
2712 2554 2918 2618 dignos
2931 2568 3192 2619 quosque
3209 2555 3346 2608 iide-

1742 2639 1904 2701 lium,
1928 2644 1986 2691 et
2009 2641 2238 2693 diversa
2262 2642 2621 2707 singulariter
2633 2643 2892 2694 membra
2911 2644 3215 2709 nominari,
3240 2656 3343 2709 pro

1742 2741 1808 2779 eo
1820 2728 1972 2792 quod
1983 2731 2386 2795 unusquisque
2398 2731 2827 2785 omniEcclesia
2839 2733 3056 2797 corpori
3071 2732 3345 2797 dependit

1742 2818 2008 2870 ofﬁcium.
2043 2820 2223 2871 Erunt
2251 2820 2406 2871 enim
2430 2820 2605 2885 pedes
2630 2820 2856 2884 Christi,
2887 2821 2983 2885 qui
3009 2826 3243 2875 currunt
3265 2822 3341 2874 ad

1743 2907 2054 2959 faciendam
2068 2910 2388 2973 pacem,qui
2400 2914 2645 2975 pergunt
2655 2910 2725 2961 ad
2740 2912 3144 2959 subveniendum
3157 2913 3237 2960 his
3250 2913 3342 2972 qui

1739 2997 1800 3049 in
1828 2998 2168 3049 necessitate
2192 3004 2331 3050 sunt
2353 2999 2539 3063 positi.
2567 3000 2741 3050 Erunt
2756 2999 3336 3063 manusChristi,qua

1736 3086 1810 3138 ad
1827 3086 2264 3139 misericordiam
2282 3088 2822 3151 extenduntur,qua
2836 3087 3073 3140 axilium
3087 3091 3333 3149 indigen-

1734 3176 1887 3228 tibus
1905 3177 2242 3241 terunt,qua
2256 3177 2518 3229 invalidis
2534 3177 2605 3229 ad
2617 3177 3029 3229 adminiculum
3054 3177 3335 3243 porigun-

28 3264 229 3315 merito
255 3265 387 3323 ejus
430 3263 766 3330 intelligitur
807 3265 1075 3327 Ecclesia,
1129 3280 1307 3331 quam
1362 3267 1486 3332 ipse
1522 3267 1632 3319 sibi
1662 3250 1709 3326 C
1737 3266 3089 3331 tur.SiceruntoculiChristiquiscientiatumen
3105 3267 3327 3333 corpori

28 3352 334 3404 mundavit
347 3354 632 3415 sanguine
655 3368 779 3418 suo,
804 3368 923 3407 non
949 3356 1258 3408 habentem
1282 3358 1566 3409 maculam
1578 3356 1630 3408 ei

28 3454 223 3507 rugam
259 3442 479 3507 (Ephes.
505 3441 596 3506 5.).
638 3444 764 3493 Non
794 3447 943 3494 enim
964 3445 1151 3510 inquit
1177 3447 1506 3511 Apostolus,
1531 3464 1629 3496 ar-

23 3537 167 3591 gento
192 3530 280 3580 rel
312 3545 456 3580 auro
500 3531 756 3597 redempti
799 3534 937 3595 estis,
967 3534 1057 3583 sed
1088 3536 1318 3600 pretioso
1360 3537 1630 3600 sanguine

32 3620 311 3685 Unigeniti
330 3636 368 3670 α
394 3620 498 3671 Deo
540 3622 578 3686 (1
610 3622 808 3686 Pel.t.).
841 3625 908 3676 In
934 3623 1112 3688 hujus
1146 3637 1280 3690 ergo
1329 3626 1628 3691 sanguinis

24 3710 164 3775 vino,
201 3711 266 3763 id
305 3713 415 3770 est,
443 3710 664 3764 lavacro
696 3713 1206 3777 regenerationis,a
1229 3714 1453 3767 Christo
1470 3715 1627 3767 lava-

27 3804 110 3851 tur
135 3799 418 3852 Ecclesia.
444 3801 875 3866 Consepelimur
894 3803 1048 3855 enim
1060 3802 1138 3855 illi
1149 3816 1250 3868 per
1271 3805 1628 3868 Baptismum

24 3889 70 3939 in
107 3895 297 3942 morte
331 3890 393 3940 et
415 3889 697 3954 sanguine
719 3891 919 3956 ipsius,
937 3891 995 3943 id
1020 3895 1128 3955 est,
1149 3892 1211 3944 in
1226 3896 1409 3945 morte
1440 3893 1623 3956 ipsius

28 3980 400 4043 baptizamur.
427 3980 493 4031 In
516 3980 792 4045 sanguine
814 3984 1007 4033 autem
1017 3982 1461 4047 uva,quomodo
1482 3983 1627 4034 ami-

26 4070 171 4120 ctum
210 4081 394 4121 suum
418 4066 591 4132 lavet,
615 4069 930 4124 videndum
955 4075 1062 4123 est.
1094 4072 1370 4134 Amictus,
1398 4072 1626 4136 propin-

25 4159 180 4220 quior
203 4157 505 4223 quadam,
532 4157 627 4211 vel
657 4160 924 4213 secretior
945 4161 1166 4226 corpori
1190 4161 1368 4213 vestis
1394 4161 1626 4214 videtur

23 4262 139 4299 esse
164 4261 348 4313 quam
363 4249 528 4299 stola.
555 4232 627 4300 Hi
639 4262 772 4315 ergo
789 4250 887 4315 qui
901 4250 1057 4315 prius
1075 4263 1171 4315 per
1193 4250 1485 4303 lavacrum
1501 4251 1622 4308 loti.

24 4337 161 4390 stola
184 4340 319 4402 ejus
360 4337 804 4399 fuerantetl’ecti,
826 4343 1201 4404 posteaquam
1218 4340 1290 4393 ad
1312 4352 1624 4392 sacramen-

23 4429 135 4477 tum
161 4425 476 4491 sanguinis
498 4439 632 4480 uva
663 4432 1069 4493 pervenerunt,
1108 4429 1282 4482 veluti
1334 4430 1620 4482 interioris

1732 3357 2007 3409 universo
2026 3357 2473 3421 prastant,sicut
2494 3357 2555 3409 in
2580 3357 2887 3422 Evangelio
2913 3357 3186 3422 scriptum
3223 3363 3327 3422 est,

1728 3447 1972 3495 Lucerna
2015 3447 2255 3511 corporis
2279 3447 2359 3495 tui
2378 3452 2448 3495 est
2476 3446 2661 3496 oculus
2699 3451 2821 3495 tuus
2869 3446 3078 3511 (Matth.
3116 3446 3169 3500 6.
3201 3444 3332 3511 ρει),

1729 3534 1977 3588 Gratiflci
1995 3548 2130 3600 ergo
2155 3536 2290 3587 sunt
2313 3535 2460 3587 oculi
2483 3536 2607 3587 isti:
2632 3537 2827 3588 Sermo
2851 3535 3006 3587 enim
3034 3535 3331 3600 sapientia

1729 3624 1847 3676 sale
1880 3624 2144 3676 conditus
2170 3627 2274 3689 est,
2303 3626 2368 3676 ut
2391 3624 2487 3676 det
2509 3624 2749 3689 gratiam
2774 3624 3159 3677 audientibus.
3205 3626 3331 3677 Non
3356 3616 3363 3623 ’

1724 3725 1859 3778 ergo
1881 3727 1983 3779 pro
2000 3714 2106 3765 hoc
2118 3714 2307 3766 solum
2329 3722 2348 3743 ·
2370 3714 2661 3777 gratiﬂcus
2677 3713 3045 3778 dicitur,quia
3060 3714 3321 3767 scientia

1727 3815 2051 3855 sermonem
2068 3802 2372 3867 ministrat,
2398 3802 2498 3854 sed
2523 3802 2674 3866 quod
2696 3802 2870 3855 habet
2886 3803 2946 3854 in
2971 3816 3033 3855 se
3062 3802 3327 3868 gratiam,

1726 3891 1878 3944 facit.
1903 3892 2004 3943 His
2027 3891 2180 3944 enim
2202 3891 2432 3951 auditis,
2457 3891 2663 3955 inquit,
2682 3892 2898 3956 sapiens
2918 3893 3195 3957 sapienter
3225 3893 3329 3942 erit

1724 3980 1901 4044 (Prov.
1931 3978 2023 4043 5.).
2055 3979 2307 4033 Gratifici
2321 3992 2457 4044 ergo
2474 3983 2614 4031 sunt
2628 3979 2777 4032 oculi
2817 3981 2944 4044 ejus
2958 3993 2992 4031 a
3011 3981 3170 4043 vino,
3191 3980 3328 4044 quia

1722 4069 1863 4121 nihil
1879 4075 1968 4122 est
1981 4069 2311 4134 aquaticum
2327 4068 2388 4120 in
2401 4070 2578 4121 verbo
2600 4069 2916 4133 sapientia,
2934 4068 3075 4121 nihil
3105 4067 3193 4137 |4
3207 4069 3328 4122 flui-

1724 4158 1885 4223 dum,
1910 4158 2050 4210 nihil
2076 4157 2344 4223 frigidum
2367 4172 2379 4208 :
2401 4156 2503 4209 sed
2528 4156 2727 4209 vinum
2759 4154 2907 4222 quod
2951 4157 3207 4211 latitlcat
3227 4170 3325 4210 cor

1720 4247 1986 4310 hominis,
2002 4251 2059 4300 et
2083 4247 2236 4312 quod
2259 4246 2581 4300 infunditur
2596 4246 2933 4299 vulneribus
2946 4247 3098 4299 illius
3124 4248 3222 4313 qui
3238 4247 3323 4299 in-

1721 4337 1860 4390 cidit
1880 4338 1938 4389 in
1967 4337 2237 4390 latrones.
2278 4340 2402 4400 Quo
2439 4337 2655 4389 scilicet
2693 4337 3048 4389 audientium
3084 4338 3323 4389 vulnera

1720 4431 2084 4491 peccatorum
2107 4440 2226 4478 non
2252 4426 2439 4479 solum
2464 4425 2573 4478 olei
2607 4426 2837 4477 lenitate
2852 4426 3203 4488 mitigentur,
3219 4437 3319 4477 ve-

21 4515 742 4580 mysterii,secretiorisque
760 4517 1006 4570 amictus
1027 4518 1151 4581 ejus
1164 4519 1467 4583 participes
1486 4532 1675 4583 esse_
1716 4528 1844 4567 rum
1876 4517 2049 4567 etiam
2083 4514 2201 4566 vini
2233 4515 2567 4567 austeritate
2607 4519 2944 4578 purgentur.
2968 4514 3035 4562 Et
3060 4515 3183 4577 quis
3222 4518 3314 4573 est,

19 4603 292 4657 iicuntur,
304 4605 557 4657 Lavatur
567 4579 717 4657 enim
729 4606 904 4659 etiam
913 4608 972 4658 in
986 4620 1117 4660 uva
1128 4609 1411 4673 sanguine
1423 4608 1615 4659 anima,
1632 4579 1694 4651 D
1719 4603 2232 4668 inquitApostolus,
2249 4604 2347 4667 qui
2358 4618 2440 4652 me
2464 4603 2710 4666 laetiﬁcat,
2724 4603 2835 4651 nisi
2853 4604 2950 4667 qui
2966 4604 3318 4653 contristatur

24 4708 142 4745 cum
198 4694 548 4746 sacramenti
594 4694 771 4760 hujus
800 4698 1037 4762 caperit
1076 4710 1274 4762 capere
1321 4697 1617 4750 rationem.

24 4784 225 4848 Agnita
235 4795 497 4847 namque
505 4788 563 4838 et
572 4784 861 4838 intellecta
871 4786 1083 4839 virtute
1095 4787 1400 4852 sanguinis
1413 4787 1622 4840 virtute

80 4962 96 4980 ·
130 4954 363 5005 Revoco
402 4952 506 5004 Ms.
528 4951 834 5006 lectionem
859 4959 1011 5018 tenet,
1036 4967 1211 5019 quam
1242 4956 1364 5007 sine
1414 4967 1623 5007 caussa

29 5023 281 5078 Barraus
307 5024 384 5088 rej
392 5028 583 5077 ecerat
602 5026 672 5077 ad
684 5025 814 5078 libri
837 5039 1014 5082 oram.
1042 5027 1531 5089 substitueratque
1550 5027 1623 5078 de

28 5106 121 5147 suo
175 5094 478 5145 ministrat.
520 5096 797 5161 Regulam
850 5102 1041 5150 tenere
1094 5099 1243 5150 idem
1293 5103 1382 5150 est
1413 5098 1621 5150 Rufino

28 5171 188 5230 atque
212 5166 475 5218 habenas
499 5167 797 5230 moderari,
830 5168 1059 5221 frenum
1100 5172 1307 5220 tenere.

78 5238 98 5265 ⁵
127 5240 330 5302 Neque
352 5237 464 5290 hoc
498 5251 724 5292 caussa
749 5246 871 5294 erat
911 5242 1136 5294 Barrao
1161 5242 1425 5301 verbum,
1456 5245 1522 5293 ut
1544 5251 1625 5292 re-

27 5315 261 5375 spueret,
287 5322 357 5361 ae
373 5310 644 5360 donorum
668 5324 742 5364 ex
766 5313 997 5378 ingenio
1019 5313 1379 5365 rescriberet.

79 5389 93 5409 ⁸
127 5382 299 5435 Adito
329 5381 567 5433 Criticos
593 5385 811 5444 Sacros,
835 5398 1083 5448 quorum
1107 5384 1233 5437 haec
1252 5387 1345 5436 est
1367 5395 1485 5435 una
1508 5394 1625 5434 om-

25 5453 169 5505 nium
182 5465 428 5505 concors
446 5456 803 5519 sententia,et
824 5455 933 5508 loci
956 5456 1350 5521 interpretatio
1373 5454 1444 5506 ad
1466 5459 1624 5506 vetc-
1660 5469 1664 5473 ’

29 5536 138 5574 rum
182 5537 415 5590 quoque
447 5525 795 5591 Scriptorum
847 5540 1087 5579 sensum
1130 5527 1200 5579 de
1225 5527 1510 5578 immensa
1538 5527 1625 5577 vi-

30 5596 155 5647 tium
180 5597 241 5648 in
276 5600 433 5648 sorte
480 5597 648 5649 Juda
677 5598 1056 5663 abundantia;
1109 5611 1283 5663 quam
1315 5600 1518 5650 Noster
1549 5597 1623 5649 ad

32 5666 245 5717 Judaica
269 5674 576 5717 commenta
601 5682 701 5720 cur
723 5670 1009 5727 amandet,
1041 5683 1156 5721 non
1182 5670 1324 5720 satis
1346 5669 1528 5720 video.

84 5737 103 5766 ⁴
136 5741 197 5789 ln
221 5739 438 5790 scilicet
463 5739 618 5801 quod
646 5752 736 5791 res
748 5740 1090 5806 est,dentes,
1116 5753 1251 5792 cum
1276 5741 1364 5792 lac
1387 5739 1620 5802 bibitur,

38 5820 92 5859 ex
112 5822 178 5863 eo
198 5811 507 5865 albescere.
533 5810 820 5865 Caterum
849 5812 1059 5865 cubare
1081 5811 1140 5864 in
1169 5811 1378 5864 mendo
1418 5812 1618 5863 subse-

1719 4708 1786 4743 ea:
1809 4708 1907 4743 me.
1938 4692 2175 4742 Candidi
2198 4692 2373 4742 dentes
2392 4691 2524 4756 ejms
2546 4707 2708 4756 super
2733 4691 2831 4742 lac.
2862 4692 3083 4756 Sapius
3102 4693 3221 4757 jam
3245 4693 3316 4745 de

1718 4783 2111 4834 membrorum
2129 4781 2338 4835 Christi
2349 4781 2547 4835 ordine
2569 4786 2628 4833 et
2650 4781 2862 4835 rrtione
2877 4782 3210 4839 diximus.et
3220 4796 3317 4836 ea-

1719 4964 1901 5016 quens
1925 4957 2233 5004 contextus
2265 4952 2510 5017 videtur,
2534 4965 2601 5005 ac
2617 4964 2758 5005 sane
2779 4968 2847 5003 ea:
2889 4966 2990 5018 pro
3013 4959 3059 5004 et
3081 4955 3318 5006 concin-

1717 5026 1851 5076 nius
1866 5023 2181 5087 legeretur:
2204 5024 2347 5083 Quid
2367 5025 2429 5073 de
2454 5023 2702 5074 candidis
2725 5024 2968 5074 dentibus
2989 5025 3320 5089 respondebi-

1717 5109 1839 5143 mus
1854 5109 1920 5143 ea:
1942 5094 2200 5156 qualitate
2237 5094 2388 5144 tactis
2405 5096 2429 5143 3
2444 5095 2594 5146 Tum
2626 5107 2759 5147 vero
2780 5094 3025 5159 prolatis,
3067 5096 3314 5148 verbum

1719 5165 1869 5229 quod
1885 5165 2275 5227 subsequitur,
2300 5165 2674 5230 expungas,si
2696 5163 2849 5217 libet.
2871 5166 2988 5216 Aut
3003 5171 3154 5218 certe
3172 5180 3316 5230 prae-

1719 5236 1843 5285 latis
1872 5235 2178 5299 legendum
2194 5236 2316 5295 erit,
2336 5241 2559 5287 retenta
2574 5241 2633 5287 et
2649 5234 2872 5298 vocula,
2897 5240 2962 5287 ut
2983 5235 3155 5297 dicat,
3174 5237 3316 5286 den-

1720 5310 1806 5357 tes
1829 5306 2080 5365 candori,
2107 5307 2232 5358 sive
2257 5305 2517 5370 qualitati
2552 5306 2718 5357 lactis
2762 5305 3048 5368 pralatos,
3097 5306 3153 5357 id
3206 5311 3314 5365 est,

1718 5378 2075 5440 candidiores,
2095 5378 2248 5441 quod
2266 5379 2507 5430 verbum
2533 5382 2625 5429 est
2658 5376 2805 5427 sacri
2830 5379 3068 5428 Textus.

1782 5458 1800 5479 °
1835 5450 1902 5500 Vi
1912 5449 2129 5504 tiose.et
2140 5449 2298 5501 nullo
2316 5462 2495 5499 sensu
2513 5448 2603 5497 Sot
2622 5448 2934 5509 legebatur,
2960 5460 3061 5511 pro
3080 5459 3194 5511 quo
3207 5460 3318 5499 nos

1718 5519 1891 5569 solum
1917 5532 1988 5572 ex
2013 5520 2243 5585 ingenio
2267 5520 2646 5571 restituimus.
2673 5517 2840 5569 Haud
2862 5518 3079 5569 scimus
3104 5523 3318 5581 tamen,

1717 5604 1860 5643 num
1879 5593 2018 5643 satis
2034 5592 2113 5643 ita
2134 5592 2207 5644 sit
2226 5592 2333 5643 loci
2369 5590 2684 5653 integritati
2710 5587 3062 5641 consultum.
3081 5593 3318 5639 Fortassis

1718 5669 1776 5715 et
1801 5677 2028 5726 quoque
2051 5666 2371 5729 supplenda
2398 5668 2488 5714 est
2509 5661 2831 5727 conjunctio
2862 5662 2923 5713 in
2959 5660 3157 5715 isocoli
3179 5662 3312 5727 flne,

1718 5736 1863 5799 quod
1886 5735 2038 5786 habet
2062 5738 2122 5786 in
2144 5752 2195 5787 se
2206 5737 2442 5801 gratiam
2475 5736 2693 5799 etfacit.
