3898 6398
120 354 223 412 309

780 358 874 410 DE
907 358 1545 413 BENEDICTIONIBUS
1577 359 2200 413 PATRIARCHARUM
2233 361 2442 413 LIBER
2476 362 2751 416 PRIMUS.

3314 361 3421 420 310

119 466 466 522 emendatus
489 470 581 521 est
591 471 653 521 et
672 474 982 536 correctus,
1005 483 1079 524 ne
1094 471 1144 524 si
1165 484 1358 526 cacus
1373 486 1527 527 caeo
1544 472 1720 526 duca-
1743 474 1800 549 Α
1816 487 1985 539 quem
2023 488 2199 541 supra
2237 458 2614 540 exposuim“
2645 473 2800 538 ἕλικα,
2815 486 3128 540 possumus
3153 474 3423 529 subtilem

118 556 242 610 tum
259 557 516 622 praebeat
529 558 740 622 (Matth.
763 557 890 624 15.),
904 559 959 612 id
977 565 1081 624 est,
1101 562 1330 615 animus
1359 563 1549 616 adhuc
1567 564 1719 616 vitiis

115 648 445 699 obcaecatus
468 659 691 700 caecum
706 652 913 701 natura
932 662 1139 715 corpus
1155 656 1331 717 regat,
1349 654 1519 704 ambo
1548 653 1607 704 in
1635 653 1719 705 fo-

120 747 284 787 veam
307 735 534 789 cadant.
568 738 742 786 Donec
771 738 990 788 veniant
1014 754 1075 789 ea
1108 755 1226 804 quae
1245 743 1479 806 reposita
1502 748 1628 792 sunt
1652 742 1717 806 ei,

118 825 286 877 sicuti
308 830 367 878 et
386 824 481 877 ille
504 825 676 877 dixit:
705 828 847 885 Quia
872 843 983 877 non
1005 833 1129 878 sunt
1157 831 1436 895 condignae
1449 832 1720 896 passiones

119 914 286 980 hujus
300 915 553 980 temporis
568 915 901 979 adfuturam
912 917 1164 981 gloriam.
1187 935 1307 983 qua:
1323 921 1642 970 revelabitur
1657 922 1719 970 in

118 1003 272 1054 nobis
295 1004 464 1069 (Rom.
482 1003 580 1068 8.).
600 1006 718 1057 Aut
732 1009 888 1058 certe
911 1006 991 1058 ita
1018 1008 1217 1059 tandiu
1236 1009 1612 1075 principatum
1631 1010 1719 1061 sui

118 1094 267 1160 gerit
290 1094 617 1159 unquisque
658 1100 1012 1160 sanctorum,
1039 1100 1095 1148 et
1117 1097 1238 1149 dux
1267 1098 1370 1149 erit
1414 1110 1539 1151 suae
1562 1099 1717 1162 vitae,

116 1182 300 1236 donec
324 1183 516 1236 veniet
536 1182 695 1249 illud,
730 1189 793 1236 ut
836 1185 911 1236 sit
934 1186 1088 1236 Deus
1119 1186 1310 1238 omnia
1344 1187 1405 1239 in
1429 1189 1715 1252 omnibus,

119 1270 229 1323 hoc
253 1271 406 1324 enim
429 1272 488 1323 in
515 1272 629 1324 flne
672 1273 987 1338 repositum
1028 1278 1135 1326 est.
1162 1276 1232 1325 Et
1264 1277 1373 1340 ipse
1407 1278 1510 1327 erit
1545 1292 1720 1342 exspe-

118 1360 279 1411 ctatio
295 1361 557 1425 gentium.
582 1362 863 1425 Quoniam
898 1364 1077 1416 semel
1103 1365 1371 1418 Moralem
1399 1364 1589 1418 locum
1604 1379 1720 1432 per-

120 1449 285 1514 sequi
325 1450 741 1515 proposuimus.
792 1452 965 1504 etiam
997 1456 1200 1517 gentes
1243 1454 1387 1507 istas
1435 1456 1585 1507 intra
1610 1469 1718 1508 nos

128 1535 149 1604 |
168 1536 217 1607 7
232 1539 520 1604 requirere
530 1539 828 1604 debemus,
843 1553 974 1604 quae
986 1544 1471 1607 exspectationem
1487 1544 1717 1597 habent-

124 1635 146 1657 ·
189 1627 383 1692 Hujus
437 1631 554 1680 tam
585 1629 873 1682 emendati
897 1643 962 1682 eo
1004 1631 1329 1686 confesione
1373 1632 1719 1698 perfectique

116 1729 429 1783 possumus
445 1721 649 1783 gentes
663 1718 815 1771 intra
825 1733 929 1772 nos
946 1720 1275 1787 intelligere,
1294 1736 1493 1776 omnes
1509 1724 1720 1776 animm

1819 571 1876 617 et
1899 566 2221 618 ﬂexuosam
2247 565 2499 617 scientias
2537 564 2749 617 sentire
2775 564 3227 628 intelligentiam,
3256 566 3425 631 cujus

1820 654 2012 720 pullus
2036 656 2230 719 asinae,
2249 655 2305 706 id
2327 656 2434 715 est,
2458 654 2668 707 animai
2703 667 2909 706 sensus
2932 654 3214 718 adfectus,
3240 655 3428 720 ipsam

1819 746 2069 796 animam
2091 748 2284 796 servat
2307 757 2341 795 a
2362 744 2545 809 lapsu.
2571 742 2792 793 Lavabit
2804 744 2863 792 in
2877 745 3000 793 vino
3032 744 3246 795 stolam.
3272 745 3429 798 Sicut

1820 846 1950 885 caro
1976 834 2146 885 Verbi
2179 833 2296 891 Dei,
2323 833 2705 897 perfectorum
2739 833 2903 884 cibus
2931 837 3019 884 est
3048 849 3064 881 :
3088 832 3167 884 ita
3199 838 3258 886 et
3292 846 3428 887 san-

1818 922 1947 987 guis
1978 925 2121 987 ejus,
2152 922 2539 987 perfectorum
2573 921 2660 989 |8
2702 925 2790 975 est
2817 922 3105 987 poculum.
3147 922 3254 984 Qui
3285 936 3420 989 ergo

1819 1025 1919 1077 per
1944 1013 2197 1064 Verbum
2221 1012 2323 1063 Dei
2364 1016 2757 1076 expurgantur
2781 1015 2839 1064 et
2862 1016 3214 1064 renovantur
3237 1010 3307 1064 de
3332 1012 3424 1065 die

1816 1101 1877 1153 in
1901 1101 2069 1164 diem,
2100 1100 2159 1153 hi
2185 1100 2453 1152 dicuntur
2476 1100 2666 1152 lavare
2688 1100 2749 1152 in
2786 1099 2920 1153 vino
2946 1100 3150 1152 stolam
3170 1100 3426 1166 suam,id

1818 1194 1925 1255 est,
1949 1194 2112 1243 actus
2128 1202 2265 1242 suos
2280 1189 2536 1243 visibiles
2563 1204 2575 1241 :
2602 1195 2647 1240 et
2671 1190 2733 1240 in
2747 1190 3016 1255 sanguine
3037 1205 3150 1240 uva:
3162 1191 3424 1241 amictum

1817 1296 1998 1338 suum,
2048 1279 2347 1332 interiores
2400 1280 2791 1345 cogitationes,
2832 1280 2982 1332 sicut
3017 1285 3074 1333 et
3113 1280 3425 1345 Apostolus

1818 1369 1966 1422 dixit
1991 1384 2004 1421 :
2032 1369 2401 1433 Cogitationes
2418 1374 2735 1437 purgantes,
2758 1374 2803 1421 et
2826 1384 3043 1420 omnem
3079 1369 3425 1421 altitudinem

1818 1459 2151 1510 extollentem
2165 1475 2217 1511 se
2247 1460 2532 1510 adversum
2545 1460 2828 1510 scientiam
2852 1460 3056 1511 Christi
3080 1459 3147 1524 (1.
3166 1460 3290 1512 Cor.
3317 1458 3421 1525 10.)

1817 1549 2010 1601 Potest
2059 1553 2254 1602 tamen
2301 1554 2358 1601 et
2405 1549 2527 1602 sola
2567 1548 2804 1614 intelligi
2859 1548 3112 1614 Martyrii
3148 1547 3327 1612 gloria
3366 1553 3426 1603 et

1818 1638 2025 1703 passio.
2052 1651 2228 1703 quam
2252 1639 2368 1704 pati
2381 1644 2572 1704 sperat
2595 1638 3056 1703 quotidiejustus
3080 1638 3139 1690 in
3157 1650 3346 1699 carne,
3365 1641 3424 1692 et

1818 1727 2062 1779 amictus
2079 1728 2235 1781 solus
2258 1729 2317 1781 in
2351 1729 2651 1794 sanguine.
2680 1728 3064 1780 Nihilominus
3087 1728 3425 1792 Martyrium

117 1810 336 1859 nostra:
354 1810 568 1867 motus,
582 1808 682 1872 qui
699 1808 1185 1863 ferociusinnobis
1198 1817 1502 1865 moventur
1513 1826 1711 1866 secun—
1734 1793 1789 1868 Β
1810 1829 1869 1870 ec
1877 1817 2173 1872 nscientiaa
2191 1819 2412 1885 accipit,
2430 1793 2585 1883 quod
2608 1817 2759 1870 intra
2777 1829 2841 1870 se
2864 1815 3069 1869 tolerat
3094 1814 3422 1869 indesinen-

118 1894 263 1948 dum
287 1896 531 1960 primam
545 1900 793 1959 aetatem,
811 1901 878 1950 et’
890 1899 1057 1963 quasi
1072 1900 1368 1954 Centiliter
1383 1906 1588 1966 agunt:
1604 1902 1715 1966 his,

117 1985 308 2037 omnis
324 1985 741 2039 emendationis
758 1999 888 2053 spes
912 1992 1018 2053 est,
1034 1992 1091 2041 et
1120 1992 1487 2056 exspectatio,
1514 1992 1562 2043 si
1586 2005 1719 2045 sen-

118 2087 243 2139 sus,
277 2077 375 2141 qui
399 2080 488 2128 est
502 2077 764 2143 princeps
788 2081 846 2130 et
861 2077 981 2130 dux
997 2077 1264 2143 hominis,
1288 2081 1577 2134 Christum
1593 2095 1720 2134 con-

118 2165 330 2228 fessus,
357 2169 414 2217 et
440 2167 512 2218 ab
537 2178 602 2219 eo
617 2166 993 2231 illuminatus,
1012 2171 1246 2220 actuum
1263 2182 1501 2223 suorum
1517 2172 1717 2236 guber-

114 2254 330 2307 nacula
356 2255 703 2308 moderatur.
728 2254 978 2320 Alligans
1000 2257 1075 2307 ad
1101 2258 1258 2308 vitem
1285 2258 1500 2322 pullum
1534 2275 1717 2313 suum.

115 2342 343 2395 Pullum
365 2343 459 2396 hic
480 2342 675 2408 ipsum
698 2355 937 2397 sensum
960 2357 1061 2411 pro
1076 2346 1447 2400 innovatione
1470 2347 1608 2402 vitae
1631 2349 1720 2401 in-

119 2432 463 2498 telligamus,
501 2434 600 2499 qui
647 2433 781 2488 alibi
823 2447 859 2487 a
886 2435 1122 2487 Domino
1165 2436 1358 2489 infans
1381 2438 1718 2504 appellatur,

118 2535 256 2575 cum
291 2523 600 2575 dicit:Nisi
632 2525 870 2575 conversi
889 2525 1021 2587 facti
1059 2525 1291 2591 fueritis,
1327 2528 1463 2578 sicut
1508 2528 1716 2592 infans,

116 2626 230 2661 non
250 2611 523 2662 intrabitis
542 2628 770 2677 regnum
786 2613 1041 2663 castorum
1063 2615 1270 2675 (Matth.
1291 2614 1410 2681 19.).
1426 2617 1569 2669 Cum
1586 2629 1720 2682 ergo

117 2701 251 2765 quis
286 2702 584 2767 conjungit
605 2715 667 2754 se
682 2703 939 2764 Domino,
968 2704 1283 2757 etefficitur
1306 2719 1461 2757 unus
1487 2707 1721 2771 spiritus

117 2801 255 2841 com
288 2790 432 2855 ipso,
479 2788 676 2856 alligat
702 2790 774 2843 ad
812 2791 991 2844 vitem
1015 2792 1237 2856 pullum
1273 2807 1445 2846 suum
1483 2794 1717 2847 dicens:

110 2879 259 2929 Mihi
282 2883 462 2929 autem
486 2880 759 2930 adhwrere
777 2882 901 2941 Deo,
919 2881 1120 2931 bonum
1141 2889 1210 2932 est
1234 2883 1383 2947 {Psal
1408 2885 1529 2948 72.}.
1554 2885 1623 2934 Et
1649 2885 1724 2934 ad

114 2969 403 3035 palmitem
420 2969 637 3035 pullum
659 2970 826 3020 asinae
847 2985 971 3022 suae.
999 2971 1293 3024 Palmitem
1310 2973 1510 3040 istum,
1528 2973 1588 3026 id
1610 2979 1718 3037 est,

186 3120 205 3141 ³
235 3111 571 3188 tegendum
594 3113 816 3188 Barrtno
852 3113 1095 3188 videtur,
1120 3114 1279 3188 Justa
1314 3116 1584 3166 emendati
1600 3131 1723 3181 ergo
1751 3112 1800 3188 ρ

120 3182 470 3245 confessione,
488 3187 596 3236 etc.
641 3184 777 3237 Mihi
810 3183 990 3237 multo
1028 3184 1235 3238 leviore
1260 3188 1565 3239 verborum
1592 3201 1724 3240 mu-

123 3255 361 3318 tatione,
410 3255 589 3308 immo
626 3268 761 3308 vero
800 3256 972 3309 unius
1018 3257 1277 3318 literulae,
1311 3259 1409 3310 ubi
1433 3274 1490 3309 eo
1520 3259 1728 3311 dicitur

121 3337 228 3390 pro
259 3339 325 3374 ea
354 3337 537 3378 sensu
578 3330 771 3379 autem
803 3327 1097 3392 perspicuo
1134 3328 1319 3391 magis
1356 3333 1415 3380 et
1454 3342 1725 3395 congruo,

121 3396 514 3450 continuanda
552 3397 726 3451 series
756 3398 1026 3451 orationis
1063 3398 1290 3451 videtur
1324 3400 1398 3452 ad
1423 3400 1579 3453 hunc
1606 3415 1731 3454 mo-

122 3468 289 3533 dum,
312 3468 778 3534 Exspectationem
805 3469 999 3520 habent
1035 3471 1202 3535 hujus
1230 3476 1343 3521 tam
1366 3474 1637 3522 emendati
1669 3489 1732 3523 ea

123 3540 474 3604 confessione,
484 3541 824 3608 perfectique.
859 3543 1004 3595 Tum
1036 3542 1298 3607 adposita
1330 3544 1491 3616 τεὶείᾳ
1534 3552 1730 3623 στιγμῇ.

1818 1915 1920 1964 ter.
1947 1911 2220 1975 Denique,
2233 1910 2359 1963 etin
2379 1907 2884 1973 consequentibus,
2908 1905 3199 1972 gratificos
3218 1906 3417 1959 oculos

1816 2003 1938 2067 ejus
1962 2012 2089 2053 esse
2099 1999 2237 2052 dicit
2257 2010 2293 2051 θ,
2315 1999 2471 2063 vino,
2495 2002 2555 2051 et
2577 1996 2782 2050 dentes
2795 1997 2922 2062 ejus
2947 1994 3222 2049 candidos
3250 2007 3423 2060 super

1815 2090 1920 2144 lac.
1959 2092 2084 2142 Non
2113 2092 2205 2142 est
2231 2092 2428 2141 autem
2451 2086 2693 2140 dubium
2735 2086 3034 2139 oculorum
3073 2084 3321 2149 laudem,
3348 2096 3422 2137 ex

1816 2179 2261 2246 prospiciendiet
2281 2190 2449 2243 porro
2478 2175 2712 2230 videndi
2739 2175 2948 2229 virtute
2969 2173 3223 2240 proferri,
3266 2172 3422 2238 quod

1815 2271 2017 2337 utique
2038 2282 2139 2335 per
2172 2266 2427 2321 scientiae
2451 2266 2541 2319 vel
2564 2265 2830 2331 gratiam,
2857 2264 2951 2317 vel
2966 2263 3225 2316 studium
3258 2261 3419 2315 venit

1814 2359 2028 2413 Idcirco
2052 2357 2204 2413 enim
2228 2361 2286 2410 et
2310 2355 2511 2409 dentes
2534 2353 2783 2414 candidi,
2811 2353 2909 2418 qui
2932 2365 3108 2419 puros
3132 2356 3189 2405 et
3210 2351 3418 2405 imma-

1816 2449 2038 2502 culatos
2067 2450 2124 2500 et
2138 2445 2352 2499 solidos
2375 2444 2548 2497 edant
2569 2443 2729 2496 verbi
2748 2442 2852 2494 Dei
2871 2442 3050 2507 cibos,
3075 2454 3183 2494 nec
3206 2453 3418 2506 parvu-

1814 2539 2004 2591 lorum
2038 2537 2183 2589 lacte
2214 2536 2285 2588 ali
2318 2536 2571 2588 animam
2606 2532 2917 2598 patiantur,
2941 2531 3043 2584 sed
3069 2530 3268 2584 solidis
3290 2542 3421 2583 eam

1815 2630 2092 2691 nutriant,
2133 2629 2190 2679 et
2232 2625 2438 2678 validis
2469 2623 2630 2684 cibis,
2678 2622 2737 2674 id
2785 2627 2890 2685 est,
2927 2634 2962 2674 a
2998 2620 3313 2674 Moralibus
3347 2620 3422 2673 ad

1817 2718 2058 2782 Mystica
2070 2714 2464 2780 etdogmatica
2476 2726 2602 2766 eam
2623 2712 3045 2776 transferentes,
3067 2711 3280 2775 quibus
3290 2709 3425 2762 illu-

1818 2808 2038 2860 minata
2063 2805 2267 2873 possit,
2296 2803 2549 2858 revelata
2590 2801 2751 2867 facie,
2775 2801 3014 2868 gloriam
3045 2799 3273 2854 Domini
3296 2810 3420 2865 spe-

1820 2896 2013 2951 culari.

1824 3117 2114 3168 Possumus
2137 3120 2311 3181 gentes
2333 3113 2485 3164 intra
2500 3127 2598 3163 nos
2625 3112 2929 3177 intelligere,
2956 3116 3063 3165 etc.
3089 3112 3249 3163 Certe
3271 3110 3426 3163 idem

1824 3188 1915 3240 ille
1932 3189 2101 3253 juxta
2122 3185 2399 3239 moralem
2435 3198 2671 3237 sensum
2682 3186 2887 3237 Ruﬁno
2917 3189 3007 3237 est
3030 3183 3151 3236 dux
3167 3182 3238 3235 de
3259 3182 3428 3235 femo-

1824 3260 1983 3311 ribus
2006 3259 2173 3314 Juda.
2198 3261 2256 3310 et
2290 3258 2551 3321 gentium
2574 3254 2944 3321 exspectatio,
2972 3255 3069 3317 qui
3093 3254 3425 3317 confessione

1827 3331 2069 3381 emendat
2078 3344 2136 3379 us
2147 3336 2235 3391 est,
2248 3335 2292 3378 et
2304 3327 2615 3378 carnalibus
2628 3327 2769 3376 vitiis
2781 3325 3041 3386 abscissis,
3052 3325 3432 3390 principatum

1827 3403 1914 3452 sui
1924 3402 2073 3467 gerit.
2103 3406 2210 3453 etc.
2235 3401 2396 3451 Hanc
2412 3399 2857 3462 etsubsequenti
2869 3398 3036 3449 Libro
3054 3396 3431 3461 tropologiam

1830 3486 1901 3525 ex
1926 3473 2224 3525 nominum
2241 3470 2694 3523 Patriarcharum
2708 3468 3034 3532 signiﬁcatu
3048 3468 3431 3533 persequitur,

1831 3550 2003 3610 atque
2025 3544 2099 3598 ad
2123 3557 2308 3597 unum
2324 3542 2682 3595 continenter
2715 3540 3008 3593 hominem
3024 3539 3213 3592 refert.

1491 3822 2078 3930 PAULINUS

372 3999 423 4068 α’
1214 4025 1545 4092 FRATRI
1618 4024 1950 4090 RUFINO

2023 4021 2339 4089 Salutem.

203 4208 440 4281 I9-20
477 4186 597 4263 Etsi
620 4213 889 4265 incertum
911 4214 1057 4265 mihi
1068 4214 1193 4279 fecit
1213 4216 1361 4280 ﬁlius
1388 4217 1633 4281 Cerealis,
1660 4218 1806 4283 quod
1828 4226 1846 4247 ⁸
1870 4216 1944 4267 ad
1975 4221 2019 4267 te
2039 4219 2377 4282 perrecturus
2397 4213 2532 4277 foret
2554 4212 2615 4263 in
2656 4217 2903 4278 tempore,
2928 4224 3034 4276 quo
3082 4209 3154 4261 ad
3187 4213 3437 4261 sanctum

130 4301 361 4353 Petrum
400 4301 669 4369 [Romam]
711 4304 1029 4357 revertitur:
1060 4310 1200 4355 tame
1239 4321 1337 4372 per
1358 4321 1481 4356 eum
1535 4307 1632 4371 qui
1661 4321 1806 4371 mque
1828 4311 1952 4357 tuus
1974 4321 2038 4356 ac
2060 4311 2237 4356 noster
2258 4309 2447 4355 estnon
2462 4302 2684 4354 scribere
2708 4300 2819 4362 tibi,
2847 4305 2956 4351 tam
2978 4299 3239 4366 culpabile
3262 4297 3429 4360 nobis,

131 4406 309 4457 quam
352 4390 449 4441 tibi
484 4392 651 4452 triste,
671 4391 927 4456 futurum
941 4393 1332 4458 judicavimus.
1359 4395 1541 4460 Itaque
1575 4394 1833 4445 chartulae
1855 4395 2140 4455 damnum,
2175 4395 2225 4444 si
2267 4399 2312 4444 te
2332 4395 2467 4458 forte
2501 4406 2615 4443 non
2637 4391 2864 4453 vidisset,
2889 4404 3058 4455 quam
3081 4389 3267 4453 ofﬁcii,
3291 4386 3430 4438 sicut

131 4479 398 4543 redimus,
423 4480 470 4529 si
495 4484 541 4530 te
562 4480 766 4542 viseret,
788 4486 1144 4547 przoptantes
1185 4497 1466 4546 capesse-rc,
1492 4483 1887 4533 commissimus
1932 4482 2210 4548 epistolam
2254 4483 2435 4546 istam,
2478 4494 2593 4531 non
2635 4479 2803 4530 casui.
2849 4478 2940 4528 sed
2958 4477 3104 4541 ﬁdei.
3151 4476 3433 4529 Credimus

130 4569 284 4618 enim
308 4569 370 4619 in
390 4569 628 4621 Domino
649 4570 998 4636 dirigendam
1019 4571 1094 4621 ad
1118 4576 1162 4622 te
1176 4572 1322 4621 viam
1337 4573 1617 4633 sermonis,
1644 4588 1707 4623 ac
1727 4572 1832 4635 filii
1844 4572 2032 4632 nostri,
2054 4572 2187 4636 quia
2199 4568 2621 4621 desiderantibus
2636 4568 2856 4632 bonum,
2873 4568 3062 4618 omnia
3070 4566 3353 4633 precedent
3369 4566 3431 4617 in

132 4657 340 4707 bonum
365 4673 382 4707 :
408 4657 671 4709 desiderat
694 4660 838 4710 enim
862 4665 907 4710 te
931 4664 1202 4726 quantum
1223 4659 1369 4711 debes
1391 4660 1686 4711 desiderari
1709 4660 1777 4712 ab
1799 4659 2123 4726 intelligente
2161 4660 2504 4710 commodum
2524 4673 2688 4708 suum
2730 4657 2793 4708 de
2814 4658 3080 4708 consortio
3104 4657 3202 4709 tui.
3227 4657 3295 4707 Et
3317 4657 3435 4708 ideo

129 4764 422 4814 praesumo,
449 4749 584 4814 quia
605 4750 900 4801 secundum
922 4752 1082 4815 ﬁdem
1107 4766 1170 4801 ac
1191 4751 1441 4815 pietatem
1462 4766 1619 4801 suam
1643 4751 1943 4801 salvabitur
1966 4751 2027 4800 in
2050 4751 2202 4801 bonis
2217 4750 2542 4800 desiderium
2553 4749 2684 4815 ejus,
2710 4753 2755 4799 et
2767 4748 3033 4814 perveniet
3049 4748 3254 4811 adle,et
3267 4752 3430 4799 tecum

128 4837 391 4903 manebit,
415 4844 459 4888 et
473 4838 839 4904 geminabitur
858 4840 1012 4890 nobis
1034 4840 1187 4905 apud
1206 4840 1509 4891 Dominum
1532 4841 1590 4890 in
1624 4839 1765 4891 vobis
1785 4843 2029 4891 salutare
2046 4840 2382 4906 praesidium,
2397 4854 2520 4890 cum
2543 4844 2589 4890 et
2613 4839 2707 4890 tibi
2730 4845 2842 4889 tam
2866 4838 3209 4902 bonusﬁlius,
3234 4852 3424 4899 comes,

130 4927 436 4993 discipulus
459 4928 682 4993 adjutor
703 4930 988 4990 accesserit,
1013 4933 1060 4979 ct
1082 4936 1140 4979 tu
1163 4929 1247 4979 illi
1268 4934 1423 4994 pater
1449 4929 1550 4980 hac
1572 4930 1830 4994 magister
1851 4929 2029 4979 omnis
2073 4929 2199 4979 boni
2222 4929 2457 4980 donatus
2500 4943 2537 4978 a
2574 4928 2825 4992 Domino,
2850 4927 2923 4978 ad
2944 4928 3212 4993 efﬁcacem
3234 4926 3431 4977 oratio-

130 5031 267 5066 num
286 5017 604 5081 potentiam,
620 5018 758 5069 vires
778 5019 968 5083 gratia
986 5018 1249 5084 spiritalis
1271 5018 1566 5069 addideris.
1579 5018 1746 5068 Nobis
1761 5024 1961 5079 autem,
1978 5020 2073 5069 etsi
2092 5034 2194 5084 pro
2207 5024 2302 5069 tua
2327 5018 2900 5084 caritatcpraesumptio
2921 5018 3150 5083 sit,un
3171 5021 3434 5068 remeatu-

127 5120 225 5156 rus
248 5105 272 5136 "
292 5105 370 5156 ad
398 5105 685 5170 Orientem,
732 5122 847 5159 non
888 5108 1024 5173 feres
1067 5106 1253 5158 invisit
1295 5106 1450 5159 nobis
1492 5106 1641 5158 abire
1664 5122 1680 5157 :
1707 5113 1885 5158 tamen
1909 5108 1971 5158 de
1991 5109 2215 5173 peccatis
2236 5109 2436 5158 nostris
2477 5112 2648 5159 metus
2669 5113 2759 5170 est,
2805 5122 2873 5157 ne
2909 5107 3124 5157 etiamsi
3148 5114 3259 5155 tam
3280 5103 3435 5155 nobis

194 5261 213 5283 ·
250 5252 480 5318 Agebat
490 5251 679 5306 adhuc
689 5252 1571 5317 RuﬂnusinPinetiMonasterio,
1586 5254 1743 5317 quod
1756 5252 1814 5321 D
1838 5253 2069 5306 mumin
2092 5253 2387 5306 Orientem
2402 5252 2753 5317 remigraret,
2773 5251 2968 5304 statim
2991 5253 3161 5314 atque
3174 5262 3247 5302 ex
3265 5249 3420 5301 Urbe

129 5325 311 5376 situm
334 5324 395 5375 in
417 5336 556 5389 agro
582 5325 977 5378 Tarracinensl
1001 5326 1172 5390 juxta
1183 5337 1355 5385 mare,
1384 5324 1549 5377 bonis
1572 5339 1744 5389 argu-
1764 5320 1779 5321 7
1840 5326 2120 5387 rediisset,
2134 5337 2250 5389 quo
2276 5338 2336 5375 se
2353 5325 2608 5376 conferre
2624 5324 2971 5385 decreverat,
3000 5335 3131 5375 cum
3149 5321 3347 5386 utipse
3360 5320 3434 5372 ait

124 5396 359 5460 mentis,
386 5398 599 5459 quibus
627 5402 687 5450 et
712 5410 822 5450 nos
865 5397 1210 5463 persuadere
1250 5397 1377 5449 aliis
1412 5398 1599 5449 conati
1647 5412 1742 5450 su-
1840 5397 1899 5448 in
1933 5395 2273 5461 praecedenti
2298 5395 2562 5459 Epistola,
2578 5396 2639 5444 in
2662 5393 3245 5444 aestusollicitudiniset
3268 5391 3331 5440 in
3355 5392 3440 5441 in-

128 5480 285 5531 mus,
315 5468 674 5520 Fontaninus
699 5469 1011 5521 contendit.
1034 5468 1196 5520 Adeo
1220 5467 1430 5520 Cereali
1458 5468 1596 5520 Nola
1629 5471 1734 5520 Ro-
1838 5474 2268 5519 certomorarum
2280 5472 2418 5518 esset.
2434 5466 2656 5517 Timere
2669 5479 2730 5518 se
2741 5466 2883 5517 adeo
2898 5464 3184 5525 Paulinus,
3210 5463 3340 5515 dicit
3364 5475 3438 5516 ne

1838 5539 2021 5604 illum,
2048 5539 2096 5591 sl
2119 5551 2186 5590 eo
2209 5540 2424 5602 pergat,
2460 5536 2576 5587 illia
2618 5536 2926 5600 Babyionis
2950 5534 3224 5587 detineat.
3254 5534 3432 5586 Aliter

1838 5616 2031 5663 autem
2055 5611 2236 5663 multo
2260 5609 2460 5661 habuit
2483 5621 2544 5659 se
2563 5620 2674 5671 res,
2698 5620 2832 5659 nam
2862 5607 3057 5659 Pineto
3074 5608 3315 5659 Romam
3347 5617 3441 5657 ve-

1835 5683 2001 5734 niens
2016 5683 2278 5745 Rutlnus,
2297 5679 2463 5745 paulo
2475 5682 2623 5743 post,
2643 5679 2750 5728 hoc
2767 5678 2982 5730 scilicet
2998 5678 3121 5743 ipso
3139 5689 3292 5729 anno
3309 5674 3434 5731 398.

1838 5757 1985 5807 circa
1998 5756 2393 5817 Novembrem,
2406 5753 2465 5803 in
2478 5750 2720 5816 patriam
2731 5749 3100 5803 Concordiam
3114 5748 3431 5810 contendit,

1839 5830 1966 5880 tum
1988 5826 2268 5891 Aquileja:
2290 5835 2475 5877 annos
2491 5826 2749 5876 moratus
2766 5826 2854 5875 est
2870 5820 3044 5876 ferme
3062 5820 3279 5876 decem.
3292 5822 3431 5872 Haec

128 5551 289 5591 mam
315 5538 387 5591 ad
414 5542 467 5591 S.
501 5540 732 5591 Petrum
767 5540 1095 5604 revertenti,
1119 5540 1379 5592 nonnihil
1409 5544 1529 5592 erat
1551 5552 1587 5592 a
1628 5542 1741 5592 Ro-

131 5622 309 5662 mana
332 5611 427 5664 via
451 5610 881 5676 declinandum,
903 5625 1083 5675 eaque
1104 5612 1174 5663 de
1209 5624 1438 5676 caussa,
1458 5624 1602 5663 num
1645 5611 1741 5663 illa

134 5682 442 5735 occasione
484 5683 558 5734 ad
587 5683 861 5736 Rufinum
894 5685 1214 5745 diverteret,
1259 5683 1539 5735 incertum
1590 5682 1736 5735 fecit.

198 5754 222 5784 "
243 5755 529 5807 Habuerit
543 5754 602 5805 id
622 5755 854 5820 quidem
886 5757 948 5808 in
979 5756 1169 5808 animo
1194 5754 1459 5819 Rufinus,
1496 5754 1739 5808 fortasse

136 5825 313 5879 etiam
345 5826 533 5880 amico
558 5827 795 5882 Paulino
833 5827 1186 5893 significarit,
1210 5826 1330 5881 fore
1356 5830 1425 5880 ut
1446 5826 1737 5892 quampri-
