3898 6398
503 347 604 406 311

1528 352 1773 405 RUFINI
1806 353 2294 415 AQUILEIENSIS
2327 350 2765 405 PRESBYTERI

3694 348 3807 407 312

496 466 689 517 vicina
710 467 834 532 ﬁlia
855 476 875 500 ⁸
905 467 1060 536 [Αιιῐ.
1091 467 1233 533 ﬁliae]
1260 466 1553 533 Babylonis
1576 471 1796 519 avertat.
1822 469 1999 527 Quare
2021 469 2254 519 Domino
2278 465 2542 519 desideria
2564 474 2752 518 nostra
2774 481 2836 517 ac
2879 470 2999 515 vota
3038 464 3386 524 mandamus,
3410 479 3478 515 ne
3499 466 3805 516 semrndum

499 554 761 605 meritum
782 555 952 617 nobis,
976 556 1068 606 sed
1087 556 1381 606 secundum
1405 556 1728 605 desiderium
1750 555 1937 619 faciat,
1961 561 2006 606 et
2029 557 2237 621 dirigat
2259 558 2332 608 ad
2352 574 2450 608 nos
2471 559 2619 608 viam
2658 563 2807 607 tuam
2832 555 2891 603 in
2914 555 3000 602 via
3017 554 3299 618 pacissuw,
3318 554 3451 617 quia
3471 568 3585 603 non
3609 554 3809 603 ambu—

506 635 677 688 lantes
708 637 771 687 in
793 653 872 699 ea,
897 638 955 688 in
984 638 1268 703 reprobum
1288 653 1505 688 sensum
1529 638 1780 688 damnati
1796 643 1939 702 sunt,
1964 654 2059 688 nec
2084 646 2129 689 te
2155 641 2456 691 desiderare
2478 646 2767 688 merentur.

567 726 636 778 II.
676 725 819 778 Sane
839 728 1244 793 inportunitate,
1271 742 1383 793 qua
1411 729 1614 778 ostium
1646 732 1820 792 tuum,
1851 728 1929 778 vel
1954 730 2132 777 media
2150 736 2314 789 nocte,
2340 730 2558 793 pulsare
2580 726 2843 789 consuevi,
2868 725 3095 789 repulsa:
3116 729 3278 785 metu,
3313 724 3387 773 ad
3411 723 3805 773 verecundiam

501 816 549 861 et
571 813 798 864 modum
820 815 1138 880 postulandi
1160 821 1388 879 coaetus,
1408 832 1558 866 nunc
1594 816 1690 866 hoc
1713 817 1858 866 circa
1883 832 1966 866 me
1989 818 2190 881 negotii
2222 817 2315 866 tibi
2332 818 2505 880 trado,
2531 822 2590 865 ut
2612 814 3007 866 Benedictiones
3018 812 3295 863 duodecim
3309 811 3800 873 Patriarcharum,

499 899 654 965 cujus
668 901 792 967 jam
820 904 1163 969 principium
1178 905 1322 955 mihi
1363 906 1606 970 exposita
1638 906 1782 955 circa
1804 921 2095 970 personam
2116 907 2270 955 Juda:
2302 906 2615 971 Prophetia,
2647 904 2847 968 triplici
2888 908 2948 952 ut
2963 902 3180 967 jussum
3219 905 3290 950 est
3327 901 3798 966 interpretatione,

497 991 812 1057 conscriptis
832 993 1075 1057 paginis,
1104 994 1344 1045 edidisti:
1366 1010 1464 1060 per
1484 995 1719 1058 reliquos
1759 996 1900 1058 ﬁlios
1935 995 2281 1045 distributum
2317 996 2556 1060 digneris
2596 1008 2875 1059 exponere,
2901 998 2960 1041 ut
2984 998 3029 1041 et
3052 992 3162 1057 ipse
3182 1006 3278 1055 per
3302 995 3347 1039 te
3387 992 3523 1054 ﬁam
3547 991 3803 1039 conscius

498 1079 756 1145 veritatis,
776 1086 827 1133 et
863 1096 1076 1148 magna
1097 1087 1356 1148 gratiaeac
1379 1083 1557 1134 laudis
1585 1090 1855 1134 auctorem
1888 1086 2130 1146 habeam,
2177 1085 2226 1133 si
2251 1085 2335 1134 his
2350 1085 2447 1149 qui
2459 1086 2795 1149 demesupra
2817 1097 2899 1131 me
2917 1082 2939 1111 δ
2962 1079 3362 1146 propteroperis
3399 1078 3801 1129 consulendum

497 1181 582 1217 me
598 1173 949 1234 putaverunt,
972 1160 1163 1223 diuina
1180 1173 1359 1238 potius
1379 1178 1427 1222 et
1449 1176 1538 1222 tuo
1552 1173 1769 1238 spiritu,
1794 1187 1962 1237 quam
1983 1174 2045 1222 de
2068 1188 2181 1223 meo
2203 1188 2358 1222 sensu
2382 1175 2565 1239 inepta
2587 1172 2958 1238 respondeam.

499 1305 628 1377 ideo
649 1310 937 1363 mouenda
956 1313 1135 1373 erant,
1159 1311 1296 1376 quia
1320 1324 1439 1364 non
1468 1311 1699 1365 videtur
1724 1313 2086 1365 Fontaninus
2107 1295 2168 1367 A
2194 1313 2514 1377 explicatio,
2531 1318 2598 1366 ut
2620 1314 2677 1365 et
2697 1325 2805 1364 nos
2827 1311 2901 1363 ad
2928 1309 3345 1375 praecedentem
3361 1307 3625 1372 ejusdem
3650 1310 3803 1361 Pau-

496 1376 624 1444 loci,
642 1393 777 1433 cum
812 1381 1007 1446 hujus,
1034 1387 1158 1436 tum
1188 1382 1498 1449 superioris
1517 1395 1755 1435 sensum
1767 1384 1914 1436 bene
1934 1396 2096 1436 asse-

501 1455 716 1512 quutus
741 1465 756 1502 :
780 1455 1090 1517 utrumque
1105 1454 1259 1507 enim
1278 1466 1397 1507 non
1413 1453 1485 1506 de
1500 1455 1681 1507 Roma
1696 1454 1961 1518 explicat,
1975 1467 2089 1519 quo

497 1520 744 1574 Ruﬁnus
783 1522 892 1576 iter
926 1529 1177 1589 pararet,
1224 1524 1327 1577 sed
1376 1526 1626 1589 primum
1669 1525 1738 1576 de
1770 1525 2086 1587 Concordia,

497 1590 768 1656 huncque
815 1593 960 1647 adeo
1005 1594 1078 1647 de
1121 1594 1308 1659 Italia,
1356 1608 1429 1647 ex
1462 1607 1577 1659 qua
1609 1601 1992 1648 remeaturum
2028 1597 2091 1649 in

495 1661 787 1785 Stagiritem
818 1665 1090 1719 Paulinus
1112 1678 1248 1719 eum
1269 1668 1448 1731 roget,
1472 1679 1547 1719 ne
1569 1678 1631 1719 se
1653 1666 1948 1720 invisitato
1972 1667 2092 1720 dis-

602 1738 680 1787 at.

559 1814 578 1835 ·
600 1805 730 1858 Non
757 1805 1017 1869 dubium,
1042 1808 1186 1872 quin
1206 1810 1449 1861 Romam
1465 1809 1774 1874 intelligat:
1795 1822 1932 1862 nam
1948 1823 2086 1861 con-

496 1875 678 1940 ceptis
689 1878 879 1930 verbis
893 1878 1312 1942 inpraecedenti
1324 1880 1595 1944 Epistola,
1614 1882 1862 1942 Romam,
1878 1881 2085 1944 inquit,

492 1947 604 2011 peti
636 1948 940 2012 judicastis.
973 1951 1255 2003 Caeterum
1274 1950 1526 2014 Epistola
1546 1964 1771 2015 quoque
1787 1954 1994 2004 XXIX.
2014 1953 2088 2005 ad

500 2018 776 2071 Severum
790 2019 863 2073 de
895 2020 1156 2075 Melania:
1194 2022 1395 2073 Nolam
1448 2022 1719 2075 adventu.
1744 2022 1950 2076 deinde
1973 2024 2089 2075 Ro-

498 2099 674 2152 mam,
702 2088 961 2156 loquens,
987 2092 1161 2151 Hanc,
1190 2092 1419 2156 ait,ﬁlia
1443 2092 1575 2143 Sion
1608 2093 1863 2144 hactenus
1880 2093 2088 2158 habuit,

498 2164 547 2208 et
569 2159 861 2212 desiderat:
887 2178 1036 2213 nunc
1048 2164 1168 2227 filia
1190 2163 1481 2227 Babylonis
1515 2164 1685 2222 habet,
1710 2170 1757 2214 et
1777 2166 2091 2216 admiratur

501 2230 637 2293 quia
651 2232 775 2297 jam
797 2239 845 2283 ct
866 2234 985 2298 ipsa
1016 2234 1147 2285 Urbs
1175 2236 1235 2284 in
1248 2234 1498 2300 pluribus
1516 2235 1634 2297 ﬁlia
1651 2235 1786 2286 Sion
1808 2244 1896 2297 est,
1920 2252 2091 2301 quam

496 2302 619 2365 ﬁlia
647 2303 1041 2368 Babylonis,....
1086 2320 1424 2371 quamquam
1460 2304 1559 2356 illa
1583 2307 1774 2370 quietis
1806 2314 1851 2357 et
1885 2307 2091 2358 latebrae

495 2386 605 2422 suae
661 2375 815 2440 apud
871 2376 1191 2439 Jerusalem,
1265 2377 1327 2426 in
1371 2377 1635 2427 Romanis
1696 2378 1856 2429 modo
1921 2377 2091 2428 turbis

497 2447 746 2507 aestuans,
774 2451 882 2499 etc.

559 2513 582 2544 δ
614 2516 686 2567 Et
708 2529 840 2568 cum
866 2516 1066 2582 primis
1090 2515 1382 2570 Desiderio
1393 2517 1752 2582 Presbytero,
1776 2531 1936 2583 aquo
1961 2531 2092 2584 pro-

498 2586 684 2651 posita
697 2588 808 2641 sibi
834 2588 999 2643 istac
1009 2588 1195 2642 fuerat
1212 2589 1682 2643 Benedictionum
1706 2592 2094 2641 Patriarcharum

2192 1385 2289 1436 lini
2314 1384 2387 1437 ad
2416 1385 2689 1436 Ruﬁnum
2704 1382 3012 1449 Epistolam
3035 1382 3430 1441 observamus,
3455 1384 3515 1431 et
3534 1379 3803 1431 luculen-

2193 1455 2308 1507 tius
2321 1456 2443 1520 ipse
2461 1455 2757 1520 exponitS.
2778 1456 2941 1505 Pater
2957 1453 3134 1517 Epist.
3149 1453 3344 1503 XLIII.
3366 1450 3453 1502 Ad
3476 1450 3805 1515 ipsummet

2191 1528 2570 1592 Desiderium,
2586 1527 2647 1578 in
2678 1538 2795 1590 qua
2817 1524 3122 1577 excellenti
3144 1522 3484 1574 humilitatis
3505 1525 3627 1574 arte
3651 1523 3803 1575 sub-

2187 1598 2362 1651 trahit
2387 1610 2451 1649 se
2480 1598 2656 1658 oneri,
2682 1596 2909 1661 quodin
2938 1596 3131 1660 ipsum
3152 1596 3459 1645 Auctorem
3476 1594 3700 1657 rejicit..
3720 1593 3803 1643 De

2189 1684 2316 1734 quo,
2330 1668 2520 1731 inquit
2531 1668 2672 1717 mihi
2687 1668 2993 1731 scripseras,
3009 1680 3214 1729 aquam
3230 1663 3437 1713 dulcem
3449 1669 3494 1713 el
3513 1665 3797 1728 copiosam

2187 1741 2249 1790 in
2272 1754 2481 1797 amaro,
2508 1746 2554 1789 et
2577 1744 2758 1788 arente
2781 1738 2957 1788 rivulo
2976 1750 3233 1801 quaerens,
3260 1741 3360 1784 tuae
3379 1736 3561 1799 potius
3602 1736 3802 1798 gratia

2187 1811 2574 1875 empticandum
2597 1810 2864 1872 relinquo.
2921 1809 2997 1857 Tu
3032 1824 3170 1868 vero,
3203 1807 3480 1865 benedicte,
3516 1821 3803 1855 vasmun-

2186 1882 2319 1931 dum
2334 1888 2380 1930 et
2396 1887 2587 1946 aptum
2622 1882 2748 1944 Deo,
2778 1880 2826 1929 si
2850 1880 3095 1942 accepisti
3119 1878 3438 1927 intellectum
3466 1876 3800 1927 benedictio-

2185 1954 2274 2002 nis
2298 1953 2587 2017 illius,qua
2601 1953 2741 2015 ﬁlios
2766 1966 2889 2001 suos
2916 1950 3222 2015 prophetico
3233 1949 3435 2013 spiritu
3456 1948 3803 1999 Patriarcha

2187 2025 2249 2072 in
2272 2025 2494 2071 excitate
2516 2024 2754 2087 corporis
2766 2021 3067 2070 luminatus
3091 2020 3403 2084 alloquitur,
3423 2034 3628 2083 expone
3648 2018 3801 2067 mihi

2185 2096 2439 2158 rescripto
2464 2093 2721 2159 mysteria
2743 2094 2914 2157 regni,
2937 2098 2982 2141 et
3004 2095 3346 2141 sacramenta
3367 2106 3403 2139 a
3421 2089 3627 2139 seculis
3645 2104 3799 2154 repo-

2190 2165 2313 2221 sita,
2349 2170 2454 2216 etc.

2253 2246 2271 2265 ·
2288 2238 2458 2287 Recte
2479 2236 2696 2287 Brunio
2718 2234 3059 2287 adnotatum
3072 2237 3181 2291 est,
3194 2233 3433 2283 fortasse
3454 2229 3795 2281 addendum

2188 2305 2314 2358 heic
2346 2308 2649 2371 apinantes.
2677 2307 2838 2357 Certe
2853 2310 2954 2356 aut
2971 2306 3077 2355 hoc
3098 2304 3469 2364 verbum,aut
3497 2300 3606 2352 tale
3620 2301 3803 2365 quid-

2188 2379 2362 2444 piam,
2384 2385 2509 2431 tum
2526 2379 2704 2442 exigit
2728 2378 2836 2429 loci
2849 2389 3075 2433 sensus.
3093 2381 3217 2427 tum
3234 2373 3403 2425 modo
3420 2373 3655 2424 laudata
3667 2374 3799 2436 Epig

2186 2451 2333 2502 stola
2361 2450 2666 2515 ipsiusmet
2690 2449 2906 2501 Paulini
2934 2447 3008 2499 ad
3039 2447 3395 2499 Desiderium
3441 2444 3789 2515 subindicat.

2187 2522 2321 2573 Mox
2346 2514 2578 2585 quoque
2602 2534 2694 2574 res
2719 2520 2945 2581 clamat,
2987 2519 3164 2570 verbo
3197 2516 3372 2582 operis
3397 2514 3787 2580 supplendum

2188 2590 2584 2657 difﬁcultatem,
2615 2596 2719 2644 aut
2738 2590 2876 2655 quid
2895 2590 3097 2641 simile.

1102 2926 1179 2985 IN
1220 2927 1512 2988 LIBRUM
1553 2927 1627 2986 ΙΙ.
1672 2927 1767 2986 DE
1804 2926 2478 2987 BENEDICTIONIBUS
2521 2923 3172 2985 PATRIARCHARUM

672 3121 1222 3264 RUFINI
1333 3056 2449 3300 AQUILEIENSIS
2562 3123 3583 3267 PRESBYTEBI

1168 3362 1351 3459 AD
1413 3360 2098 3461 PAULINUM
2162 3361 3121 3462 PRESBYTERUM

1911 3542 2370 3682 praefatio.

1328 3900 1685 4007 RUFIN
1697 3902 1839 4007 US
1912 3900 2350 4010 FRATRI
2424 3900 2942 4009 PAULINO

1738 4124 2014 4185 ΗΟΜΙΝΙ
2078 4125 2202 4185 DEI
2264 4124 2548 4184 Salutem.

563 4271 613 4340 2
631 4271 745 4341 1-2
756 4271 807 4340 2
835 4274 1219 4327 Communem
1235 4276 1469 4341 quidem
1496 4279 1677 4333 ﬁlium
1702 4282 1988 4335 Cerealem
2016 4280 2283 4333 nundum
2300 4279 2572 4344 videram,
2590 4279 2690 4333 sed
2715 4279 2764 4332 is
2780 4279 3064 4341 conscius,
3079 4279 3216 4344 quid
3234 4279 3373 4331 mihi
3391 4278 3600 4331 doloris
3626 4278 3771 4332 infli-

493 4366 669 4427 geret,
695 4363 744 4413 si
766 4363 999 4416 reddere
1022 4370 1341 4419 moraretur
1362 4368 1552 4422 literas
1573 4373 1723 4435 tuas,
1746 4380 1764 4400 ·
1790 4371 2068 4436 praemisit
2090 4373 2157 4423 ad
2183 4383 2307 4421 me:
2339 4383 2484 4434 quas
2499 4382 2631 4422 cum
2651 4370 2847 4435 legens
2870 4383 3003 4435 erga
3025 4369 3107 4421 tui
3126 4371 3216 4433 (ut
3240 4368 3409 4432 soleo)
3432 4368 3777 4421 desiderium

499 4449 687 4516 magis
708 4463 775 4503 ac
797 4452 983 4517 magis
1013 4466 1346 4521 crescerem,
1371 4458 1562 4512 inveni
1584 4461 1657 4512 ad
1682 4460 1953 4513 ultimum
1974 4460 2114 4514 illud
2138 4463 2192 4513 te
2215 4460 2512 4525 imperare,
2537 4460 2687 4511 unde
2701 4460 2977 4512 excusavi
2996 4459 3325 4524 frequenter
3343 4457 3493 4523 apud
3523 4463 3598 4523 te,
3615 4471 3688 4510 ne
3711 4459 3783 4511 de

502 4542 921 4606 Scripturarum
950 4546 1169 4601 scilicet
1190 4550 1754 4616 interpretationibus
1777 4554 1993 4618 aliquid
2015 4567 2051 4607 θ,
2076 4566 2168 4606 me
2190 4566 2455 4619 posceres
2478 4566 2578 4618 per
2599 4553 2792 4605 literas
2821 4552 3193 4618 respondere:
3212 4556 3395 4616 etquo
3419 4550 3599 4614 magis
3618 4562 3653 4600 a
3669 4562 3779 4614 po-

500 4633 713 4687 scendo
738 4635 1064 4703 desisteres,
1101 4640 1333 4707 signum
1348 4643 1451 4696 tibi
1472 4645 1770 4710 imperitiae
1793 4658 1956 4709 meas,
1984 4649 2041 4697 et
2062 4644 2331 4697 ineruditi
2356 4644 2638 4697 sermonis
2667 4643 2845 4697 semel
2857 4648 3032 4708 atque
3054 4643 3075 4673 δ
3095 4643 3303 4695 iterum
3329 4640 3478 4694 dedi.

563 4725 632 4777 II.
657 4727 766 4779 Sed
791 4730 925 4792 quia
949 4734 1015 4784 tu
1036 4744 1143 4787 nec
1163 4734 1245 4786 sic
1268 4736 1501 4799 quidem
1523 4750 1543 4773 °
1566 4737 1770 4790 taedias
1797 4738 2093 4802 imperare,
2117 4742 2184 4790 ut
2205 4738 2365 4803 potui
2384 4737 2557 4790 etiam
2573 4750 2747 4801 nunc,
2786 4736 2858 4789 de
2881 4736 3113 4799 reliquis
3155 4735 3415 4788 undecim
3436 4734 3774 4787 Patriarcbis

499 4811 691 4866 addidi
713 4816 787 4869 ad
816 4817 945 4873 hac
962 4832 1093 4886 quae
1107 4821 1179 4877 de
1194 4824 1364 4879 Judw
1375 4826 1771 4879 benedictione
1788 4826 1945 4890 prius
1956 4826 2059 4878 tibi
2074 4826 2479 4891 responderam
2496 4844 2508 4876 :
2526 4827 2812 4879 arbitrans
2824 4825 2972 4890 quod
2992 4826 3168 4890 patris
3183 4824 3352 4889 illius,
3371 4824 3469 4889 qui
3479 4824 3702 4885 iubenti
3719 4829 3783 4875 ut

499 4900 644 4955 irem
665 4904 729 4957 in
749 4907 998 4975 vineam,
1031 4911 1168 4978 dixi,
1184 4913 1312 4965 Non
1334 4930 1390 4966 eo
1409 4916 1616 4981 (Matth.
1649 4914 1775 4980 15.),
1802 4921 1860 4968 et
1872 4916 1987 4967 abii
2001 4916 2369 4980 postmodum
2394 4931 2408 4966 :
2444 4915 2672 4968 fecerim
2711 4915 3083 4968 voluntatem.
3126 4915 3183 4966 Si
3215 4914 3350 4979 quid
3376 4926 3516 4966 sane
3543 4912 3782 4965 temeri-

508 4991 644 5044 tatis
659 4992 717 5046 in
746 4995 894 5050 facta
918 5004 1028 5066 est,
1054 5002 1209 5067 quod
1236 5016 1369 5057 cum
1383 5005 1579 5057 minus
1595 5003 1783 5057 idonei
1809 5004 2010 5068 simus,
2028 5010 2138 5058 trm
2154 5018 2367 5070 magna
2381 5004 2788 5069 contingimus,
2806 5017 2936 5056 cum
2965 5004 3047 5055 tui
3068 5004 3238 5057 venia
3252 5003 3517 5065 dixerim,
3541 5002 3643 5053 tibi
3654 5005 3782 5066 jus-

508 5078 730 5135 tissime
760 5089 1132 5155 reputabitur,
1161 5092 1257 5155 qui
1281 5104 1401 5157 praa
1432 5092 1611 5145 nimio
1638 5104 1849 5157 amore,
1870 5094 2283 5147 mensuerasin
2302 5095 2469 5146 nobis
2504 5093 2776 5154 scientiae,
2793 5095 2861 5145 ut
2882 5096 2939 5144 et
2960 5091 3305 5156 reliquarum
3322 5092 3620 5153 virtutum,
3637 5092 3772 5142 satis

568 5219 744 5312 lii-uc
760 5224 902 5312 refe!
923 5238 1057 5312 quin
1071 5225 1583 5312 ad‘prmcedentem
1602 5230 1860 5312 proxime
1880 5230 2096 5312 Paulini
2119 5233 2171 5307 B
2192 5230 2340 5312 quod
2370 5229 2659 5312 superiore
2688 5230 2973 5312 Tractatu,
3006 5227 3104 5312 qui
3125 5227 3345 5312 primus
3376 5226 3435 5277 Li
3444 5227 3549 5312 heir.
3564 5228 3653 5277 est
3667 5225 3775 5312 bu:

497 5291 805 5357 Epistplam
850 5296 921 5349 de
959 5296 1209 5350 Cerealis
1247 5296 1467 5353 itinere.
1499 5302 1555 5349 et
1598 5300 1773 5351 Pineti
1817 5300 1959 5364 loco,
1993 5302 2089 5353 ubi

496 5364 739 5437 Ruﬁnus
750 5368 977 5432 agebat,
990 5367 1243 5418 diximus
1257 5368 1444 5418 Nolaa
1461 5368 1551 5430 (ad
1560 5371 1751 5420 calcem
1762 5388 1816 5436 ρ.
1848 5374 2086 5437 meum.)

492 5433 638 5506 'I‘um
662 5436 856 5489 licebit
884 5438 1163 5501 castigare
1187 5449 1436 5501 nuperos
1461 5433 1773 5505 Scriptores
1807 5433 1967 5496 alios.
1991 5443 2090 5506 qui

492 5504 563 5578 de
578 5507 802 5570 Ruﬁno,
822 5508 1008 5578 deque
1018 5506 1257 5578 historia
1269 5509 1488 5574 Aquilej
1496 5504 1621 5563 enSi
1634 5517 1806 5565 tracta
1814 5504 2091 5578 ntes,ej'us

492 5575 851 5639 ignoratione
873 5577 971 5640 rei,
994 5577 1209 5640 passim
1231 5582 1288 5631 et
1308 5581 1649 5643 gravissime
1664 5587 1915 5648 peccant.

560 5648 581 5678 ³⁸
606 5650 770 5703 Haud
799 5647 1033 5714 scimus,
1072 5649 1223 5702 aliud
1249 5652 1467 5715 peritiae
1489 5667 1613 5706 sum
1641 5647 1929 5718 specimen
1954 5655 2089 5717 (non

503 5724 656 5797 certe
670 5719 968 5797 imperitiae,
982 5726 1046 5797 ut
1056 5721 1177 5797 ipse
1191 5723 1266 5797 _o_b
1276 5722 1663 5797 humilitatem
1676 5728 1859 5797 vocat)
1872 5726 1929 5776 in
1948 5726 2091 5777 Scri-

501 5788 685 5853 pturis
700 5787 1058 5843 exnlicandls
1071 5793 1305 5847 Paulino
1335 5794 1609 5848 Ruﬁnum
1633 5787 1882 5860 dedisse,
1913 5809 2089 5861 quam

2184 5303 2347 5365 jusce
2365 5300 2788 5363 Commentarii,
2806 5299 3146 5351 continetur.
3166 5299 3351 5351 Facile
3367 5297 3517 5361 quod
3537 5298 3657 5361 ipse
3694 5298 3773 5348 ait

2187 5373 2343 5422 semel
2364 5372 2756 5436 atqueiterum,
2799 5371 3112 5435 Epistolam
3134 5370 3376 5434 priorem
3413 5369 3568 5420 illam
3594 5373 3775 5429 notat,

2188 5455 2302 5506 qua
2327 5456 2388 5493 se
2412 5442 2482 5493 de
2504 5442 2793 5505 proposita
2812 5441 3131 5504 quaestione
3154 5442 3487 5503 excusabat,
3525 5444 3582 5491 et
3607 5452 3775 5503 quam

2188 5514 2437 5565 diximus
2464 5513 2853 5577 intercidisse.

2249 5598 2268 5619 °
2293 5585 2421 5636 Fuit
2433 5584 2530 5647 qui
2546 5599 2711 5633 cessas
2726 5584 2960 5635 rescribi
2975 5584 3146 5636 vellet
3160 5585 3260 5635 aut
3271 5583 3410 5647 quid
3421 5583 3623 5634 simile.
3646 5585 3757 5645 Ego

2185 5654 2379 5707 nullus
2402 5655 2618 5714 dubito,
2645 5656 2785 5718 quin
2808 5656 2887 5708 ita
2916 5656 3124 5708 Ruﬁno
3151 5656 3223 5707 ab
3240 5655 3383 5718 ipSu,
3411 5655 3637 5706 tametsi
3655 5667 3767 5706 non

2188 5727 2404 5791 Latine,
2435 5727 2711 5791 scriptum
2735 5728 2809 5780 sit
2833 5742 2846 5779 :
2872 5732 2928 5780 et
2942 5727 3126 5793 magis
3141 5727 3404 5790 intelligit
3420 5738 3649 5778 mecum
3673 5728 3770 5776 Le-

2188 5800 2326 5855 ctor.
2356 5797 2493 5863 quid
2524 5798 2825 5863 signiﬁcet,
2855 5811 3029 5863 quam
3062 5799 3128 5851 ut
3162 5795 3441 5859 eXplicare
3465 5801 3757 5861 opporteat
