  <div class='ocr_page' id='page_1' title='image "/cluster/home/n/w/nwhite01/storage/ocr_20150623/21/umn.319510024773153/160.png"; bbox 0 0 3898 6408; ppageno 0'>
   <div class='ocr_carea' id='block_1_1' title="bbox 43 355 3393 427">
    <p class='ocr_par' dir='ltr' id='par_1_1' title="bbox 43 355 3393 427">
     <span class='ocr_line' id='line_1_1' title="bbox 43 355 3393 427; baseline 0.005 -17"><span class='ocrx_word' id='word_1_1' title='bbox 43 355 163 412; x_wconf 80' lang='grc'>313</span> <span class='ocrx_word' id='word_1_2' title='bbox 655 369 749 421; x_wconf 84' lang='lat' dir='ltr'>DE</span> <span class='ocrx_word' id='word_1_3' title='bbox 809 370 1441 426; x_wconf 85' lang='lat' dir='ltr'>BENEDICTIONIBUS</span> <span class='ocrx_word' id='word_1_4' title='bbox 1496 371 2112 424; x_wconf 77' lang='lat' dir='ltr'>PATRIARCHARUM</span> <span class='ocrx_word' id='word_1_5' title='bbox 2166 373 2372 425; x_wconf 78' lang='lat' dir='ltr'>LIBER</span> <span class='ocrx_word' id='word_1_6' title='bbox 2433 372 2817 425; x_wconf 88' lang='lat' dir='ltr'>SECUNDUS.</span> <span class='ocrx_word' id='word_1_7' title='bbox 3288 370 3393 427; x_wconf 72' lang='grc'>314</span> 
     </span>
    </p>
   </div>
   <div class='ocr_carea' id='block_1_2' title="bbox 44 466 3387 549">
    <p class='ocr_par' dir='ltr' id='par_1_2' title="bbox 44 466 3387 549">
     <span class='ocr_line' id='line_1_2' title="bbox 44 466 3387 549; baseline 0.005 -31"><span class='ocrx_word' id='word_1_8' title='bbox 44 466 285 524; x_wconf 88' lang='lat' dir='ltr'>breves</span> <span class='ocrx_word' id='word_1_9' title='bbox 308 484 459 536; x_wconf 89' lang='lat' dir='ltr'>esse,</span> <span class='ocrx_word' id='word_1_10' title='bbox 484 489 605 531; x_wconf 91' lang='lat' dir='ltr'>non</span> <span class='ocrx_word' id='word_1_11' title='bbox 626 480 851 545; x_wconf 85' lang='lat' dir='ltr'>aspicis.</span> <span class='ocrx_word' id='word_1_12' title='bbox 870 481 1011 543; x_wconf 84' lang='lat' dir='ltr'>Quia</span> <span class='ocrx_word' id='word_1_13' title='bbox 1032 485 1225 535; x_wconf 86' lang='lat' dir='ltr'>autem</span> <span class='ocrx_word' id='word_1_14' title='bbox 1249 483 1713 549; x_wconf 73' lang='lat' dir='ltr'>Quadragesimee</span> <span class='ocrx_word' id='word_1_15' title='bbox 1739 493 1754 511; x_wconf 84' lang='lat'>&#39;</span> <span class='ocrx_word' id='word_1_16' title='bbox 1780 483 2000 543; x_wconf 87' lang='lat' dir='ltr'>diebus,</span> <span class='ocrx_word' id='word_1_17' title='bbox 2025 482 2085 535; x_wconf 93' lang='lat' dir='ltr'>in</span> <span class='ocrx_word' id='word_1_18' title='bbox 2110 484 2459 536; x_wconf 79' lang='lat' dir='ltr'>monasterio</span> <span class='ocrx_word' id='word_1_19' title='bbox 2489 483 2669 535; x_wconf 87' lang='lat' dir='ltr'>Pineti</span> <span class='ocrx_word' id='word_1_20' title='bbox 2691 482 2933 547; x_wconf 90' lang='lat' dir='ltr'>positus,</span> <span class='ocrx_word' id='word_1_21' title='bbox 2967 482 3092 536; x_wconf 74' lang='lat' dir='ltr'>haec</span> <span class='ocrx_word' id='word_1_22' title='bbox 3120 482 3387 547; x_wconf 75' lang='lat' dir='ltr'>rescripsi</span> 
     </span>
    </p>
   </div>
   <div class='ocr_carea' id='block_1_3' title="bbox 42 560 3381 639">
    <p class='ocr_par' dir='ltr' id='par_1_3' title="bbox 42 560 3381 639">
     <span class='ocr_line' id='line_1_3' title="bbox 42 560 3381 639; baseline 0.004 -29"><span class='ocrx_word' id='word_1_23' title='bbox 42 560 123 610; x_wconf 89' lang='lat' dir='ltr'>ad</span> <span class='ocrx_word' id='word_1_24' title='bbox 158 562 245 625; x_wconf 85' lang='lat' dir='ltr'>te,</span> <span class='ocrx_word' id='word_1_25' title='bbox 276 564 456 618; x_wconf 88' lang='lat' dir='ltr'>etiam</span> <span class='ocrx_word' id='word_1_26' title='bbox 486 569 780 622; x_wconf 78' lang='lat' dir='ltr'>Fratribus</span> <span class='ocrx_word' id='word_1_27' title='bbox 802 571 900 635; x_wconf 87' lang='lat' dir='ltr'>qui</span> <span class='ocrx_word' id='word_1_28' title='bbox 933 572 1186 636; x_wconf 83' lang='lat' dir='ltr'>aderant,</span> <span class='ocrx_word' id='word_1_29' title='bbox 1211 574 1453 639; x_wconf 91' lang='lat' dir='ltr'>ineptias</span> <span class='ocrx_word' id='word_1_30' title='bbox 1479 586 1636 625; x_wconf 88' lang='lat' dir='ltr'>meas</span> <span class='ocrx_word' id='word_1_31' title='bbox 1662 574 1842 625; x_wconf 90' lang='lat' dir='ltr'>celare</span> <span class='ocrx_word' id='word_1_32' title='bbox 1866 586 1984 624; x_wconf 91' lang='lat' dir='ltr'>non</span> <span class='ocrx_word' id='word_1_33' title='bbox 2011 574 2165 635; x_wconf 90' lang='lat' dir='ltr'>potui</span> <span class='ocrx_word' id='word_1_34' title='bbox 2192 586 2205 635; x_wconf 88' lang='lat'><strong>;</strong></span> <span class='ocrx_word' id='word_1_35' title='bbox 2229 573 2329 625; x_wconf 88' lang='lat' dir='ltr'>sed</span> <span class='ocrx_word' id='word_1_36' title='bbox 2365 576 2420 624; x_wconf 85' lang='lat' dir='ltr'>et</span> <span class='ocrx_word' id='word_1_37' title='bbox 2448 573 2557 637; x_wconf 87' lang='lat' dir='ltr'>ipsi</span> <span class='ocrx_word' id='word_1_38' title='bbox 2580 585 2859 637; x_wconf 79' lang='lat' dir='ltr'>magnum</span> <span class='ocrx_word' id='word_1_39' title='bbox 2883 575 3151 639; x_wconf 83' lang='lat' dir='ltr'>putantes</span> <span class='ocrx_word' id='word_1_40' title='bbox 3163 572 3381 636; x_wconf 83' lang='lat' dir='ltr'>aliquid</span> 
     </span>
    </p>
   </div>
   <div class='ocr_carea' id='block_1_4' title="bbox 45 655 3384 727">
    <p class='ocr_par' dir='ltr' id='par_1_4' title="bbox 45 655 3384 727">
     <span class='ocr_line' id='line_1_4' title="bbox 45 655 3384 727; baseline 0.004 -28"><span class='ocrx_word' id='word_1_41' title='bbox 45 662 213 714; x_wconf 88' lang='lat' dir='ltr'>esse,</span> <span class='ocrx_word' id='word_1_42' title='bbox 274 655 439 717; x_wconf 88' lang='lat' dir='ltr'>quod</span> <span class='ocrx_word' id='word_1_43' title='bbox 480 657 584 709; x_wconf 89' lang='lat' dir='ltr'>tibi</span> <span class='ocrx_word' id='word_1_44' title='bbox 626 660 846 723; x_wconf 89' lang='lat' dir='ltr'>placere</span> <span class='ocrx_word' id='word_1_45' title='bbox 868 664 1071 726; x_wconf 77' lang='lat' dir='ltr'>potest,</span> <span class='ocrx_word' id='word_1_46' title='bbox 1105 666 1474 715; x_wconf 80' lang='lat' dir='ltr'>extorserunt</span> <span class='ocrx_word' id='word_1_47' title='bbox 1500 669 1710 727; x_wconf 89' lang='lat' dir='ltr'>tamen,</span> <span class='ocrx_word' id='word_1_48' title='bbox 1741 667 1805 715; x_wconf 90' lang='lat' dir='ltr'>ut</span> <span class='ocrx_word' id='word_1_49' title='bbox 1836 662 1960 714; x_wconf 66' lang='lat' dir='ltr'>haec</span> <span class='ocrx_word' id='word_1_50' title='bbox 1983 662 2371 714; x_wconf 84' lang='lat' dir='ltr'>describerent</span> <span class='ocrx_word' id='word_1_51' title='bbox 2391 662 2517 713; x_wconf 88' lang='lat' dir='ltr'>sibi.</span> <span class='ocrx_word' id='word_1_52' title='bbox 2550 662 2639 713; x_wconf 90' lang='lat' dir='ltr'>Sic</span> <span class='ocrx_word' id='word_1_53' title='bbox 2659 676 2755 713; x_wconf 91' lang='lat' dir='ltr'>me</span> <span class='ocrx_word' id='word_1_54' title='bbox 2779 668 2838 715; x_wconf 93' lang='lat' dir='ltr'>et</span> <span class='ocrx_word' id='word_1_55' title='bbox 2866 676 2999 715; x_wconf 88' lang='lat' dir='ltr'>cum</span> <span class='ocrx_word' id='word_1_56' title='bbox 3022 676 3184 715; x_wconf 86' lang='lat' dir='ltr'>escas</span> <span class='ocrx_word' id='word_1_57' title='bbox 3209 664 3229 693; x_wconf 71' lang='grc' dir='ltr'>δ</span> <span class='ocrx_word' id='word_1_58' title='bbox 3251 667 3384 714; x_wconf 90' lang='lat' dir='ltr'>tuas</span> 
     </span>
    </p>
   </div>
   <div class='ocr_carea' id='block_1_5' title="bbox 48 742 3378 818">
    <p class='ocr_par' dir='ltr' id='par_1_5' title="bbox 48 742 3378 818">
     <span class='ocr_line' id='line_1_5' title="bbox 48 742 3378 818; baseline 0.005 -27"><span class='ocrx_word' id='word_1_59' title='bbox 48 742 296 805; x_wconf 88' lang='lat' dir='ltr'>poscis,</span> <span class='ocrx_word' id='word_1_60' title='bbox 344 744 521 797; x_wconf 88' lang='lat' dir='ltr'>etiam</span> <span class='ocrx_word' id='word_1_61' title='bbox 568 748 694 799; x_wconf 90' lang='lat' dir='ltr'>aliis</span> <span class='ocrx_word' id='word_1_62' title='bbox 739 752 1023 816; x_wconf 84' lang='lat' dir='ltr'>propinas.</span> <span class='ocrx_word' id='word_1_63' title='bbox 1059 752 1198 804; x_wconf 83' lang='lat' dir='ltr'>Vale</span> <span class='ocrx_word' id='word_1_64' title='bbox 1240 753 1300 804; x_wconf 89' lang='lat' dir='ltr'>in</span> <span class='ocrx_word' id='word_1_65' title='bbox 1345 766 1500 817; x_wconf 83' lang='lat' dir='ltr'>pace,</span> <span class='ocrx_word' id='word_1_66' title='bbox 1545 754 1718 804; x_wconf 80' lang='lat' dir='ltr'>frater</span> <span class='ocrx_word' id='word_1_67' title='bbox 1756 752 2154 804; x_wconf 82' lang='lat' dir='ltr'>amantissime</span> <span class='ocrx_word' id='word_1_68' title='bbox 2193 752 2292 804; x_wconf 89' lang='lat' dir='ltr'>Dei</span> <span class='ocrx_word' id='word_1_69' title='bbox 2339 751 2539 816; x_wconf 86' lang='lat' dir='ltr'>cultor,</span> <span class='ocrx_word' id='word_1_70' title='bbox 2588 756 2645 804; x_wconf 91' lang='lat' dir='ltr'>et</span> <span class='ocrx_word' id='word_1_71' title='bbox 2699 753 2953 805; x_wconf 80' lang='lat' dir='ltr'>Israelita</span> <span class='ocrx_word' id='word_1_72' title='bbox 3005 754 3065 805; x_wconf 89' lang='lat' dir='ltr'>in</span> <span class='ocrx_word' id='word_1_73' title='bbox 3116 766 3231 818; x_wconf 90' lang='lat' dir='ltr'>quo</span> <span class='ocrx_word' id='word_1_74' title='bbox 3272 754 3378 806; x_wconf 90' lang='lat' dir='ltr'>do-</span> 
     </span>
    </p>
   </div>
   <div class='ocr_carea' id='block_1_6' title="bbox 44 827 1854 908">
    <p class='ocr_par' dir='ltr' id='par_1_6' title="bbox 44 827 1854 908">
     <span class='ocr_line' id='line_1_6' title="bbox 44 827 1854 908; baseline 0.01 -30"><span class='ocrx_word' id='word_1_75' title='bbox 44 827 148 880; x_wconf 86' lang='lat' dir='ltr'>lus</span> <span class='ocrx_word' id='word_1_76' title='bbox 176 843 312 884; x_wconf 89' lang='lat' dir='ltr'>non</span> <span class='ocrx_word' id='word_1_77' title='bbox 339 840 450 896; x_wconf 84' lang='lat' dir='ltr'>est,</span> <span class='ocrx_word' id='word_1_78' title='bbox 477 837 706 903; x_wconf 88' lang='lat' dir='ltr'>meique</span> <span class='ocrx_word' id='word_1_79' title='bbox 733 852 954 892; x_wconf 90' lang='lat' dir='ltr'>memor</span> <span class='ocrx_word' id='word_1_80' title='bbox 982 846 1125 905; x_wconf 85' lang='lat' dir='ltr'>esto,</span> <span class='ocrx_word' id='word_1_81' title='bbox 1144 843 1325 906; x_wconf 85' lang='lat' dir='ltr'>gratia</span> <span class='ocrx_word' id='word_1_82' title='bbox 1348 843 1514 908; x_wconf 89' lang='lat' dir='ltr'>plene</span> <span class='ocrx_word' id='word_1_83' title='bbox 1536 843 1710 895; x_wconf 89' lang='lat' dir='ltr'>homo</span> <span class='ocrx_word' id='word_1_84' title='bbox 1735 844 1854 895; x_wconf 89' lang='lat' dir='ltr'>Dei.</span> 
     </span>
    </p>
   </div>
   <div class='ocr_carea' id='block_1_7' title="bbox 151 969 3382 1051">
    <p class='ocr_par' dir='ltr' id='par_1_7' title="bbox 151 969 3382 1051">
     <span class='ocr_line' id='line_1_7' title="bbox 151 969 3382 1051; baseline 0.003 -25"><span class='ocrx_word' id='word_1_85' title='bbox 151 981 171 1000; x_wconf 82' lang='lat'>&#39;</span> <span class='ocrx_word' id='word_1_86' title='bbox 214 976 682 1051; x_wconf 83' lang='lat' dir='ltr'>Compertumex</span> <span class='ocrx_word' id='word_1_87' title='bbox 697 982 806 1033; x_wconf 92' lang='lat' dir='ltr'>hoc</span> <span class='ocrx_word' id='word_1_88' title='bbox 822 982 947 1035; x_wconf 91' lang='lat' dir='ltr'>loco</span> <span class='ocrx_word' id='word_1_89' title='bbox 963 988 1070 1043; x_wconf 88' lang='lat' dir='ltr'>est,</span> <span class='ocrx_word' id='word_1_90' title='bbox 1089 985 1475 1047; x_wconf 89' lang='lat' dir='ltr'>eodemanno,</span> <span class='ocrx_word' id='word_1_91' title='bbox 1503 987 1560 1038; x_wconf 90' lang='lat' dir='ltr'>id</span> <span class='ocrx_word' id='word_1_92' title='bbox 1582 993 1685 1049; x_wconf 86' lang='lat' dir='ltr'>est,</span> <span class='ocrx_word' id='word_1_93' title='bbox 1719 969 1772 1042; x_wconf 82' lang='lat' dir='ltr'><strong>A</strong></span> <span class='ocrx_word' id='word_1_94' title='bbox 1791 987 2034 1039; x_wconf 88' lang='lat' dir='ltr'>rationes</span> <span class='ocrx_word' id='word_1_95' title='bbox 2057 987 2276 1047; x_wconf 89' lang='lat' dir='ltr'>ineunt,</span> <span class='ocrx_word' id='word_1_96' title='bbox 2303 991 2360 1038; x_wconf 89' lang='lat' dir='ltr'>et</span> <span class='ocrx_word' id='word_1_97' title='bbox 2381 985 2453 1037; x_wconf 92' lang='lat' dir='ltr'>ad</span> <span class='ocrx_word' id='word_1_98' title='bbox 2477 999 2691 1038; x_wconf 86' lang='lat' dir='ltr'>annum</span> <span class='ocrx_word' id='word_1_99' title='bbox 2724 985 3216 1051; x_wconf 61' lang='lat' dir='ltr'>usqueﬁiirerunt</span> <span class='ocrx_word' id='word_1_100' title='bbox 3259 986 3382 1042; x_wconf 79' lang='grc'>408.</span> 
     </span>
    </p>
   </div>
   <div class='ocr_carea' id='block_1_8' title="bbox 39 1040 1681 1113">
    <p class='ocr_par' dir='ltr' id='par_1_8' title="bbox 39 1040 1681 1113">
     <span class='ocr_line' id='line_1_8' title="bbox 39 1040 1681 1113; baseline 0.009 -18"><span class='ocrx_word' id='word_1_101' title='bbox 39 1040 173 1101; x_wconf 78' lang='lat'>398.</span> <span class='ocrx_word' id='word_1_102' title='bbox 200 1061 331 1111; x_wconf 88' lang='lat' dir='ltr'>quo</span> <span class='ocrx_word' id='word_1_103' title='bbox 364 1040 578 1113; x_wconf 82' lang='lat' dir='ltr'>priores</span> <span class='ocrx_word' id='word_1_104' title='bbox 603 1051 750 1104; x_wconf 92' lang='lat' dir='ltr'>duos</span> <span class='ocrx_word' id='word_1_105' title='bbox 775 1054 951 1105; x_wconf 89' lang='lat' dir='ltr'>libros</span> <span class='ocrx_word' id='word_1_106' title='bbox 972 1040 1313 1109; x_wconf 82' lang='lat' dir='ltr'>Periarchon</span> <span class='ocrx_word' id='word_1_107' title='bbox 1337 1058 1394 1108; x_wconf 92' lang='lat' dir='ltr'>in</span> <span class='ocrx_word' id='word_1_108' title='bbox 1420 1040 1681 1110; x_wconf 81' lang='lat' dir='ltr'>Latinum</span> 
     </span>
    </p>
   </div>
   <div class='ocr_carea' id='block_1_9' title="bbox 55 1120 1683 1193">
    <p class='ocr_par' dir='ltr' id='par_1_9' title="bbox 55 1120 1683 1193">
     <span class='ocr_line' id='line_1_9' title="bbox 55 1120 1683 1193; baseline 0.007 -24"><span class='ocrx_word' id='word_1_109' title='bbox 55 1120 274 1193; x_wconf 61' lang='lat' dir='ltr'>vertit.</span> <span class='ocrx_word' id='word_1_110' title='bbox 292 1120 466 1193; x_wconf 2' lang='lat' dir='ltr'>(hunc</span> <span class='ocrx_word' id='word_1_111' title='bbox 488 1135 717 1187; x_wconf 87' lang='lat' dir='ltr'>quoque</span> <span class='ocrx_word' id='word_1_112' title='bbox 744 1125 978 1177; x_wconf 88' lang='lat' dir='ltr'>Librum</span> <span class='ocrx_word' id='word_1_113' title='bbox 994 1127 1321 1185; x_wconf 89' lang='lat' dir='ltr'>adornasse,</span> <span class='ocrx_word' id='word_1_114' title='bbox 1348 1131 1409 1180; x_wconf 90' lang='lat' dir='ltr'>ut</span> <span class='ocrx_word' id='word_1_115' title='bbox 1428 1129 1683 1193; x_wconf 89' lang='lat' dir='ltr'>pluribus</span> 
     </span>
    </p>
   </div>
   <div class='ocr_carea' id='block_1_10' title="bbox 49 1192 1678 1265">
    <p class='ocr_par' dir='ltr' id='par_1_10' title="bbox 49 1192 1678 1265">
     <span class='ocr_line' id='line_1_10' title="bbox 49 1192 1678 1265; baseline 0.005 -25"><span class='ocrx_word' id='word_1_116' title='bbox 49 1192 525 1243; x_wconf 83' lang='lat' dir='ltr'>ostendimusad</span> <span class='ocrx_word' id='word_1_117' title='bbox 545 1196 764 1246; x_wconf 64' lang='lat' dir='ltr'>Praefat.</span> <span class='ocrx_word' id='word_1_118' title='bbox 781 1198 1157 1260; x_wconf 71' lang='lat' dir='ltr'>prmcedentis</span> <span class='ocrx_word' id='word_1_119' title='bbox 1183 1200 1331 1251; x_wconf 89' lang='lat' dir='ltr'>Libri</span> <span class='ocrx_word' id='word_1_120' title='bbox 1356 1192 1483 1265; x_wconf 85' lang='lat' dir='ltr'>pag.</span> <span class='ocrx_word' id='word_1_121' title='bbox 1502 1200 1551 1254; x_wconf 85' lang='lat'>5.</span> <span class='ocrx_word' id='word_1_122' title='bbox 1581 1209 1678 1249; x_wconf 87' lang='lat' dir='ltr'>not.</span> 
     </span>
    </p>
   </div>
   <div class='ocr_carea' id='block_1_11' title="bbox 48 1264 1682 1329">
    <p class='ocr_par' dir='ltr' id='par_1_11' title="bbox 48 1264 1682 1329">
     <span class='ocr_line' id='line_1_11' title="bbox 48 1264 1682 1329; baseline 0.008 -19"><span class='ocrx_word' id='word_1_123' title='bbox 48 1278 75 1310; x_wconf 89' lang='lat' dir='ltr'>c</span> <span class='ocrx_word' id='word_1_124' title='bbox 120 1264 285 1326; x_wconf 87' lang='lat' dir='ltr'>(sup.</span> <span class='ocrx_word' id='word_1_125' title='bbox 326 1265 433 1314; x_wconf 93' lang='lat' dir='ltr'>col.</span> <span class='ocrx_word' id='word_1_126' title='bbox 474 1269 585 1328; x_wconf 84' lang='lat'>299,</span> <span class='ocrx_word' id='word_1_127' title='bbox 610 1272 728 1319; x_wconf 92' lang='lat' dir='ltr'>not.</span> <span class='ocrx_word' id='word_1_128' title='bbox 763 1270 826 1329; x_wconf 91' lang='lat' dir='ltr'>e).</span> <span class='ocrx_word' id='word_1_129' title='bbox 852 1272 908 1319; x_wconf 90' lang='lat' dir='ltr'>et</span> <span class='ocrx_word' id='word_1_130' title='bbox 930 1264 1390 1322; x_wconf 77' lang='lat' dir='ltr'>luculentissima</span> <span class='ocrx_word' id='word_1_131' title='bbox 1416 1271 1682 1323; x_wconf 85' lang='lat' dir='ltr'>Fontani—</span> 
     </span>
    </p>
   </div>
   <div class='ocr_carea' id='block_1_12' title="bbox 49 1334 1681 1398">
    <p class='ocr_par' dir='ltr' id='par_1_12' title="bbox 49 1334 1681 1398">
     <span class='ocr_line' id='line_1_12' title="bbox 49 1334 1681 1398; baseline 0.007 -15"><span class='ocrx_word' id='word_1_132' title='bbox 49 1346 173 1384; x_wconf 91' lang='lat' dir='ltr'>nus</span> <span class='ocrx_word' id='word_1_133' title='bbox 200 1334 273 1385; x_wconf 87' lang='lat' dir='ltr'>in</span> <span class='ocrx_word' id='word_1_134' title='bbox 299 1335 454 1386; x_wconf 85' lang='lat' dir='ltr'>Vita.</span> <span class='ocrx_word' id='word_1_135' title='bbox 487 1337 593 1398; x_wconf 88' lang='lat' dir='ltr'>Qui</span> <span class='ocrx_word' id='word_1_136' title='bbox 617 1338 933 1391; x_wconf 88' lang='lat' dir='ltr'>etiamnum</span> <span class='ocrx_word' id='word_1_137' title='bbox 949 1340 1057 1393; x_wconf 88' lang='lat' dir='ltr'>viri</span> <span class='ocrx_word' id='word_1_138' title='bbox 1079 1353 1197 1393; x_wconf 91' lang='lat' dir='ltr'>non</span> <span class='ocrx_word' id='word_1_139' title='bbox 1218 1342 1489 1394; x_wconf 90' lang='lat' dir='ltr'>ineruditi</span> <span class='ocrx_word' id='word_1_140' title='bbox 1516 1342 1681 1395; x_wconf 86' lang='lat' dir='ltr'>aliter</span> 
     </span>
    </p>
   </div>
   <div class='ocr_carea' id='block_1_13' title="bbox 1022 1595 1487 1691">
    <p class='ocr_par' dir='ltr' id='par_1_13' title="bbox 1022 1595 1487 1691">
     <span class='ocr_line' id='line_1_13' title="bbox 1022 1595 1487 1691; baseline 0 -2"><span class='ocrx_word' id='word_1_141' title='bbox 1022 1595 1487 1691; x_wconf 80' lang='lat' dir='ltr'><strong><em>LIBER</em></strong></span> 
     </span>
    </p>
   </div>
   <div class='ocr_carea' id='block_1_14' title="bbox 1784 1057 2949 1121">
    <p class='ocr_par' dir='ltr' id='par_1_14' title="bbox 1784 1057 2949 1121">
     <span class='ocr_line' id='line_1_14' title="bbox 1784 1057 2949 1121; baseline -0.003 -11"><span class='ocrx_word' id='word_1_142' title='bbox 1784 1064 1885 1111; x_wconf 92' lang='lat' dir='ltr'>aut</span> <span class='ocrx_word' id='word_1_143' title='bbox 1904 1060 2322 1121; x_wconf 80' lang='lat' dir='ltr'>insequentem,</span> <span class='ocrx_word' id='word_1_144' title='bbox 2350 1061 2467 1109; x_wconf 88' lang='lat' dir='ltr'>toto</span> <span class='ocrx_word' id='word_1_145' title='bbox 2492 1057 2636 1109; x_wconf 76' lang='lat' dir='ltr'>C’BIO</span> <span class='ocrx_word' id='word_1_146' title='bbox 2660 1058 2949 1109; x_wconf 88' lang='lat' dir='ltr'>aberrant.</span> 
     </span>
    </p>
   </div>
   <div class='ocr_carea' id='block_1_15' title="bbox 1845 1128 3385 1192">
    <p class='ocr_par' dir='ltr' id='par_1_15' title="bbox 1845 1128 3385 1192">
     <span class='ocr_line' id='line_1_15' title="bbox 1845 1128 3385 1192; baseline -0.001 -11"><span class='ocrx_word' id='word_1_147' title='bbox 1845 1129 1867 1158; x_wconf 83' lang='grc'>¹’</span> <span class='ocrx_word' id='word_1_148' title='bbox 1901 1132 1986 1181; x_wconf 88' lang='lat' dir='ltr'>Ita</span> <span class='ocrx_word' id='word_1_149' title='bbox 2017 1128 2474 1190; x_wconf 88' lang='lat' dir='ltr'>emendavimus,</span> <span class='ocrx_word' id='word_1_150' title='bbox 2505 1144 2663 1191; x_wconf 82' lang='lat' dir='ltr'>escas,</span> <span class='ocrx_word' id='word_1_151' title='bbox 2698 1140 2797 1192; x_wconf 92' lang='lat' dir='ltr'>pro</span> <span class='ocrx_word' id='word_1_152' title='bbox 2823 1128 2986 1176; x_wconf 82' lang='lat' dir='ltr'>nescis</span> <span class='ocrx_word' id='word_1_153' title='bbox 3015 1128 3210 1188; x_wconf 88' lang='lat' dir='ltr'>verbo,</span> <span class='ocrx_word' id='word_1_154' title='bbox 3230 1128 3385 1191; x_wconf 79' lang='lat' dir='ltr'>quod</span> 
     </span>
    </p>
   </div>
   <div class='ocr_carea' id='block_1_16' title="bbox 1781 1198 3385 1251">
    <p class='ocr_par' dir='ltr' id='par_1_16' title="bbox 1781 1198 3385 1251">
     <span class='ocr_line' id='line_1_16' title="bbox 1781 1198 3385 1251; baseline 0 -1"><span class='ocrx_word' id='word_1_155' title='bbox 1781 1200 2017 1251; x_wconf 87' lang='lat' dir='ltr'>omnino</span> <span class='ocrx_word' id='word_1_156' title='bbox 2044 1200 2314 1251; x_wconf 90' lang='lat' dir='ltr'>vitiosum</span> <span class='ocrx_word' id='word_1_157' title='bbox 2338 1204 2481 1251; x_wconf 89' lang='lat' dir='ltr'>erat.</span> <span class='ocrx_word' id='word_1_158' title='bbox 2514 1200 2599 1250; x_wconf 90' lang='lat' dir='ltr'>Ita</span> <span class='ocrx_word' id='word_1_159' title='bbox 2625 1199 2796 1250; x_wconf 88' lang='lat' dir='ltr'>etiam</span> <span class='ocrx_word' id='word_1_160' title='bbox 2820 1199 3082 1250; x_wconf 72' lang='lat' dir='ltr'>Barraaus</span> <span class='ocrx_word' id='word_1_161' title='bbox 3095 1198 3226 1249; x_wconf 92' lang='lat' dir='ltr'>olim</span> <span class='ocrx_word' id='word_1_162' title='bbox 3250 1212 3385 1250; x_wconf 88' lang='lat' dir='ltr'>con-</span> 
     </span>
    </p>
   </div>
   <div class='ocr_carea' id='block_1_17' title="bbox 1773 1268 3389 1335">
    <p class='ocr_par' dir='ltr' id='par_1_17' title="bbox 1773 1268 3389 1335">
     <span class='ocr_line' id='line_1_17' title="bbox 1773 1268 3389 1335; baseline 0 -15"><span class='ocrx_word' id='word_1_163' title='bbox 1773 1270 2446 1335; x_wconf 82' lang='lat' dir='ltr'>jeceratrescribendum,</span> <span class='ocrx_word' id='word_1_164' title='bbox 2460 1281 2813 1333; x_wconf 88' lang='lat' dir='ltr'>quamquam</span> <span class='ocrx_word' id='word_1_165' title='bbox 2827 1268 2919 1321; x_wconf 88' lang='lat' dir='ltr'>ille</span> <span class='ocrx_word' id='word_1_166' title='bbox 2931 1273 3067 1333; x_wconf 77' lang='lat' dir='ltr'>tuas,</span> <span class='ocrx_word' id='word_1_167' title='bbox 3085 1269 3240 1333; x_wconf 86' lang='lat' dir='ltr'>quod</span> <span class='ocrx_word' id='word_1_168' title='bbox 3253 1270 3389 1321; x_wconf 90' lang='lat' dir='ltr'>sub-</span> 
     </span>
    </p>
   </div>
   <div class='ocr_carea' id='block_1_18' title="bbox 1778 1341 2474 1406">
    <p class='ocr_par' dir='ltr' id='par_1_18' title="bbox 1778 1341 2474 1406">
     <span class='ocr_line' id='line_1_18' title="bbox 1778 1341 2474 1406; baseline -0.006 -13"><span class='ocrx_word' id='word_1_169' title='bbox 1778 1342 2057 1405; x_wconf 87' lang='lat' dir='ltr'>sequitur,</span> <span class='ocrx_word' id='word_1_170' title='bbox 2088 1341 2474 1406; x_wconf 80' lang='lat' dir='ltr'>expungebat.</span> 
     </span>
    </p>
   </div>
   <div class='ocr_carea' id='block_1_19' title="bbox 1597 1593 2412 1694">
    <p class='ocr_par' dir='ltr' id='par_1_19' title="bbox 1597 1593 2412 1694">
     <span class='ocr_line' id='line_1_19' title="bbox 1597 1593 2412 1694; baseline -0.009 0"><span class='ocrx_word' id='word_1_171' title='bbox 1597 1593 2412 1694; x_wconf 82' lang='lat' dir='ltr'>SECUNDUS.</span> 
     </span>
    </p>
   </div>
   <div class='ocr_carea' id='block_1_20' title="bbox 318 1767 3139 1847">
    <p class='ocr_par' dir='ltr' id='par_1_20' title="bbox 318 1767 3139 1847">
     <span class='ocr_line' id='line_1_20' title="bbox 318 1767 3139 1847; baseline 0.001 -14"><span class='ocrx_word' id='word_1_172' title='bbox 318 1767 432 1834; x_wconf 89' lang='lat' dir='ltr'><strong>DE</strong></span> <span class='ocrx_word' id='word_1_173' title='bbox 474 1769 1256 1839; x_wconf 90' lang='lat' dir='ltr'>BENEDICTIONIBUS</span> <span class='ocrx_word' id='word_1_174' title='bbox 1301 1772 1880 1847; x_wconf 85' lang='lat' dir='ltr'>RELIQUORUM</span> <span class='ocrx_word' id='word_1_175' title='bbox 1925 1774 2314 1840; x_wconf 89' lang='lat' dir='ltr'>UNDECIM</span> <span class='ocrx_word' id='word_1_176' title='bbox 2358 1773 3139 1839; x_wconf 84' lang='lat' dir='ltr'>PATRIARCHARUM.</span> 
     </span>
    </p>
   </div>
   <div class='ocr_carea' id='block_1_21' title="bbox 144 2032 3377 2121">
    <p class='ocr_par' dir='ltr' id='par_1_21' title="bbox 144 2032 3377 2121">
     <span class='ocr_line' id='line_1_21' title="bbox 144 2032 3377 2121; baseline 0.001 -34"><span class='ocrx_word' id='word_1_177' title='bbox 144 2032 267 2102; x_wconf 81' lang='lat'>23</span> <span class='ocrx_word' id='word_1_178' title='bbox 307 2034 619 2088; x_wconf 89' lang='lat' dir='ltr'>Sciendum</span> <span class='ocrx_word' id='word_1_179' title='bbox 635 2041 723 2090; x_wconf 92' lang='lat' dir='ltr'>est</span> <span class='ocrx_word' id='word_1_180' title='bbox 736 2038 937 2104; x_wconf 90' lang='lat' dir='ltr'>primo,</span> <span class='ocrx_word' id='word_1_181' title='bbox 961 2038 1188 2103; x_wconf 91' lang='lat' dir='ltr'>quodin</span> <span class='ocrx_word' id='word_1_182' title='bbox 1210 2037 1455 2104; x_wconf 82' lang='lat' dir='ltr'>singulis</span> <span class='ocrx_word' id='word_1_183' title='bbox 1475 2038 1680 2099; x_wconf 84' lang='lat' dir='ltr'>quibus.</span> <span class='ocrx_word' id='word_1_184' title='bbox 1699 2048 1753 2121; x_wconf 86' lang='lat' dir='ltr'><strong>B</strong></span> <span class='ocrx_word' id='word_1_185' title='bbox 1776 2049 1922 2100; x_wconf 90' lang='lat' dir='ltr'>care,</span> <span class='ocrx_word' id='word_1_186' title='bbox 1967 2048 2098 2100; x_wconf 66' lang='lat' dir='ltr'>quae</span> <span class='ocrx_word' id='word_1_187' title='bbox 2122 2037 2181 2089; x_wconf 90' lang='lat' dir='ltr'>in</span> <span class='ocrx_word' id='word_1_188' title='bbox 2204 2035 2700 2089; x_wconf 87' lang='lat' dir='ltr'>benedictionibus</span> <span class='ocrx_word' id='word_1_189' title='bbox 2724 2050 2870 2101; x_wconf 90' lang='lat' dir='ltr'>quas</span> <span class='ocrx_word' id='word_1_190' title='bbox 2896 2037 3095 2090; x_wconf 87' lang='lat' dir='ltr'>mortis</span> <span class='ocrx_word' id='word_1_191' title='bbox 3123 2042 3377 2102; x_wconf 85' lang='lat' dir='ltr'>tempore</span> 
     </span>
    </p>
   </div>
   <div class='ocr_carea' id='block_1_22' title="bbox 56 2123 1671 2191">
    <p class='ocr_par' dir='ltr' id='par_1_22' title="bbox 56 2123 1671 2191">
     <span class='ocr_line' id='line_1_22' title="bbox 56 2123 1671 2191; baseline 0.001 -18"><span class='ocrx_word' id='word_1_192' title='bbox 56 2133 173 2184; x_wconf 89' lang='lat' dir='ltr'>que</span> <span class='ocrx_word' id='word_1_193' title='bbox 220 2123 393 2185; x_wconf 90' lang='lat' dir='ltr'>locis,</span> <span class='ocrx_word' id='word_1_194' title='bbox 438 2125 538 2177; x_wconf 93' lang='lat' dir='ltr'>ubi</span> <span class='ocrx_word' id='word_1_195' title='bbox 576 2126 863 2191; x_wconf 88' lang='lat' dir='ltr'>Scriptura</span> <span class='ocrx_word' id='word_1_196' title='bbox 906 2128 977 2180; x_wconf 91' lang='lat' dir='ltr'>de</span> <span class='ocrx_word' id='word_1_197' title='bbox 1006 2128 1308 2180; x_wconf 86' lang='lat' dir='ltr'>duodecim</span> <span class='ocrx_word' id='word_1_198' title='bbox 1338 2124 1671 2179; x_wconf 83' lang='lat' dir='ltr'>l‘atriarehis</span> 
     </span>
    </p>
   </div>
   <div class='ocr_carea' id='block_1_23' title="bbox 57 2217 1673 2282">
    <p class='ocr_par' dir='ltr' id='par_1_23' title="bbox 57 2217 1673 2282">
     <span class='ocr_line' id='line_1_23' title="bbox 57 2217 1673 2282; baseline -0.001 -18"><span class='ocrx_word' id='word_1_199' title='bbox 57 2220 505 2279; x_wconf 76' lang='lat' dir='ltr'>commemorat,</span> <span class='ocrx_word' id='word_1_200' title='bbox 528 2217 709 2268; x_wconf 89' lang='lat' dir='ltr'>multa</span> <span class='ocrx_word' id='word_1_201' title='bbox 731 2220 820 2268; x_wconf 89' lang='lat' dir='ltr'>est</span> <span class='ocrx_word' id='word_1_202' title='bbox 842 2217 902 2269; x_wconf 91' lang='lat' dir='ltr'>in</span> <span class='ocrx_word' id='word_1_203' title='bbox 920 2217 1045 2282; x_wconf 87' lang='lat' dir='ltr'>ipsa</span> <span class='ocrx_word' id='word_1_204' title='bbox 1066 2218 1282 2269; x_wconf 88' lang='lat' dir='ltr'>ordinis</span> <span class='ocrx_word' id='word_1_205' title='bbox 1306 2217 1673 2278; x_wconf 82' lang='lat' dir='ltr'>conscriptione</span> 
     </span>
    </p>
   </div>
   <div class='ocr_carea' id='block_1_24' title="bbox 55 2303 1673 2371">
    <p class='ocr_par' dir='ltr' id='par_1_24' title="bbox 55 2303 1673 2371">
     <span class='ocr_line' id='line_1_24' title="bbox 55 2303 1673 2371; baseline 0.001 -18"><span class='ocrx_word' id='word_1_206' title='bbox 55 2303 389 2355; x_wconf 65' lang='lat' dir='ltr'>diversitas.</span> <span class='ocrx_word' id='word_1_207' title='bbox 428 2303 593 2356; x_wconf 81' lang='lat' dir='ltr'>Alius</span> <span class='ocrx_word' id='word_1_208' title='bbox 631 2306 773 2359; x_wconf 93' lang='lat' dir='ltr'>ordo</span> <span class='ocrx_word' id='word_1_209' title='bbox 818 2309 907 2359; x_wconf 92' lang='lat' dir='ltr'>est</span> <span class='ocrx_word' id='word_1_210' title='bbox 925 2307 986 2358; x_wconf 93' lang='lat' dir='ltr'>in</span> <span class='ocrx_word' id='word_1_211' title='bbox 1007 2307 1131 2371; x_wconf 85' lang='lat' dir='ltr'>ipsa</span> <span class='ocrx_word' id='word_1_212' title='bbox 1153 2318 1348 2359; x_wconf 88' lang='lat' dir='ltr'>eorum</span> <span class='ocrx_word' id='word_1_213' title='bbox 1371 2304 1673 2357; x_wconf 85' lang='lat' dir='ltr'>nativitate</span> 
     </span>
    </p>
   </div>
   <div class='ocr_carea' id='block_1_25' title="bbox 57 2393 1674 2459">
    <p class='ocr_par' dir='ltr' id='par_1_25' title="bbox 57 2393 1674 2459">
     <span class='ocr_line' id='line_1_25' title="bbox 57 2393 1674 2459; baseline 0.002 -16"><span class='ocrx_word' id='word_1_214' title='bbox 57 2393 434 2457; x_wconf 88' lang='lat' dir='ltr'>conscriptus</span> <span class='ocrx_word' id='word_1_215' title='bbox 485 2395 635 2457; x_wconf 95' lang='lat' dir='ltr'>(Gen.</span> <span class='ocrx_word' id='word_1_216' title='bbox 685 2394 814 2459; x_wconf 84' lang='lat'>35.):</span> <span class='ocrx_word' id='word_1_217' title='bbox 861 2395 1009 2447; x_wconf 91' lang='lat' dir='ltr'>alius</span> <span class='ocrx_word' id='word_1_218' title='bbox 1056 2408 1189 2447; x_wconf 88' lang='lat' dir='ltr'>cum</span> <span class='ocrx_word' id='word_1_219' title='bbox 1214 2398 1422 2448; x_wconf 85' lang='lat' dir='ltr'>terram</span> <span class='ocrx_word' id='word_1_220' title='bbox 1444 2395 1674 2459; x_wconf 73' lang='lat' dir='ltr'>Egypti</span> 
     </span>
    </p>
   </div>
   <div class='ocr_carea' id='block_1_26' title="bbox 54 2484 1671 2551">
    <p class='ocr_par' dir='ltr' id='par_1_26' title="bbox 54 2484 1671 2551">
     <span class='ocr_line' id='line_1_26' title="bbox 54 2484 1671 2551; baseline 0.006 -19"><span class='ocrx_word' id='word_1_221' title='bbox 54 2495 179 2533; x_wconf 90' lang='lat' dir='ltr'>una</span> <span class='ocrx_word' id='word_1_222' title='bbox 199 2495 341 2534; x_wconf 89' lang='lat' dir='ltr'>cum</span> <span class='ocrx_word' id='word_1_223' title='bbox 368 2486 527 2546; x_wconf 89' lang='lat' dir='ltr'>patre</span> <span class='ocrx_word' id='word_1_224' title='bbox 551 2495 656 2535; x_wconf 90' lang='lat' dir='ltr'>suo</span> <span class='ocrx_word' id='word_1_225' title='bbox 680 2484 886 2538; x_wconf 90' lang='lat' dir='ltr'>Israele</span> <span class='ocrx_word' id='word_1_226' title='bbox 912 2490 967 2537; x_wconf 89' lang='lat' dir='ltr'>et</span> <span class='ocrx_word' id='word_1_227' title='bbox 993 2485 1189 2537; x_wconf 88' lang='lat' dir='ltr'>sobole</span> <span class='ocrx_word' id='word_1_228' title='bbox 1214 2488 1565 2551; x_wconf 83' lang='lat' dir='ltr'>posteritatis</span> <span class='ocrx_word' id='word_1_229' title='bbox 1590 2502 1671 2541; x_wconf 85' lang='lat' dir='ltr'>re-</span> 
     </span>
    </p>
   </div>
   <div class='ocr_carea' id='block_1_27' title="bbox 61 2571 1670 2639">
    <p class='ocr_par' dir='ltr' id='par_1_27' title="bbox 61 2571 1670 2639">
     <span class='ocr_line' id='line_1_27' title="bbox 61 2571 1670 2639; baseline 0.004 -17"><span class='ocrx_word' id='word_1_230' title='bbox 61 2571 334 2623; x_wconf 85' lang='lat' dir='ltr'>feruntur</span> <span class='ocrx_word' id='word_1_231' title='bbox 362 2571 575 2624; x_wconf 89' lang='lat' dir='ltr'>intrare</span> <span class='ocrx_word' id='word_1_232' title='bbox 599 2573 742 2637; x_wconf 85' lang='lat' dir='ltr'>(Gen.</span> <span class='ocrx_word' id='word_1_233' title='bbox 771 2572 905 2637; x_wconf 71' lang='lat'>46.):</span> <span class='ocrx_word' id='word_1_234' title='bbox 932 2575 1077 2626; x_wconf 88' lang='lat' dir='ltr'>alius</span> <span class='ocrx_word' id='word_1_235' title='bbox 1096 2589 1270 2639; x_wconf 91' lang='lat' dir='ltr'>nunc,</span> <span class='ocrx_word' id='word_1_236' title='bbox 1285 2589 1415 2627; x_wconf 90' lang='lat' dir='ltr'>cum</span> <span class='ocrx_word' id='word_1_237' title='bbox 1438 2576 1670 2629; x_wconf 85' lang='lat' dir='ltr'>benedi-</span> 
     </span>
    </p>
   </div>
   <div class='ocr_carea' id='block_1_28' title="bbox 61 2660 1669 2727">
    <p class='ocr_par' dir='ltr' id='par_1_28' title="bbox 61 2660 1669 2727">
     <span class='ocr_line' id='line_1_28' title="bbox 61 2660 1669 2727; baseline 0.002 -17"><span class='ocrx_word' id='word_1_238' title='bbox 61 2660 286 2712; x_wconf 82' lang='lat' dir='ltr'>ctiones</span> <span class='ocrx_word' id='word_1_239' title='bbox 296 2661 506 2712; x_wconf 86' lang='lat' dir='ltr'>obituri</span> <span class='ocrx_word' id='word_1_240' title='bbox 519 2662 771 2726; x_wconf 88' lang='lat' dir='ltr'>parentis</span> <span class='ocrx_word' id='word_1_241' title='bbox 782 2663 1075 2727; x_wconf 82' lang='lat' dir='ltr'>excipiunt</span> <span class='ocrx_word' id='word_1_242' title='bbox 1089 2664 1234 2726; x_wconf 89' lang='lat' dir='ltr'>(Gen.</span> <span class='ocrx_word' id='word_1_243' title='bbox 1248 2663 1353 2726; x_wconf 71' lang='lat'>49.)</span> <span class='ocrx_word' id='word_1_244' title='bbox 1367 2678 1380 2715; x_wconf 90' lang='lat'><strong><em>:</em></strong></span> <span class='ocrx_word' id='word_1_245' title='bbox 1396 2664 1543 2716; x_wconf 89' lang='lat' dir='ltr'>alius</span> <span class='ocrx_word' id='word_1_246' title='bbox 1554 2680 1669 2713; x_wconf 85' lang='lat' dir='ltr'>cum</span> 
     </span>
    </p>
   </div>
   <div class='ocr_carea' id='block_1_29' title="bbox 60 2749 1669 2816">
    <p class='ocr_par' dir='ltr' id='par_1_29' title="bbox 60 2749 1669 2816">
     <span class='ocr_line' id='line_1_29' title="bbox 60 2749 1669 2816; baseline 0.004 -17"><span class='ocrx_word' id='word_1_247' title='bbox 60 2762 319 2812; x_wconf 62' lang='lat' dir='ltr'>egressae</span> <span class='ocrx_word' id='word_1_248' title='bbox 330 2749 401 2801; x_wconf 91' lang='lat' dir='ltr'>de</span> <span class='ocrx_word' id='word_1_249' title='bbox 416 2752 663 2816; x_wconf 78' lang='lat' dir='ltr'>Egypto</span> <span class='ocrx_word' id='word_1_250' title='bbox 679 2752 881 2815; x_wconf 90' lang='lat' dir='ltr'>tribus,</span> <span class='ocrx_word' id='word_1_251' title='bbox 898 2754 989 2805; x_wconf 92' lang='lat' dir='ltr'>vel</span> <span class='ocrx_word' id='word_1_252' title='bbox 1006 2753 1066 2804; x_wconf 91' lang='lat' dir='ltr'>in</span> <span class='ocrx_word' id='word_1_253' title='bbox 1081 2752 1305 2806; x_wconf 85' lang='lat' dir='ltr'>deserto</span> <span class='ocrx_word' id='word_1_254' title='bbox 1328 2766 1669 2805; x_wconf 87' lang='lat' dir='ltr'>commemo-</span> 
     </span>
    </p>
   </div>
   <div class='ocr_carea' id='block_1_30' title="bbox 60 2839 1670 2909">
    <p class='ocr_par' dir='ltr' id='par_1_30' title="bbox 60 2839 1670 2909">
     <span class='ocr_line' id='line_1_30' title="bbox 60 2839 1670 2909; baseline 0.002 -18"><span class='ocrx_word' id='word_1_255' title='bbox 60 2842 264 2891; x_wconf 85' lang='lat' dir='ltr'>rantur</span> <span class='ocrx_word' id='word_1_256' title='bbox 282 2839 500 2903; x_wconf 91' lang='lat' dir='ltr'>aliquid</span> <span class='ocrx_word' id='word_1_257' title='bbox 528 2852 696 2905; x_wconf 80' lang='lat' dir='ltr'>agere</span> <span class='ocrx_word' id='word_1_258' title='bbox 720 2842 912 2905; x_wconf 70' lang='lat' dir='ltr'>(Exod.</span> <span class='ocrx_word' id='word_1_259' title='bbox 940 2842 1025 2897; x_wconf 75' lang='grc'>14.</span> <span class='ocrx_word' id='word_1_260' title='bbox 1056 2848 1103 2893; x_wconf 89' lang='lat' dir='ltr'>et</span> <span class='ocrx_word' id='word_1_261' title='bbox 1122 2845 1301 2909; x_wconf 85' lang='lat' dir='ltr'>seqq.),</span> <span class='ocrx_word' id='word_1_262' title='bbox 1334 2842 1425 2896; x_wconf 89' lang='lat' dir='ltr'>vel</span> <span class='ocrx_word' id='word_1_263' title='bbox 1462 2848 1670 2895; x_wconf 89' lang='lat' dir='ltr'>terram</span> 
     </span>
    </p>
   </div>
   <div class='ocr_carea' id='block_1_31' title="bbox 61 2928 1671 2996">
    <p class='ocr_par' dir='ltr' id='par_1_31' title="bbox 61 2928 1671 2996">
     <span class='ocr_line' id='line_1_31' title="bbox 61 2928 1671 2996; baseline 0.004 -17"><span class='ocrx_word' id='word_1_264' title='bbox 61 2928 534 2993; x_wconf 87' lang='lat' dir='ltr'>repromissionis</span> <span class='ocrx_word' id='word_1_265' title='bbox 571 2929 870 2995; x_wconf 65' lang='lat' dir='ltr'>ingressae,</span> <span class='ocrx_word' id='word_1_266' title='bbox 916 2931 975 2982; x_wconf 94' lang='lat' dir='ltr'>in</span> <span class='ocrx_word' id='word_1_267' title='bbox 1020 2937 1218 2989; x_wconf 89' lang='lat' dir='ltr'>monte</span> <span class='ocrx_word' id='word_1_268' title='bbox 1261 2933 1500 2996; x_wconf 88' lang='lat' dir='ltr'>Garizin,</span> <span class='ocrx_word' id='word_1_269' title='bbox 1533 2934 1671 2986; x_wconf 88' lang='lat' dir='ltr'>etin</span> 
     </span>
    </p>
   </div>
   <div class='ocr_carea' id='block_1_32' title="bbox 60 3018 1671 3083">
    <p class='ocr_par' dir='ltr' id='par_1_32' title="bbox 60 3018 1671 3083">
     <span class='ocr_line' id='line_1_32' title="bbox 60 3018 1671 3083; baseline 0.002 -14"><span class='ocrx_word' id='word_1_270' title='bbox 60 3023 260 3071; x_wconf 89' lang='lat' dir='ltr'>monte</span> <span class='ocrx_word' id='word_1_271' title='bbox 285 3018 462 3070; x_wconf 84' lang='lat' dir='ltr'>Gebal</span> <span class='ocrx_word' id='word_1_272' title='bbox 486 3031 586 3083; x_wconf 88' lang='lat' dir='ltr'>pro</span> <span class='ocrx_word' id='word_1_273' title='bbox 626 3019 1116 3072; x_wconf 86' lang='lat' dir='ltr'>benedictionibus</span> <span class='ocrx_word' id='word_1_274' title='bbox 1143 3027 1201 3074; x_wconf 92' lang='lat' dir='ltr'>et</span> <span class='ocrx_word' id='word_1_275' title='bbox 1236 3024 1671 3072; x_wconf 82' lang='lat' dir='ltr'>malcdictionibus</span> 
     </span>
    </p>
   </div>
   <div class='ocr_carea' id='block_1_33' title="bbox 63 3106 1670 3173">
    <p class='ocr_par' dir='ltr' id='par_1_33' title="bbox 63 3106 1670 3173">
     <span class='ocr_line' id='line_1_33' title="bbox 63 3106 1670 3173; baseline 0.005 -15"><span class='ocrx_word' id='word_1_276' title='bbox 63 3111 408 3161; x_wconf 88' lang='lat' dir='ltr'>statuuntur</span> <span class='ocrx_word' id='word_1_277' title='bbox 433 3108 602 3171; x_wconf 85' lang='lat' dir='ltr'>(Deut.</span> <span class='ocrx_word' id='word_1_278' title='bbox 627 3106 754 3173; x_wconf 71' lang='lat'>27.).</span> <span class='ocrx_word' id='word_1_279' title='bbox 778 3110 938 3162; x_wconf 88' lang='lat' dir='ltr'>Alius</span> <span class='ocrx_word' id='word_1_280' title='bbox 963 3111 1134 3162; x_wconf 91' lang='lat' dir='ltr'>etiam</span> <span class='ocrx_word' id='word_1_281' title='bbox 1161 3124 1294 3164; x_wconf 91' lang='lat' dir='ltr'>cum</span> <span class='ocrx_word' id='word_1_282' title='bbox 1327 3111 1670 3166; x_wconf 82' lang='lat' dir='ltr'>divisionem</span> 
     </span>
    </p>
   </div>
   <div class='ocr_carea' id='block_1_34' title="bbox 63 3196 1670 3264">
    <p class='ocr_par' dir='ltr' id='par_1_34' title="bbox 63 3196 1670 3264">
     <span class='ocr_line' id='line_1_34' title="bbox 63 3196 1670 3264; baseline 0.002 -16"><span class='ocrx_word' id='word_1_283' title='bbox 63 3201 230 3250; x_wconf 68' lang='lat' dir='ltr'>terra:</span> <span class='ocrx_word' id='word_1_284' title='bbox 256 3196 612 3249; x_wconf 79' lang='lat' dir='ltr'>haereditatis</span> <span class='ocrx_word' id='word_1_285' title='bbox 636 3201 789 3250; x_wconf 81' lang='lat' dir='ltr'>sorte</span> <span class='ocrx_word' id='word_1_286' title='bbox 813 3198 1136 3264; x_wconf 90' lang='lat' dir='ltr'>suscipiunt</span> <span class='ocrx_word' id='word_1_287' title='bbox 1160 3199 1348 3263; x_wconf 80' lang='lat' dir='ltr'>(Josue.</span> <span class='ocrx_word' id='word_1_288' title='bbox 1375 3199 1499 3264; x_wconf 79' lang='lat'>15.).</span> <span class='ocrx_word' id='word_1_289' title='bbox 1532 3204 1589 3253; x_wconf 93' lang='lat' dir='ltr'>et</span> <span class='ocrx_word' id='word_1_290' title='bbox 1613 3200 1670 3252; x_wconf 90' lang='lat' dir='ltr'>in</span> 
     </span>
    </p>
   </div>
   <div class='ocr_carea' id='block_1_35' title="bbox 60 3285 1668 3353">
    <p class='ocr_par' dir='ltr' id='par_1_35' title="bbox 60 3285 1668 3353">
     <span class='ocr_line' id='line_1_35' title="bbox 60 3285 1668 3353; baseline 0.001 -14"><span class='ocrx_word' id='word_1_291' title='bbox 60 3291 289 3339; x_wconf 86' lang='lat' dir='ltr'>tantum</span> <span class='ocrx_word' id='word_1_292' title='bbox 326 3285 466 3338; x_wconf 91' lang='lat' dir='ltr'>ordo</span> <span class='ocrx_word' id='word_1_293' title='bbox 490 3286 598 3338; x_wconf 85' lang='lat' dir='ltr'>iste</span> <span class='ocrx_word' id='word_1_294' title='bbox 619 3286 888 3349; x_wconf 89' lang='lat' dir='ltr'>variatur,</span> <span class='ocrx_word' id='word_1_295' title='bbox 915 3292 980 3339; x_wconf 92' lang='lat' dir='ltr'>ut</span> <span class='ocrx_word' id='word_1_296' title='bbox 1004 3288 1294 3340; x_wconf 90' lang='lat' dir='ltr'>interdum</span> <span class='ocrx_word' id='word_1_297' title='bbox 1324 3289 1557 3353; x_wconf 86' lang='lat' dir='ltr'>quidam</span> <span class='ocrx_word' id='word_1_298' title='bbox 1593 3301 1668 3341; x_wconf 85' lang='lat' dir='ltr'>ex</span> 
     </span>
    </p>
   </div>
   <div class='ocr_carea' id='block_1_36' title="bbox 62 3376 1666 3443">
    <p class='ocr_par' dir='ltr' id='par_1_36' title="bbox 62 3376 1666 3443">
     <span class='ocr_line' id='line_1_36' title="bbox 62 3376 1666 3443; baseline 0.002 -16"><span class='ocrx_word' id='word_1_299' title='bbox 62 3377 205 3442; x_wconf 83' lang='lat' dir='ltr'>ipsis</span> <span class='ocrx_word' id='word_1_300' title='bbox 228 3390 338 3429; x_wconf 90' lang='lat' dir='ltr'>nec</span> <span class='ocrx_word' id='word_1_301' title='bbox 357 3376 629 3441; x_wconf 88' lang='lat' dir='ltr'>adscripti</span> <span class='ocrx_word' id='word_1_302' title='bbox 650 3377 1013 3430; x_wconf 86' lang='lat' dir='ltr'>inveniantur</span> <span class='ocrx_word' id='word_1_303' title='bbox 1030 3379 1090 3430; x_wconf 90' lang='lat' dir='ltr'>in</span> <span class='ocrx_word' id='word_1_304' title='bbox 1107 3392 1365 3442; x_wconf 90' lang='lat' dir='ltr'>numero,</span> <span class='ocrx_word' id='word_1_305' title='bbox 1384 3379 1537 3443; x_wconf 92' lang='lat' dir='ltr'>quod</span> <span class='ocrx_word' id='word_1_306' title='bbox 1556 3379 1666 3430; x_wconf 87' lang='lat' dir='ltr'>uti-</span> 
     </span>
    </p>
   </div>
   <div class='ocr_carea' id='block_1_37' title="bbox 1773 2126 3378 2191">
    <p class='ocr_par' dir='ltr' id='par_1_37' title="bbox 1773 2126 3378 2191">
     <span class='ocr_line' id='line_1_37' title="bbox 1773 2126 3378 2191; baseline 0 -13"><span class='ocrx_word' id='word_1_307' title='bbox 1773 2138 1808 2178; x_wconf 87' lang='lat' dir='ltr'>a</span> <span class='ocrx_word' id='word_1_308' title='bbox 1832 2130 1989 2190; x_wconf 78' lang='lat' dir='ltr'>patre</span> <span class='ocrx_word' id='word_1_309' title='bbox 2015 2127 2356 2191; x_wconf 90' lang='lat' dir='ltr'>suscipiunt,</span> <span class='ocrx_word' id='word_1_310' title='bbox 2380 2126 2765 2179; x_wconf 90' lang='lat' dir='ltr'>continentur:</span> <span class='ocrx_word' id='word_1_311' title='bbox 2802 2140 2933 2191; x_wconf 70' lang='lat' dir='ltr'>qua:</span> <span class='ocrx_word' id='word_1_312' title='bbox 2959 2128 3191 2191; x_wconf 88' lang='lat' dir='ltr'>quidem</span> <span class='ocrx_word' id='word_1_313' title='bbox 3207 2129 3378 2179; x_wconf 89' lang='lat' dir='ltr'>Bene-</span> 
     </span>
    </p>
   </div>
   <div class='ocr_carea' id='block_1_38' title="bbox 1772 2214 3377 2282">
    <p class='ocr_par' dir='ltr' id='par_1_38' title="bbox 1772 2214 3377 2282">
     <span class='ocr_line' id='line_1_38' title="bbox 1772 2214 3377 2282; baseline 0.003 -17"><span class='ocrx_word' id='word_1_314' title='bbox 1772 2214 2072 2279; x_wconf 86' lang='lat' dir='ltr'>dictiones,</span> <span class='ocrx_word' id='word_1_315' title='bbox 2099 2229 2171 2268; x_wconf 80' lang='lat' dir='ltr'>ex</span> <span class='ocrx_word' id='word_1_316' title='bbox 2195 2229 2260 2268; x_wconf 91' lang='lat' dir='ltr'>eo</span> <span class='ocrx_word' id='word_1_317' title='bbox 2284 2217 2522 2268; x_wconf 83' lang='lat' dir='ltr'>fortasse</span> <span class='ocrx_word' id='word_1_318' title='bbox 2543 2216 2901 2268; x_wconf 87' lang='lat' dir='ltr'>solummodo</span> <span class='ocrx_word' id='word_1_319' title='bbox 2922 2216 3190 2282; x_wconf 83' lang='lat' dir='ltr'>appellari</span> <span class='ocrx_word' id='word_1_320' title='bbox 3220 2221 3377 2282; x_wconf 87' lang='lat' dir='ltr'>pote-</span> 
     </span>
    </p>
   </div>
   <div class='ocr_carea' id='block_1_39' title="bbox 1770 2304 3375 2369">
    <p class='ocr_par' dir='ltr' id='par_1_39' title="bbox 1770 2304 3375 2369">
     <span class='ocr_line' id='line_1_39' title="bbox 1770 2304 3375 2369; baseline 0.001 -15"><span class='ocrx_word' id='word_1_321' title='bbox 1770 2309 1924 2369; x_wconf 89' lang='lat' dir='ltr'>runt,</span> <span class='ocrx_word' id='word_1_322' title='bbox 1951 2305 2103 2368; x_wconf 90' lang='lat' dir='ltr'>quod</span> <span class='ocrx_word' id='word_1_323' title='bbox 2127 2304 2187 2355; x_wconf 89' lang='lat' dir='ltr'>in</span> <span class='ocrx_word' id='word_1_324' title='bbox 2210 2304 2547 2356; x_wconf 87' lang='lat' dir='ltr'>novissimis</span> <span class='ocrx_word' id='word_1_325' title='bbox 2572 2304 2808 2355; x_wconf 89' lang='lat' dir='ltr'>dicitur:</span> <span class='ocrx_word' id='word_1_326' title='bbox 2836 2305 2903 2354; x_wconf 82' lang='lat' dir='ltr'>Et</span> <span class='ocrx_word' id='word_1_327' title='bbox 2929 2306 3035 2354; x_wconf 56' lang='lat' dir='ltr'>hac</span> <span class='ocrx_word' id='word_1_328' title='bbox 3060 2305 3262 2355; x_wconf 86' lang='lat' dir='ltr'>locutus</span> <span class='ocrx_word' id='word_1_329' title='bbox 3302 2310 3375 2355; x_wconf 81' lang='lat' dir='ltr'>est</span> 
     </span>
    </p>
   </div>
   <div class='ocr_carea' id='block_1_40' title="bbox 1771 2391 3380 2459">
    <p class='ocr_par' dir='ltr' id='par_1_40' title="bbox 1771 2391 3380 2459">
     <span class='ocr_line' id='line_1_40' title="bbox 1771 2391 3380 2459; baseline 0.002 -19"><span class='ocrx_word' id='word_1_330' title='bbox 1771 2391 1878 2441; x_wconf 86' lang='lat' dir='ltr'>illis</span> <span class='ocrx_word' id='word_1_331' title='bbox 1898 2398 2322 2457; x_wconf 86' lang='lat' dir='ltr'>patereorum,et</span> <span class='ocrx_word' id='word_1_332' title='bbox 2345 2393 2612 2442; x_wconf 62' lang='lat' dir='ltr'>benedixit</span> <span class='ocrx_word' id='word_1_333' title='bbox 2640 2393 2774 2453; x_wconf 80' lang='lat' dir='ltr'>illos,</span> <span class='ocrx_word' id='word_1_334' title='bbox 2836 2408 3275 2459; x_wconf 72' lang='lat' dir='ltr'>unumquemque</span> <span class='ocrx_word' id='word_1_335' title='bbox 3304 2409 3380 2443; x_wconf 87' lang='lat' dir='ltr'>se-</span> 
     </span>
    </p>
   </div>
   <div class='ocr_carea' id='block_1_41' title="bbox 1769 2480 3361 2547">
    <p class='ocr_par' dir='ltr' id='par_1_41' title="bbox 1769 2480 3361 2547">
     <span class='ocr_line' id='line_1_41' title="bbox 1769 2480 3361 2547; baseline 0.001 -17"><span class='ocrx_word' id='word_1_336' title='bbox 1769 2480 2014 2530; x_wconf 83' lang='lat' dir='ltr'>cundum</span> <span class='ocrx_word' id='word_1_337' title='bbox 2037 2481 2447 2530; x_wconf 72' lang='lat' dir='ltr'>benedictionem</span> <span class='ocrx_word' id='word_1_338' title='bbox 2473 2496 2634 2530; x_wconf 86' lang='lat' dir='ltr'>suam</span> <span class='ocrx_word' id='word_1_339' title='bbox 2658 2481 2928 2531; x_wconf 59' lang='lat' dir='ltr'>benedixit</span> <span class='ocrx_word' id='word_1_340' title='bbox 2953 2482 3073 2531; x_wconf 85' lang='lat' dir='ltr'>illos</span> <span class='ocrx_word' id='word_1_341' title='bbox 3097 2484 3243 2547; x_wconf 81' lang='lat' dir='ltr'>(Gen.</span> <span class='ocrx_word' id='word_1_342' title='bbox 3280 2482 3361 2537; x_wconf 76' lang='grc'>43.</span> 
     </span>
    </p>
   </div>
   <div class='ocr_carea' id='block_1_42' title="bbox 1769 2569 3369 2635">
    <p class='ocr_par' dir='ltr' id='par_1_42' title="bbox 1769 2569 3369 2635">
     <span class='ocr_line' id='line_1_42' title="bbox 1769 2569 3369 2635; baseline -0.001 -11"><span class='ocrx_word' id='word_1_343' title='bbox 1769 2569 1897 2633; x_wconf 68' lang='lat'>28.).</span> <span class='ocrx_word' id='word_1_344' title='bbox 1924 2572 2208 2623; x_wconf 74' lang='lat' dir='ltr'>Caeterum</span> <span class='ocrx_word' id='word_1_345' title='bbox 2228 2570 2288 2621; x_wconf 91' lang='lat' dir='ltr'>in</span> <span class='ocrx_word' id='word_1_346' title='bbox 2304 2570 2497 2630; x_wconf 88' lang='lat' dir='ltr'>initiis,</span> <span class='ocrx_word' id='word_1_347' title='bbox 2524 2571 2620 2621; x_wconf 91' lang='lat' dir='ltr'>ubi</span> <span class='ocrx_word' id='word_1_348' title='bbox 2642 2576 2920 2623; x_wconf 83' lang='lat' dir='ltr'>convocat</span> <span class='ocrx_word' id='word_1_349' title='bbox 2942 2584 3040 2623; x_wconf 91' lang='lat' dir='ltr'>eos</span> <span class='ocrx_word' id='word_1_350' title='bbox 3056 2573 3228 2635; x_wconf 84' lang='lat' dir='ltr'>pater,</span> <span class='ocrx_word' id='word_1_351' title='bbox 3249 2584 3369 2623; x_wconf 90' lang='lat' dir='ltr'>non</span> 
     </span>
    </p>
   </div>
   <div class='ocr_carea' id='block_1_43' title="bbox 1771 2659 3372 2725">
    <p class='ocr_par' dir='ltr' id='par_1_43' title="bbox 1771 2659 3372 2725">
     <span class='ocr_line' id='line_1_43' title="bbox 1771 2659 3372 2725; baseline 0 -14"><span class='ocrx_word' id='word_1_352' title='bbox 1771 2660 1937 2725; x_wconf 90' lang='lat' dir='ltr'>quasi</span> <span class='ocrx_word' id='word_1_353' title='bbox 1951 2659 2020 2710; x_wconf 90' lang='lat' dir='ltr'>ad</span> <span class='ocrx_word' id='word_1_354' title='bbox 2033 2660 2490 2712; x_wconf 89' lang='lat' dir='ltr'>benedictionem</span> <span class='ocrx_word' id='word_1_355' title='bbox 2505 2663 2689 2721; x_wconf 89' lang='lat' dir='ltr'>vocat,</span> <span class='ocrx_word' id='word_1_356' title='bbox 2713 2661 2809 2711; x_wconf 90' lang='lat' dir='ltr'>sed</span> <span class='ocrx_word' id='word_1_357' title='bbox 2825 2661 2904 2711; x_wconf 89' lang='lat' dir='ltr'>ita</span> <span class='ocrx_word' id='word_1_358' title='bbox 2940 2660 3215 2725; x_wconf 90' lang='lat' dir='ltr'>scriptum</span> <span class='ocrx_word' id='word_1_359' title='bbox 3248 2665 3372 2712; x_wconf 90' lang='lat' dir='ltr'>est:</span> 
     </span>
    </p>
   </div>
   <div class='ocr_carea' id='block_1_44' title="bbox 1778 2750 3372 2813">
    <p class='ocr_par' dir='ltr' id='par_1_44' title="bbox 1778 2750 3372 2813">
     <span class='ocr_line' id='line_1_44' title="bbox 1778 2750 3372 2813; baseline 0 -13"><span class='ocrx_word' id='word_1_360' title='bbox 1778 2750 1988 2801; x_wconf 85' lang='lat' dir='ltr'>Vocavit</span> <span class='ocrx_word' id='word_1_361' title='bbox 2003 2756 2182 2799; x_wconf 86' lang='lat' dir='ltr'>autem</span> <span class='ocrx_word' id='word_1_362' title='bbox 2203 2750 2365 2800; x_wconf 86' lang='lat' dir='ltr'>Jacob</span> <span class='ocrx_word' id='word_1_363' title='bbox 2375 2750 2515 2813; x_wconf 79' lang='lat' dir='ltr'>ﬁlios</span> <span class='ocrx_word' id='word_1_364' title='bbox 2529 2765 2671 2813; x_wconf 87' lang='lat' dir='ltr'>suos,</span> <span class='ocrx_word' id='word_1_365' title='bbox 2688 2755 2734 2799; x_wconf 87' lang='lat' dir='ltr'>et</span> <span class='ocrx_word' id='word_1_366' title='bbox 2750 2750 2893 2799; x_wconf 63' lang='lat' dir='ltr'>dixit</span> <span class='ocrx_word' id='word_1_367' title='bbox 2910 2750 3217 2813; x_wconf 78' lang='lat' dir='ltr'>:Congrega</span> <span class='ocrx_word' id='word_1_368' title='bbox 3230 2751 3372 2800; x_wconf 89' lang='lat' dir='ltr'>mini</span> 
     </span>
    </p>
   </div>
   <div class='ocr_carea' id='block_1_45' title="bbox 1769 2838 3373 2904">
    <p class='ocr_par' dir='ltr' id='par_1_45' title="bbox 1769 2838 3373 2904">
     <span class='ocr_line' id='line_1_45' title="bbox 1769 2838 3373 2904; baseline 0.001 -17"><span class='ocrx_word' id='word_1_369' title='bbox 1769 2844 1829 2888; x_wconf 85' lang='lat' dir='ltr'>ut</span> <span class='ocrx_word' id='word_1_370' title='bbox 1852 2855 1967 2887; x_wconf 90' lang='lat' dir='ltr'>ann</span> <span class='ocrx_word' id='word_1_371' title='bbox 1978 2840 2183 2888; x_wconf 71' lang='lat' dir='ltr'>unciam</span> <span class='ocrx_word' id='word_1_372' title='bbox 2196 2839 2354 2899; x_wconf 83' lang='lat' dir='ltr'>vobis,</span> <span class='ocrx_word' id='word_1_373' title='bbox 2374 2841 2789 2904; x_wconf 74' lang='lat' dir='ltr'>quae&#39;occursura</span> <span class='ocrx_word' id='word_1_374' title='bbox 2804 2845 2929 2888; x_wconf 86' lang='lat' dir='ltr'>sunt</span> <span class='ocrx_word' id='word_1_375' title='bbox 2945 2838 3087 2888; x_wconf 80' lang='lat' dir='ltr'>vobis</span> <span class='ocrx_word' id='word_1_376' title='bbox 3104 2839 3163 2888; x_wconf 86' lang='lat' dir='ltr'>in</span> <span class='ocrx_word' id='word_1_377' title='bbox 3191 2854 3373 2889; x_wconf 72' lang='lat' dir='ltr'>novis-</span> 
     </span>
    </p>
   </div>
   <div class='ocr_carea' id='block_1_46' title="bbox 1768 2927 3371 2993">
    <p class='ocr_par' dir='ltr' id='par_1_46' title="bbox 1768 2927 3371 2993">
     <span class='ocr_line' id='line_1_46' title="bbox 1768 2927 3371 2993; baseline 0.001 -15"><span class='ocrx_word' id='word_1_378' title='bbox 1768 2929 1921 2978; x_wconf 80' lang='lat' dir='ltr'>simis</span> <span class='ocrx_word' id='word_1_379' title='bbox 1969 2929 2116 2992; x_wconf 79' lang='lat' dir='ltr'>(Ibid.</span> <span class='ocrx_word' id='word_1_380' title='bbox 2164 2927 2273 2993; x_wconf 73' lang='lat'>2.);</span> <span class='ocrx_word' id='word_1_381' title='bbox 2322 2928 2477 2992; x_wconf 83' lang='lat' dir='ltr'>quod</span> <span class='ocrx_word' id='word_1_382' title='bbox 2520 2929 2719 2991; x_wconf 88' lang='lat' dir='ltr'>utique</span> <span class='ocrx_word' id='word_1_383' title='bbox 2760 2929 2944 2993; x_wconf 84' lang='lat' dir='ltr'>magis</span> <span class='ocrx_word' id='word_1_384' title='bbox 2970 2928 3371 2993; x_wconf 66' lang='lat' dir='ltr'>‘Prophetiam</span> 
     </span>
    </p>
   </div>
   <div class='ocr_carea' id='block_1_47' title="bbox 1770 3017 3368 3083">
    <p class='ocr_par' dir='ltr' id='par_1_47' title="bbox 1770 3017 3368 3083">
     <span class='ocr_line' id='line_1_47' title="bbox 1770 3017 3368 3083; baseline -0.003 -14"><span class='ocrx_word' id='word_1_385' title='bbox 1770 3018 2072 3082; x_wconf 78' lang='lat' dir='ltr'>signiﬁcat,</span> <span class='ocrx_word' id='word_1_386' title='bbox 2102 3030 2201 3083; x_wconf 91' lang='lat' dir='ltr'>per</span> <span class='ocrx_word' id='word_1_387' title='bbox 2225 3030 2399 3082; x_wconf 88' lang='lat' dir='ltr'>quam</span> <span class='ocrx_word' id='word_1_388' title='bbox 2422 3030 2553 3081; x_wconf 59' lang='lat' dir='ltr'>quin</span> <span class='ocrx_word' id='word_1_389' title='bbox 2580 3018 2661 3069; x_wconf 86' lang='lat' dir='ltr'>eis</span> <span class='ocrx_word' id='word_1_390' title='bbox 2678 3022 2957 3069; x_wconf 82' lang='lat' dir='ltr'>eventura</span> <span class='ocrx_word' id='word_1_391' title='bbox 2972 3017 3087 3070; x_wconf 90' lang='lat' dir='ltr'>sint</span> <span class='ocrx_word' id='word_1_392' title='bbox 3098 3020 3368 3079; x_wconf 77' lang='lat' dir='ltr'>praesigni-</span> 
     </span>
    </p>
   </div>
   <div class='ocr_carea' id='block_1_48' title="bbox 1770 3106 3366 3171">
    <p class='ocr_par' dir='ltr' id='par_1_48' title="bbox 1770 3106 3366 3171">
     <span class='ocr_line' id='line_1_48' title="bbox 1770 3106 3366 3171; baseline -0.001 -13"><span class='ocrx_word' id='word_1_393' title='bbox 1770 3107 2029 3159; x_wconf 84' lang='lat' dir='ltr'>ﬂcantur.</span> <span class='ocrx_word' id='word_1_394' title='bbox 2076 3109 2143 3159; x_wconf 88' lang='lat' dir='ltr'>In</span> <span class='ocrx_word' id='word_1_395' title='bbox 2180 3107 2305 3171; x_wconf 91' lang='lat' dir='ltr'>ipsa</span> <span class='ocrx_word' id='word_1_396' title='bbox 2348 3112 2541 3158; x_wconf 90' lang='lat' dir='ltr'>autem</span> <span class='ocrx_word' id='word_1_397' title='bbox 2583 3106 2859 3171; x_wconf 90' lang='lat' dir='ltr'>corporali</span> <span class='ocrx_word' id='word_1_398' title='bbox 2882 3106 3024 3157; x_wconf 79' lang='lat' dir='ltr'>serie</span> <span class='ocrx_word' id='word_1_399' title='bbox 3043 3106 3366 3169; x_wconf 87' lang='lat' dir='ltr'>verborum,</span> 
     </span>
    </p>
   </div>
   <div class='ocr_carea' id='block_1_49' title="bbox 1769 3194 3369 3260">
    <p class='ocr_par' dir='ltr' id='par_1_49' title="bbox 1769 3194 3369 3260">
     <span class='ocr_line' id='line_1_49' title="bbox 1769 3194 3369 3260; baseline -0.001 -12"><span class='ocrx_word' id='word_1_400' title='bbox 1769 3209 1955 3260; x_wconf 90' lang='lat' dir='ltr'>neque</span> <span class='ocrx_word' id='word_1_401' title='bbox 1983 3196 2397 3248; x_wconf 44' lang='lat' dir='ltr'>benedictione;</span> <span class='ocrx_word' id='word_1_402' title='bbox 2421 3199 2667 3259; x_wconf 61' lang='lat' dir='ltr'>tantum,</span> <span class='ocrx_word' id='word_1_403' title='bbox 2693 3208 2880 3258; x_wconf 85' lang='lat' dir='ltr'>neque</span> <span class='ocrx_word' id='word_1_404' title='bbox 2907 3194 3226 3247; x_wconf 87' lang='lat' dir='ltr'>futurorum</span> <span class='ocrx_word' id='word_1_405' title='bbox 3246 3195 3369 3247; x_wconf 73' lang='lat' dir='ltr'>sofa</span> 
     </span>
    </p>
   </div>
   <div class='ocr_carea' id='block_1_50' title="bbox 1768 3285 3367 3351">
    <p class='ocr_par' dir='ltr' id='par_1_50' title="bbox 1768 3285 3367 3351">
     <span class='ocr_line' id='line_1_50' title="bbox 1768 3285 3367 3351; baseline 0.001 -15"><span class='ocrx_word' id='word_1_406' title='bbox 1768 3286 2199 3351; x_wconf 67' lang='lat' dir='ltr'>prinnunciatio,</span> <span class='ocrx_word' id='word_1_407' title='bbox 2218 3299 2332 3350; x_wconf 89' lang='lat' dir='ltr'>qua</span> <span class='ocrx_word' id='word_1_408' title='bbox 2346 3285 2617 3348; x_wconf 88' lang='lat' dir='ltr'>velmors,</span> <span class='ocrx_word' id='word_1_409' title='bbox 2645 3286 2734 3338; x_wconf 89' lang='lat' dir='ltr'>vel</span> <span class='ocrx_word' id='word_1_410' title='bbox 2757 3286 3113 3351; x_wconf 89' lang='lat' dir='ltr'>propositum</span> <span class='ocrx_word' id='word_1_411' title='bbox 3145 3298 3367 3343; x_wconf 83' lang='lat' dir='ltr'>eorum.</span> 
     </span>
    </p>
   </div>
   <div class='ocr_carea' id='block_1_51' title="bbox 1768 3375 3359 3440">
    <p class='ocr_par' dir='ltr' id='par_1_51' title="bbox 1768 3375 3359 3440">
     <span class='ocr_line' id='line_1_51' title="bbox 1768 3375 3359 3440; baseline -0.001 -13"><span class='ocrx_word' id='word_1_412' title='bbox 1768 3375 1861 3428; x_wconf 85' lang='lat' dir='ltr'>vel</span> <span class='ocrx_word' id='word_1_413' title='bbox 1885 3377 2057 3429; x_wconf 89' lang='lat' dir='ltr'>etiam</span> <span class='ocrx_word' id='word_1_414' title='bbox 2082 3375 2349 3440; x_wconf 57' lang='lat' dir='ltr'>quendam</span> <span class='ocrx_word' id='word_1_415' title='bbox 2368 3376 2439 3426; x_wconf 91' lang='lat' dir='ltr'>ab</span> <span class='ocrx_word' id='word_1_416' title='bbox 2456 3375 2538 3427; x_wconf 93' lang='lat' dir='ltr'>eis</span> <span class='ocrx_word' id='word_1_417' title='bbox 2561 3381 2725 3439; x_wconf 85' lang='lat' dir='ltr'>gesta</span> <span class='ocrx_word' id='word_1_418' title='bbox 2737 3375 3061 3427; x_wconf 85' lang='lat' dir='ltr'>notabiliter</span> <span class='ocrx_word' id='word_1_419' title='bbox 3076 3382 3359 3436; x_wconf 83' lang='lat' dir='ltr'>arguuntur</span> 
     </span>
    </p>
   </div>
   <div class='ocr_carea' id='block_1_52' title="bbox 63 3428 3366 3533">
    <p class='ocr_par' dir='ltr' id='par_1_52' title="bbox 63 3428 3366 3533">
     <span class='ocr_line' id='line_1_52' title="bbox 63 3428 3366 3533; baseline -0.001 -16"><span class='ocrx_word' id='word_1_420' title='bbox 63 3478 174 3528; x_wconf 88' lang='lat' dir='ltr'>que</span> <span class='ocrx_word' id='word_1_421' title='bbox 214 3466 437 3515; x_wconf 89' lang='lat' dir='ltr'>certum</span> <span class='ocrx_word' id='word_1_422' title='bbox 489 3468 595 3527; x_wconf 89' lang='lat' dir='ltr'>est,</span> <span class='ocrx_word' id='word_1_423' title='bbox 641 3476 755 3517; x_wconf 91' lang='lat' dir='ltr'>non</span> <span class='ocrx_word' id='word_1_424' title='bbox 777 3467 1000 3531; x_wconf 89' lang='lat' dir='ltr'>absque</span> <span class='ocrx_word' id='word_1_425' title='bbox 1022 3467 1213 3533; x_wconf 88' lang='lat' dir='ltr'>aliqua</span> <span class='ocrx_word' id='word_1_426' title='bbox 1227 3469 1446 3522; x_wconf 73' lang='lat' dir='ltr'>ratione</span> <span class='ocrx_word' id='word_1_427' title='bbox 1458 3468 1659 3528; x_wconf 81' lang='lat' dir='ltr'>variari,</span> <span class='ocrx_word' id='word_1_428' title='bbox 1680 3428 1734 3499; x_wconf 80' lang='lat' dir='ltr'>C</span> <span class='ocrx_word' id='word_1_429' title='bbox 1765 3467 1905 3528; x_wconf 58' lang='lat' dir='ltr'>Quae</span> <span class='ocrx_word' id='word_1_430' title='bbox 1942 3479 2033 3518; x_wconf 92' lang='lat' dir='ltr'>res</span> <span class='ocrx_word' id='word_1_431' title='bbox 2057 3466 2224 3517; x_wconf 90' lang='lat' dir='ltr'>nobis</span> <span class='ocrx_word' id='word_1_432' title='bbox 2241 3470 2297 3517; x_wconf 90' lang='lat' dir='ltr'>et</span> <span class='ocrx_word' id='word_1_433' title='bbox 2312 3464 2673 3529; x_wconf 88' lang='lat' dir='ltr'>tripartitam,</span> <span class='ocrx_word' id='word_1_434' title='bbox 2709 3469 2774 3516; x_wconf 92' lang='lat' dir='ltr'>ut</span> <span class='ocrx_word' id='word_1_435' title='bbox 2796 3466 2851 3516; x_wconf 90' lang='lat' dir='ltr'>et</span> <span class='ocrx_word' id='word_1_436' title='bbox 2867 3464 2928 3516; x_wconf 90' lang='lat' dir='ltr'>in</span> <span class='ocrx_word' id='word_1_437' title='bbox 2952 3464 3079 3515; x_wconf 89' lang='lat' dir='ltr'>aliis</span> <span class='ocrx_word' id='word_1_438' title='bbox 3109 3463 3366 3529; x_wconf 83' lang='lat' dir='ltr'>fecimus,</span> 
     </span>
    </p>
   </div>
   <div class='ocr_carea' id='block_1_53' title="bbox 63 3552 1666 3623">
    <p class='ocr_par' dir='ltr' id='par_1_53' title="bbox 63 3552 1666 3623">
     <span class='ocr_line' id='line_1_53' title="bbox 63 3552 1666 3623; baseline 0.003 -21"><span class='ocrx_word' id='word_1_439' title='bbox 63 3554 118 3603; x_wconf 88' lang='lat' dir='ltr'>et</span> <span class='ocrx_word' id='word_1_440' title='bbox 141 3552 393 3605; x_wconf 83' lang='lat' dir='ltr'>existere</span> <span class='ocrx_word' id='word_1_441' title='bbox 417 3564 655 3607; x_wconf 89' lang='lat' dir='ltr'>caussas</span> <span class='ocrx_word' id='word_1_442' title='bbox 679 3556 1021 3620; x_wconf 70' lang='lat' dir='ltr'>probabiles,</span> <span class='ocrx_word' id='word_1_443' title='bbox 1047 3557 1440 3623; x_wconf 89' lang='lat' dir='ltr'>quibusinillo</span> <span class='ocrx_word' id='word_1_444' title='bbox 1458 3559 1666 3607; x_wconf 90' lang='lat' dir='ltr'>locoille</span> 
     </span>
    </p>
   </div>
   <div class='ocr_carea' id='block_1_54' title="bbox 64 3640 1668 3712">
    <p class='ocr_par' dir='ltr' id='par_1_54' title="bbox 64 3640 1668 3712">
     <span class='ocr_line' id='line_1_54' title="bbox 64 3640 1668 3712; baseline 0.004 -19"><span class='ocrx_word' id='word_1_445' title='bbox 64 3640 416 3704; x_wconf 68' lang='lat' dir='ltr'>prmiaratur,</span> <span class='ocrx_word' id='word_1_446' title='bbox 466 3642 527 3694; x_wconf 93' lang='lat' dir='ltr'>in</span> <span class='ocrx_word' id='word_1_447' title='bbox 574 3643 685 3696; x_wconf 90' lang='lat' dir='ltr'>alio</span> <span class='ocrx_word' id='word_1_448' title='bbox 714 3657 849 3698; x_wconf 89' lang='lat' dir='ltr'>vero</span> <span class='ocrx_word' id='word_1_449' title='bbox 871 3644 1019 3697; x_wconf 89' lang='lat' dir='ltr'>alius</span> <span class='ocrx_word' id='word_1_450' title='bbox 1042 3652 1423 3712; x_wconf 69' lang='lat' dir='ltr'>praaponatur.</span> <span class='ocrx_word' id='word_1_451' title='bbox 1443 3646 1553 3698; x_wconf 90' lang='lat' dir='ltr'>Sed</span> <span class='ocrx_word' id='word_1_452' title='bbox 1575 3646 1668 3700; x_wconf 62' lang='lat' dir='ltr'>de</span> 
     </span>
    </p>
   </div>
   <div class='ocr_carea' id='block_1_55' title="bbox 63 3729 1661 3800">
    <p class='ocr_par' dir='ltr' id='par_1_55' title="bbox 63 3729 1661 3800">
     <span class='ocr_line' id='line_1_55' title="bbox 63 3729 1661 3800; baseline 0.004 -19"><span class='ocrx_word' id='word_1_453' title='bbox 63 3729 154 3781; x_wconf 89' lang='lat' dir='ltr'>his</span> <span class='ocrx_word' id='word_1_454' title='bbox 168 3729 340 3782; x_wconf 87' lang='lat' dir='ltr'>nobis</span> <span class='ocrx_word' id='word_1_455' title='bbox 352 3744 511 3783; x_wconf 90' lang='lat' dir='ltr'>nunc</span> <span class='ocrx_word' id='word_1_456' title='bbox 534 3743 570 3784; x_wconf 89' lang='lat' dir='ltr'>a</span> <span class='ocrx_word' id='word_1_457' title='bbox 590 3734 645 3785; x_wconf 92' lang='lat' dir='ltr'>te</span> <span class='ocrx_word' id='word_1_458' title='bbox 658 3733 766 3797; x_wconf 83' lang='lat' dir='ltr'>[Fr.</span> <span class='ocrx_word' id='word_1_459' title='bbox 784 3732 1032 3799; x_wconf 88' lang='lat' dir='ltr'>Pauline]</span> <span class='ocrx_word' id='word_1_460' title='bbox 1045 3736 1402 3800; x_wconf 90' lang='lat' dir='ltr'>propositum</span> <span class='ocrx_word' id='word_1_461' title='bbox 1416 3748 1535 3787; x_wconf 91' lang='lat' dir='ltr'>non</span> <span class='ocrx_word' id='word_1_462' title='bbox 1555 3740 1661 3797; x_wconf 89' lang='lat' dir='ltr'>est,</span> 
     </span>
    </p>
   </div>
   <div class='ocr_carea' id='block_1_56' title="bbox 64 3818 1664 3892">
    <p class='ocr_par' dir='ltr' id='par_1_56' title="bbox 64 3818 1664 3892">
     <span class='ocr_line' id='line_1_56' title="bbox 64 3818 1664 3892; baseline 0.003 -21"><span class='ocrx_word' id='word_1_463' title='bbox 64 3818 172 3871; x_wconf 91' lang='lat' dir='ltr'>nisi</span> <span class='ocrx_word' id='word_1_464' title='bbox 201 3831 270 3873; x_wconf 88' lang='lat' dir='ltr'>ea</span> <span class='ocrx_word' id='word_1_465' title='bbox 293 3819 904 3888; x_wconf 72' lang='lat' dir='ltr'>tantummodo,prout</span> <span class='ocrx_word' id='word_1_466' title='bbox 925 3824 1076 3876; x_wconf 91' lang='lat' dir='ltr'>Deus</span> <span class='ocrx_word' id='word_1_467' title='bbox 1107 3821 1219 3892; x_wconf 75' lang='lat'>24</span> <span class='ocrx_word' id='word_1_468' title='bbox 1238 3823 1476 3887; x_wconf 87' lang='lat' dir='ltr'>dederit,</span> <span class='ocrx_word' id='word_1_469' title='bbox 1508 3823 1664 3889; x_wconf 84' lang='lat' dir='ltr'>expli</span> 
     </span>
    </p>
   </div>
   <div class='ocr_carea' id='block_1_57' title="bbox 1766 3554 3365 3619">
    <p class='ocr_par' dir='ltr' id='par_1_57' title="bbox 1766 3554 3365 3619">
     <span class='ocr_line' id='line_1_57' title="bbox 1766 3554 3365 3619; baseline -0.003 -12"><span class='ocrx_word' id='word_1_470' title='bbox 1766 3554 2189 3618; x_wconf 84' lang='lat' dir='ltr'>explanationis</span> <span class='ocrx_word' id='word_1_471' title='bbox 2211 3554 2509 3606; x_wconf 89' lang='lat' dir='ltr'>materiam</span> <span class='ocrx_word' id='word_1_472' title='bbox 2534 3554 2783 3619; x_wconf 83' lang='lat' dir='ltr'>subjicit,</span> <span class='ocrx_word' id='word_1_473' title='bbox 2808 3554 2887 3606; x_wconf 90' lang='lat' dir='ltr'>ita</span> <span class='ocrx_word' id='word_1_474' title='bbox 2910 3559 2976 3606; x_wconf 92' lang='lat' dir='ltr'>ut</span> <span class='ocrx_word' id='word_1_475' title='bbox 2992 3555 3365 3603; x_wconf 84' lang='lat' dir='ltr'>benedictiones</span> 
     </span>
    </p>
   </div>
   <div class='ocr_carea' id='block_1_58' title="bbox 1765 3643 3362 3708">
    <p class='ocr_par' dir='ltr' id='par_1_58' title="bbox 1765 3643 3362 3708">
     <span class='ocr_line' id='line_1_58' title="bbox 1765 3643 3362 3708; baseline -0.001 -13"><span class='ocrx_word' id='word_1_476' title='bbox 1765 3644 2032 3697; x_wconf 75' lang='lat' dir='ltr'>Historiae</span> <span class='ocrx_word' id='word_1_477' title='bbox 2056 3644 2246 3697; x_wconf 91' lang='lat' dir='ltr'>locum</span> <span class='ocrx_word' id='word_1_478' title='bbox 2270 3647 2531 3696; x_wconf 89' lang='lat' dir='ltr'>servent:</span> <span class='ocrx_word' id='word_1_479' title='bbox 2558 3643 2853 3708; x_wconf 90' lang='lat' dir='ltr'>prophetia</span> <span class='ocrx_word' id='word_1_480' title='bbox 2878 3655 3011 3695; x_wconf 92' lang='lat' dir='ltr'>vero</span> <span class='ocrx_word' id='word_1_481' title='bbox 3034 3643 3362 3707; x_wconf 85' lang='lat' dir='ltr'>Mysticum,</span> 
     </span>
    </p>
   </div>
   <div class='ocr_carea' id='block_1_59' title="bbox 1763 3731 3359 3799">
    <p class='ocr_par' dir='ltr' id='par_1_59' title="bbox 1763 3731 3359 3799">
     <span class='ocr_line' id='line_1_59' title="bbox 1763 3731 3359 3799; baseline -0.001 -14"><span class='ocrx_word' id='word_1_482' title='bbox 1763 3739 1935 3797; x_wconf 90' lang='lat' dir='ltr'>atque</span> <span class='ocrx_word' id='word_1_483' title='bbox 1958 3733 2375 3799; x_wconf 84' lang='lat' dir='ltr'>dogmaticum:</span> <span class='ocrx_word' id='word_1_484' title='bbox 2400 3745 2623 3785; x_wconf 91' lang='lat' dir='ltr'>morum</span> <span class='ocrx_word' id='word_1_485' title='bbox 2641 3732 2939 3798; x_wconf 88' lang='lat' dir='ltr'>correptio.</span> <span class='ocrx_word' id='word_1_486' title='bbox 2965 3734 3023 3786; x_wconf 89' lang='lat' dir='ltr'>et</span> <span class='ocrx_word' id='word_1_487' title='bbox 3036 3732 3129 3797; x_wconf 90' lang='lat' dir='ltr'>obj</span> <span class='ocrx_word' id='word_1_488' title='bbox 3138 3731 3359 3797; x_wconf 80' lang='lat' dir='ltr'>urgatio</span> 
     </span>
    </p>
   </div>
   <div class='ocr_carea' id='block_1_60' title="bbox 1762 3821 2519 3887">
    <p class='ocr_par' dir='ltr' id='par_1_60' title="bbox 1762 3821 2519 3887">
     <span class='ocr_line' id='line_1_60' title="bbox 1762 3821 2519 3887; baseline -0.003 -12"><span class='ocrx_word' id='word_1_489' title='bbox 1762 3821 2031 3875; x_wconf 87' lang='lat' dir='ltr'>Moralem</span> <span class='ocrx_word' id='word_1_490' title='bbox 2063 3822 2270 3886; x_wconf 88' lang='lat' dir='ltr'>dirigat</span> <span class='ocrx_word' id='word_1_491' title='bbox 2292 3822 2519 3887; x_wconf 88' lang='lat' dir='ltr'>stylum.</span> 
     </span>
    </p>
   </div>
   <div class='ocr_carea' id='block_1_61' title="bbox 1026 3991 2389 4090">
    <p class='ocr_par' dir='ltr' id='par_1_61' title="bbox 1026 3991 2389 4090">
     <span class='ocr_line' id='line_1_61' title="bbox 1026 3991 2389 4090; baseline -0.001 -3"><span class='ocrx_word' id='word_1_492' title='bbox 1026 3991 1794 4090; x_wconf 82' lang='lat' dir='ltr'>BENEDICTIO</span> <span class='ocrx_word' id='word_1_493' title='bbox 1913 3991 2389 4088; x_wconf 85' lang='lat' dir='ltr'>RUBEN.</span> 
     </span>
    </p>
   </div>
   <div class='ocr_carea' id='block_1_62' title="bbox 124 4172 1663 4240">
    <p class='ocr_par' dir='ltr' id='par_1_62' title="bbox 124 4172 1663 4240">
     <span class='ocr_line' id='line_1_62' title="bbox 124 4172 1663 4240; baseline -0.001 -13"><span class='ocrx_word' id='word_1_494' title='bbox 124 4172 151 4227; x_wconf 83' lang='grc'><strong>1</strong></span> <span class='ocrx_word' id='word_1_495' title='bbox 163 4212 174 4221; x_wconf 94' lang='grc'><strong><em>.</em></strong></span> <span class='ocrx_word' id='word_1_496' title='bbox 210 4184 409 4226; x_wconf 78' lang='lat' dir='ltr'>RUBEN</span> <span class='ocrx_word' id='word_1_497' title='bbox 425 4173 647 4238; x_wconf 85' lang='lat' dir='ltr'>(inquit)</span> <span class='ocrx_word' id='word_1_498' title='bbox 662 4173 1059 4240; x_wconf 84' lang='lat' dir='ltr'>primogenitus</span> <span class='ocrx_word' id='word_1_499' title='bbox 1075 4189 1248 4225; x_wconf 86' lang='lat' dir='ltr'>meus:</span> <span class='ocrx_word' id='word_1_500' title='bbox 1272 4180 1331 4225; x_wconf 82' lang='lat' dir='ltr'>tu</span> <span class='ocrx_word' id='word_1_501' title='bbox 1345 4174 1515 4225; x_wconf 83' lang='lat' dir='ltr'>virtus</span> <span class='ocrx_word' id='word_1_502' title='bbox 1524 4190 1663 4235; x_wconf 85' lang='lat' dir='ltr'>mea,</span> 
     </span>
    </p>
   </div>
   <div class='ocr_carea' id='block_1_63' title="bbox 65 4262 1664 4328">
    <p class='ocr_par' dir='ltr' id='par_1_63' title="bbox 65 4262 1664 4328">
     <span class='ocr_line' id='line_1_63' title="bbox 65 4262 1664 4328; baseline 0.003 -18"><span class='ocrx_word' id='word_1_503' title='bbox 65 4268 107 4310; x_wconf 77' lang='lat' dir='ltr'>et</span> <span class='ocrx_word' id='word_1_504' title='bbox 148 4262 372 4311; x_wconf 85' lang='lat' dir='ltr'>initium</span> <span class='ocrx_word' id='word_1_505' title='bbox 416 4263 661 4325; x_wconf 80' lang='lat' dir='ltr'>ﬁliorum</span> <span class='ocrx_word' id='word_1_506' title='bbox 704 4277 966 4328; x_wconf 83' lang='lat' dir='ltr'>meorum,</span> <span class='ocrx_word' id='word_1_507' title='bbox 991 4264 1164 4314; x_wconf 85' lang='lat' dir='ltr'>durus</span> <span class='ocrx_word' id='word_1_508' title='bbox 1185 4265 1601 4328; x_wconf 84' lang='lat' dir='ltr'>conversatione,</span> <span class='ocrx_word' id='word_1_509' title='bbox 1619 4270 1664 4314; x_wconf 88' lang='lat' dir='ltr'>et</span> 
     </span>
    </p>
   </div>
   <div class='ocr_carea' id='block_1_64' title="bbox 71 4352 1663 4420">
    <p class='ocr_par' dir='ltr' id='par_1_64' title="bbox 71 4352 1663 4420">
     <span class='ocr_line' id='line_1_64' title="bbox 71 4352 1663 4420; baseline 0.002 -19"><span class='ocrx_word' id='word_1_510' title='bbox 71 4352 255 4417; x_wconf 82' lang='lat' dir='ltr'>durus,</span> <span class='ocrx_word' id='word_1_511' title='bbox 307 4354 655 4404; x_wconf 79' lang='lat' dir='ltr'>temerarius:</span> <span class='ocrx_word' id='word_1_512' title='bbox 702 4353 1055 4403; x_wconf 81' lang='lat' dir='ltr'>contumelias</span> <span class='ocrx_word' id='word_1_513' title='bbox 1085 4354 1359 4418; x_wconf 82' lang='lat' dir='ltr'>irrogasti,</span> <span class='ocrx_word' id='word_1_514' title='bbox 1397 4359 1663 4420; x_wconf 88' lang='lat' dir='ltr'>tanquam</span> 
     </span>
    </p>
   </div>
   <div class='ocr_carea' id='block_1_65' title="bbox 71 4440 1664 4509">
    <p class='ocr_par' dir='ltr' id='par_1_65' title="bbox 71 4440 1664 4509">
     <span class='ocr_line' id='line_1_65' title="bbox 71 4440 1664 4509; baseline 0.003 -20"><span class='ocrx_word' id='word_1_515' title='bbox 71 4457 132 4505; x_wconf 86' lang='lat' dir='ltr'>aq</span> <span class='ocrx_word' id='word_1_516' title='bbox 142 4458 209 4490; x_wconf 84' lang='lat' dir='ltr'>ua</span> <span class='ocrx_word' id='word_1_517' title='bbox 221 4456 331 4490; x_wconf 84' lang='lat' dir='ltr'>non</span> <span class='ocrx_word' id='word_1_518' title='bbox 343 4440 657 4505; x_wconf 77' lang='lat' dir='ltr'>e/fervescas.</span> <span class='ocrx_word' id='word_1_519' title='bbox 676 4443 971 4493; x_wconf 84' lang='lat' dir='ltr'>Ascendiin</span> <span class='ocrx_word' id='word_1_520' title='bbox 985 4444 1131 4492; x_wconf 86' lang='lat' dir='ltr'>enim</span> <span class='ocrx_word' id='word_1_521' title='bbox 1141 4459 1303 4509; x_wconf 81' lang='lat' dir='ltr'>super</span> <span class='ocrx_word' id='word_1_522' title='bbox 1316 4443 1482 4495; x_wconf 79' lang='lat' dir='ltr'>cubile</span> <span class='ocrx_word' id='word_1_523' title='bbox 1489 4444 1664 4509; x_wconf 85' lang='lat' dir='ltr'>patris</span> 
     </span>
    </p>
   </div>
   <div class='ocr_carea' id='block_1_66' title="bbox 74 4530 1659 4597">
    <p class='ocr_par' dir='ltr' id='par_1_66' title="bbox 74 4530 1659 4597">
     <span class='ocr_line' id='line_1_66' title="bbox 74 4530 1659 4597; baseline 0.005 -20"><span class='ocrx_word' id='word_1_524' title='bbox 74 4531 164 4592; x_wconf 82' lang='lat' dir='ltr'>tui,</span> <span class='ocrx_word' id='word_1_525' title='bbox 179 4530 554 4595; x_wconf 65' lang='grc' dir='ltr'>ἔμποροιιυὶεεί</span> <span class='ocrx_word' id='word_1_526' title='bbox 571 4533 810 4593; x_wconf 85' lang='lat' dir='ltr'>thorum,</span> <span class='ocrx_word' id='word_1_527' title='bbox 829 4531 1217 4582; x_wconf 69' lang='lat' dir='ltr'>ubiascendisti</span> <span class='ocrx_word' id='word_1_528' title='bbox 1232 4534 1377 4594; x_wconf 85' lang='lat' dir='ltr'>(Gen.</span> <span class='ocrx_word' id='word_1_529' title='bbox 1401 4533 1489 4587; x_wconf 75' lang='grc'>49.</span> <span class='ocrx_word' id='word_1_530' title='bbox 1510 4538 1555 4585; x_wconf 88' lang='lat'>3.</span> <span class='ocrx_word' id='word_1_531' title='bbox 1571 4536 1659 4597; x_wconf 74' lang='grc'>4.).</span> 
     </span>
    </p>
   </div>
   <div class='ocr_carea' id='block_1_67' title="bbox 74 4619 1660 4685">
    <p class='ocr_par' dir='ltr' id='par_1_67' title="bbox 74 4619 1660 4685">
     <span class='ocr_line' id='line_1_67' title="bbox 74 4619 1660 4685; baseline 0.003 -16"><span class='ocrx_word' id='word_1_532' title='bbox 74 4619 272 4671; x_wconf 85' lang='lat' dir='ltr'>Incesti</span> <span class='ocrx_word' id='word_1_533' title='bbox 291 4619 529 4671; x_wconf 90' lang='lat' dir='ltr'>historia</span> <span class='ocrx_word' id='word_1_534' title='bbox 546 4621 833 4673; x_wconf 89' lang='lat' dir='ltr'>neminem</span> <span class='ocrx_word' id='word_1_535' title='bbox 859 4621 1316 4685; x_wconf 81' lang='lat' dir='ltr'>latet,quomodo</span> <span class='ocrx_word' id='word_1_536' title='bbox 1340 4621 1363 4652; x_wconf 70' lang='grc' dir='ltr'>ι’</span> <span class='ocrx_word' id='word_1_537' title='bbox 1387 4623 1660 4674; x_wconf 86' lang='lat' dir='ltr'>Rubenin</span> 
     </span>
    </p>
   </div>
   <div class='ocr_carea' id='block_1_68' title="bbox 75 4708 1662 4775">
    <p class='ocr_par' dir='ltr' id='par_1_68' title="bbox 75 4708 1662 4775">
     <span class='ocr_line' id='line_1_68' title="bbox 75 4708 1662 4775; baseline 0 -17"><span class='ocrx_word' id='word_1_538' title='bbox 75 4708 442 4761; x_wconf 86' lang='lat' dir='ltr'>concubinam</span> <span class='ocrx_word' id='word_1_539' title='bbox 454 4710 632 4773; x_wconf 91' lang='lat' dir='ltr'>patris</span> <span class='ocrx_word' id='word_1_540' title='bbox 646 4710 1071 4763; x_wconf 84' lang='lat' dir='ltr'>suiellerbuerit</span> <span class='ocrx_word' id='word_1_541' title='bbox 1081 4712 1315 4763; x_wconf 80' lang='lat' dir='ltr'>ﬂamma</span> <span class='ocrx_word' id='word_1_542' title='bbox 1329 4711 1599 4775; x_wconf 89' lang='lat' dir='ltr'>libidinis,</span> <span class='ocrx_word' id='word_1_543' title='bbox 1615 4716 1662 4760; x_wconf 88' lang='lat' dir='ltr'>et</span> 
     </span>
    </p>
   </div>
   <div class='ocr_carea' id='block_1_69' title="bbox 79 4797 1659 4863">
    <p class='ocr_par' dir='ltr' id='par_1_69' title="bbox 79 4797 1659 4863">
     <span class='ocr_line' id='line_1_69' title="bbox 79 4797 1659 4863; baseline 0.001 -14"><span class='ocrx_word' id='word_1_544' title='bbox 79 4805 363 4862; x_wconf 86' lang='lat' dir='ltr'>paternum</span> <span class='ocrx_word' id='word_1_545' title='bbox 393 4799 765 4851; x_wconf 86' lang='lat' dir='ltr'>maculaverit</span> <span class='ocrx_word' id='word_1_546' title='bbox 789 4800 1018 4852; x_wconf 90' lang='lat' dir='ltr'>thorum</span> <span class='ocrx_word' id='word_1_547' title='bbox 1048 4801 1196 4862; x_wconf 84' lang='lat' dir='ltr'>(Gen.</span> <span class='ocrx_word' id='word_1_548' title='bbox 1219 4799 1356 4863; x_wconf 74' lang='lat'>34.).</span> <span class='ocrx_word' id='word_1_549' title='bbox 1384 4799 1491 4852; x_wconf 88' lang='lat' dir='ltr'>Sed</span> <span class='ocrx_word' id='word_1_550' title='bbox 1505 4797 1659 4863; x_wconf 92' lang='lat' dir='ltr'>quod</span> 
     </span>
    </p>
   </div>
   <div class='ocr_carea' id='block_1_70' title="bbox 1769 4149 3421 4242">
    <p class='ocr_par' dir='ltr' id='par_1_70' title="bbox 1769 4172 3366 4242">
     <span class='ocr_line' id='line_1_70' title="bbox 1769 4172 3366 4242; baseline -0.003 -18"><span class='ocrx_word' id='word_1_551' title='bbox 1769 4174 1845 4225; x_wconf 86' lang='lat' dir='ltr'>Tu</span> <span class='ocrx_word' id='word_1_552' title='bbox 1868 4175 2039 4224; x_wconf 80' lang='lat' dir='ltr'>virtus</span> <span class='ocrx_word' id='word_1_553' title='bbox 2060 4190 2197 4239; x_wconf 87' lang='lat' dir='ltr'>mea,</span> <span class='ocrx_word' id='word_1_554' title='bbox 2223 4174 2430 4227; x_wconf 90' lang='lat' dir='ltr'>idcirco</span> <span class='ocrx_word' id='word_1_555' title='bbox 2599 4180 2665 4227; x_wconf 91' lang='lat' dir='ltr'>ut</span> <span class='ocrx_word' id='word_1_556' title='bbox 2691 4176 2896 4237; x_wconf 81' lang='lat' dir='ltr'>gravius</span> <span class='ocrx_word' id='word_1_557' title='bbox 2942 4178 3139 4222; x_wconf 84' lang='lat' dir='ltr'>notetur</span> <span class='ocrx_word' id='word_1_558' title='bbox 3175 4173 3228 4221; x_wconf 90' lang='lat' dir='ltr'>in</span> <span class='ocrx_word' id='word_1_559' title='bbox 3261 4174 3366 4221; x_wconf 87' lang='lat' dir='ltr'>cri-</span> 
     </span>
    </p>
   </div>
   <div class='ocr_carea' id='block_1_71' title="bbox 1763 4264 3358 4330">
    <p class='ocr_par' dir='ltr' id='par_1_71' title="bbox 1763 4264 3358 4330">
     <span class='ocr_line' id='line_1_71' title="bbox 1763 4264 3358 4330; baseline -0.004 -15"><span class='ocrx_word' id='word_1_560' title='bbox 1763 4266 1939 4328; x_wconf 90' lang='lat' dir='ltr'>mine,</span> <span class='ocrx_word' id='word_1_561' title='bbox 1971 4265 2225 4329; x_wconf 90' lang='lat' dir='ltr'>quicum</span> <span class='ocrx_word' id='word_1_562' title='bbox 2258 4266 2442 4317; x_wconf 91' lang='lat' dir='ltr'>virtus</span> <span class='ocrx_word' id='word_1_563' title='bbox 2470 4264 2645 4330; x_wconf 87' lang='lat' dir='ltr'>patris</span> <span class='ocrx_word' id='word_1_564' title='bbox 2657 4265 2979 4327; x_wconf 87' lang='lat' dir='ltr'>haberetur,</span> <span class='ocrx_word' id='word_1_565' title='bbox 3003 4269 3062 4317; x_wconf 91' lang='lat' dir='ltr'>et</span> <span class='ocrx_word' id='word_1_566' title='bbox 3083 4264 3286 4313; x_wconf 84' lang='lat' dir='ltr'>initium</span> <span class='ocrx_word' id='word_1_567' title='bbox 3302 4264 3358 4310; x_wconf 82' lang='lat' dir='ltr'>ti-</span> 
     </span>
    </p>
   </div>
   <div class='ocr_carea' id='block_1_72' title="bbox 1764 4347 3362 4417">
    <p class='ocr_par' dir='ltr' id='par_1_72' title="bbox 1764 4347 3362 4417">
     <span class='ocr_line' id='line_1_72' title="bbox 1764 4347 3362 4417; baseline -0.006 -11"><span class='ocrx_word' id='word_1_568' title='bbox 1764 4355 1988 4417; x_wconf 90' lang='lat' dir='ltr'>liorum,</span> <span class='ocrx_word' id='word_1_569' title='bbox 2013 4355 2197 4406; x_wconf 91' lang='lat' dir='ltr'>nescit</span> <span class='ocrx_word' id='word_1_570' title='bbox 2222 4367 2451 4408; x_wconf 90' lang='lat' dir='ltr'>servare</span> <span class='ocrx_word' id='word_1_571' title='bbox 2474 4354 2851 4407; x_wconf 81' lang='lat' dir='ltr'>reverentiam</span> <span class='ocrx_word' id='word_1_572' title='bbox 2875 4352 3054 4417; x_wconf 90' lang='lat' dir='ltr'>patri;</span> <span class='ocrx_word' id='word_1_573' title='bbox 3080 4347 3247 4413; x_wconf 88' lang='lat' dir='ltr'>quale</span> <span class='ocrx_word' id='word_1_574' title='bbox 3272 4349 3362 4398; x_wconf 90' lang='lat' dir='ltr'>est</span> 
     </span>
    </p>
   </div>
   <div class='ocr_carea' id='block_1_73' title="bbox 1762 4435 3363 4508">
    <p class='ocr_par' dir='ltr' id='par_1_73' title="bbox 1762 4435 3363 4508">
     <span class='ocr_line' id='line_1_73' title="bbox 1762 4435 3363 4508; baseline -0.008 -12"><span class='ocrx_word' id='word_1_575' title='bbox 1762 4447 1821 4496; x_wconf 88' lang='lat' dir='ltr'>et</span> <span class='ocrx_word' id='word_1_576' title='bbox 1850 4444 1990 4494; x_wconf 89' lang='lat' dir='ltr'>illud</span> <span class='ocrx_word' id='word_1_577' title='bbox 2011 4444 2163 4506; x_wconf 90' lang='lat' dir='ltr'>quod</span> <span class='ocrx_word' id='word_1_578' title='bbox 2188 4444 2397 4495; x_wconf 91' lang='lat' dir='ltr'>dicitur</span> <span class='ocrx_word' id='word_1_579' title='bbox 2409 4457 2507 4508; x_wconf 92' lang='lat' dir='ltr'>per</span> <span class='ocrx_word' id='word_1_580' title='bbox 2523 4443 2885 4507; x_wconf 86' lang='lat' dir='ltr'>Prophetam:</span> <span class='ocrx_word' id='word_1_581' title='bbox 2912 4441 3026 4504; x_wconf 85' lang='lat' dir='ltr'>Ego</span> <span class='ocrx_word' id='word_1_582' title='bbox 3050 4445 3095 4488; x_wconf 82' lang='lat' dir='ltr'>te</span> <span class='ocrx_word' id='word_1_583' title='bbox 3114 4435 3363 4503; x_wconf 83' lang='lat' dir='ltr'>plantavi</span> 
     </span>
    </p>
   </div>
   <div class='ocr_carea' id='block_1_74' title="bbox 1762 4528 3361 4596">
    <p class='ocr_par' dir='ltr' id='par_1_74' title="bbox 1762 4528 3361 4596">
     <span class='ocr_line' id='line_1_74' title="bbox 1762 4528 3361 4596; baseline -0.004 -16"><span class='ocrx_word' id='word_1_584' title='bbox 1762 4533 1975 4581; x_wconf 85' lang='lat' dir='ltr'>vineam</span> <span class='ocrx_word' id='word_1_585' title='bbox 1999 4532 2344 4596; x_wconf 79' lang='lat' dir='ltr'>frugiferam,</span> <span class='ocrx_word' id='word_1_586' title='bbox 2364 4538 2527 4581; x_wconf 88' lang='lat' dir='ltr'>lotam</span> <span class='ocrx_word' id='word_1_587' title='bbox 2548 4533 2797 4596; x_wconf 84' lang='lat' dir='ltr'>feracem,</span> <span class='ocrx_word' id='word_1_588' title='bbox 2823 4528 3090 4595; x_wconf 87' lang='lat' dir='ltr'>quomodo</span> <span class='ocrx_word' id='word_1_589' title='bbox 3106 4540 3361 4576; x_wconf 85' lang='lat' dir='ltr'>conversa</span> 
     </span>
    </p>
   </div>
   <div class='ocr_carea' id='block_1_75' title="bbox 1760 4620 3019 4684">
    <p class='ocr_par' dir='ltr' id='par_1_75' title="bbox 1760 4620 3019 4684">
     <span class='ocr_line' id='line_1_75' title="bbox 1760 4620 3019 4684; baseline 0 -15"><span class='ocrx_word' id='word_1_590' title='bbox 1760 4636 1810 4670; x_wconf 86' lang='lat' dir='ltr'>es</span> <span class='ocrx_word' id='word_1_591' title='bbox 1834 4621 1896 4669; x_wconf 87' lang='lat' dir='ltr'>in</span> <span class='ocrx_word' id='word_1_592' title='bbox 1919 4620 2352 4670; x_wconf 80' lang='lat' dir='ltr'>amaritudinem</span> <span class='ocrx_word' id='word_1_593' title='bbox 2380 4621 2519 4670; x_wconf 78' lang='lat' dir='ltr'>ciliis</span> <span class='ocrx_word' id='word_1_594' title='bbox 2542 4621 2730 4670; x_wconf 62' lang='lat' dir='ltr'>aliena</span> <span class='ocrx_word' id='word_1_595' title='bbox 2758 4620 2882 4684; x_wconf 84' lang='lat' dir='ltr'>(Jer.</span> <span class='ocrx_word' id='word_1_596' title='bbox 2907 4620 3019 4682; x_wconf 81' lang='lat'>2.)?</span> 
     </span>
    </p>
   </div>
   <div class='ocr_carea' id='block_1_76' title="bbox 1823 4706 3361 4775">
    <p class='ocr_par' dir='ltr' id='par_1_76' title="bbox 1823 4706 3361 4775">
     <span class='ocr_line' id='line_1_76' title="bbox 1823 4706 3361 4775; baseline -0.008 -12"><span class='ocrx_word' id='word_1_597' title='bbox 1823 4708 1874 4763; x_wconf 71' lang='grc'>2.</span> <span class='ocrx_word' id='word_1_598' title='bbox 1904 4709 2235 4762; x_wconf 86' lang='lat' dir='ltr'>Secundum</span> <span class='ocrx_word' id='word_1_599' title='bbox 2270 4711 2566 4775; x_wconf 67' lang='lat' dir='ltr'>Mysticam</span> <span class='ocrx_word' id='word_1_600' title='bbox 2596 4723 2727 4763; x_wconf 85' lang='lat' dir='ltr'>vero</span> <span class='ocrx_word' id='word_1_601' title='bbox 2754 4709 3131 4771; x_wconf 79' lang='lat' dir='ltr'>intelligentiam</span> <span class='ocrx_word' id='word_1_602' title='bbox 3167 4706 3361 4754; x_wconf 86' lang='lat' dir='ltr'>videtur</span> 
     </span>
    </p>
   </div>
   <div class='ocr_carea' id='block_1_77' title="bbox 1760 4798 3356 4865">
    <p class='ocr_par' dir='ltr' id='par_1_77' title="bbox 1760 4798 3356 4865">
     <span class='ocr_line' id='line_1_77' title="bbox 1760 4798 3356 4865; baseline -0.003 -16"><span class='ocrx_word' id='word_1_603' title='bbox 1760 4798 1897 4849; x_wconf 90' lang='lat' dir='ltr'>mihi</span> <span class='ocrx_word' id='word_1_604' title='bbox 1916 4799 2115 4851; x_wconf 85' lang='lat' dir='ltr'>Ruben</span> <span class='ocrx_word' id='word_1_605' title='bbox 2135 4800 2334 4863; x_wconf 88' lang='lat' dir='ltr'>prioris</span> <span class='ocrx_word' id='word_1_606' title='bbox 2346 4813 2416 4865; x_wconf 93' lang='lat' dir='ltr'>po</span> <span class='ocrx_word' id='word_1_607' title='bbox 2425 4800 2538 4864; x_wconf 92' lang='lat' dir='ltr'>puli</span> <span class='ocrx_word' id='word_1_608' title='bbox 2550 4802 2576 4850; x_wconf 82' lang='lat' dir='ltr'>.l</span> <span class='ocrx_word' id='word_1_609' title='bbox 2585 4800 2881 4851; x_wconf 71' lang='lat' dir='ltr'>udasorum</span> <span class='ocrx_word' id='word_1_610' title='bbox 2895 4798 3037 4851; x_wconf 84' lang='lat' dir='ltr'>ferre</span> <span class='ocrx_word' id='word_1_611' title='bbox 3053 4807 3224 4862; x_wconf 87' lang='lat' dir='ltr'>posse</span> <span class='ocrx_word' id='word_1_612' title='bbox 3239 4806 3356 4859; x_wconf 89' lang='lat' dir='ltr'>per-</span> 
     </span>
    </p>
   </div>
   <div class='ocr_carea' id='block_1_78' title="bbox 77 4870 3362 4973">
    <p class='ocr_par' dir='ltr' id='par_1_78' title="bbox 77 4870 3362 4973">
     <span class='ocr_line' id='line_1_78' title="bbox 77 4870 3362 4973; baseline -0.001 -36"><span class='ocrx_word' id='word_1_613' title='bbox 77 4888 130 4938; x_wconf 91' lang='lat' dir='ltr'>in</span> <span class='ocrx_word' id='word_1_614' title='bbox 159 4887 346 4951; x_wconf 87' lang='lat' dir='ltr'>initiis,</span> <span class='ocrx_word' id='word_1_615' title='bbox 360 4886 544 4938; x_wconf 83' lang='lat' dir='ltr'>laudis</span> <span class='ocrx_word' id='word_1_616' title='bbox 560 4888 611 4939; x_wconf 90' lang='lat' dir='ltr'>ei</span> <span class='ocrx_word' id='word_1_617' title='bbox 635 4888 852 4952; x_wconf 91' lang='lat' dir='ltr'>aliquid</span> <span class='ocrx_word' id='word_1_618' title='bbox 870 4889 1447 4953; x_wconf 88' lang='lat' dir='ltr'>videturadscribere,</span> <span class='ocrx_word' id='word_1_619' title='bbox 1474 4892 1669 4973; x_wconf 56' lang='lat' dir='ltr'>dicens,</span> <span class='ocrx_word' id='word_1_620' title='bbox 1689 4870 1748 4945; x_wconf 90' lang='lat' dir='ltr'>D</span> <span class='ocrx_word' id='word_1_621' title='bbox 1772 4900 1991 4946; x_wconf 85' lang='lat' dir='ltr'>sonam,</span> <span class='ocrx_word' id='word_1_622' title='bbox 2016 4888 2114 4953; x_wconf 88' lang='lat' dir='ltr'>qui</span> <span class='ocrx_word' id='word_1_623' title='bbox 2136 4893 2191 4941; x_wconf 88' lang='lat' dir='ltr'>et</span> <span class='ocrx_word' id='word_1_624' title='bbox 2210 4889 2623 4955; x_wconf 80' lang='lat' dir='ltr'>primogenitus</span> <span class='ocrx_word' id='word_1_625' title='bbox 2646 4895 2752 4949; x_wconf 89' lang='lat' dir='ltr'>est,</span> <span class='ocrx_word' id='word_1_626' title='bbox 2776 4893 2833 4941; x_wconf 89' lang='lat' dir='ltr'>et</span> <span class='ocrx_word' id='word_1_627' title='bbox 2863 4889 3088 4941; x_wconf 90' lang='lat' dir='ltr'>initium</span> <span class='ocrx_word' id='word_1_628' title='bbox 3114 4884 3362 4938; x_wconf 79' lang='lat' dir='ltr'>filiorum</span> 
     </span>
    </p>
   </div>
   <div class='ocr_carea' id='block_1_79' title="bbox 135 5028 1657 5095">
    <p class='ocr_par' dir='ltr' id='par_1_79' title="bbox 135 5028 1657 5095">
     <span class='ocr_line' id='line_1_79' title="bbox 135 5028 1657 5095; baseline 0.002 -15"><span class='ocrx_word' id='word_1_629' title='bbox 135 5039 150 5058; x_wconf 91' lang='grc'><strong>·</strong></span> <span class='ocrx_word' id='word_1_630' title='bbox 181 5028 334 5090; x_wconf 88' lang='lat' dir='ltr'>Quod</span> <span class='ocrx_word' id='word_1_631' title='bbox 344 5029 599 5083; x_wconf 81' lang='lat' dir='ltr'>maxima</span> <span class='ocrx_word' id='word_1_632' title='bbox 612 5042 685 5083; x_wconf 81' lang='lat' dir='ltr'>ex</span> <span class='ocrx_word' id='word_1_633' title='bbox 710 5034 886 5095; x_wconf 90' lang='lat' dir='ltr'>parte,</span> <span class='ocrx_word' id='word_1_634' title='bbox 914 5032 1035 5083; x_wconf 89' lang='lat' dir='ltr'>sive</span> <span class='ocrx_word' id='word_1_635' title='bbox 1054 5044 1263 5084; x_wconf 90' lang='lat' dir='ltr'>novem</span> <span class='ocrx_word' id='word_1_636' title='bbox 1273 5032 1343 5083; x_wconf 93' lang='lat' dir='ltr'>de</span> <span class='ocrx_word' id='word_1_637' title='bbox 1357 5032 1657 5084; x_wconf 90' lang='lat' dir='ltr'>duodecim</span> 
     </span>
    </p>
   </div>
   <div class='ocr_carea' id='block_1_80' title="bbox 81 5098 1657 5167">
    <p class='ocr_par' dir='ltr' id='par_1_80' title="bbox 81 5098 1657 5167">
     <span class='ocr_line' id='line_1_80' title="bbox 81 5098 1657 5167; baseline 0.004 -19"><span class='ocrx_word' id='word_1_638' title='bbox 81 5098 195 5151; x_wconf 83' lang='lat' dir='ltr'>ﬁliis</span> <span class='ocrx_word' id='word_1_639' title='bbox 225 5099 343 5151; x_wconf 91' lang='lat' dir='ltr'>suis</span> <span class='ocrx_word' id='word_1_640' title='bbox 372 5101 548 5152; x_wconf 83' lang='lat' dir='ltr'>Jacob</span> <span class='ocrx_word' id='word_1_641' title='bbox 575 5102 941 5159; x_wconf 85' lang='lat' dir='ltr'>benedixerit,</span> <span class='ocrx_word' id='word_1_642' title='bbox 972 5104 1201 5155; x_wconf 85' lang='lat' dir='ltr'>tametsi</span> <span class='ocrx_word' id='word_1_643' title='bbox 1238 5104 1436 5167; x_wconf 90' lang='lat' dir='ltr'>primis</span> <span class='ocrx_word' id='word_1_644' title='bbox 1475 5104 1657 5155; x_wconf 87' lang='lat' dir='ltr'>tribus</span> 
     </span>
    </p>
   </div>
   <div class='ocr_carea' id='block_1_81' title="bbox 83 5172 1658 5237">
    <p class='ocr_par' dir='ltr' id='par_1_81' title="bbox 83 5172 1658 5237">
     <span class='ocr_line' id='line_1_81' title="bbox 83 5172 1658 5237; baseline 0.003 -17"><span class='ocrx_word' id='word_1_645' title='bbox 83 5172 279 5225; x_wconf 77' lang='lat' dir='ltr'>Ruben.</span> <span class='ocrx_word' id='word_1_646' title='bbox 306 5173 549 5222; x_wconf 87' lang='lat' dir='ltr'>Simeoni</span> <span class='ocrx_word' id='word_1_647' title='bbox 575 5184 642 5223; x_wconf 91' lang='lat' dir='ltr'>ac</span> <span class='ocrx_word' id='word_1_648' title='bbox 684 5173 821 5225; x_wconf 91' lang='lat' dir='ltr'>Levi</span> <span class='ocrx_word' id='word_1_649' title='bbox 864 5173 1010 5224; x_wconf 85' lang='lat' dir='ltr'>nihil</span> <span class='ocrx_word' id='word_1_650' title='bbox 1057 5174 1248 5225; x_wconf 92' lang='lat' dir='ltr'>minus</span> <span class='ocrx_word' id='word_1_651' title='bbox 1271 5187 1443 5237; x_wconf 89' lang='lat' dir='ltr'>quam</span> <span class='ocrx_word' id='word_1_652' title='bbox 1472 5176 1658 5226; x_wconf 83' lang='lat' dir='ltr'>fausta</span> 
     </span>
    </p>
   </div>
   <div class='ocr_carea' id='block_1_82' title="bbox 82 5243 1658 5308">
    <p class='ocr_par' dir='ltr' id='par_1_82' title="bbox 82 5243 1658 5308">
     <span class='ocr_line' id='line_1_82' title="bbox 82 5243 1658 5308; baseline 0.003 -17"><span class='ocrx_word' id='word_1_653' title='bbox 82 5248 453 5307; x_wconf 72' lang='lat' dir='ltr'>comprecatus</span> <span class='ocrx_word' id='word_1_654' title='bbox 466 5243 557 5305; x_wconf 88' lang='lat' dir='ltr'>sit,</span> <span class='ocrx_word' id='word_1_655' title='bbox 572 5245 910 5308; x_wconf 77' lang='lat' dir='ltr'>jampridem</span> <span class='ocrx_word' id='word_1_656' title='bbox 931 5244 1085 5308; x_wconf 90' lang='lat' dir='ltr'>apud</span> <span class='ocrx_word' id='word_1_657' title='bbox 1107 5246 1375 5297; x_wconf 69' lang='lat' dir='ltr'>Ecclesiae</span> <span class='ocrx_word' id='word_1_658' title='bbox 1390 5249 1551 5293; x_wconf 78' lang='lat' dir='ltr'>Patres</span> <span class='ocrx_word' id='word_1_659' title='bbox 1565 5249 1658 5295; x_wconf 86' lang='lat' dir='ltr'>ob-</span> 
     </span>
    </p>
   </div>
   <div class='ocr_carea' id='block_1_83' title="bbox 84 5315 1657 5377">
    <p class='ocr_par' dir='ltr' id='par_1_83' title="bbox 84 5315 1657 5377">
     <span class='ocr_line' id='line_1_83' title="bbox 84 5315 1657 5377; baseline 0.003 -16"><span class='ocrx_word' id='word_1_660' title='bbox 84 5315 254 5375; x_wconf 81' lang='lat' dir='ltr'>tinuit,</span> <span class='ocrx_word' id='word_1_661' title='bbox 278 5318 343 5365; x_wconf 83' lang='lat' dir='ltr'>ut</span> <span class='ocrx_word' id='word_1_662' title='bbox 369 5315 685 5377; x_wconf 66' lang='lat' dir='ltr'>PrOphetiw</span> <span class='ocrx_word' id='word_1_663' title='bbox 710 5317 838 5374; x_wconf 72' lang='grc' dir='ltr'>ίιιεε,</span> <span class='ocrx_word' id='word_1_664' title='bbox 856 5317 1376 5367; x_wconf 81' lang='lat' dir='ltr'>Benedictionelel.</span> <span class='ocrx_word' id='word_1_665' title='bbox 1403 5317 1657 5366; x_wconf 74' lang='lat' dir='ltr'>Palriar-</span> 
     </span>
    </p>
   </div>
   <div class='ocr_carea' id='block_1_84' title="bbox 82 5385 1656 5440">
    <p class='ocr_par' dir='ltr' id='par_1_84' title="bbox 82 5385 1656 5440">
     <span class='ocr_line' id='line_1_84' title="bbox 82 5385 1656 5440; baseline 0.006 -9"><span class='ocrx_word' id='word_1_666' title='bbox 82 5387 292 5434; x_wconf 82' lang='lat' dir='ltr'>charum</span> <span class='ocrx_word' id='word_1_667' title='bbox 337 5385 618 5437; x_wconf 89' lang='lat' dir='ltr'>dicantur.</span> <span class='ocrx_word' id='word_1_668' title='bbox 646 5386 819 5438; x_wconf 84' lang='lat' dir='ltr'>Addit</span> <span class='ocrx_word' id='word_1_669' title='bbox 841 5387 1087 5439; x_wconf 80' lang='lat' dir='ltr'>Rufinus</span> <span class='ocrx_word' id='word_1_670' title='bbox 1108 5388 1275 5439; x_wconf 87' lang='lat' dir='ltr'>aliam</span> <span class='ocrx_word' id='word_1_671' title='bbox 1292 5400 1558 5439; x_wconf 86' lang='lat' dir='ltr'>caussam</span> <span class='ocrx_word' id='word_1_672' title='bbox 1583 5402 1656 5440; x_wconf 84' lang='lat' dir='ltr'>ex</span> 
     </span>
    </p>
   </div>
   <div class='ocr_carea' id='block_1_85' title="bbox 86 5458 1655 5523">
    <p class='ocr_par' dir='ltr' id='par_1_85' title="bbox 86 5458 1655 5523">
     <span class='ocr_line' id='line_1_85' title="bbox 86 5458 1655 5523; baseline 0.005 -20"><span class='ocrx_word' id='word_1_673' title='bbox 86 5469 226 5507; x_wconf 81' lang='lat' dir='ltr'>sacro</span> <span class='ocrx_word' id='word_1_674' title='bbox 268 5459 387 5519; x_wconf 84' lang='lat' dir='ltr'>ipso</span> <span class='ocrx_word' id='word_1_675' title='bbox 434 5459 641 5519; x_wconf 84' lang='lat' dir='ltr'>Textu,</span> <span class='ocrx_word' id='word_1_676' title='bbox 687 5458 783 5508; x_wconf 84' lang='lat' dir='ltr'>ubi</span> <span class='ocrx_word' id='word_1_677' title='bbox 827 5458 1052 5515; x_wconf 85' lang='lat' dir='ltr'>dicitur,</span> <span class='ocrx_word' id='word_1_678' title='bbox 1072 5459 1458 5523; x_wconf 70' lang='lat' dir='ltr'>Benedixitque</span> <span class='ocrx_word' id='word_1_679' title='bbox 1479 5460 1655 5511; x_wconf 86' lang='lat' dir='ltr'>Jacob</span> 
     </span>
    </p>
   </div>
   <div class='ocr_carea' id='block_1_86' title="bbox 86 5528 1655 5593">
    <p class='ocr_par' dir='ltr' id='par_1_86' title="bbox 86 5528 1655 5593">
     <span class='ocr_line' id='line_1_86' title="bbox 86 5528 1655 5593; baseline 0.006 -21"><span class='ocrx_word' id='word_1_680' title='bbox 86 5528 303 5587; x_wconf 69' lang='lat' dir='ltr'>singulis,</span> <span class='ocrx_word' id='word_1_681' title='bbox 332 5529 796 5578; x_wconf 70' lang='lat' dir='ltr'>Benedictionibus</span> <span class='ocrx_word' id='word_1_682' title='bbox 838 5530 1101 5593; x_wconf 80' lang='lat' dir='ltr'>prapriis.</span> <span class='ocrx_word' id='word_1_683' title='bbox 1145 5531 1321 5582; x_wconf 85' lang='lat' dir='ltr'>Probe</span> <span class='ocrx_word' id='word_1_684' title='bbox 1357 5535 1551 5582; x_wconf 79' lang='lat' dir='ltr'>autem</span> <span class='ocrx_word' id='word_1_685' title='bbox 1581 5543 1655 5582; x_wconf 82' lang='lat' dir='ltr'>ex</span> 
     </span>
    </p>
   </div>
   <div class='ocr_carea' id='block_1_87' title="bbox 85 5599 1655 5665">
    <p class='ocr_par' dir='ltr' id='par_1_87' title="bbox 85 5599 1655 5665">
     <span class='ocr_line' id='line_1_87' title="bbox 85 5599 1655 5665; baseline 0.003 -18"><span class='ocrx_word' id='word_1_686' title='bbox 85 5612 257 5650; x_wconf 70' lang='lat' dir='ltr'>earum</span> <span class='ocrx_word' id='word_1_687' title='bbox 281 5599 790 5664; x_wconf 70' lang='lat' dir='ltr'>signiﬁcationibus</span> <span class='ocrx_word' id='word_1_688' title='bbox 813 5605 993 5661; x_wconf 84' lang='lat' dir='ltr'>notat,</span> <span class='ocrx_word' id='word_1_689' title='bbox 1013 5602 1334 5665; x_wconf 76' lang='lat' dir='ltr'>Prophelias</span> <span class='ocrx_word' id='word_1_690' title='bbox 1346 5602 1655 5653; x_wconf 63' lang='lat' dir='ltr'>vocaud&#39;is.</span> 
     </span>
    </p>
   </div>
   <div class='ocr_carea' id='block_1_88' title="bbox 88 5670 1657 5735">
    <p class='ocr_par' dir='ltr' id='par_1_88' title="bbox 88 5670 1657 5735">
     <span class='ocr_line' id='line_1_88' title="bbox 88 5670 1657 5735; baseline 0.004 -17"><span class='ocrx_word' id='word_1_691' title='bbox 88 5670 136 5719; x_wconf 92' lang='lat' dir='ltr'>ld</span> <span class='ocrx_word' id='word_1_692' title='bbox 154 5672 200 5721; x_wconf 89' lang='lat' dir='ltr'>S.</span> <span class='ocrx_word' id='word_1_693' title='bbox 224 5682 448 5734; x_wconf 88' lang='lat' dir='ltr'>quoque</span> <span class='ocrx_word' id='word_1_694' title='bbox 480 5672 834 5731; x_wconf 85' lang='lat' dir='ltr'>Ambrosius,</span> <span class='ocrx_word' id='word_1_695' title='bbox 859 5676 925 5723; x_wconf 92' lang='lat' dir='ltr'>ut</span> <span class='ocrx_word' id='word_1_696' title='bbox 943 5671 1084 5723; x_wconf 87' lang='lat' dir='ltr'>alios</span> <span class='ocrx_word' id='word_1_697' title='bbox 1108 5685 1264 5723; x_wconf 90' lang='lat' dir='ltr'>nunc</span> <span class='ocrx_word' id='word_1_698' title='bbox 1278 5677 1514 5735; x_wconf 86' lang='lat' dir='ltr'>taceam,</span> <span class='ocrx_word' id='word_1_699' title='bbox 1540 5686 1657 5725; x_wconf 88' lang='lat' dir='ltr'>ma-</span> 
     </span>
    </p>
   </div>
   <div class='ocr_carea' id='block_1_89' title="bbox 84 5739 1652 5806">
    <p class='ocr_par' dir='ltr' id='par_1_89' title="bbox 84 5739 1652 5806">
     <span class='ocr_line' id='line_1_89' title="bbox 84 5739 1652 5806; baseline 0.001 -15"><span class='ocrx_word' id='word_1_700' title='bbox 84 5739 277 5794; x_wconf 81' lang='lat' dir='ltr'>luisset.</span> <span class='ocrx_word' id='word_1_701' title='bbox 303 5743 506 5806; x_wconf 83' lang='lat' dir='ltr'>Merito,</span> <span class='ocrx_word' id='word_1_702' title='bbox 533 5742 735 5806; x_wconf 76' lang='lat' dir='ltr'>inquit,</span> <span class='ocrx_word' id='word_1_703' title='bbox 764 5743 942 5806; x_wconf 83' lang='lat' dir='ltr'>magis</span> <span class='ocrx_word' id='word_1_704' title='bbox 970 5744 1652 5794; x_wconf 75' lang='lat' dir='ltr'>annuntiutionemeorum</span> 
     </span>
    </p>
   </div>
   <div class='ocr_carea' id='block_1_90' title="bbox 88 5814 1653 5880">
    <p class='ocr_par' dir='ltr' id='par_1_90' title="bbox 88 5814 1653 5880">
     <span class='ocr_line' id='line_1_90' title="bbox 88 5814 1653 5880; baseline 0.001 -17"><span class='ocrx_word' id='word_1_705' title='bbox 88 5828 187 5876; x_wconf 59' lang='lat' dir='ltr'>quae</span> <span class='ocrx_word' id='word_1_706' title='bbox 203 5814 571 5878; x_wconf 70' lang='lat' dir='ltr'>posterioribus</span> <span class='ocrx_word' id='word_1_707' title='bbox 591 5819 753 5864; x_wconf 79' lang='lat' dir='ltr'>essent</span> <span class='ocrx_word' id='word_1_708' title='bbox 775 5820 1007 5864; x_wconf 86' lang='lat' dir='ltr'>ventura</span> <span class='ocrx_word' id='word_1_709' title='bbox 1021 5814 1360 5880; x_wconf 79' lang='lat' dir='ltr'>temporibus,</span> <span class='ocrx_word' id='word_1_710' title='bbox 1375 5830 1544 5879; x_wconf 84' lang='lat' dir='ltr'>quam</span> <span class='ocrx_word' id='word_1_711' title='bbox 1562 5817 1653 5866; x_wconf 85' lang='lat' dir='ltr'>Be-</span> 
     </span>
    </p>
   </div>
   <div class='ocr_carea' id='block_1_91' title="bbox 1756 5029 3359 5099">
    <p class='ocr_par' dir='ltr' id='par_1_91' title="bbox 1756 5029 3359 5099">
     <span class='ocr_line' id='line_1_91' title="bbox 1756 5029 3359 5099; baseline -0.001 -20"><span class='ocrx_word' id='word_1_712' title='bbox 1756 5030 2110 5079; x_wconf 85' lang='lat' dir='ltr'>nedictionem</span> <span class='ocrx_word' id='word_1_713' title='bbox 2146 5031 2385 5093; x_wconf 77' lang='lat' dir='ltr'>conferre</span> <span class='ocrx_word' id='word_1_714' title='bbox 2427 5048 2479 5082; x_wconf 85' lang='lat' dir='ltr'>se</span> <span class='ocrx_word' id='word_1_715' title='bbox 2502 5033 2648 5084; x_wconf 82' lang='lat' dir='ltr'>dicit.</span> <span class='ocrx_word' id='word_1_716' title='bbox 2696 5035 2764 5084; x_wconf 88' lang='lat' dir='ltr'>Et</span> <span class='ocrx_word' id='word_1_717' title='bbox 2787 5032 2958 5099; x_wconf 84' lang='lat' dir='ltr'>paulo</span> <span class='ocrx_word' id='word_1_718' title='bbox 2995 5035 3140 5097; x_wconf 89' lang='lat' dir='ltr'>post,</span> <span class='ocrx_word' id='word_1_719' title='bbox 3175 5035 3219 5079; x_wconf 84' lang='lat' dir='ltr'>et</span> <span class='ocrx_word' id='word_1_720' title='bbox 3242 5029 3359 5078; x_wconf 84' lang='lat' dir='ltr'>ideo</span> 
     </span>
    </p>
   </div>
   <div class='ocr_carea' id='block_1_92' title="bbox 1757 5101 3359 5169">
    <p class='ocr_par' dir='ltr' id='par_1_92' title="bbox 1757 5101 3359 5169">
     <span class='ocr_line' id='line_1_92' title="bbox 1757 5101 3359 5169; baseline 0 -20"><span class='ocrx_word' id='word_1_721' title='bbox 1757 5101 2048 5165; x_wconf 83' lang='lat' dir='ltr'>Prophetia</span> <span class='ocrx_word' id='word_1_722' title='bbox 2061 5102 2237 5164; x_wconf 87' lang='lat' dir='ltr'>magis</span> <span class='ocrx_word' id='word_1_723' title='bbox 2252 5118 2417 5166; x_wconf 88' lang='lat' dir='ltr'>quam</span> <span class='ocrx_word' id='word_1_724' title='bbox 2436 5105 2739 5154; x_wconf 83' lang='lat' dir='ltr'>Benedictio</span> <span class='ocrx_word' id='word_1_725' title='bbox 2783 5109 2871 5156; x_wconf 80' lang='lat' dir='ltr'>est.</span> <span class='ocrx_word' id='word_1_726' title='bbox 2898 5103 3192 5169; x_wconf 79' lang='lat' dir='ltr'>Prophetia</span> <span class='ocrx_word' id='word_1_727' title='bbox 3208 5101 3359 5151; x_wconf 86' lang='lat' dir='ltr'>enim</span> 
     </span>
    </p>
   </div>
   <div class='ocr_carea' id='block_1_93' title="bbox 1757 5172 3351 5238">
    <p class='ocr_par' dir='ltr' id='par_1_93' title="bbox 1757 5172 3351 5238">
     <span class='ocr_line' id='line_1_93' title="bbox 1757 5172 3351 5238; baseline -0.002 -15"><span class='ocrx_word' id='word_1_728' title='bbox 1757 5189 1867 5223; x_wconf 85' lang='lat' dir='ltr'>ann</span> <span class='ocrx_word' id='word_1_729' title='bbox 1880 5173 2111 5220; x_wconf 87' lang='lat' dir='ltr'>unliatio</span> <span class='ocrx_word' id='word_1_730' title='bbox 2147 5172 2465 5233; x_wconf 82' lang='lat' dir='ltr'>futurorum</span> <span class='ocrx_word' id='word_1_731' title='bbox 2484 5182 2572 5238; x_wconf 82' lang='lat' dir='ltr'>est,</span> <span class='ocrx_word' id='word_1_732' title='bbox 2600 5176 2899 5225; x_wconf 82' lang='lat' dir='ltr'>Benedictio</span> <span class='ocrx_word' id='word_1_733' title='bbox 2919 5182 3099 5226; x_wconf 82' lang='lat' dir='ltr'>autem</span> <span class='ocrx_word' id='word_1_734' title='bbox 3118 5173 3351 5231; x_wconf 78' lang='lat' dir='ltr'>sanctiﬁ-</span> 
     </span>
    </p>
   </div>
   <div class='ocr_carea' id='block_1_94' title="bbox 1755 5243 2833 5305">
    <p class='ocr_par' dir='ltr' id='par_1_94' title="bbox 1755 5243 2833 5305">
     <span class='ocr_line' id='line_1_94' title="bbox 1755 5243 2833 5305; baseline 0 -11"><span class='ocrx_word' id='word_1_735' title='bbox 1755 5243 1985 5294; x_wconf 86' lang='lat' dir='ltr'>cationis</span> <span class='ocrx_word' id='word_1_736' title='bbox 2008 5247 2053 5289; x_wconf 81' lang='lat' dir='ltr'>et</span> <span class='ocrx_word' id='word_1_737' title='bbox 2074 5243 2385 5305; x_wconf 82' lang='lat' dir='ltr'>gratiarum</span> <span class='ocrx_word' id='word_1_738' title='bbox 2412 5247 2584 5293; x_wconf 86' lang='lat' dir='ltr'>votiva</span> <span class='ocrx_word' id='word_1_739' title='bbox 2607 5246 2833 5295; x_wconf 84' lang='lat' dir='ltr'>collatio.</span> 
     </span>
    </p>
   </div>
   <div class='ocr_carea' id='block_1_95' title="bbox 1818 5314 3357 5380">
    <p class='ocr_par' dir='ltr' id='par_1_95' title="bbox 1818 5314 3357 5380">
     <span class='ocr_line' id='line_1_95' title="bbox 1818 5314 3357 5380; baseline -0.003 -14"><span class='ocrx_word' id='word_1_740' title='bbox 1818 5316 1839 5344; x_wconf 88' lang='lat'><strong><em>&quot;</em></strong></span> <span class='ocrx_word' id='word_1_741' title='bbox 1873 5316 2073 5366; x_wconf 84' lang='lat' dir='ltr'>Denuo</span> <span class='ocrx_word' id='word_1_742' title='bbox 2096 5314 2146 5363; x_wconf 86' lang='lat' dir='ltr'>S.</span> <span class='ocrx_word' id='word_1_743' title='bbox 2164 5316 2524 5380; x_wconf 47' lang='lat' dir='ltr'>Ambrosiug</span> <span class='ocrx_word' id='word_1_744' title='bbox 2549 5318 2745 5374; x_wconf 69' lang='lat' dir='ltr'>Judaei,</span> <span class='ocrx_word' id='word_1_745' title='bbox 2763 5316 2966 5379; x_wconf 80' lang='lat' dir='ltr'>inquit.</span> <span class='ocrx_word' id='word_1_746' title='bbox 2990 5319 3193 5379; x_wconf 79' lang='lat' dir='ltr'>putent,</span> <span class='ocrx_word' id='word_1_747' title='bbox 3223 5314 3357 5376; x_wconf 84' lang='lat' dir='ltr'>quia</span> 
     </span>
    </p>
   </div>
   <div class='ocr_carea' id='block_1_96' title="bbox 1756 5385 3350 5452">
    <p class='ocr_par' dir='ltr' id='par_1_96' title="bbox 1756 5385 3350 5452">
     <span class='ocr_line' id='line_1_96' title="bbox 1756 5385 3350 5452; baseline 0 -18"><span class='ocrx_word' id='word_1_748' title='bbox 1756 5393 2036 5452; x_wconf 72' lang='lat' dir='ltr'>propterea</span> <span class='ocrx_word' id='word_1_749' title='bbox 2063 5385 2169 5433; x_wconf 58' lang='lat' dir='ltr'>hac</span> <span class='ocrx_word' id='word_1_750' title='bbox 2191 5401 2353 5435; x_wconf 64' lang='lat' dir='ltr'>senex</span> <span class='ocrx_word' id='word_1_751' title='bbox 2375 5388 2448 5436; x_wconf 82' lang='lat' dir='ltr'>ad</span> <span class='ocrx_word' id='word_1_752' title='bbox 2473 5388 2651 5436; x_wconf 79' lang='lat' dir='ltr'>Ruben</span> <span class='ocrx_word' id='word_1_753' title='bbox 2674 5388 2854 5451; x_wconf 78' lang='lat' dir='ltr'>ﬁlium</span> <span class='ocrx_word' id='word_1_754' title='bbox 2878 5388 3037 5449; x_wconf 80' lang='lat' dir='ltr'>dicat,</span> <span class='ocrx_word' id='word_1_755' title='bbox 3066 5386 3197 5449; x_wconf 81' lang='lat' dir='ltr'>quia</span> <span class='ocrx_word' id='word_1_756' title='bbox 3224 5400 3350 5434; x_wconf 85' lang='lat' dir='ltr'>eum</span> 
     </span>
    </p>
   </div>
   <div class='ocr_carea' id='block_1_97' title="bbox 1759 5456 3337 5519">
    <p class='ocr_par' dir='ltr' id='par_1_97' title="bbox 1759 5456 3337 5519">
     <span class='ocr_line' id='line_1_97' title="bbox 1759 5456 3337 5519; baseline -0.003 -12"><span class='ocrx_word' id='word_1_757' title='bbox 1759 5457 1892 5507; x_wconf 82' lang='lat' dir='ltr'>Bala</span> <span class='ocrx_word' id='word_1_758' title='bbox 1929 5456 2227 5506; x_wconf 81' lang='lat' dir='ltr'>concubina</span> <span class='ocrx_word' id='word_1_759' title='bbox 2263 5460 2434 5519; x_wconf 79' lang='lat' dir='ltr'>patris</span> <span class='ocrx_word' id='word_1_760' title='bbox 2456 5458 2756 5519; x_wconf 82' lang='lat' dir='ltr'>concubuit,</span> <span class='ocrx_word' id='word_1_761' title='bbox 2781 5464 2826 5507; x_wconf 87' lang='lat' dir='ltr'>et</span> <span class='ocrx_word' id='word_1_762' title='bbox 2851 5459 3068 5506; x_wconf 82' lang='lat' dir='ltr'>thorum</span> <span class='ocrx_word' id='word_1_763' title='bbox 3093 5456 3337 5518; x_wconf 79' lang='lat' dir='ltr'>patrium</span> 
     </span>
    </p>
   </div>
   <div class='ocr_carea' id='block_1_98' title="bbox 1752 5526 3345 5593">
    <p class='ocr_par' dir='ltr' id='par_1_98' title="bbox 1752 5526 3345 5593">
     <span class='ocr_line' id='line_1_98' title="bbox 1752 5526 3345 5593; baseline 0 -16"><span class='ocrx_word' id='word_1_764' title='bbox 1752 5529 1960 5593; x_wconf 79' lang='lat' dir='ltr'>polluit.</span> <span class='ocrx_word' id='word_1_765' title='bbox 1988 5527 2104 5579; x_wconf 74' lang='lat' dir='ltr'>Sed.</span> <span class='ocrx_word' id='word_1_766' title='bbox 2130 5532 2233 5579; x_wconf 89' lang='lat' dir='ltr'>etc.</span> <span class='ocrx_word' id='word_1_767' title='bbox 2263 5529 2421 5579; x_wconf 82' lang='lat' dir='ltr'>Paria</span> <span class='ocrx_word' id='word_1_768' title='bbox 2454 5530 2668 5580; x_wconf 89' lang='lat' dir='ltr'>habent</span> <span class='ocrx_word' id='word_1_769' title='bbox 2689 5528 2799 5580; x_wconf 85' lang='lat' dir='ltr'>alii.</span> <span class='ocrx_word' id='word_1_770' title='bbox 2832 5533 2887 5579; x_wconf 91' lang='lat' dir='ltr'>et</span> <span class='ocrx_word' id='word_1_771' title='bbox 2910 5527 3161 5579; x_wconf 90' lang='lat' dir='ltr'>ineditus</span> <span class='ocrx_word' id='word_1_772' title='bbox 3193 5526 3345 5590; x_wconf 84' lang='lat' dir='ltr'>apud</span> 
     </span>
    </p>
   </div>
   <div class='ocr_carea' id='block_1_99' title="bbox 1753 5598 3352 5663">
    <p class='ocr_par' dir='ltr' id='par_1_99' title="bbox 1753 5598 3352 5663">
     <span class='ocr_line' id='line_1_99' title="bbox 1753 5598 3352 5663; baseline -0.002 -13"><span class='ocrx_word' id='word_1_773' title='bbox 1753 5613 1859 5652; x_wconf 84' lang='lat' dir='ltr'>nos</span> <span class='ocrx_word' id='word_1_774' title='bbox 1882 5602 2111 5656; x_wconf 82' lang='lat' dir='ltr'>Auctor,</span> <span class='ocrx_word' id='word_1_775' title='bbox 2144 5600 2422 5663; x_wconf 74' lang='lat' dir='ltr'>Mani/este</span> <span class='ocrx_word' id='word_1_776' title='bbox 2446 5603 2510 5650; x_wconf 82' lang='lat' dir='ltr'>iis</span> <span class='ocrx_word' id='word_1_777' title='bbox 2534 5600 2701 5649; x_wconf 77' lang='lat' dir='ltr'>verbis</span> <span class='ocrx_word' id='word_1_778' title='bbox 2728 5600 2909 5648; x_wconf 78' lang='lat' dir='ltr'>incesti</span> <span class='ocrx_word' id='word_1_779' title='bbox 2938 5599 3139 5647; x_wconf 78' lang='lat' dir='ltr'>crimen</span> <span class='ocrx_word' id='word_1_780' title='bbox 3157 5638 3169 5661; x_wconf 76' lang='lat'>,</span> <span class='ocrx_word' id='word_1_781' title='bbox 3208 5598 3352 5661; x_wconf 85' lang='lat' dir='ltr'>quod</span> 
     </span>
    </p>
   </div>
   <div class='ocr_carea' id='block_1_100' title="bbox 1752 5670 3349 5737">
    <p class='ocr_par' dir='ltr' id='par_1_100' title="bbox 1752 5670 3349 5737">
     <span class='ocr_line' id='line_1_100' title="bbox 1752 5670 3349 5737; baseline 0 -18"><span class='ocrx_word' id='word_1_782' title='bbox 1752 5672 1838 5719; x_wconf 84' lang='lat' dir='ltr'>ille</span> <span class='ocrx_word' id='word_1_783' title='bbox 1862 5672 1921 5719; x_wconf 86' lang='lat' dir='ltr'>in</span> <span class='ocrx_word' id='word_1_784' title='bbox 1947 5670 2139 5718; x_wconf 64' lang='lat' dir='ltr'>Butam</span> <span class='ocrx_word' id='word_1_785' title='bbox 2160 5672 2512 5723; x_wconf 86' lang='lat' dir='ltr'>concubinam</span> <span class='ocrx_word' id='word_1_786' title='bbox 2529 5672 2801 5737; x_wconf 81' lang='lat' dir='ltr'>patrissui</span> <span class='ocrx_word' id='word_1_787' title='bbox 2815 5670 3110 5734; x_wconf 85' lang='lat' dir='ltr'>commisit,</span> <span class='ocrx_word' id='word_1_788' title='bbox 3124 5684 3349 5733; x_wconf 67' lang='lat' dir='ltr'>exagge-</span> 
     </span>
    </p>
   </div>
   <div class='ocr_carea' id='block_1_101' title="bbox 1754 5747 1933 5791">
    <p class='ocr_par' dir='ltr' id='par_1_101' title="bbox 1754 5747 1933 5791">
     <span class='ocr_line' id='line_1_101' title="bbox 1754 5747 1933 5791; baseline 0.006 -1"><span class='ocrx_word' id='word_1_789' title='bbox 1754 5747 1933 5791; x_wconf 82' lang='lat' dir='ltr'>ratur.</span> 
     </span>
    </p>
   </div>
  </div>
