3898 6402
551 342 656 402 315

1582 344 1829 396 RUFINI
1862 341 2355 405 AQUILEIENSIS
2389 347 2825 403 PRESBYTERI

3767 352 3869 411 316

549 454 699 509 Sicut
737 457 797 509 θι
840 452 1120 520 Propheta
1163 452 1323 507 dicit:
1372 451 1539 504 Israel
1565 453 1960 519 primogenitus
1999 468 2148 504 metu
2176 459 2231 531 Α
2252 466 2358 526 tur,
2394 462 2504 515 hoc
2531 464 2638 526 est,
2661 462 2903 515 visibilis
2926 468 2985 517 et
3006 462 3280 516 carnalis:
3304 462 3632 529 ipsecredo,
3647 462 3733 517 de
3751 476 3866 528 quo

549 543 741 608 (Exod.
788 543 879 608 4.).
927 545 1145 596 Primus
1182 555 1430 606 namque
1467 541 1577 595 illis
1600 542 1735 594 data
1760 547 1900 595 sunt
1923 542 2148 606 eloquia

548 634 669 686 Dei.
700 633 861 695 Quod
882 636 1074 686 autem
1115 631 1296 684 durus
1318 632 1486 683 fuerit
1507 632 1599 684 ille
1628 631 1875 696 populus
1895 636 1953 684 et
1984 635 2155 684 teme-

548 723 750 783 rarius,
804 723 1109 787 Scriptura)
1152 721 1532 772 denunciant:
1582 721 1721 772 dicit
1770 721 1926 773 enim
1971 722 2041 772 de
2071 722 2153 773 eis

548 812 843 876 PrOpheta,
922 811 1087 859 Omne
1146 810 1292 874 quod
1352 809 1595 873 loquitur
1652 810 1757 871 hie,
1816 811 2023 859 durum
2081 816 2155 859 est

544 901 713 962 (Isaias
754 900 844 963 8).
885 901 952 951 Et
989 899 1137 951 item
1180 899 1315 951 alibi
1340 898 1410 949 de
1444 899 1585 962 ipsis
1612 898 1778 950 dicit:
1814 900 1912 949 Vos
1937 914 2153 963 semper

547 989 690 1038 dura
731 988 926 1039 cervice
974 993 1021 1037 et
1054 1003 1167 1037 non
1198 988 1502 1037 circumcisi
1536 987 1690 1037 corde
1727 988 1853 1051 (Act.
1881 988 1970 1050 7.).
2001 989 2152 1040 Patri

549 1091 683 1130 vero
718 1080 833 1129 Deo
876 1077 1150 1142 irrogavit.
1191 1077 1451 1141 injurias,
1476 1089 1608 1129 cum
1632 1078 1914 1130 convertit
1936 1078 2007 1130 ad
2020 1091 2154 1131 eum

546 1167 784 1219 dorsum
807 1179 997 1227 suum,
1023 1169 1080 1219 et
1103 1179 1223 1220 non
1245 1176 1264 1196 ⁸
1290 1166 1490 1218 faciem
1513 1178 1683 1219 suam
1709 1168 1837 1228 (Jer.
1872 1166 1962 1230 2.).
2004 1169 2154 1220 Tho-

554 1270 685 1309 rum
705 1262 903 1309 autem
919 1257 1255 1309 concubinae
1268 1256 1490 1321 polluit,
1514 1269 1688 1320 quem
1703 1257 1979 1319 ascendit,
1998 1260 2048 1307 id
2060 1264 2151 1322 est,

544 1346 738 1411 legem
768 1347 980 1398 veteris
996 1347 1365 1407 Testamenti,
1388 1359 1560 1410 quam
1598 1360 1751 1411 saepe
1783 1350 2154 1410 praevaricando

541 1435 874 1487 maculavit.
915 1436 1077 1496 Quod
1108 1439 1306 1487 autem
1336 1436 1398 1486 in
1431 1436 1768 1488 concubinis
1801 1449 2045 1501 persona
2062 1436 2155 1489 lex

545 1525 753 1577 veteris
780 1524 1134 1576 Testamenti
1158 1528 1422 1589 ponatur,
1441 1524 1651 1576 Paulus
1676 1526 1905 1577 edocuit
1924 1525 2152 1581 dicens:

545 1613 831 1664 Abraham
866 1613 998 1662 duos
1011 1613 1151 1677 filios
1179 1612 1366 1663 habuit
1390 1628 1567 1663 unum
1586 1614 1876 1676 deancilla,
1902 1619 1947 1664 et
1978 1630 2155 1665 unum

2258 552 2395 605 dicit
2406 552 2729 617 Apostolus,
2748 554 2967 603 Primus
2986 555 3141 603 homo
3154 553 3215 603 de
3227 560 3370 604 terra
3383 559 3625 604 terrenus
3642 553 3693 619 (1
3708 592 3721 604 .
3747 554 3868 606 Cor.

2259 640 2381 705 15.).
2414 642 2523 693 Sed
2547 642 2765 704 etalibi,
2788 642 3004 691 Sienim
3020 643 3117 707 qui
3133 642 3357 703 videtur,
3376 648 3554 692 noster
3566 644 3740 693 homo
3753 658 3870 692 cor-

2253 732 2560 796 rumpitur;
2582 732 2671 781 sed
2688 732 2783 795 qui
2808 732 2956 780 intus
2971 737 3058 791 est,
3086 737 3375 781 renouatur
3408 732 3559 796 (Ibid.
3589 732 3662 795 4).
3694 733 3869 783 Hunc

2254 821 2502 872 eundem
2525 821 2625 884 qui
2651 820 2896 882 videtur,
2921 821 3264 873 exteriorem
3276 821 3857 886 hominemappellat.

2252 912 2321 962 Et
2348 910 2553 961 iterum
2574 911 2734 961 dicit:
2760 912 2900 968 Quia
2924 926 3033 959 non
3062 911 3308 974 primum
3331 911 3477 975 quod
3498 911 3757 975 spiritale
3780 916 3866 971 est,

2250 1000 2340 1049 sed
2385 1000 2532 1065 quod
2582 1000 2821 1049 animale
2865 1005 2936 1047 est
2977 999 3223 1064 primum
3270 999 3471 1064 (Ibid).
3494 1001 3641 1064 Ergo
3665 1002 3865 1053 omnis

2253 1089 2425 1141 homo
2447 1102 2576 1140 cum
2599 1089 2659 1140 in
2673 1089 2782 1140 hoc
2805 1088 3021 1141 mundo
3046 1089 3345 1140 carnaliter
3376 1088 3537 1152 vivit,
3567 1093 3624 1140 et
3653 1101 3867 1141 secun-

2253 1180 2393 1232 dum
2408 1193 2637 1232 carnem
2651 1185 2945 1232 movetur:
2964 1184 3021 1232 et
3042 1180 3262 1244 primus
3279 1186 3373 1230 est
3392 1179 3633 1231 carnalis
3658 1185 3862 1231 motus

2254 1269 2314 1321 in
2334 1270 2797 1334 concupiscentia
2819 1269 3088 1331 libidinis,
3105 1270 3196 1320 cui
3216 1269 3337 1332 jam
3362 1268 3562 1332 primas
3578 1268 3866 1333 juventu-

2254 1361 2329 1412 tis
2355 1366 2583 1426 tempus
2610 1360 2903 1420 obedierit,
2928 1360 3136 1412 durum
3162 1364 3218 1411 et
3232 1359 3596 1411 temerarium
3613 1361 3799 1422 simul,
3825 1368 3863 1407 et

2253 1451 2533 1503 lascivum
2549 1450 2840 1501 hominem
2852 1450 3055 1512 reddit,
3068 1449 3477 1501 ascendentem
3493 1449 3668 1501 etiam
3687 1461 3865 1512 super

2252 1540 2436 1591 cubile
2452 1540 2622 1604 patris
2635 1544 2692 1591 et
2712 1538 3064 1603 polluentem
3083 1538 3313 1589 thorum
3329 1541 3652 1603 paternum,
3670 1538 3737 1590 id
3757 1543 3860 1599 est,

2254 1629 2425 1681 etiam
2450 1630 2732 1693 praecepta
2760 1633 2816 1679 et
2836 1628 3054 1679 monita
3074 1630 3317 1676 naturalis
3343 1629 3489 1690 legis,
3524 1642 3641 1689 qum
3677 1630 3737 1676 in
3775 1642 3866 1675 no-

501 1753 504 1757 ,
545 1702 609 1752 de
650 1702 850 1752 libera:
901 1702 1007 1751 haec
1052 1706 1234 1750 autem
1288 1707 1415 1751 sunt
1462 1702 1788 1752 Testamenta
1816 1703 1949 1766 (Gal.
1977 1704 2069 1769 4.),
2094 1704 2148 1756 in

2255 1718 2343 1770 bis
2368 1723 2458 1770 est
2480 1716 2650 1782 (quod
2673 1729 2829 1769 nunc
2853 1721 3125 1782 paternus
3147 1716 3349 1769 thorus
3364 1716 3589 1780 dicitur)
3615 1719 3864 1778 praevari-

549 1803 663 1855 quo
687 1795 854 1856 Agar,
870 1802 1002 1854 qum
1022 1791 1340 1842 concubina
1355 1790 1480 1854 fuit,
1500 1792 1560 1843 in
1574 1793 1780 1845 veteris
1795 1794 2149 1847 Testamenti
2174 1782 2228 1857 B
2256 1812 2500 1859 cantem
2536 1809 2637 1859 Est,
2658 1806 2812 1858 enim
2842 1806 2992 1858 intra
3013 1818 3122 1858 nos
3158 1804 3253 1857 ιθχ
3287 1804 3557 1870 quadam
3588 1808 3859 1861 ιιιιιιι-ειίε,

548 1879 783 1943 ponitur
828 1883 981 1943 typo.
1024 1880 1150 1931 Una
1191 1879 1405 1933 etenim
1437 1885 1561 1932 erat
1602 1881 1848 1945 perfecta
1881 1883 2150 1935 columba

558 1964 672 2036 26
696 1966 1036 2032 genitrixve,
1056 1979 1190 2031 qum
1209 1968 1367 2032 virgo
1384 1971 1561 2032 casta,
1574 1970 1769 2033 regina
1785 1983 1995 2035 sponso
2015 1972 2149 2035 regi,

548 2054 802 2107 Ecclesia
829 2067 927 2120 per
954 2054 1331 2119 Evangelium
1347 2056 1613 2121 jungitur
1636 2056 1880 2110 Christo.

611 2142 663 2198 3.
701 2143 808 2197 Sed
829 2148 887 2196 et
899 2142 1124 2195 Moralis
1138 2144 1308 2195 nobis
1321 2144 1381 2196 in
1391 2144 1499 2197 hoc
1510 2144 1590 2197 ita
1615 2147 1950 2199 tractabitur
1973 2145 2153 2199 locus.

549 2233 750 2285 Ruben
768 2232 1177 2299 interpretatus
1201 2238 1291 2285 est
1319 2234 1653 2299 majoribus,
1680 2235 1701 2264 ι’
1721 2235 1872 2298 filius
1894 2236 1991 2301 qui
2013 2236 2159 2287 vide-

2250 1908 2383 1960 qum
2407 1895 2596 1960 arguit
2616 1907 3092 1960 unumquemque
3111 1895 3465 1959 peccantem,
3490 1898 3551 1947 et
3571 1893 3858 1947 malumsi

2252 1998 2381 2037 esse
2411 1985 2684 2050 suggerit,
2704 1985 2855 2049 quod
2878 1985 3173 2049 delinquit.
3200 1985 3396 2038 Cubile
3406 1996 3542 2050 ergo
3561 1983 3742 2049 Legis
3765 1983 3861 2035 hu-

2249 2074 2347 2140 jus
2370 2076 2623 2132 temerat,
2648 2086 2716 2125 ac
2745 2073 2940 2127 sedem
2958 2074 3156 2126 secreti
3171 2076 3297 2140 ejus
3316 2074 3588 2139 maculat,
3600 2073 3709 2139 qui
3729 2088 3859 2136 prae-

2255 2177 2385 2229 ceps
2406 2168 2463 2216 et
2484 2163 2721 2216 infrenis
2744 2164 2922 2216 fertur
2943 2164 3017 2217 ad
3050 2165 3207 2217 vitia.

1231 2404 2000 2501 BENEDICTIO
2070 2404 2549 2503 SIMEON
2613 2404 2777 2500 ET
2842 2404 3168 2505 LEVI.

612 2603 663 2660 1.
707 2614 953 2658 SYMEON
973 2608 1020 2655 et
1042 2615 1182 2657 LBV!
1196 2603 1419 2668 fratres,
1440 2604 1776 2670 perfecerunt
1809 2605 2156 2670 iniquitatem

548 2692 847 2744 voluntatis
860 2708 986 2745 suae.
1005 2695 1067 2744 In
1081 2693 1368 2745 consilium
1380 2709 1566 2743 eorum
1588 2708 1701 2743 non
1713 2694 1943 2744 introeat
1962 2695 2155 2745 anima

549 2797 687 2845 mea,
716 2789 761 2833 et
786 2783 1079 2848 injconsilio
1094 2798 1282 2833 eorum
1303 2795 1323 2817 °
1340 2783 1643 2833 invitentur
1653 2784 1853 2833 viscera
1869 2799 1987 2833 mea
2006 2784 2151 2849 (Gen.

552 2870 640 2927 49.
667 2870 717 2926 5.
752 2870 841 2935 6.).
871 2874 1160 2934 Quantum
1184 2870 1414 2935 quidem
1453 2872 1525 2924 ad
1566 2872 1862 2924 historiam
1894 2874 2152 2937 pertinet,

554 2960 787 3014 videtur
799 2962 971 3014 ‘illud
988 2975 1184 3015 eorum
1201 2962 1429 3027 culpare
1445 2964 1837 3022 commissum,
1856 2963 2009 3026 quod
2028 2964 2155 3014 Em-

549 3063 676 3104 mor
698 3051 877 3103 illium
897 3050 1166 3117 Sy'chem,
1194 3053 1290 3116 qui
1313 3056 1446 3118 post
1462 3054 1671 3105 sororis
1685 3066 1880 3105 eorum
1893 3051 2158 3104 concubi-

2255 2604 2411 2657 falsis
2430 2604 2671 2657 testibus
2687 2604 2978 2666 adhibitis,
2993 2605 3455 2658 coudemnabant
3472 2606 3505 2657 J
3507 2616 3699 2669 esum,
3726 2620 3853 2666 non,

2255 2692 2457 2758 inquit,
2486 2702 2505 2725 ⁶
2533 2695 2756 2743 invitent
2764 2710 2830 2743 ur
2852 2695 3053 2745 viscera
3074 2709 3211 2745 mea.
3232 2696 3357 2747 Non
3384 2694 3484 2746 tibi
3503 2694 3612 2746 hoc
3629 2694 3856 2747 videtur

2254 2781 2455 2844 dicere,
2504 2783 2745 2833 Mundus
2789 2799 2881 2848 ego
2914 2800 2951 2834 a
2993 2785 3261 2849 sanguine
3284 2783 3422 2849 justi
3447 2784 3612 2849 hujus
3636 2782 3855 2845 (Matth.

2249 2869 2388 2935 27.):
2416 2872 2669 2925 mundus
2693 2886 2797 2937 ego
2821 2886 2858 2925 a
2894 2874 3194 2937 sententia,
3214 2886 3389 2938 quam
3417 2872 3732 2926 decernitis
3758 2872 3855 2923 ad-

2252 2973 2488 3012 versum
2510 2961 2873 3014 innocentem
2887 2968 2909 3012 ?
2927 2964 3071 3023 Quia
3086 2964 3146 3012 in
3170 2964 3260 3013 ira
3284 2978 3406 3028 sua,
3428 2962 3631 3027 inquit,
3656 2962 3857 3012 occide-

2255 3054 2387 3099 runt
2400 3050 2657 3100 homines.
2680 3052 3083 3116 Requiro'quos
3101 3053 3363 3104 homines
3375 3052 3729 3115 occiderunt,
3746 3066 3853 3099 cum

551 3144 693 3201 tum,
712 3140 944 3194 familias
961 3142 1136 3194 Israel
1150 3141 1412 3195 voluerat
1423 3142 1644 3206 sociari,
1662 3141 1860 3195 fraude
1875 3146 1932 3194 et
1953 3132 2164 3206 circum:
2189 3126 2238 3201 C
2254 3142 2474 3190 certum
2498 3138 2571 3190 sit
2593 3145 2727 3193 ante
2739 3141 3066 3206 passionem
3078 3141 3325 3205 Domini,
3350 3142 3643 3194 nominem
3658 3143 3856 3189 creden-

549 3231 818 3283 ventione
837 3231 1378 3296 jugularunt,atque
1402 3244 1630 3283 omnem
1655 3231 1783 3295 ejus
1799 3230 2071 3296 populum
2084 3231 2145 3282 in

550 3320 927 3381 teremerunt,
939 3321 1171 3385 quando
1188 3325 1245 3374 et
1256 3322 1483 3374 dicebat
1495 3322 1577 3374 eis
1592 3324 1749 3386 pater
1763 3335 1966 3374 eorum
1977 3324 2126 3371 Israel
2142 3341 2153 3371 :

547 3409 687 3466 Quia
730 3408 981 3459 odibilem
1021 3424 1103 3459 me
1148 3410 1343 3473 fecistis
1386 3412 1444 3461 in
1490 3412 1585 3461 hoc
1612 3412 1818 3461 mundo
1843 3412 1996 3474 (Gen.
2022 3410 2153 3474 34.).

548 3497 917 3550 Maledictum
941 3512 1074 3564 ergo
1106 3512 1305 3551 eorum
1334 3499 1582 3552 furorem
1614 3502 1929 3553 temeritate
1950 3500 2159 3566 impre-

551 3589 737 3652 catur,
762 3591 820 3641 et
844 3587 1183 3642 dividendos
1206 3601 1303 3641 eos
1318 3602 1418 3654 per
1433 3588 1675 3655 populos
1692 3590 2158 3656 Israelprotesta-

554 3679 669 3739 tur,
696 3680 895 3741 utpote
918 3689 991 3729 ex
1015 3678 1157 3743 ipsis
1188 3678 1418 3731 Levitas
1445 3680 1501 3730 et
1533 3678 1867 3731 Sacerdotes
1908 3679 2152 3746 futuros,

547 3765 648 3832 qui
677 3770 891 3818 sortem
916 3770 1082 3819 terra
1111 3766 1507 3831 promissionis
1541 3780 1661 3820 non
1678 3768 2028 3822 habuerunt.

613 3852 663 3909 2.
692 3854 969 3920 Spiritalis
1011 3860 1209 3908 autem
1248 3856 1319 3908 de
1352 3856 1442 3908 his
1494 3856 1817 3922 explanatio
1854 3859 1982 3911 talis
2017 3858 2155 3911 mihi

550 3943 822 4008 quasdam
846 3957 1015 4009 posse
1037 3944 1264 3997 videtur
1285 3945 1487 4010 aptari,
1501 3946 1655 4010 quod
1681 3947 1926 4013 Symeon
1941 3953 2000 4001 et
2017 3949 2155 4001 Levi

546 4034 877 4087 Scribarum
900 4038 956 4087 et
980 4034 1396 4087 Pharisaeorum
1426 4036 1651 4088 Judaici
1693 4037 1886 4102 populi
1929 4038 2156 4102 possint

550 4122 697 4175 ferre
725 4135 1015 4187 personas,
1042 4124 1114 4176 de
1136 4124 1349 4187 quibus
1374 4125 1654 4190 scriptum
1683 4123 1793 4193 27
1845 4131 1969 4179 est:
2013 4127 2154 4186 Quia

543 4211 832 4261 consilium
855 4213 1094 4275 fecerunt
1119 4212 1313 4263 Scriba:
1336 4220 1382 4262 et
1406 4213 1689 4277 Pharisaei,
1718 4220 1774 4263 ut
1796 4214 1980 4264 Jesum
2035 4215 2154 4265 dolo

546 4305 779 4350 tenerent
803 4301 1013 4363 (Matth.
1039 4299 1168 4365 26.),
1197 4300 1268 4352 de
1292 4314 1407 4365 quo
1433 4301 1671 4354 consilio
1700 4315 1853 4354 nunc
1878 4303 2156 4355 dicitsan-

544 4392 694 4455 ctus,
726 4389 825 4454 qui
850 4393 1041 4442 mente
1070 4390 1254 4442 Deum
1277 4390 1538 4453 videbat;
1565 4391 1628 4440 In
1654 4391 1940 4441 consilium
1967 4408 2153 4441 eorum

543 4492 656 4529 non
679 4479 910 4529 introeat
933 4481 1127 4529 anima
1138 4494 1285 4540 mea;
1300 4486 1343 4529 et
1355 4480 1416 4530 in
1433 4480 1715 4530 consiliom
1727 4482 1994 4546 eorum,in
2011 4494 2142 4545 quo,

608 4654 627 4675 ⁸
659 4647 919 4700 Barmus
943 4647 1149 4701 vitiose
1171 4649 1407 4701 omnino
1424 4648 1611 4714 legere
1632 4649 1791 4701 visus
1813 4651 1919 4715 est,
1935 4666 2045 4700 non
2062 4650 2143 4714 fa-

545 4715 689 4767 ciens
732 4718 951 4784 bonum,
994 4730 1096 4783 pro
1119 4726 1165 4769 et
1187 4735 1299 4769 non
1322 4720 1514 4782 faciem
1529 4736 1689 4769 suam
1720 4733 1922 4785 :quam
1947 4722 2144 4774 lectio-

544 4799 678 4838 nem
720 4794 778 4841 et
832 4791 1072 4841 noverat
1105 4791 1229 4854 ipse
1278 4791 1489 4842 abaliis
1514 4791 1777 4855 praeferri,
1816 4793 1960 4845 etad
1984 4806 2141 4845 oram

544 4857 671 4909 libri
695 4860 904 4924 rejecit.
936 4861 1053 4912 Nos
1075 4861 1453 4923 restituimus,
1486 4864 1753 4915 Jeremim
1776 4864 2141 4916 advertentes

543 4927 730 4981 locum
763 4930 982 4983 laudari
1032 4944 1153 4994 cap.
1200 4933 1265 4982 II.
1319 4945 1371 4983 v.
1407 4931 1489 4985 27.
1518 4933 1754 4982 Dicentes
1788 4934 1954 4998 tigno,
1987 4940 2143 4985 Pater

542 5015 692 5051 meus
714 5018 764 5052 es
795 5007 878 5053 tu:
904 5008 949 5052 et
974 5003 1169 5067 lapidi,
1204 5003 1278 5052 Tu
1293 5016 1377 5055 me
1393 5005 1661 5067 genuisti;
1683 5010 1953 5055 verterunt
1968 5007 2045 5057 ad
2060 5023 2143 5058 me

541 5072 766 5143 tergum,
782 5078 829 5124 et
850 5088 963 5124 non
993 5073 1207 5137 faciem,
1224 5078 1329 5126 etc.
1349 5077 1417 5126 In
1440 5076 1657 5140 Grtnco,
1688 5079 1771 5128 καὶ
1801 5071 1859 5127 οὗ
1889 5078 2142 5143 πρόσωπα

546 5140 727 5197 αὐτῶν.

608 5215 630 5245 δ
659 5218 743 5268 Ita
757 5216 1029 5281 Origenes
1046 5216 1660 5281 interpretaturjiomil.
1677 5219 1850 5270 XVII.
1864 5219 1923 5270 in
1938 5221 2141 5272 Genes.

544 5288 692 5349 filius
732 5289 829 5352 qui
862 5288 1087 5346 videtur,
1137 5289 1233 5337 hoc
1276 5295 1366 5351 est,
1394 5291 1633 5355 visibilis,
1660 5290 2146 5354 quemadmodum

545 5359 883 5411 adnotatum
907 5364 997 5411 est
1016 5360 1183 5411 nobis
1209 5360 1284 5411 ad
1313 5362 1588 5413 Lexicum
1618 5363 2145 5427 Hieronymianum,

547 5430 700 5495 quod
724 5433 915 5483 tamen
936 5432 1121 5483 active
1136 5431 1381 5495 praefert,
1411 5433 1593 5481 videns
1614 5433 1778 5497 ﬁlius.
1834 5435 2038 5484 Noster
2079 5434 2147 5484 li-

545 5502 714 5553 brum
738 5504 836 5566 qui
861 5503 1035 5568 vulgo
1051 5504 1366 5565 obtinebat,
1381 5517 1453 5556 ex
1466 5502 1988 5567 Majoribuslaudat.
2004 5505 2146 5558 Vide

546 5585 655 5624 nos
679 5573 775 5624 ibi.

608 5656 627 5676 ε
659 5645 792 5695 Mihi
818 5644 1050 5708 quidem
1063 5644 1380 5709 supplenda
1398 5646 1647 5711 primum
1665 5645 1890 5698 videtur
1899 5647 2146 5710 negandi

546 5715 839 5777 particula,
858 5720 982 5767 tum
999 5716 1305 5778 irritentur,
1321 5730 1420 5780 pro
1440 5718 1740 5767 invitantur
1751 5720 2150 5769 rescribendum.

550 5788 783 5837 Graecus
827 5782 897 5851 μὴ
926 5782 1105 5853 ἐρίσαι,
1150 5787 1251 5841 sed
1269 5793 1327 5842 et
1348 5788 1403 5841 S.
1441 5790 1783 5843 Ambrosius
1804 5804 1915 5841 non
1937 5796 2155 5842 conten-

2260 3230 2404 3280 tium
2440 3243 2567 3282 esse
2594 3231 2885 3296 punitum:
2911 3232 3021 3283 nisi
3040 3231 3179 3284 forte
3218 3232 3349 3295 quis
3384 3230 3536 3295 ipsis
3564 3229 3853 3281 adscribat

2258 3319 2429 3372 etiam
2455 3322 3231 3387 sanguinemProphetarum.
3251 3323 3394 3382 Quia
3409 3326 3466 3373 et
3481 3322 3621 3372 Dom
3633 3320 3774 3372 inus
3785 3323 3857 3368 di-

2258 3411 2353 3474 cit,
2381 3411 2534 3471 Quod
2556 3426 2591 3460 a
2612 3412 2881 3476 sanguine
2908 3410 3034 3460 Abel
3058 3410 3196 3476 justi
3212 3426 3378 3475 usque
3423 3409 3497 3459 ad
3528 3410 3854 3475 sanguinem

2255 3500 2538 3550 Zachariae
2561 3500 2713 3565 (Ibid.
2742 3499 2869 3564 23.),
2894 3500 3083 3552 omnis
3106 3500 3202 3566 qui
3227 3500 3447 3553 eli'usus
3492 3503 3583 3551 est
3613 3498 3854 3564 sanguis

2251 3589 2563 3655 justorum,
2611 3590 2684 3641 ab
2731 3590 2857 3655 ipsa
2875 3590 3234 3656 generatione
3267 3588 3602 3654 requiratur.
3631 3590 3750 3641 Sed
3781 3587 3857 3641 vi-

2256 3679 2514 3740 deamus,
2543 3691 2611 3730 an
2638 3679 2782 3731 forte
2807 3683 2863 3732 et
2888 3680 3014 3732 illos
3051 3680 3319 3732 homines
3358 3678 3689 3735 occiderint,
3718 3690 3854 3742 quos

2255 3773 2661 3834 persuaserunt
2705 3769 2966 3834 clamare,
3017 3769 3256 3835 Sanguis
3288 3768 3437 3818 illius
3478 3782 3639 3832 super
3679 3782 3783 3817 nos
3818 3772 3856 3815 et

2253 3872 2415 3923 super
2434 3858 2576 3922 ﬁlios
2606 3864 2809 3909 nostros
2837 3858 2992 3921 (Ibid.
3037 3856 3167 3921 27.).
3203 3859 3273 3907 Et
3313 3860 3371 3907 in
3410 3856 3711 3922 cupiditate
3764 3871 3851 3906 sua

2252 3946 2711 3997 subnervaverunt
2728 3953 2969 3997 taurum.
2984 3949 3234 3999 Taurum
3248 3946 3514 4012 appellari
3532 3944 3747 3997 Filium
3760 3946 3854 4001 Dei,

2253 4035 2496 4101 legimus
2519 4036 3012 4102 inScripturarum
3037 4036 3253 4102 figuris,
3277 4036 3337 4087 in
3353 4034 3665 4099 Evangelia
3692 4034 3853 4086 nimi-

2254 4138 2399 4185 rum,
2424 4125 2525 4177 ubi
2551 4126 2829 4191 scriptum
2850 4130 2940 4177 est
2963 4126 3045 4176 bis
3070 4127 3178 4177 sub
3201 4136 3449 4191 persona
3473 4123 3593 4176 ﬂliii
3612 4123 3851 4175 senioris

2253 4213 2494 4266 dicentis
2518 4215 2591 4266 ad
2607 4216 2844 4279 patrem,
2871 4216 2985 4280 Ego
3009 4230 3214 4281 semper
3236 4218 3406 4265 tecum
3422 4214 3528 4280 fui,
3551 4217 3597 4263 et
3622 4213 3850 4264 manda-

2255 4309 2371 4353 tum
2391 4309 2545 4353 tuum
2565 4319 2853 4368 nunquam
2862 4305 3117 4370 praeterii,
3141 4311 3189 4365 et
3205 4319 3496 4370 nunquam
3512 4302 3710 4353 dedisti
3722 4299 3851 4352 mihi

2257 4392 2494 4453 hmdum,
2526 4396 2580 4440 ut
2605 4408 2728 4442 cum
2744 4394 2935 4443 amicis
2959 4395 3090 4443 meis
3122 4395 3399 4459 epularer:
3427 4408 3551 4444 cum
3574 4397 3847 4442 autemec-

2255 4481 2336 4531 nit
2362 4483 2513 4544 ﬁtius
2538 4486 2662 4533 tuus
2694 4482 2780 4533 hic
2795 4484 3009 4548 junior,
3030 4484 3126 4549 qui
3150 4483 3475 4550 dilapidauit
3494 4496 3716 4533 omnem
3741 4478 3846 4530 sub-

2243 4649 2394 4707 dant,
2422 4655 2531 4703 etc.

2304 4719 2325 4749 ⁴
2351 4722 2584 4774 Minime
2600 4724 2748 4775 hanc
2772 4724 2973 4789 probat
2993 4725 3054 4778 S.
3096 4724 3438 4777 Ambrosius
3471 4722 3838 4784 interpretatio-

2239 4803 2394 4855 nem,
2439 4806 2612 4856 quam
2651 4800 2915 4849 autumat
2945 4808 2981 4848 a
3001 4796 3218 4849 Judaais
3248 4796 3651 4859 excogitatam.
3676 4794 3844 4842 Inter-

2243 4865 2611 4928 pretationem,
2635 4867 2839 4930 inquit,
2855 4868 3285 4932 pulcherrimam
3308 4866 3766 4927 derivantJudci,
3788 4866 3838 4911 ut

2244 4934 2591 4999 arbitrentur,
2616 4941 2750 5001 quia
2772 4945 3052 5003 propterea
3089 4946 3288 5004 arguat
3321 4941 3461 5003 ﬁlios
3482 4936 3664 5000 Jacob,
3710 4935 3834 5001 quia

2240 5012 2458 5071 prepter
2478 5015 2729 5074 stuprum
2750 5012 2967 5073 sororis,
2984 5010 3314 5075 Sychimitas
3334 5011 3543 5061 istiduo
3554 5024 3665 5075 pra:
3701 5014 3829 5060 caete-

2243 5077 2322 5127 ris
2345 5078 2607 5141 fratribus
2632 5080 2809 5131 ultum
2831 5082 2910 5131 ire
2924 5085 3210 5148 cupientes,
3225 5084 3623 5133 simulaverunt
3638 5096 3763 5130 cum
3778 5083 3829 5146 ip

2244 5151 2316 5200 sis
2356 5151 2498 5200 inire
2527 5152 2649 5202 velle
2670 5168 2721 5202 se
2753 5156 3011 5218 gratiam,
3036 5161 3082 5206 et
3105 5156 3241 5218 ideo,
3262 5160 3353 5204 etc.
3374 5154 3475 5205 Sed
3506 5154 3567 5202 in
3594 5154 3692 5203 hoc
3718 5167 3841 5219 quo-

2246 5237 2347 5285 que
2375 5228 2560 5272 errant
2587 5224 2782 5275 Judwi.
2814 5225 2908 5274 Isti
2930 5228 3076 5275 enim
3099 5242 3314 5276 caussas
3330 5226 3546 5289 doloris,
3572 5230 3680 5278 etc.
3704 5228 3831 5277 Pro-

2246 5294 2387 5345 bant
2417 5306 2550 5345 vero
2586 5296 2941 5347 Tractatores
2961 5298 3052 5348 alii
3080 5297 3349 5361 plerique,
3374 5305 3419 5346 et
3450 5298 3672 5345 inedilus
3710 5295 3834 5357 apud

2245 5378 2352 5415 nos
2378 5366 2610 5415 Auctor.
2630 5366 2795 5424 Patet,
2825 5366 2923 5429 ait,
2949 5367 3108 5416 literae
3122 5384 3323 5427 sensus,
3350 5368 3483 5432 quia
3514 5366 3573 5416 hi
3596 5366 3706 5416 duo
3731 5367 3837 5429 fra—

2246 5442 2346 5484 tres
2369 5436 2432 5483 ob
2452 5435 2809 5485 ulciscendum
2825 5442 3073 5502 stuprum
3096 5441 3312 5495 sororis,
3327 5439 3621 5488 subornata
3644 5453 3783 5500 pace,
3802 5438 3843 5483 et

2243 5507 2388 5570 fictis
2409 5507 2668 5556 amicitiis
2691 5508 3004 5573 deceperunt
3022 5510 3251 5576 Sychem
3274 5516 3320 5560 et
3343 5512 3391 5560 Ε
3397 5526 3513 5559 mor
3537 5517 3749 5574 patrem
3774 5507 3835 5555 il-

2247 5579 2370 5636 lius,
2396 5580 2505 5628 etc.

2311 5660 2331 5682 ο
2352 5648 2615 5700 Diximus
2630 5650 2914 5700 irritentur
2925 5652 3357 5705 rescribendum
3379 5651 3577 5704 videri.
3610 5649 3834 5703 Interim

2251 5734 2363 5768 non
2380 5719 2918 5787 particulam,quam
2936 5724 3189 5776 diximus
3209 5726 3575 5782 sufﬁciendam,
3600 5722 3835 5785 suppleri-

2253 5788 2434 5842 vides.
2461 5791 2662 5845 Recole
2684 5794 3102 5858 praecedentem
3125 5795 3382 5861 proxime
3410 5796 3619 5848 Notam
3644 5809 3687 5845 ο.
