3898 6446
77 395 237 455 317

709 404 803 457 DE
833 396 1475 460 BENEDICTIONIBUS
1527 405 2148 458 PATRIARCHARUM
2202 405 2409 460 LIBBR
2464 406 2845 461 SECUNDUS.

3324 406 3430 466 818

75 514 411 579 stantiam,
438 514 683 566 occidisti
704 517 786 567 illi
808 517 1037 569 vitulum
1058 519 1373 583 saginatum
1395 520 1559 570 istum
1584 520 1727 583 (Luc.
1758 523 1816 596 A
1833 517 2016 571 Omne
2039 518 2194 571 enim
2218 530 2333 584 quo
2355 519 2636 582 innititur,
2660 519 2754 574 vel
2776 523 3061 584 movetur,
3085 519 3313 585 autiraa,
3328 525 3431 575 aut

70 599 251 667 15.).
275 606 429 670 Ergo
455 607 700 667 taurum,
726 606 847 659 sive
871 607 1114 659 vitulum
1138 608 1376 661 consilio
1402 622 1506 660 suo
1520 608 1730 661 Scriba)

75 704 115 742 e
126 696 157 743 ι
176 693 471 748 Pharisaei
484 696 870 749 subnervasse
883 697 1150 749 dicuntur
1162 706 1198 763 ·,
1212 714 1423 760 quorum
1436 701 1731 747 maledictus

74 780 293 845 furor,
336 784 474 848 quia
500 785 836 837 temerarius
866 790 953 838 est
979 802 991 837 :
1019 791 1076 838 et
1105 788 1187 839 ira
1210 787 1454 843 illorum.
1482 788 1619 851 quia
1639 788 1729 838 in-

72 870 329 925 durata
361 877 469 925 est.
505 874 764 924 Dividam
802 875 918 925 illos
946 876 1008 924 in
1039 875 1218 940 Jacob,
1254 881 1299 926 et
1322 877 1630 941 dispergam
1647 892 1728 926 eos

78 960 166 1008 in
214 962 404 1015 Israel.
441 963 772 1016 Videndum
805 968 909 1024 est,
944 978 1017 1017 ne
1051 965 1193 1017 forte
1225 966 1432 1018 divisio
1456 967 1567 1018 ista
1594 978 1727 1029 quae

76 1048 210 1100 hic
229 1057 740 1115 commemoratur,
769 1054 897 1105 talis
923 1053 1013 1119 sit,
1042 1054 1226 1119 qualis
1251 1060 1307 1107 et
1332 1055 1430 1107 illa
1452 1055 1523 1107 de
1544 1056 1726 1119 quain

75 1140 433 1207 Evanger
465 1141 675 1195 dicitur
707 1156 720 1193 :
757 1143 900 1203 Quia
927 1159 1051 1193 cum
1080 1146 1278 1195 venerit
1315 1146 1571 1195 dominus
1588 1146 1727 1196 servi

74 1227 282 1292 illius,
322 1229 523 1279 dividet
547 1247 686 1295 eum,
709 1236 754 1281 el
775 1237 987 1297 partem
1011 1232 1125 1298 ejus
1148 1249 1272 1283 cum
1296 1234 1600 1299 inﬁdelibus
1621 1249 1725 1300 po-

76 1324 197 1367 net
219 1318 386 1381 (Ibid.
411 1316 542 1383 12.).
575 1319 686 1387 28
718 1320 820 1373 Vel
844 1326 1010 1386 certe,
1037 1327 1102 1374 ut
1117 1322 1315 1375 audivi
1331 1323 1637 1388 quemdam
1651 1337 1725 1376 ex

84 1406 347 1480 sanctis
370 1408 631 1472 patribus
652 1408 674 1438 ¹”
696 1407 1092 1472 disserentem,
1116 1411 1253 1474 quia
1266 1411 1471 1464 divisio
1484 1412 1726 1465 simulet

74 1492 404 1558 dispersio
426 1497 775 1562 nominatur,
800 1510 901 1562 pro
926 1510 994 1551 eo
1025 1500 1179 1563 quod
1202 1500 1463 1553 nonnulli
1486 1514 1559 1553 ex
1583 1501 1723 1566 ipsis

74 1583 363 1637 Domino
387 1585 766 1649 crediderunt,
788 1591 845 1638 et
864 1587 959 1655 alii
980 1588 1039 1639 in
1050 1588 1382 1642 inﬁdelitate
1396 1603 1724 1654 permaneo-

74 1677 269 1725 runt.
307 1673 495 1727 Divisi
528 1674 795 1727 dicuntur
823 1676 884 1728 hi
927 1678 1025 1741 qui
1059 1679 1131 1729 ab
1164 1679 1246 1730 eis
1281 1684 1632 1743 separantur,
1667 1685 1724 1734 et

78 1762 364 1815 veniunt
385 1763 457 1815 ad
478 1763 653 1816 ﬁdem
677 1778 690 1815 :
707 1770 762 1817 et
773 1764 1012 1831 dispersi
1024 1766 1100 1832 hi,
1115 1779 1361 1832 quorum
1374 1768 1573 1832 patria,
1588 1771 1722 1821 tem-

1831 607 2111 673 desiderii,
2136 612 2238 660 aut
2258 608 2495 660 rationis
2519 611 2624 668 est,
2652 613 2710 660 et
2731 608 2859 661 ideo
2882 609 3060 661 totius
3077 610 3214 663 vitm
3225 610 3432 665 huma-

1827 710 1921 750 nm
1948 702 2133 749 status
2158 698 2217 749 in
2238 699 2366 749 istis
2391 698 2574 749 tribus
2598 697 2730 749 filiis
2753 699 2929 750 Jacob
2950 699 3432 752 adumbrarimihi

1831 788 2075 848 videtur,
2111 789 2166 838 et
2201 800 2303 851 per
2337 787 2493 851 ipsos
2527 788 2846 852 tripertitus
2870 788 2980 839 iste
3004 793 3200 841 motus
3223 790 3432 842 animm

1828 875 2134 940 designari,
2166 876 2227 927 in
2250 876 2460 939 quibus
2485 882 2677 928 servat
2692 876 2932 940 primam
2949 877 3431 942 concupiscentia:

1829 967 2080 1031 speciem
2104 968 2326 1027 Ruben,
2350 966 2411 1017 in
2435 978 2610 1029 quam
2634 978 2768 1018 cum
2788 966 3015 1018 macula
3036 969 3272 1018 notatur
3294 968 3432 1018 ell‘u-

1827 1070 1928 1108 sus
1989 1056 2305 1108 Secundam
2344 1055 2446 1108 iraa
2483 1055 2574 1107 vel
2611 1054 2814 1106 furoris
2850 1055 3098 1119 speciem
3131 1060 3290 1108 tenet
3324 1057 3427 1131 Sy:

1824 1158 2014 1209 meon,
2038 1157 2162 1209 qeaa
2185 1150 2242 1197 et
2266 1145 2390 1209 ipsa
2412 1156 2485 1196 ex
2508 1144 2716 1195 furoris
2740 1145 2868 1208 ejus
2892 1144 3324 1197 demonstratur
3335 1157 3426 1210 op-

1824 1235 2067 1300 probrio.
2102 1234 2351 1286 Tertiam
2387 1233 2630 1286 formam
2660 1238 2855 1285 motus
2888 1233 3238 1285 rationabilis
3274 1234 3429 1287 tenet

1826 1324 1978 1388 Levi,
2021 1323 2229 1388 quippe
2265 1322 2358 1375 cui
2390 1322 2562 1375 etiam
2586 1323 2772 1388 legem
2796 1334 3025 1375 servare
3048 1323 3427 1375 commissum

1825 1417 1930 1465 est.
1959 1414 2078 1464 Has
2103 1425 2238 1478 ergo
2263 1417 2378 1465 tres
2405 1412 2624 1477 species
2650 1412 2876 1465 videtur
2896 1410 3037 1464 mihi
3052 1412 3241 1464 omnis
3252 1424 3427 1477 prope

1822 1501 2035 1563 anima,
2063 1514 2194 1566 quae
2216 1502 2274 1553 in
2297 1502 2451 1553 hunc
2476 1501 2758 1553 mundum
2771 1501 2947 1565 venit,
2961 1501 3161 1566 primis
3172 1501 3427 1554 motibus

1822 1591 2181 1657 culpabiliter
2202 1604 2390 1655 agere,
2414 1603 2719 1655 usquequo
2731 1595 3096 1655 peccatorum
3115 1591 3271 1643 vitiis
3284 1603 3427 1656 prte-

1821 1682 2075 1746 gravata,
2102 1685 2161 1732 et
2182 1679 2466 1732 malorum
2483 1679 2746 1731 satietate
2757 1679 3004 1743 defessa,
3016 1679 3088 1731 ad
3102 1680 3290 1731 locum
3301 1690 3427 1743 pos-

1819 1770 1893 1822 sit
1924 1769 2279 1835 pmnitentim
2311 1769 2620 1832 pervenire.
2655 1767 2838 1820 Judas
2875 1769 3031 1821 enim
3055 1768 3184 1833 post
3206 1768 3314 1819 hoc
3340 1778 3427 1818 se-

80 1852 329 1917 ploque
366 1854 666 1914 subverso,
697 1866 794 1919 per
814 1856 1010 1907 orbem
1036 1859 1201 1908 terrae
1222 1856 1579 1909 incredulum
1601 1858 1718 1910 dis-
1747 1841 1800 1915 B
1827 1857 2041 1921 quitur,
2079 1857 2178 1921 qui
2201 1861 2409 1921 purget
2431 1856 2789 1909 confessione
2813 1862 3063 1923 peccata,
3089 1858 3224 1922 quia
3245 1859 3276 1909 ,ι
3283 1858 3425 1911 udas

80 1942 374 2008 pergitur
394 1954 600 2007 genus.

160 2031 220 2087 3.
262 2031 501 2084 Moralis
536 2043 673 2085 vero
698 2032 990 2097 tropusita
1002 2032 1245 2086 fortasse
1270 2035 1487 2087 servari
1510 2038 1715 2100 potest.

82 2121 480 2187 Tripartitam
512 2134 642 2175 esse
674 2122 884 2175 animae
913 2122 1202 2185 virtutem,
1229 2125 1427 2177 multis
1452 2125 1720 2190 sapienti-

81 2212 219 2264 bus
247 2221 267 2241 ε
296 2211 491 2263 visum
520 2216 628 2274 est,
656 2211 715 2263 id
739 2215 846 2274 est,
865 2214 981 2264 tres
994 2225 1123 2266 esse
1136 2213 1560 2278 speciesmotus
1572 2215 1717 2278 ejus,

80 2314 205 2367 per
236 2301 406 2362 iram,
441 2313 541 2364 per
563 2301 949 2366 cupiditatem,
975 2315 1076 2367 per
1096 2304 1396 2365 rationem,
1421 2316 1526 2356 nec
1550 2304 1717 2368 alius,

81 2395 164 2441 ut
188 2393 358 2455 puto,
389 2389 602 2442 animm
619 2395 831 2455 motus,
845 2393 1100 2457 exceptis
1114 2391 1222 2453 his,
1237 2393 1444 2457 poterit
1453 2392 1712 2446 inveniri.

1819 1946 2018 2011 lingua
2042 1946 2303 2007 Hebraea,
2318 1945 2339 1975 τι
2350 1947 2606 2010 confessio
2617 1946 3042 2012 interpretatur,
3056 1958 3189 2010 quin
3199 1958 3232 1996 a
3242 1951 3427 1999 morte

1820 2035 2028 2087 dicitur
2048 2035 2302 2087 liberare.
2332 2036 2412 2088 De
2435 2035 2585 2087 Juda
2609 2039 2805 2088 autem
2830 2035 2998 2087 credo
3022 2035 3282 2088 sufficere
3306 2035 3420 2100 illa,

1821 2136 1952 2189 quae
1975 2137 2009 2177 a
2030 2125 2217 2188 nobis,
2244 2129 2309 2177 ut
2333 2125 2644 2189 potuimus,
2670 2128 2805 2177 ante
2824 2125 2944 2190 jam
2955 2124 3108 2177 dicta
3121 2130 3275 2189 sunt,
3291 2137 3423 2189 quas

1820 2214 1995 2266 etiam
2025 2215 2074 2267 si
2096 2213 2388 2280 placuerit,
2412 2214 2504 2267 his
2533 2214 2623 2268 vel
2643 2214 2810 2279 jungi
2837 2218 3130 2280 poterunt,
3155 2214 3249 2268 vel
3272 2226 3420 2280 pree-

1815 2302 1966 2356 ferri.

1026 2534 1796 2632 BENEDICTIO
1862 2532 2490 2633 ZABULON.

186 2712 311 2785 29
362 2716 414 2771 1.
451 2717 732 2770 ZABULON
762 2717 932 2783 juxta
966 2733 1118 2769 mare
1143 2718 1423 2783 habitabit,
1448 2723 1494 2769 et
1516 2719 1625 2784 ipse
1645 2723 1715 2768 est

91 2818 358 2857 accessus
398 2808 646 2870 navium,
689 2812 735 2857 et
777 2807 1087 2858 extenditur
1130 2823 1295 2873 usque
1336 2808 1409 2858 ad
1450 2808 1716 2859 Sidonam

1877 2707 1928 2763 ‘2.
1977 2707 2034 2761 Si
2065 2720 2199 2760 vero
2222 2707 2393 2759 etiam
2417 2706 2478 2758 in
2498 2706 2627 2770 hoc,
2651 2707 2884 2759 moralis
2909 2706 3214 2770 requiritur
3236 2705 3415 2771 locus,

1816 2796 3030 2862 Zabulonsﬂuxusnocturnusinterpretatur.
3043 2799 3416 2862 Consequens

94 2896 239 2947 Gen.
284 2894 377 2951 49.
416 2894 541 2960 13.).
580 2897 851 2960 Historia,
887 2896 1211 2963 portionem
1234 2897 1447 2951 futura:
1472 2897 1719 2951 haeredi-

1827 2899 1951 2951 ergo
1995 2886 2177 2939 videri
2220 2891 2427 2951 potest,
2466 2887 2601 2951 quia
2633 2891 3009 2952 posteaquam
3035 2887 3181 2939 vidit
3203 2887 3414 2948 anima,

98 2984 248 3034 tatis
275 2983 547 3048 designat
570 2989 875 3038 etsortem.
899 2985 989 3037 Ad
1003 2986 1343 3050 mysterium
1359 2989 1551 3038 autem
1562 2984 1719 3050 quod
1821 2974 1934 3044 30
1972 2988 2104 3040 quae
2129 2975 2366 3029 εθάθδθιῐ
2388 2976 2449 3027 in
2474 2976 2746 3039 tenebris:
2771 2976 2962 3029 lucem
2989 2977 3234 3042 Domini.
3261 2981 3321 3031 et
3343 2977 3416 3029 ad

100 3076 360 3136 spectat,
407 3071 655 3137 legimus
685 3072 748 3125 in
778 3074 1109 3138 Evangelia,
1151 3087 1224 3126 ex
1259 3073 1351 3125 his
1388 3074 1718 3139 regionibus
1819 3065 2228 3130 paenitentiam
2252 3077 2324 3117 ex
2348 3064 2711 3117 confessione
2736 3077 3014 3118 conversa
3037 3070 3141 3128 est,
3167 3066 3419 3119 auferan-

93 3160 457 3224 adsumptos
479 3172 609 3212 esse
637 3160 859 3225 aliquos
882 3161 1288 3226 Apostolorum
1315 3177 1330 3225 ;
1355 3161 1717 3227 etinipsislo-
1754 3220 1789 3227 Δ
1820 3160 1913 3207 ιω·
1936 3154 2007 3206 ab
2032 3166 2117 3216 ea.
2143 3158 2195 3206 οι
2216 3154 2473 3207 deﬂuant
2495 3154 2590 3206 illa
2613 3154 2824 3218 οΠωίᾶν
2849 3167 2982 3220 qua
3005 3155 3063 3207 in
3075 3157 3255 3209 morte
3266 3156 3421 3221 igno-

99 3250 209 3312 cis,
244 3248 562 3300 Dominum
597 3261 750 3314 smpe
782 3249 1067 3311 docuisse,
1106 3250 1256 3302 sicut
1281 3251 1558 3315 scriptum
1587 3257 1678 3305 est
1703 3268 1715 3304 :
1743 3220 1791 3295 C
1818 3245 2018 3297 Ρᾶοιὶω
2053 3248 2313 3309 gesserat
2338 3258 2353 3309 ;
2378 3248 2434 3296 et
2467 3250 2842 3309 Posteaquam
2870 3247 3166 3310 Ρῖεθοθεδὶι
3186 3246 3247 3298 in
3269 3246 3421 3300 311d?!

104 3339 281 3389 Terra
326 3338 576 3388 Zabulon
613 3343 660 3388 ει
694 3344 838 3389 terra
874 3340 1215 3405 Nephtatim,
1258 3341 1349 3390 m‘a
1379 3342 1720 3393 martum,”
1819 3334 2096 3397 confessio,
2121 3334 2294 3386 etiam
2318 3335 2378 3386 in
2399 3334 2508 3386 hoc
2532 3334 2830 3387 conversio
2857 3336 3261 3400 subsequetur,
3288 3348 3421 3388 cum

99 3429 421 3479 Jordanem
466 3428 681 3480 Galileae
716 3431 976 3493 gentium.
1016 3430 1259 3496 Populus
1291 3432 1389 3496 qui
1421 3432 1625 3482 sedebat
1657 3433 1720 3483 in,
1813 3424 1934 3487 jam
1964 3423 2165 3475 delluit
2188 3437 2356 3476 omne
2381 3423 2653 3488 quicquid
2676 3425 2861 3477 noctis
2884 3424 3066 3478 fuerat
3088 3429 3147 3477 et
3160 3426 3425 3478 tenebra-

105 3518 361 3581 tenebris,
404 3519 536 3568 vidit
570 3518 737 3569 lucem
767 3534 1032 3584 magnam
1072 3521 1246 3586 (lsaice
1284 3520 1335 3577 9.
1369 3536 1388 3581 ,-
1434 3523 1606 3572 Math.
1645 3522 1713 3587 4.)
1817 3526 1967 3577 rum,
2000 3513 2060 3564 in
2099 3513 2310 3577 quibus
2334 3513 2492 3565 velut
2516 3525 2722 3565 exuere
2748 3526 2808 3565 se
2832 3516 3015 3567 tentat
3038 3519 3291 3567 veterem
3313 3514 3421 3567 ho-

99 3608 217 3659 Sed
240 3606 403 3671 quod
426 3606 589 3667 dixit,
613 3608 680 3657 Et
695 3608 806 3673 ipse
819 3609 1130 3659 extenditur
1145 3624 1311 3674 usque
1331 3610 1403 3660 ad
1419 3610 1714 3662 Sidonum:
1816 3602 2054 3667 minem,
2097 3604 2153 3655 et
2175 3603 2459 3667 deponere
2489 3614 2620 3667 quae
2644 3602 2832 3655 noctis
2856 3606 3009 3668 sunt,
3040 3607 3103 3657 ut
3124 3604 3186 3657 in
3213 3604 3301 3657 die
3317 3605 3424 3657 ho-

101 3697 289 3750 Sidon
314 3698 1719 3762 interpretatur'venator,velvenatrim.Venatores
1817 3697 1981 3745 ueste
2023 3691 2282 3744 ambulet
2330 3692 2497 3758 (Rom.
2544 3690 2630 3747 13.
2677 3691 2804 3758 13.).
2859 3693 2968 3746 Sed
3006 3693 3134 3755 hoc,
3171 3694 3325 3757 quod
3360 3708 3425 3751 se

101 3791 325 3844 autem,
353 3798 503 3850 quos
523 3785 666 3839 alios
694 3786 1027 3851 putabimus
1050 3786 1230 3839 inhoc
1245 3787 1371 3841 loco
1397 3787 1413 3818 τ
1425 3788 1718 3841 laudabili-

101 3881 194 3928 ter
228 3875 609 3939 accipiendos,
644 3875 756 3928 nisi
784 3875 1091 3942 Apostolos
1128 3876 1373 3940 Domini,
1407 3878 1477 3929 de
1510 3877 1720 3942 quibus

102 3964 381 4030 praedixit
414 3965 708 4030 propheta,
733 3965 877 4025 Quia
897 3966 1116 4015 mittam
1138 3971 1413 4017 venatores
1434 3966 1652 4033 multos,
1673 3971 1722 4019 et

101 4053 461 4107 venabantur
480 4069 568 4106 eos
592 4055 653 4104 in
683 4056 837 4105 omni
860 4060 1037 4106 monte
1064 4055 1196 4119 (Jer.
1222 4053 1326 4119 16.)
1344 4058 1371 4107 ⁸1

174 4233 193 4253 ·
217 4222 361 4276 Heio
385 4228 581 4276 autem
602 4223 807 4277 iisdem
832 4224 945 4277 fere
976 4224 1168 4277 verbis
1190 4224 1460 4277 laudatus
1482 4225 1723 4279 Ambro-

106 4295 233 4347 sius
264 4302 564 4347 consonat.
591 4296 749 4355 Quia,
776 4296 977 4360 inquit,
1004 4296 1066 4345 de
1088 4296 1230 4346 tribu
1260 4296 1493 4361 Symeon
1521 4297 1720 4347 Scribae

105 4372 254 4427 sunt,
279 4372 331 4418 et
354 4365 416 4415 de
433 4368 581 4416 tribu
606 4368 726 4417 Levi
749 4368 1026 4432 Principes
1053 4368 1407 4427 sacerdotum,
1431 4369 1529 4433 qui
1550 4370 1719 4433 perfe-

106 4444 297 4487 cerunt
313 4440 617 4503 nequitiam
630 4454 790 4488 suam
806 4439 867 4487 in
883 4439 1107 4488 Domini
1115 4440 1379 4503 possiem,
1392 4446 1484 4489 etc.
1501 4444 1719 4501 Itemque

108 4513 331 4561 Auctor
362 4510 630 4561 ineditus.
658 4511 761 4560 Per
789 4509 1022 4574 Symeon
1046 4515 1092 4560 et
1116 4511 1239 4559 Levi
1264 4510 1482 4571 Scribce,
1506 4517 1552 4561 et
1573 4513 1718 4563 Pha-

108 4580 260 4629 riscei
305 4581 681 4644 designantur.
702 4581 789 4630 Eae
812 4582 936 4630 Levi
964 4596 1205 4646 numque
1229 4582 1523 4649 Primcipes
1547 4599 1722 4634 sacer»

113 4651 301 4700 dolum
316 4651 484 4714 fuisse
504 4658 667 4717 patet,
689 4658 794 4705 etc.

174 4723 196 4753 ι’
239 4724 430 4775 Antea
473 4722 824 4787 (tt/ferentem.
873 4725 1170 4777 Tractator
1208 4725 1316 4778 iste
1357 4725 1487 4788 Quis
1530 4725 1720 4790 fuerit,

117 4806 292 4871 quem
315 4799 469 4845 certe
496 4796 699 4871 Noster
712 4796 771 4871 in
792 4796 1036 4871 Orientis
1048 4796 1304 4871 partibus
1319 4809 1469 4871 agen
1479 4797 1725 4871 audivit,

116 4864 374 4917 divinare
398 4878 517 4917 non
540 4864 693 4918 libet.
721 4867 913 4921 Toties
935 4867 1203 4921 laudatus
1220 4869 1435 4919 Auctor
1447 4864 1722 4932 ineditus,

112 4935 277 4999 Idem,
316 4937 522 5001 inquit,
544 4937 799 5002 populus,
826 4939 923 5003 qui
942 4944 1171 5004 paterno
1195 4938 1305 4989 solo
1329 4940 1723 5003 exhoeredatus,

115 5005 175 5054 in
212 5013 435 5057 cunctas
474 5014 649 5071 gentes
672 5008 734 5058 ob
760 5010 1131 5059 testimonium
1154 5009 1485 5060 credulitatis
1508 5018 1721 5075 nostrw,

117 5079 359 5143 perﬁdia
382 5094 496 5129 sua:
521 5095 709 5144 poenas
732 5080 850 5141 luit,
878 5086 985 5132 etc.
1182 5088 1190 5095 '

175 5159 193 5178 ε
218 5151 607 5215 Hieronymus
632 5152 1049 5204 Commentario
1072 5153 1134 5204 in
1164 5152 1473 5205 Mathmum
1495 5152 1639 5205 libro
1654 5156 1722 5206 II.
1762 5189 1777 5198 ς

117 5233 238 5285 cap.
288 5223 438 5273 XIII.
482 5223 749 5286 Legimus.
786 5224 882 5287 ait,
922 5224 986 5274 in
1026 5223 1261 5285 Platone,
1298 5229 1344 5273 et
1366 5224 1728 5290 Philosopho-

114 5308 242 5342 rum
279 5294 480 5357 dogma
506 5294 785 5358 vulgatum
810 5301 896 5353 est,
925 5302 1025 5345 tres
1048 5311 1150 5345 esse
1174 5296 1233 5345 in
1259 5296 1512 5346 humana
1535 5298 1729 5348 anima

111 5364 406 5427 passiones,
434 5366 496 5415 τὸ
524 5368 720 5431 λογικὸν
755 5367 900 5430 quod
934 5382 1030 5416 nos
1058 5382 1347 5432 possumus
1379 5369 1727 5432 interpretari

113 5434 489 5503 rationabile;
512 5437 570 5487 τὸ
594 5438 800 5501 θυμικὸν
835 5438 980 5500 quod
1003 5438 1250 5488 dicamus
1273 5438 1505 5503 plenum
1522 5440 1624 5491 ira;
1637 5456 1657 5501 ;
1672 5442 1728 5493 τὸ

115 5497 646 5619 ἐπξιϐσδὲητικὸνῃιιοςί
662 5497 1007 5580 appellamus
1034 5497 1497 5580 concupiSCibile,
1526 5497 1647 5570 etc,
1694 5573 1703 5583 υ

220 5592 227 5603 ι
296 5581 351 5618 x.
397 5568 738 5632 Origemano
771 5570 972 5633 lemco,
1000 5571 1375 5635 ejusdemque
1398 5572 1730 5629 Adamantli

296 5606 351 5618 οι.
400 5606 738 5632 νιιδνμιιρμν
771 5606 972 5633 ινιιιυν,

115 5639 356 5691 Humilia
379 5640 556 5690 XVII.
582 5640 642 5691 in
659 5641 860 5693 Cenes.
881 5642 1056 5692 Judas
1070 5643 1325 5707 confessio
1342 5643 1730 5708 interpretatur

115 5710 302 5774 lingua
325 5710 567 5760 Hebraea.

170 5789 189 5809 ⁸
211 5782 295 5833 Ex
326 5780 576 5846 Origene
606 5794 739 5834 cum
764 5782 921 5848 alibi,
951 5787 1075 5836 tum
1100 5784 1307 5836 IIomil.
1335 5785 1491 5837 XIV.
1513 5788 1572 5837 et
1586 5784 1717 5836 XVI

121 5850 177 5903 in
196 5852 378 5905 Josue
405 5867 419 5904 :
450 5853 624 5903 Sidon
646 5853 917 5917 significat
950 5855 1302 5919 Venatricem,
1321 5856 1400 5905 vel
1423 5856 1703 5908 Venatores
1717 5872 1735 5917 ,'

1818 3793 2005 3846 usque
2034 3781 2305 3833 Sidonem
2327 3782 2565 3847 excutit,
2591 3781 2701 3834 hoc
2726 3784 2832 3840 est.
2846 3782 3115 3846 usquead
3128 3787 3419 3848 venatores,

1819 3869 2064 3922 fortasse
2087 3869 2336 3923 declaret
2363 3870 2506 3922 illud
2530 3871 2682 3934 quod
2708 3876 2766 3924 et
2783 3871 3035 3936 ipsejam
3046 3877 3285 3925 conetur
3296 3886 3425 3928 esse

1819 3972 1892 4011 ex
1914 3959 2042 4021 illis,
2070 3959 2283 4023 quibus
2306 3959 2541 4012 dicitur:
2557 3960 2811 4010 Prendite
2826 3961 2970 4010 mihi
2981 3960 3160 4026 vulpes
3171 3961 3422 4027 pusillas,

1818 4048 2236 4101 exterminantes
2258 4049 2442 4099 vineas
2464 4063 2610 4098 meas
2626 4047 2802 4113 (Cant.
2820 4047 2916 4114 2.}.
2933 4051 3063 4104 Ideo
3079 4062 3214 4115 ergo
3224 4052 3425 4104 exten-

1819 4224 1865 4270 et
1902 4217 2122 4268 Sidonii
2154 4219 2415 4268 dicuntur
2434 4222 2704 4268 venatores
2730 4232 2742 4269 :
2770 4218 3017 4283 denique
3039 4217 3250 4272 Homil.
3269 4220 3417 4272 XIII.

1819 4291 1878 4342 in
1899 4290 2101 4342 Ezech.
2138 4291 2501 4342 Com'minatio
2524 4296 2594 4340 est
2620 4291 2681 4340 in
2712 4290 2989 4353 Sidonem,
3013 4306 3131 4357 qua
3154 4292 3421 4358 interpre-

1823 4367 1971 4412 tatur
2003 4364 2302 4413 Venatores.

1879 4434 1896 4464 ί
1918 4434 2224 4486 Contendit
2267 4433 2651 4499 Hieronymus
2675 4445 2706 4485 e
2751 4434 3048 4495 contrario,
3076 4434 3421 4486 Venatorem

1817 4504 1878 4556 in
1899 4505 2203 4568 Scripturis
2218 4517 2512 4568 nunquam
2532 4506 2591 4555 in
2602 4506 2810 4555 bonam
2828 4509 3043 4568 partem
3055 4504 3249 4569 accipi.
3265 4506 3423 4556 Com-

1746 4544 1803 4618 D
1822 4544 2099 4627 menlai‘lio
2121 4577 2189 4626 II.
2215 4575 2274 4625 in
2300 4544 2597 4626 Michaaam
2623 4587 2743 4638 cap.
2773 4544 3151 4634 VrQuantum
3176 4544 3422 4640 23-90mm-

1821 4647 1964 4710 quit,
1988 4660 2206 4710 possum
2233 4660 2350 4693 mea
2374 4645 2593 4694 recolere
2616 4645 2897 4705 memoria,
2922 4660 3214 4709 nunquam
3246 4647 3423 4697 Vena-

1823 4722 1989 4766 torem
2014 4718 2074 4765 in
2097 4716 2296 4765 bonam
2315 4721 2528 4781 partem
2552 4716 2669 4780 legi.
2698 4717 2887 4765 lsmael
2908 4722 2954 4766 et
2977 4717 3127 4766 Esau
3153 4723 3425 4768 venatores

1821 4790 2062 4853 fuerunt,
2102 4791 2208 4839 etc.
2252 4789 2494 4839 Sanctus
2524 4801 2751 4850 quoque
2776 4789 3119 4841 Ambrosius
3140 4790 3197 4842 in
3223 4790 3423 4843 Psalm.

1822 4861 2066 4912 CXVIII.
2094 4859 2323 4909 Nullum
2348 4860 2657 4909 invenimus
2684 4860 2744 4909 in
2759 4861 3091 4910 Divinarum
3103 4863 3427 4913 serielitcra-

1822 4946 1950 4980 rum
1985 4931 2048 4981 de
2089 4931 2438 4981 Venatoribus
2453 4931 2683 4995 justum.
2714 4932 2781 4982 Et
2802 4932 3018 4997 pseudo
3043 4933 3429 4999 Hieronymus

1822 5003 1882 5054 in
1904 5001 2187 5054 Breviario
2212 5003 2271 5054 in
2304 5004 2594 5054 Psalmum
2619 5003 2731 5055 XC.
2750 5004 2973 5053 Penitus
2989 5020 3101 5054 non
3118 5005 3427 5055 invenimus

1823 5073 1887 5123 in
1912 5073 2209 5138 Scripturis
2230 5081 2430 5124 sanctis
2448 5081 2689 5124 sanctun
2708 5074 2948 5139 aliquem
2969 5076 3301 5138 Venatorem,
3317 5081 3425 5128 etc.

1888 5153 1905 5183 ι
1944 5144 2196 5195 Lexicon
2237 5146 2663 5209 Origenianum,
2689 5145 2843 5210 quod
2868 5147 3029 5198 Tom.
3055 5148 3149 5199 III.
3175 5146 3428 5210 Operum

1824 5215 2399 5279 Hieronymianorum
2432 5216 2790 5268 cxcudimus.
2823 5213 2954 5282 pici;
2984 5212 3144 5269 αὐτῶν
3182 5218 3426 5281 prmfert,

1824 5286 1884 5338 id
1928 5289 2034 5344 est,
2059 5286 2243 5349 ﬂuxus
2267 5301 2472 5338 eorum.
2499 5288 2601 5340 Ubi
2626 5286 2916 5339 emendari
2942 5287 3210 5350 equidem
3234 5288 3430 5341 malim

1825 5360 1998 5413 νῦκτὸς
2026 5369 2126 5421 pro
2152 5352 2312 5408 αὐτῶν
2340 5370 2352 5417 ;
2378 5370 2513 5408 nam
2536 5359 2751 5421 ﬂuxum
2777 5359 2943 5407 noctis
2967 5357 3172 5422 exponi
3198 5358 3429 5411 solitum

1826 5440 2041 5480 nomen
2083 5426 2242 5490 illud,
2275 5428 2508 5479 minime
2531 5441 2662 5479 vero
2685 5429 2902 5490 ﬂuxum
2925 5443 3130 5490 eorum,
3156 5432 3280 5480 tum
3303 5429 3428 5481 licio

1828 5501 2048 5557 Noster,
2092 5503 2217 5549 tum
2240 5498 2351 5550 alia
2374 5503 2646 5550 sexcenta
2671 5499 2943 5550 Veterum
2973 5499 3299 5552 testimonia
3321 5501 3426 5552 do-

1829 5575 1977 5622 cent.
2019 5569 2167 5632 Quin
2206 5572 2377 5621 etiam
2412 5569 2521 5622 hoc
2552 5570 2744 5633 ipsum
2770 5571 3012 5634 Magnus
3040 5569 3426 5635 Hieronymus

1830 5654 2125 5706 perperam
2145 5641 2500 5705 interpretari
2523 5639 2831 5698 contendit,
2855 5646 2911 5692 et
2921 5640 3051 5704 jure
3066 5641 3298 5704 quidem
3316 5655 3431 5695 me-

1715 5757 1727 5770 .
1828 5714 1954 5773 rito,
2001 5714 2058 5764 in
2104 5712 2532 5775 Quaestionibus
2556 5713 2617 5764 in
2642 5713 2930 5764 Genesim.
2963 5712 3117 5773 Male,
3144 5712 3350 5777 inquit,
3382 5719 3429 5764 et

1829 5784 2081 5834 violenter
2125 5785 2187 5834 in
2232 5783 2365 5834 libro
2402 5783 2707 5836 Nominum
2730 5782 3005 5847 Zabulon,
3023 5785 3220 5840 ﬂuxus
3245 5786 3429 5839 noctis

1831 5856 2236 5922 interpretatur.
