3898 6424
459 374 564 431 319

1477 369 1720 421 RUFINI
1766 367 2256 430 AQUILEIENSIS
2297 367 2739 422 PRESBYTERI

3652 367 3796 426 320

455 487 542 541 dit
571 499 635 541 se
663 499 848 553 usque
869 487 943 540 ad
973 488 1294 551 venatores,
1317 489 1381 537 ut
1409 484 1531 549 ipse
1546 480 1734 535 discat
1756 481 1972 545 venari,
1996 482 2042 533 si
2072 485 2124 556 Α
2153 481 2426 547 irrepunt,
2453 488 2508 535 et
2536 483 2739 536 volunt
2757 482 3132 536 exterminare
3149 482 3372 536 vineam
3388 481 3619 535 Domini
3633 484 3766 536 sab

455 576 687 642 quando
723 578 854 630 fera
885 577 1092 641 aliqua
1124 581 1223 627 aut
1256 574 1455 638 vulpes
1480 572 1711 631 dolosa,
1738 571 1796 622 id
1822 576 1931 630 est,
1956 570 2049 623 vel
2144 574 2331 627 baoth
2364 584 2379 627 :
2409 578 2475 625 ut
2498 573 2884 637 apprehendat
2906 586 3005 626 eas
3031 573 3312 627 malarum
3339 573 3797 640 cogitationum

459 667 758 721 damones
796 668 1008 730 truces,
1049 664 1141 718 vel
1177 663 1551 729 cogitationes
1580 661 1771 713 noxiae
1802 673 1899 712 cor
1930 661 2058 725 ejus

2158 661 2467 715 laudabilis
2488 667 2728 715 venator
2751 664 3007 715 effectus.

1386 828 2158 925 BENEDICTIO
2228 829 2818 925 ISACHAR.

519 1013 568 1068 1.
604 1014 863 1063 ISACHAR
883 1009 1082 1060 bonum
1099 1009 1420 1074 concupivit,
1448 1017 1467 1037 ⁸
1492 1008 1773 1072 requiescet
1798 1006 1855 1054 in
1884 999 2055 1049 medio

459 1102 709 1163 sortium,
746 1104 792 1149 et
830 1098 1015 1148 videns
1045 1098 1305 1162 requiem,
1342 1097 1477 1161 quia
1513 1096 1655 1145 bona
1676 1100 1763 1155 est,
1789 1102 1833 1144 et
1858 1100 2058 1142 terram

460 1199 595 1263 quia
638 1195 867 1261 pinguis
902 1199 989 1244 est.
1032 1193 1219 1245 Etiam
1254 1192 1346 1244 hic
1379 1189 1764 1252 competenter
1790 1190 2057 1242 Historia

463 1287 602 1340 ordo
647 1290 926 1348 servatur,
974 1284 1124 1349 quod
1157 1285 1212 1336 in
1256 1284 1445 1336 medio
1479 1285 1737 1345 sortium,
1769 1284 1827 1336 id
1859 1290 1966 1343 est.
1997 1286 2059 1338 in

460 1376 842 1429 divisionibus
880 1378 1061 1438 terra,
1102 1387 1234 1440 qua
1264 1375 1345 1427 eis
1374 1388 1474 1439 per
1494 1376 1692 1426 Jesum
1717 1374 1898 1427 illium
1927 1378 2059 1424 Nave

460 1466 768 1518 distributa
808 1471 898 1517 est
940 1466 1065 1531 (Jos.
1101 1464 1225 1529 19.),
1260 1464 1564 1519 habitavit.
1598 1467 1812 1528 Quarta
1842 1464 2056 1516 etenim

461 1566 585 1607 sors
610 1568 681 1607 ex
703 1555 1108 1619 posterioribus
1132 1559 1353 1619 septem
1387 1554 1653 1607 tribubus
1677 1553 1736 1604 in
1757 1553 1899 1605 libro
1914 1555 1941 1605 J
1950 1566 2055 1606 esu

461 1644 620 1697 Nave
641 1644 824 1709 ipsius
851 1644 1093 1697 refertur
1113 1644 1306 1697 exisse
1333 1659 1346 1695 :
1371 1644 1505 1709 quia
1527 1644 1660 1696 dua
1690 1643 1833 1696 semi
1849 1644 2054 1705 tribus,

2156 1013 2341 1064 quam
2363 1007 2621 1070 requiem
2644 1005 2946 1071 habuisse,
2967 1009 3065 1060 sed
3088 1009 3149 1061 in
3170 1008 3480 1072 laboribus,
3506 1010 3567 1060 in
3581 1022 3765 1072 perse

2159 1097 2509 1157 cutionibus,
2550 1098 2699 1149 sicut
2738 1100 2943 1150 Paulus
2984 1099 3296 1163 Apostolus
3328 1099 3560 1159 indicat,
3588 1110 3789 1151 omne

2160 1187 2297 1239 vita
2323 1198 2445 1238 sua
2470 1189 2699 1251 tempus
2730 1187 3003 1239 habuisse
3035 1187 3100 1251 (2.
3132 1188 3251 1238 Cor.
3280 1188 3415 1251 11.).
3443 1188 3791 1239 Videamus

2158 1289 2311 1341 ergo,
2344 1289 2416 1328 ne
2438 1276 2578 1328 illud
2604 1277 2679 1329 sit
2701 1277 2854 1341 quod
2880 1290 3068 1329 sermo
3087 1277 3197 1329 iste
3222 1277 3523 1341 signiﬁcat,
3535 1277 3779 1337 dicens,

2154 1367 2223 1417 Et
2246 1367 2429 1416 videns
2450 1368 2707 1432 requiem,
2725 1368 2861 1431 quia
2887 1366 3028 1416 bona
3056 1373 3143 1427 est,
3166 1366 3303 1431 quia
3329 1366 3788 1419 considerantes

2156 1455 2405 1508 futuram
2455 1456 2725 1520 requiem,
2764 1458 2823 1508 et
2844 1456 3002 1521 regni
3024 1456 3299 1508 calorum
3321 1455 3786 1519 beatitudinem,

2156 1550 2215 1598 et
2237 1545 2512 1607 omnium,
2540 1558 2675 1610 qua
2693 1546 3037 1611 repromissa
3056 1547 3210 1608 sunt,
3230 1544 3471 1609 gloriam
3482 1549 3784 1597 contuen-

2156 1638 2264 1697 tes,
2294 1633 2536 1687 libenter
2557 1635 2829 1687 humeros
2852 1646 2990 1687 suos
3011 1634 3363 1698 subjecerint
3377 1632 3453 1685 ad
3465 1633 3739 1686 laborem
3752 1646 3772 1684 :

458 1732 518 1785 id
555 1737 663 1796 est,
695 1733 863 1785 Juda
900 1738 959 1785 et
991 1733 1276 1798 Ephraim,
1299 1736 1358 1785 et
1378 1732 1566 1785 media
1584 1734 1767 1785 tribus
1791 1734 2055 1786 Manasse
2087 1722 2226 1798 “ad
2251 1721 2347 1775 illa
2374 1724 2524 1775 enim
2553 1724 2922 1786 respicientes
2952 1734 3086 1786 quae
3114 1722 3307 1775 futura
3322 1722 3784 1786 ωηιδοιιεινρει-

461 1783 681 1887 mare;
703 1783 1066 1886 Vaccepéfantr,
1578 1783 1781 1874 ἀείδει
2085 1783 2140 1858 Β
2159 1812 2362 1864 tienter
2384 1783 2691 1877 prasentia
2721 1783 3043 1864 tolerabant
3063 1811 3228 1874 mala,
3253 1812 3402 1863 sicut
3422 1813 3481 1862 et
3504 1783 3781 1875 Aposto-

459 1912 631 1964 tribui
666 1913 930 1964 Manasse
959 1910 1106 1964 ultra
1141 1911 1449 1964 Jordanem
1483 1912 1776 1975 possessio
1806 1912 1929 1964 fuit.
1956 1914 2060 1965 Est

462 2013 596 2066 ergo
635 2001 862 2052 medius
902 2001 1150 2065 Isachar,
1184 2002 1318 2064 quia
1350 2006 1439 2053 est
1467 2003 1706 2064 quartus
1736 2013 1768 2053 e
1792 2006 2015 2066 septem
2042 2016 2056 2054 :

462 2090 646 2156 gleba
668 2090 861 2142 uberis
887 2096 945 2142 et
966 2091 1164 2143 feracis
1187 2090 1452 2156 agricola,
1470 2102 1604 2154 erga
1621 2089 1807 2142 solum
1829 2091 2057 2156 pingue,

460 2180 715 2233 laborem
752 2178 995 2231 libenter
1028 2180 1384 2243 impendens.
1408 2182 1479 2233 Et
1502 2180 1627 2233 hac
1651 2179 1882 2244 quidem
1905 2180 2061 2233 dicta

462 2269 580 2322 sint
602 2270 881 2333 quantum
902 2268 975 2320 ad
1003 2269 1332 2321 Historiam.

521 2358 574 2413 9.
613 2358 840 2410 Isachar
878 2371 1033 2421 vero,
1058 2357 1193 2423 quia
1214 2374 1407 2409 merces
1430 2359 1849 2424 interpretatur,
1868 2362 2060 2423 potest

456 2447 684 2500 illorum
708 2448 952 2513 figuram
976 2461 1223 2509 servare,
1249 2449 1347 2512 qui
1377 2448 1577 2500 dicunt
1604 2464 1616 2500 :
1645 2448 1705 2499 Si
1720 2450 1867 2498 enim
1885 2449 2059 2499 volens

454 2537 836 2602 praedicavero,
868 2539 1158 2588 mercedem
1184 2538 1347 2588 habeo
1373 2538 1446 2599 (1.
1482 2538 1601 2590 Cor.
1628 2538 1719 2601 9.).
1745 2541 1814 2591 Et
1836 2538 1906 2591 de
1932 2539 2060 2603 qui-

456 2625 569 2678 bus
611 2625 827 2677 dictum
864 2630 955 2678 est
986 2641 999 2677 :
1027 2627 1157 2677 Ecce
1189 2626 1416 2675 Domini
1449 2626 1574 2689 ﬁlii,
1607 2642 1819 2685 merces,
1843 2627 2057 2690 fructus

457 2716 656 2764 ventris
700 2716 865 2779 (Psat.
902 2713 1065 2780 126.).
1102 2716 1319 2767 Merces
1348 2715 1560 2767 etenim
1597 2716 1721 2767 Filii
1757 2717 1878 2777 Dei,
1902 2716 2057 2781 quod

458 2804 709 2867 Virginis
732 2808 959 2857 uterum
984 2806 1193 2857 intrare
1216 2805 1487 2869 dignatus
1508 2810 1615 2866 est,
1633 2805 1888 2870 Apostoli
1906 2811 2057 2859 recte

457 2894 698 2959 putandi
723 2900 859 2947 sunt
889 2912 901 2944 :
928 2894 1035 2959 ipsi
1060 2898 1197 2945 sunt
1220 2894 1371 2945 enim
1396 2894 1495 2957 qui
1517 2896 1927 2959 concupierunt
1950 2896 2056 2947 bo-

458 2996 631 3043 num,-
652 2984 723 3036 de
747 2996 986 3048 quorum
1015 2983 1321 3035 animabus
1344 2983 1404 3034 in
1424 2984 1670 3036 Canticis
1694 2985 2053 3036 Canticorum

2155 1901 2250 1953 lus
2280 1902 2491 1953 Paulus
2524 1901 2596 1952 de
2620 1902 2776 1952 Mose
2795 1901 2947 1963 dicit,
2966 1900 3101 1964 quia
3123 1900 3327 1964 spretis
3359 1899 3779 1964 Egyptian-um

2158 1992 2463 2055 thesauris,
2487 1991 2659 2055 elegit
2686 1991 2878 2056 potius
2900 1991 3047 2043 ferre
3069 1989 3475 2055 improperium
3498 1988 3721 2041 Christi
3752 2004 3770 2040 :

2158 2080 2481 2146 Respiciebat
2524 2083 2697 2141 enim,
2743 2080 2959 2146 inquit,
3008 2080 3081 2129 ad
3120 2078 3526 2129 retributionem
3567 2078 3766 2142 (Hebr.

2158 2171 2244 2226 11.
2269 2170 2397 2233 23.).

2219 2260 2271 2316 3.
2307 2260 2417 2312 Sed
2446 2261 2720 2325 quoniam
2743 2259 3099 2312 instituimus
3124 2271 3316 2313 arcam
3338 2258 3647 2323 Scriptura
3673 2256 3775 2309 di-

2157 2348 2329 2413 vina,
2366 2362 2485 2401 non
2523 2350 2927 2401 bicameratam
2959 2349 3166 2413 solum,
3202 2348 3303 2400 sed
3336 2349 3772 2401 tricameratam

2157 2439 2323 2500 (sicut
2359 2439 2433 2491 ad
2464 2441 2584 2491 Noe
2617 2440 2770 2503 (Gen.
2798 2440 2869 2504 6.)
2901 2452 2936 2492 a
2966 2440 3206 2491 Domino
3237 2439 3455 2491 dictum
3487 2442 3591 2503 est)
3618 2452 3770 2491 con-

2157 2535 2394 2593 struere,
2421 2530 2721 2583 videamus
2737 2543 2889 2581 nunc
2906 2530 3148 2594 qualiter
3163 2530 3329 2582 nobis
3340 2529 3570 2581 Isachar
3579 2529 3766 2582 etiam

2156 2621 2386 2672 tertium
2410 2621 2961 2673 adiﬂcetnidum.ln
2974 2620 3766 2685 superioribusadsumpsimus

2156 2722 2288 2761 eum
2336 2710 2647 2771 hominem,
2686 2711 2784 2774 qui
2818 2711 3093 2774 tripartito
3125 2710 3333 2762 anima
3368 2712 3530 2760 motu
3558 2709 3642 2771 (ut
3663 2712 3765 2759 est

2155 2799 2330 2851 totius
2352 2798 2375 2829 δ
2396 2800 2606 2853 anima
2629 2799 2883 2865 languor)
2910 2801 2991 2851 ira
3020 2806 3077 2852 et
3101 2800 3287 2852 furore
3318 2797 3431 2866 32
3446 2802 3762 2861 errantem,

2154 2888 2307 2952 quod
2362 2901 2462 2953 per
2517 2890 3042 2954 concupiscentiam
3097 2891 3319 2953 Ruben,
3362 2892 3421 2940 et
3462 2900 3563 2952 per
3608 2886 3763 2937 iram

2154 2978 2421 3041 Symeou,
2465 2983 2524 3031 et
2561 2979 2696 3031 Levi
2739 2980 3103 3045 prudentiam
3140 2992 3255 3031 non
3291 2982 3442 3030 recte
3474 2976 3762 3028 directam

456 3072 681 3133 dicitur,
729 3071 1141 3123 Adolescentulce
1178 3071 1480 3122 dilexerunt
1521 3072 1609 3141 3|
1658 3080 1703 3123 te
1740 3074 1915 3136 (Cant.
1942 3073 2010 3134 1.)
2040 3052 2127 3138 ;C
2156 3067 2464 3129 signiﬁcari
2492 3081 2660 3134 posse
2683 3070 3055 3122 distinximus
3081 3088 3091 3118 :
3121 3069 3222 3121 sed
3240 3068 3519 3131 huncjam
3532 3067 3636 3117 inJ
3644 3063 3763 3116 uda

455 3167 514 3215 et
544 3175 676 3226 qua
700 3161 898 3213 dicunt
914 3160 987 3212 ad
1010 3161 1208 3211 Jesum
1236 3175 1249 3212 :
1279 3166 1395 3211 Post
1420 3166 1465 3211 te
1488 3163 1547 3211 in
1571 3163 1786 3212 odorem
1811 3178 2052 3227 unguen-

451 3256 632 3301 torum
677 3254 897 3298 tuorum
940 3263 1218 3299 curremns
1261 3249 1458 3314 (Ibid).
1508 3251 1948 3315 Requiescentes
1991 3252 2053 3303 in

444 3340 634 3392 medio
690 3338 950 3401 sortium,
1006 3337 1064 3389 id
1121 3344 1228 3400 est,
1291 3339 1352 3391 in
1406 3339 1594 3392 medio
1651 3346 1817 3393 terra
1861 3342 2050 3405 bona,

446 3433 618 3482 terra
668 3426 899 3478 fluentis
945 3427 1030 3479 lac
1076 3433 1134 3479 et
1174 3428 1286 3480 mel
1332 3442 1345 3479 :
1394 3429 1455 3480 in
1500 3429 1689 3481 medio
1737 3430 1919 3494 ipsius
1962 3443 2051 3482 re-

448 3518 775 3583 quiescunt.
818 3518 955 3579 Qua
991 3522 1141 3569 terra
1178 3522 1301 3571 erat
1324 3520 1494 3571 Jesus
1519 3520 1707 3571 ﬂuens
1727 3520 1814 3572 lac
1837 3524 1897 3573 et
1918 3521 2049 3585 mel,

446 3619 622 3671 super
650 3605 820 3669 cujus
848 3610 1065 3670 pectus,
1094 3620 1212 3659 non
1235 3607 1421 3659 solum
1451 3610 1704 3661 Joannes
1729 3610 1902 3673 (Joan.
1924 3608 2051 3674 13.),

451 3695 553 3747 sed
598 3695 658 3746 in
701 3695 921 3746 Joanne
957 3708 1159 3747 omnes
1201 3696 1469 3761 discipuli
1501 3698 1914 3751 recumbebant
1953 3713 1966 3749 :
1997 3704 2054 3751 et

447 3784 580 3836 facti
614 3787 755 3836 sunt
784 3783 1068 3847 agricola.
1106 3787 1259 3837 Istos
1286 3785 1465 3839 fuisse
1487 3786 1782 3851 agricolas,
1809 3793 1865 3839 et
1885 3801 2053 3841 exco-

449 3872 629 3927 luisse
661 3875 869 3927 terram
903 3880 1180 3937 nostram,
1218 3887 1396 3939 quam
1421 3876 1690 3941 pinguem
1715 3877 2054 3931 viderantet

454 3963 681 4029 bonam,
718 3976 1008 4028 quamque
1033 3964 1205 4016 Filius
1228 3964 1478 4017 hominis
1499 3970 1736 4018 venerat
1752 3967 2052 4030 seminare,

453 4056 512 4104 et
522 4065 718 4105 semen
730 4053 856 4117 ejus
868 4053 1071 4106 cecidit
1081 4067 1249 4119 super
1261 4056 1468 4107 terram
1480 4054 1690 4107 bonam
1705 4055 1910 4119 (Matth.
1926 4055 2053 4120 13.),

452 4153 587 4205 qua
608 4141 854 4195 adferret
878 4142 1149 4205 fructum,
1174 4143 1333 4193 aliud
1357 4145 1705 4206 tricesimum,
1732 4144 2056 4195 aliudsexa-

448 4230 728 4293 gesimum,
767 4230 924 4280 aliud
946 4233 1298 4281 centesimum
1327 4233 1470 4295 (Luc.
1498 4232 1593 4296 8.).
1621 4233 1819 4284 Omnis
1841 4234 1913 4286 de
1944 4234 2054 4286 hoc

452 4319 743 4383 Scriptura
789 4320 1067 4383 tesitatur,
1106 4325 1164 4373 et
1186 4320 1472 4385 pracipue
1494 4322 1703 4373 Paulus
1727 4323 2054 4387 Apostolus,

453 4408 551 4472 qui
588 4408 727 4460 dicit
760 4422 772 4459 :
802 4409 899 4459 Dei
922 4410 1068 4458 enim
1093 4410 1499 4459 administratio
1522 4415 1609 4469 est,
1629 4412 1724 4460 Dei
1745 4411 1959 4462 cultura
1982 4419 2052 4462 est

456 4496 521 4560 (1.
567 4497 686 4549 Cor.
715 4496 806 4560 3.).
833 4499 902 4549 Et
924 4497 1130 4550 iterum
1154 4498 1305 4550 idem
1327 4499 1480 4559 dicit,
1506 4500 1881 4553 Laborantcm
1903 4503 2051 4567 agri-

454 4584 638 4637 colam
684 4590 906 4650 oportet
950 4587 1200 4652 primum
1240 4587 1311 4639 de
1349 4587 1628 4641 fructibus
1662 4591 1942 4655 percipere
1977 4590 2046 4653 (2.

461 4674 593 4723 Tim.
634 4672 725 4737 2.).
742 4676 810 4726 Et
830 4676 1039 4727 iterum
1064 4677 1135 4727 de
1160 4678 1467 4741 semetipso
1490 4677 1625 4731 dicit
1650 4695 1666 4728 .-
1688 4680 1819 4739 Quis
1839 4680 2054 4745 plantat

458 4762 694 4825 vineam,
730 4768 776 4812 et
809 4763 872 4813 de
904 4764 1088 4827 fructu
1117 4765 1231 4829 ejus
1257 4782 1366 4815 non
1393 4767 1498 4817 edit
1522 4768 1589 4831 (1.
1621 4768 1738 4819 Cor.
1767 4768 1823 4823 9.
1855 4768 1872 4832 )
1897 4773 1919 4818 't
1944 4768 2052 4821 Sed

462 4851 702 4903 fortasse
725 4850 865 4903 dicis
891 4867 903 4903 :
922 4854 992 4904 Et
1006 4854 1292 4918 quomodo
1310 4869 1509 4909 verum
1526 4862 1630 4919 est,
1651 4858 1783 4921 quia
1799 4858 2051 4921 requiem

460 4940 732 4993 viderunt
774 4943 1050 5006 Apostoli,
1098 4944 1247 4997 sicut
1281 4945 1374 4998 hic
1410 4946 1630 4999 dicitur.
1668 4946 1736 4996 Et
1758 4946 1943 4996 videns
1965 4962 2053 4995 re-

459 5031 660 5095 quiem,
685 5032 818 5096 qftia
842 5032 982 5083 bona
1004 5039 1076 5083 est
1099 5050 1115 5084 :
1139 5047 1316 5098 quum
1337 5040 1560 5088 constet
1583 5036 1887 5100 Apostolos
1913 5048 2054 5088 nun-

517 5211 534 5229 ·
556 5201 797 5256 Videtur
818 5204 1237 5257 emendandum
1270 5206 1615 5271 requiescens,
1643 5217 1777 5255 nam
1809 5209 1867 5256 et
1892 5205 2052 5256 Vete-

450 5284 543 5341 res
568 5274 754 5326 Latini
776 5276 869 5327 alii
894 5278 1104 5341 Patres,
1132 5282 1188 5329 et
1212 5279 1447 5329 Graecus
1472 5276 1593 5340 ipse
1616 5279 1810 5326 textus
1822 5275 2052 5339 prafcrt

452 5339 826 5409 ἀναπαυόμενος

513 5413 535 5442 ³³
590 5416 759 5479 Idesl,
786 5418 979 5470 omnis.
1018 5419 1340 5471 Occurrunt
1375 5415 1655 5477 ejusmodi
1694 5416 2049 5468 locutionum

458 5484 629 5537 etiam
652 5489 802 5552 apud
819 5490 957 5542 alios
974 5488 1251 5551 exempla.
1267 5489 1407 5549 Qua
1422 5491 1743 5549 sequuntur
1757 5490 1946 5550 verba,
1960 5490 2050 5538 ira

458 5562 504 5603 et
540 5556 726 5618 furore
761 5570 1051 5621 errantem,
1086 5560 1145 5610 in
1170 5557 1376 5608 mendo
1402 5558 1615 5609 cubant
1639 5571 1652 5621 ;
1677 5572 1742 5610 ac
1768 5565 1917 5611 certe
1946 5565 2048 5612 aut

463 5626 557 5679 illa
594 5633 980 5697 expungenda
1011 5634 1164 5689 sunt,
1185 5630 1274 5677 ira
1297 5634 1340 5678 et
1362 5629 1547 5691 furore
1573 5644 1585 5680 :
1610 5636 1710 5681 aut
1735 5631 2048 5695 supplenda

461 5698 643 5765 istac,
675 5706 903 5764 ratione,
937 5709 981 5751 et
1012 5701 1453 5765 concupiscentia.
1481 5704 1642 5753 Tunc
1669 5716 1802 5754 vero
1825 5710 2045 5766 erraret,

462 5776 809 5837 auterrasset,
826 5788 928 5840 pro
950 5780 1220 5823 errantem
1245 5772 1543 5825 rescribas.
1568 5774 1759 5839 Hujus
1770 5776 1848 5827 rei
1866 5776 2049 5840 gratia

462 5849 516 5894 et
535 5844 747 5909 locum,
773 5846 843 5897 ad
867 5858 1040 5909 quem
1062 5844 1293 5909 respicit
1316 5845 1559 5899 Ruﬁnus
1574 5858 1648 5899 ex
1670 5846 1856 5912 priore
1877 5848 2049 5899 Bene-

2154 3157 2510 3209 ostendimus
2555 3159 2946 3223 pauitantem,
2988 3163 3045 3211 et
3092 3159 3150 3210 in
3182 3157 3434 3209 Zabulon
3465 3168 3537 3207 ex
3568 3153 3762 3206 multa

2152 3251 2309 3312 parte
2334 3260 2699 3310 conversum,
2725 3250 2781 3300 in
2805 3248 3035 3299 Isachar
3057 3261 3213 3309 vero,
3238 3248 3336 3311 qui
3364 3264 3552 3297 merces
3573 3248 3761 3300 inter-

2152 3343 2426 3403 pretatur,
2469 3340 2589 3403 jam
2619 3338 2883 3390 videmus
2908 3352 3039 3391 eum
3074 3339 3240 3391 etiam
3263 3339 3589 3391 mercedem
3615 3339 3761 3391 boni

2153 3429 2340 3493 operis
2364 3430 2815 3493 exspectantem,
2829 3428 3085 3493 quianon
3100 3428 3287 3480 solum
3300 3428 3760 3492 abjecitmalum,

2153 3518 2255 3569 sed
2285 3522 2345 3570 et
2375 3518 2706 3584 concupivit
2741 3520 2975 3580 bonum,
3010 3517 3181 3569 etiam
3211 3517 3270 3568 in
3300 3517 3487 3569 medio
3512 3517 3763 3571 sortium

2151 3607 2475 3671 requiescit.
2503 3609 2565 3659 In
2588 3608 2778 3660 medio
2804 3612 2997 3660 autem
3021 3611 3129 3671 est,
3155 3608 3250 3672 qui
3271 3606 3590 3658 secundum
3603 3618 3763 3659 com-

2153 3696 2527 3748 monitionem
2552 3696 2871 3761 Sapientia,
2897 3709 3015 3748 non
3044 3696 3292 3748 declinat
3314 3709 3499 3760 neque
3519 3696 3591 3748 ad
3609 3695 3762 3747 dex-

2155 3790 2300 3837 tram
2323 3798 2511 3849 neque
2534 3785 2605 3837 ad
2632 3786 2939 3839 sinistram.
2964 3785 3073 3837 hoc
3090 3790 3178 3837 est
3193 3783 3759 3849 enim,rectelineam

2154 3879 2364 3935 tenere,
2391 3879 2450 3925 et
2474 3874 2627 3926 viam
2652 3874 2883 3926 virtutis
2907 3874 3185 3935 incedere,
3211 3874 3273 3925 in
3294 3886 3409 3938 quo
3433 3874 3603 3925 etiam
3631 3887 3760 3926 sor»

2153 3967 2242 4015 tes
2268 3964 2350 4015 sic
2372 3968 2618 4029 possunt
2644 3963 2898 4028 intelligi.
2927 3965 3060 4015 Sors
3083 3963 3309 4026 dicitur,
3331 3975 3431 4028 per
3453 3975 3624 4027 quam
3639 3962 3760 4015 ba-

2153 4053 2409 4105 reditatis
2434 4053 2616 4118 portio
2631 4052 2942 4117 unicuique
2959 4053 3245 4111 tribuitur,
3262 4065 3374 4105 non
3394 4065 3526 4117 qua
3538 4057 3760 4105 eventu

2153 4142 2345 4208 aliquo
2378 4146 2646 4195 constare
2673 4142 2957 4203 videatur,
2985 4143 3133 4195 sicut
3154 4147 3356 4207 gentes
3380 4144 3583 4206 putant
3608 4154 3623 4204 ;
3650 4141 3758 4194 sed

2154 4245 2287 4297 qua
2310 4233 2410 4285 Dei
2433 4232 2649 4297 judicio
2673 4235 2732 4285 et
2756 4232 3181 4297 dispensatione
3202 4233 3541 4285 decernitur.
3559 4233 3757 4285 Sortes

2154 4334 2288 4385 ergo
2319 4322 2481 4373 nobis
2506 4321 2565 4373 in
2592 4322 2697 4373 hac
2720 4321 2915 4374 Morali
2940 4322 3313 4387 eXpositione,
3337 4321 3607 4374 mandata
3629 4321 3753 4380 Dei.

2154 4423 2254 4474 per
2286 4423 2416 4474 qua
2448 4410 2755 4463 bareditas
2785 4410 3031 4463 calestis
3056 4412 3328 4475 capietur,
3358 4410 3750 4474 intelligenda

2156 4504 2309 4551 sunt.
2338 4501 2449 4552 Iste
2472 4512 2623 4564 ergo,
2651 4500 2745 4564 qui
2760 4501 2880 4565 jam
2896 4513 3230 4561 conversus,
3244 4500 3411 4552 etiam
3425 4499 3751 4552 mercedem

2154 4602 2391 4653 operum
2429 4603 2665 4642 suorum
2699 4595 2906 4656 sperat,
2941 4604 3166 4656 semper
3191 4591 3251 4643 in
3273 4590 3461 4643 medio
3485 4590 3749 4654 sortium,

2152 4678 2208 4730 id
2241 4683 2346 4738 est.
2368 4680 2429 4731 in
2451 4680 2640 4733 medio
2664 4680 3065 4733 mandatorum
3084 4681 3180 4732 Dei
3199 4681 3523 4745 requiescit,
3540 4680 3751 4733 videns

2152 4769 2406 4833 requiem
2431 4769 2562 4832 quia
2585 4769 2735 4821 bona
2763 4774 2871 4833 est,
2902 4772 2960 4821 et
2993 4774 3204 4823 terram
3234 4769 3372 4835 quia
3392 4769 3616 4834 pinguis
3632 4773 3741 4822 est.

2152 4860 2528 4923 Posteaquam
2560 4872 2831 4923 pugnam,
2870 4868 3004 4924 qua
3046 4863 3167 4912 erat
3198 4860 3351 4912 intra
3374 4872 3435 4911 se
3451 4859 3742 4925 cogitatio-

2150 4960 2309 5008 num,
2344 4948 2483 4999 dum
2515 4948 2574 5000 in
2599 4961 2667 5001 eo
2690 4949 3116 5012 concupisceret
3138 4960 3269 5001 caro
3291 4948 3596 5000 adversum
3624 4947 3746 5012 spi-

2150 5037 2341 5101 ritum,
2379 5041 2436 5089 et
2456 5037 2688 5102 spiritus
2712 5037 3023 5090 adversum
3046 5049 3297 5101 carnem,
3323 5036 3541 5103 depulit
3563 5039 3621 5089 et
3641 5048 3744 5088 ex-

2149 5206 2397 5259 dictione
2422 5207 2531 5258 sub
2554 5206 2747 5270 tinem,
2777 5205 3170 5258 adnectendus
3194 5208 3300 5259 est.
3331 5206 3515 5267 Omne,
3534 5205 3739 5268 inquit,

2148 5293 2255 5342 quo
2282 5278 2540 5327 innititur
2554 5278 2763 5338 anima,
2782 5277 2859 5326 vel
2870 5284 3127 5338 movetur,
3141 5278 3350 5340 autira,
3364 5283 3459 5326 aut
3471 5277 3742 5342 desiderii,

2148 5354 2243 5396 aut
2276 5350 2506 5397 rationis
2533 5354 2604 5396 est
2630 5366 2640 5395 :
2666 5354 2712 5395 et
2738 5349 2852 5396 ideo
2878 5348 3040 5395 totius
3064 5349 3183 5397 vita
3204 5349 3461 5397 humanae
3488 5352 3656 5395 status
3682 5348 3741 5395 in

2150 5420 2262 5469 istis
2286 5420 2453 5468 tribus
2475 5420 2604 5481 ﬁliis
2626 5419 2787 5468 Jacob
2810 5418 3134 5468 adumbrari
3158 5420 3302 5467 «mihi
3329 5419 3554 5478 videtur,
3581 5424 3628 5466 et
3647 5435 3743 5483 per

2147 5492 2288 5555 ipsos
2317 5491 2625 5553 tripartitus
2650 5491 2743 5539 iste
2768 5496 2938 5539 motus
2963 5491 3161 5539 animae
3184 5490 3460 5553 designari
3487 5506 3501 5537 :
3535 5490 3591 5537 in
3619 5490 3743 5554 qui-

2148 5562 2241 5610 bus
2276 5568 2448 5611 servat
2482 5562 2721 5626 primam.
2747 5563 3179 5625 concupiscentia
3204 5562 3423 5626 speciem
3443 5562 3733 5611 Ruben.....

2149 5633 2452 5681 Secundam
2491 5634 2600 5695 ira,
2638 5632 2713 5681 vel
2742 5632 2950 5694 furoris
2973 5633 3193 5697 speciem
3225 5638 3356 5680 tenet
3383 5632 3737 5695 Symeon......

2156 5705 2386 5754 Tertiam
2408 5703 2647 5766 formam
2672 5709 2843 5753 motus
2860 5703 3200 5753 rationabilis
3221 5709 3353 5753 tenet
3372 5703 3506 5762 Levi,
3523 5707 3649 5766 etc.,
3666 5716 3734 5757 ex

2146 5774 2357 5840 quibus
2380 5774 2512 5827 licet
2535 5781 2797 5841 corrupto
2817 5773 2941 5827 loco
2965 5788 3056 5828 mc
3076 5774 3307 5828 licinam
3329 5774 3614 5827 adhibere.
