3898 6406
56 350 156 407 321

679 351 770 403 DE
804 348 1444 405 BENEDICTIONIBUS
1478 351 2096 406 PATRIARCHARUM
2132 352 2337 406 LIBER
2372 353 2757 407 SECUNDUS.

3258 355 3362 411 3‘22

48 466 249 528 clusit,
275 465 571 530 requievit
594 466 826 530 spiritus
846 466 974 529 ejus
993 466 1055 517 in
1080 467 1226 517 Deo:
1256 470 1315 518 et
1352 472 1490 519 tunc
1517 465 1662 519 vidit
1680 471 1733 543 Α
1758 482 1882 517 rum
1913 482 2078 517 suum
2102 468 2175 518 ad
2197 466 2580 528 laborandum,
2605 474 2651 517 et
2671 467 2847 530 factus
2874 473 2945 517 est
2973 468 3062 518 vir
3096 470 3357 533 agricola.

47 557 267 607 bonam
291 568 423 607 esse
442 556 720 618 requiem,
752 555 986 619 quando
1006 556 1127 619 jam
1157 555 1341 607 dicere
1364 556 1413 606 ei
1440 560 1663 620 poterat

42 647 240 707 Jesus,
274 644 456 693 Venite
470 644 782 706 paululum.
807 649 852 693 et
874 644 1198 708 requiescite.
1239 644 1348 695 Sed
1372 649 1429 696 et
1455 650 1664 697 terram

48 734 220 794 vidit,
249 736 388 798 quia
418 734 572 785 bona
617 738 721 785 est.
745 733 988 795 Quando
1014 732 1156 785 vidit
1180 738 1387 785 terram
1412 734 1622 785 bonam
1642 738 1664 781 ι)

48 823 292 887 quando
316 834 551 874 carnem
574 834 743 873 suam
763 834 798 873 a
819 821 974 874 vitiis
989 826 1047 874 et
1071 823 1553 887 concupiscentiis
1569 836 1664 874 ex-

44 912 346 977 purgavit,
371 917 513 963 tunc
536 922 664 963 eam
674 910 816 963 vidit
838 916 1045 963 terram
1070 923 1198 963 esse
1218 913 1431 963 bonam
1456 916 1513 963 et
1527 912 1660 977 pin-

1757 557 2016 619 Agricola
2057 561 2224 609 terra
2254 569 2377 608 suae
2416 557 2709 621 putandus
2734 561 2823 609 est
2854 557 2967 620 ille,
2993 559 3092 621 qui
3116 571 3351 623 campos

1760 647 2423 711 animaasuamordisque
2447 646 2535 697 sui
2559 647 2785 699 novalia
2796 646 3188 700 indesinenter
3206 647 3366 700 verbi

1767 735 1866 787 Dei
1887 737 2074 788 aratro
2098 740 2154 787 et
2178 736 2570 800 Scriptuarum
2592 747 2822 787 vomere
2848 736 3059 788 scindit
3077 741 3137 789 et
3151 737 3357 799 sulcat,

1763 824 1863 888 qui
1886 823 2161 889 plantaria
2183 824 2316 876 ﬂdei
2338 829 2397 877 et
2420 825 2671 876 caritatis
2694 836 2762 876 ac
2784 824 2906 889 spei
2939 828 2996 877 et
3011 825 3259 890 justitiw
3292 826 3363 878 de

1767 912 1944 965 Israel
1966 913 2224 965 fontibus
2248 912 2413 978 rigat,
2440 917 2498 965 et
2519 926 2750 965 omnem
2793 913 3163 978 agriculturae
3186 914 3365 967 disci-

48 1013 229 1067 guem
261 1001 386 1053 sine
429 1000 626 1066 dubio,
660 1012 793 1065 quae
828 1000 1013 1053 adfert
1062 1000 1286 1053 fructus
1326 1000 1571 1065 justitiai
1610 1001 1671 1053 in
1769 1001 1986 1068 plinam
2008 1002 2069 1053 in
2091 1002 2302 1055 animm
2331 1014 2457 1056 sum
2483 1015 2615 1055 rure
2642 1001 3039 1068 deprehendit.

42 1091 320 1156 operibus
346 1090 532 1143 bonis.
569 1090 691 1143 Hoc
712 1090 868 1142 enim
903 1090 1133 1152 videns,
1157 1091 1444 1155 supposuit
1472 1090 1665 1141 hume-

1156 1256 1925 1353 BENEDICTIO
1995 1180 2293 1352 DAN.

135 1462 190 1533 3
200 1462 258 1532 3
273 1464 324 1519 1.
348 1462 743 1529 DANjudicabit
757 1464 1023 1529 populum
1034 1477 1197 1513 suum
1209 1467 1476 1526 tanquam
1490 1462 1538 1511 si
1551 1477 1667 1511 una

69 1552 267 1604 Tribus
287 1553 350 1602 in
375 1551 555 1602 Israel.
572 1552 640 1602 Et
656 1553 752 1617 ﬁat
775 1553 901 1602 Dan
922 1566 1135 1614 serpens
1177 1550 1240 1600 in
1270 1551 1377 1614 via,
1416 1550 1668 1599 adsidens

57 1658 225 1708 super
247 1642 515 1705 semitam,
538 1642 789 1691 mordens
804 1640 1117 1691 calcaneum
1127 1640 1251 1705 equi
1274 1645 1324 1689 et
1341 1640 1489 1689 cadet
1514 1653 1667 1703 eques

58 1738 381 1781 retrorsum.
409 1730 650 1780 Salutem
681 1736 988 1796 exspectans
1010 1744 1046 1780 a
1082 1730 1527 1793 Domino.Hujus
1559 1726 1670 1780 loci

1767 1464 2069 1517 voluerint.
2106 1462 2356 1517 morderi
2398 1463 2597 1528 utique
2629 1476 2665 1516 a
2684 1468 2945 1529 serpente
2987 1477 3103 1518 non
3138 1465 3364 1530 potuit;

1767 1552 1816 1605 si
1858 1553 1919 1605 in
1964 1553 2169 1618 equite,
2214 1552 2418 1606 cadere
2461 1550 2576 1620 34
2632 1557 2965 1618 retrorsum,
3017 1556 3075 1607 et
3120 1554 3367 1607 salutem

1766 1646 2100 1707 exspectare
2112 1642 2417 1705 aDomino,
2429 1643 2617 1693 Deitas
2638 1642 2811 1695 Verbi
2833 1655 2951 1694 non
2974 1646 3364 1708 competenter

1767 1731 2005 1784 dicetur.
2025 1731 2164 1784 Inde
2186 1731 2635 1796 puto,quodDan
2649 1731 2889 1784 fortasse
2899 1731 2973 1783 ad
2987 1732 3149 1783 illum
3159 1732 3370 1784 rectius

58 1819 334 1879 Historia,
362 1819 637 1884 quoniam
659 1819 720 1871 in
735 1818 1038 1884 Scripturis
1059 1817 1661 1882 sanctis,quantumad
1686 1852 1739 1926 B
1769 1820 2143 1873 transferatur
2164 1830 2205 1882 ιι,
2239 1821 2339 1884 qui
2380 1820 2566 1885 judex
2616 1824 2985 1885 exspectatur
3027 1820 3288 1873 vivorum
3312 1825 3369 1873 et

59 1910 171 1961 mei
196 1920 417 1962 sensus
432 1909 768 1973 parvitatem
783 1908 1355 1973 spectat,non'facile
1374 1906 1663 1959 invenitur
1686 1906 1739 1926 ”
1767 1914 2129 1963 mortuorum
2154 1924 2167 1960 :
2196 1909 2332 1973 quia
2355 1910 2497 1972 Dan,
2517 1910 2792 1974 judicium
2808 1911 2896 1961 vel
2914 1909 3369 1974 judexinterpre-

60 1999 365 2051 evidenter
384 2009 681 2061 expressa,
708 1996 799 2050 vel
824 1996 1120 2062 quomodo
1163 1996 1509 2061 judicaverit
1536 1997 1664 2047 Dan

59 2087 340 2153 populum
378 2086 544 2151 quasi
579 2098 756 2139 unam
780 2088 1015 2151 tribum,
1045 2086 1138 2139 vel
1160 2089 1449 2150 quomodo
1473 2085 1534 2136 in
1571 2085 1665 2137 via

60 2176 387 2230 adsederit:
422 2189 497 2228 ne
542 2175 686 2228 forte
740 2175 958 2239 aliquid
998 2174 1153 2239 quod
1196 2176 1572 2239 probamenta
1594 2174 1666 2226 de

62 2266 371 2330 Scripturis
386 2264 579 2317 minus
590 2266 854 2318 videatur
876 2263 1667 2329 habere,proferamus,magis

62 2368 195 2420 qum
214 2355 430 2419 scripta
453 2358 590 2405 sunt
612 2355 685 2406 ad
720 2355 1028 2419 spiritalem
1051 2353 1490 2416 intelligentiam
1525 2352 1666 2403 mihi

62 2444 337 2497 videntur
350 2444 614 2508 aptanda.
643 2443 764 2495 Nisi
786 2443 1003 2496 fortein
1025 2443 1116 2495 his
1158 2442 1344 2506 bellis,
1369 2454 1502 2505 quae
1547 2441 1668 2493 sive

64 2536 165 2587 abJ
173 2533 588 2598 esuNave,sive
599 2532 687 2585 inJ
696 2533 932 2585 udicum
944 2533 1087 2585 libro
1105 2533 1316 2597 scripta
1330 2532 1665 2592 referuntur,

67 2623 362 2688 aliquibus
385 2623 524 2675 inibi
546 2623 746 2687 gestis,
769 2622 897 2676 hac
918 2635 1052 2687 quae
1075 2623 1285 2687 scripta
1307 2626 1443 2673 sunt
1474 2621 1668 2674 confe-

66 2717 282 2765 rantur.
331 2712 623 2764 Curiosius
682 2712 1075 2777 perquirentes
1134 2724 1242 2764 nos
1282 2716 1493 2776 tamen,
1540 2711 1671 2764 licet

72 2803 334 2855 nondum
359 2802 514 2867 quod
534 2802 837 2855 intentioni
854 2808 1070 2855 nostra
1097 2802 1463 2861 satisfaceret,
1478 2801 1669 2866 depre-

74 2892 385 2945 hendimus
410 2907 423 2943 :
450 2894 657 2953 tamen,
705 2904 836 2956 quae
879 2892 940 2945 in
967 2891 1373 2944 nonnullorum
1407 2890 1671 2957 opinione

74 2982 382 3045 habentur,
418 2981 777 3046 exponimus.

1763 2000 1938 2051 tatur.
1955 1998 2235 2050 Dominus
2251 2010 2386 2063 ergo
2400 2000 2433 2049 J
2437 2011 2570 2050 esus
2591 1998 2850 2050 Christus
2883 1999 2982 2062 qui
3005 1998 3279 2062 dicit,E'go
3302 1998 3366 2049 in

1755 2087 2034 2152 judicium
2046 2089 2238 2137 veniin
2264 2087 2411 2137 hunc
2432 2087 2707 2137 mundum
2737 2088 2920 2149 (Joan.
2946 2085 3119 2151 9.):et
3138 2087 3366 2147 iterum,

1763 2178 1925 2227 Pater
1944 2176 2213 2227 neminem
2224 2175 2457 2240 judicat,
2486 2176 2576 2226 sed
2599 2190 2756 2226 omne
2782 2175 3037 2240 judicum
3059 2175 3197 2225 Filio
3226 2176 3371 2226 dedit

1766 2266 1918 2331 (Ibid.
1945 2265 2181 2330 5.);ipse
2200 2266 2474 2330 populum
2508 2278 2681 2317 suum
2716 2269 2992 2328 tanquam
3016 2276 3193 2315 unam
3211 2264 3370 2329 judi-

1765 2356 1916 2406 cabit
1936 2355 2191 2418 Tribum,
2216 2366 2331 2405 non
2356 2354 2513 2405 enim
2542 2355 2692 2405 ultra
2713 2353 2817 2405 erit
2845 2352 3050 2405 divisio
3067 2352 3363 2415 Tribuum,

1764 2457 1885 2497 non
1894 2443 2009 2496 ulla
2033 2442 2467 2507 diversitas,sed
2480 2443 2629 2496 sicut
2645 2443 2766 2509 ipse
2777 2442 2883 2495 ait:
2901 2442 3023 2493 Erit
3043 2456 3190 2491 unus
3211 2456 3365 2507 grew,

1765 2540 1815 2583 et
1834 2549 1978 2584 unus
1998 2536 2186 2598 pastor
2212 2532 2363 2597 (Ibid.
2391 2532 2519 2597 10.).

1829 2621 1862 2677 3
1897 2622 2060 2684 Quod
2095 2626 2287 2674 autem
2310 2622 2535 2686 aliquos
2558 2620 2786 2674 videtur
2828 2620 3113 2674 deterrere
3154 2620 3216 2674 in
3258 2621 3369 2675 hoc

1767 2713 1911 2778 loco,
1955 2713 2065 2765 iste
2111 2724 2297 2765 sermo
2344 2712 2444 2776 qui
2486 2712 2766 2776 sequitur,
2812 2711 3027 2773 dicens,
3079 2712 3201 2761 Fiat
3241 2711 3368 2762 Dan

1767 2817 1980 2867 serpens
2000 2803 2061 2851 in
2082 2802 2192 2853 via:
2220 2806 2279 2853 et
2303 2802 2440 2866 quia
2452 2813 2689 2866 serpens
2706 2800 3033 2865 frequenter
3046 2800 3107 2852 in
3125 2801 3370 2866 Scriptu-

1766 2892 1848 2944 ris
1870 2892 1931 2944 in
1962 2891 2174 2944 diaboli
2208 2903 2451 2956 persona
2473 2891 2715 2955 ponitur,
2729 2894 2935 2949 putant
2946 2890 3055 2942 hoc
3068 2902 3185 2942 non
3196 2903 3368 2955 posse

1769 2981 2012 3034 Domino
2042 2980 2364 3033 convenire.
2392 2980 2502 3032 Sed
2527 2980 2575 3031 si
2596 2979 2901 3032 redeamus
2925 2981 2997 3031 ad
3029 2981 3372 3045 Scripturae,

134 3070 187 3125 2.
226 3070 440 3123 Dicunt
460 3070 482 3099 ¹³
505 3070 754 3134 quidam,
781 3070 1201 3123 Antichristum
1223 3082 1322 3135 per
1342 3069 1469 3123 hac
1497 3070 1676 3122 verba
1775 3071 1924 3123 sicut
1946 3070 2277 3122 invenimus
2299 3069 2525 3121 leonem
2553 3068 2665 3120 dici
2689 3068 2998 3132 diabolum,
3014 3070 3110 3134 qui
3128 3070 3373 3120 circum-

66 3160 312 3227 priedici
339 3160 411 3212 de
432 3160 546 3212 ista
568 3160 1023 3213 tribufuturum:
1047 3159 1139 3212 alii
1163 3159 1235 3212 de
1260 3168 1277 3188 ε
1300 3161 1453 3212 Juda
1489 3159 1675 3224 prodi-
1702 3139 1752 3214 Ε
1774 3161 1900 3213 iens
1954 3159 2161 3224 quatrit
2216 3171 2389 3223 quem
2422 3160 2743 3211 transvoret
2790 3157 2860 3220 (1.
2892 3159 3001 3208 Pet.
3051 3157 3121 3222 5.)
3149 3161 3207 3212 et
3249 3162 3377 3211 tau-

84 3255 204 3305 tore
227 3250 357 3303 haec
390 3250 601 3315 scripta
616 3261 746 3303 esse
767 3250 1212 3315 suspicantur,et
1233 3249 1484 3313 equitem
1502 3253 1678 3313 atque

78 3350 316 3403 equum,
352 3337 666 3389 Dominum
716 3349 850 3390 cum
874 3349 1045 3389 carne
1070 3341 1358 3402 suscepta,
1388 3336 1678 3402 designari

80 3432 308 3504 volunt.
334 3430 444 3482 Sed
485 3429 582 3483 vix
603 3429 744 3481 mihi
766 3428 993 3481 videtur
1027 3425 1297 3492 explicari
1328 3439 1500 3492 posse
1547 3427 1678 3479 talis

76 3509 459 3583 lntelligentia
482 3530 496 3569 :
522 3516 657 3582 quia
678 3519 736 3569 et
763 3516 812 3567 si
853 3515 915 3567 in
951 3526 1100 3579 equo
1150 3514 1431 3567 Deitatem
1467 3526 1678 3580 ponere

141 3701 160 3720 ·
190 3689 515 3742 Econtrario
536 3688 680 3741 nihil
703 3688 774 3740 de
795 3687 978 3740 literae
1001 3698 1181 3739 sensu
1205 3686 1431 3739 dubitat
1467 3686 1680 3739 doctis-

77 3763 265 3814 simus
277 3764 660 3826 Interpretum
684 3762 1347 3824 Hieronymus,cumque
1367 3772 1433 3811 eo
1445 3762 1680 3810 Ambro-

75 3836 219 3886 sius.
246 3834 346 3885 Ille
373 3832 624 3894 Samson,
648 3833 742 3894 ait,
768 3831 947 3881 Judea:
979 3831 1041 3879 in
1077 3831 1245 3880 Israel
1281 3831 1343 3880 de
1388 3830 1530 3879 tribu
1555 3831 1680 3879 Dan

72 3906 200 3971 fuit.
229 3905 340 3954 Hoc
379 3918 501 3968 ergo
517 3904 664 3965 dicit,
698 3907 812 3955 etc.
844 3901 968 3965 Hic,
1004 3900 1250 3965 Simplex
1272 3899 1561 3949 intellectus
1583 3900 1682 3950 hoc

74 3976 250 4037 habet,
309 3977 455 4041 quod
504 3975 666 4025 etiam
710 3974 837 4022 Dan
876 3973 1043 4021 tribus
1086 3972 1334 4022 Judieem
1368 3971 1572 4021 dederit
1616 3971 1679 4020 in

74 4047 310 4098 Israel...
336 4047 459 4096 Fuit
478 4052 659 4095 autem
692 4050 738 4093 et
767 4044 1017 4103 Samson,
1041 4043 1105 4092 de
1137 4042 1280 4091 tribu
1304 4043 1428 4091 Dan
1459 4047 1504 4091 et
1528 4042 1682 4107 judi-

73 4116 389 4169 cavitlsrael
406 4116 600 4181 viginti
616 4116 922 4166 annis.Hos
946 4113 1283 4177 aliisequnti
1304 4119 1443 4165 sunt
1471 4126 1682 4179 magno

74 4202 339 4253 numero,
363 4192 420 4240 et
446 4200 576 4238 cum
598 4188 800 4252 primis
820 4185 1076 4238 ineditus
1113 4184 1266 4249 apud
1303 4196 1412 4237 nos
1447 4187 1680 4250 Auctor,

76 4261 182 4328 qui
206 4264 503 4324 tamquam
519 4271 551 4311 e
564 4257 786 4323 tripode
799 4256 1132 4322 pronuntiat
1155 4259 1387 4307 Samson
1411 4257 1497 4307 his
1516 4256 1684 4307 verbis

72 4334 491 4400 praefiguntur,
511 4330 608 4396 qui
631 4345 778 4381 more
809 4328 1013 4379 colubri
1038 4328 1399 4393 serpentisque
1432 4329 1685 4380 terribilis

73 4405 206 4468 fuit.

139 4477 162 4507 δ
195 4478 321 4528 Imo
345 4474 557 4541 plures,
577 4485 609 4527 e
626 4473 838 4539 quibus
867 4472 930 4524 ut
950 4471 1199 4536 aliquem
1220 4470 1676 4538 laudem,S.Am-

77 4547 327 4637 brosius,
372 4543 909 4637 Prophetiahiknq'uit,
953 4544 1672 4637 signiﬁcatfintechristum,
1700 4563 1759 4637 D

77 4620 179 4687 qui
199 4620 425 4683 futurus
447 4622 517 4667 est
536 4632 603 4667 ea:
626 4615 769 4665 tribu
792 4615 936 4679 Dan,
970 4630 1135 4664 saevus
1146 4614 1388 4679 judem,el
1415 4622 1686 4682 tyrannus

76 4690 394 4753 immanis,j
404 4688 654 4741 udicabit
661 4689 936 4753 populum
952 4688 1330 4750 suum.Tamq
1338 4700 1469 4739 nam
1481 4703 1685 4752 serpens

76 4764 141 4816 in
183 4762 295 4825 via,
320 4762 525 4812 sedens
568 4759 629 4810 in
675 4759 898 4823 semita,
951 4758 1171 4822 dejicere
1214 4759 1429 4809 tcntabit
1454 4776 1554 4822 eos,
1587 4761 1685 4827 qui

78 4837 230 4886 viam
246 4831 529 4882 ambulant
540 4829 1153 4896 veritatis,supplantare
1164 4831 1382 4895 cupiens
1394 4834 1683 4884 veritatem.

80 4906 187 4959 Cui
199 4904 411 4957 addere
424 4903 611 4969 placet
620 4903 896 4955 novitatis
915 4901 1198 4966 praecipue
1215 4905 1417 4954 merito
1428 4904 1688 4956 nondum

80 4977 391 5043 vulgatum
415 4980 722 5028 Auctorem
754 4974 909 5038 apud
931 4975 1390 5037 nosJ’rwﬁgurat
1413 4975 1510 5037 ait,
1563 4977 1689 5026 Dan

82 5054 177 5101 iste
198 5048 618 5109 Antichristum,
643 5047 741 5112 qui
772 5048 996 5109 futurus
1020 5050 1067 5095 et
1085 5046 1222 5095 velut
1247 5059 1481 5111 serpens
1492 5050 1553 5099 in
1573 5048 1688 5113 via,

82 5128 141 5176 et
163 5125 418 5175 cerastes
440 5121 503 5172 in
525 5120 752 5171 semita:
779 5119 915 5183 quia
936 5119 999 5167 in
1022 5118 1111 5167 via
1131 5124 1174 5166 et
1198 5119 1386 5168 semita
1399 5120 1691 5171 mandato-

86 5209 211 5244 rum
239 5192 337 5243 Dei
360 5190 780 5254 ambulantibus,
818 5196 1088 5255 quantum
1110 5190 1173 5238 in
1204 5204 1255 5239 se
1283 5196 1372 5254 est,
1398 5190 1596 5241 obicem
1640 5207 1692 5241 se

87 5267 299 5334 praefert
321 5264 528 5330 duplici
550 5269 797 5313 armatus
819 5267 1010 5312 contra
1027 5276 1109 5311 eos
1133 5262 1437 5327 ingeniozin
1453 5272 1688 5330 serpente

87 5353 324 5405 namque
374 5336 641 5387 calliditas
664 5336 813 5385 illius
841 5338 1248 5401 praeﬁguralur,
1281 5337 1415 5400 quia
1456 5336 1692 5403 decipere

83 5419 254 5463 astute
278 5411 479 5476 quaerit
502 5410 649 5457 viam
674 5408 896 5458 Domini
920 5423 1101 5471 gressu
1118 5422 1341 5473 operum
1360 5415 1591 5459 terentes.
1626 5411 1692 5460 In

89 5482 337 5537 cornibus
377 5486 558 5531 autem
595 5480 1000 5530 demonstratur
1020 5480 1179 5544 furor
1198 5479 1347 5529 illius
1372 5495 1477 5545 quo
1490 5496 1692 5531 usurus

90 5565 156 5608 est
174 5560 367 5609 contra
388 5568 629 5619 eos,quos
658 5552 860 5603 callida
882 5553 1291 5602 machinatione
1335 5553 1569 5618 decipere
1598 5569 1692 5603 ne-

89 5628 563 5696 quiverit.....Cum
590 5640 712 5689 ergo
736 5625 1101 5674 Antichrislus
1117 5625 1350 5685 veniens;
1370 5631 1493 5674 ante
1515 5627 1692 5677 oculos

90 5700 447 5769 spectantium
468 5699 631 5764 signa
652 5697 1064 5761 magna/merit,
1085 5697 1341 5760 igncmde
1355 5696 1577 5747 sublimi
1603 5699 1694 5748 dc-

90 5773 344 5841 posuerit,
367 5785 583 5839 serpens
602 5771 665 5821 in
696 5771 786 5821 via
807 5774 895 5821 est.
923 5771 1060 5822 Cum
1084 5773 1261 5820 autem
1285 5784 1338 5820 se
1352 5770 1426 5821 ad
1436 5784 1627 5837 paenae
1646 5777 1693 5823 et

97 5840 354 5900 tormenta
397 5844 501 5897 sibi
546 5856 659 5895 non
702 5840 1030 5895 credentibus
1072 5841 1374 5910 inﬂigenda
1413 5842 1596 5896 velerit
1621 5858 1694 5897 ce-

1773 3262 1870 3303 ros
1893 3249 2004 3301 dici
2026 3249 2337 3302 contrarias
2363 3247 2622 3310 virtutes,
2649 3247 2801 3299 sicut
2821 3247 2918 3312 ibi,
2950 3248 3118 3298 Tauri
3144 3248 3375 3313 pingues

1768 3338 2237 3389 circumdederunt
2258 3352 2343 3387 me
2369 3336 2529 3403 (Psal.
2552 3334 2660 3401 21.)
2677 3349 2692 3401 ;
2718 3338 2775 3389 et
2789 3336 2999 3390 iterum
3014 3336 3241 3390 leonem
3259 3337 3372 3390 dici

1775 3428 1948 3481 etiam
1966 3426 2290 3492 Dominum,
2317 3427 2487 3492 paulo
2516 3432 2653 3479 ante
2674 3427 2842 3480 nobis
2868 3429 3167 3493 expositus
3192 3428 3224 3479 J
3232 3426 3376 3480 udas

1774 3518 2032 3572 edocuit:
2059 3520 2291 3570 taurum
2318 3515 2491 3570 etiam
2514 3515 2625 3569 dici
2646 3516 2840 3582 ipsum
2864 3517 3190 3581 Dominum,
3214 3517 3378 3572 inve-

1774 3694 1946 3739 rdstes
1968 3688 2029 3737 in
2051 3688 2259 3749 semita,
2287 3691 2393 3739 etc.
2420 3686 2580 3739 Paria
2603 3686 2779 3740 ferme
2799 3687 2975 3741 habet
2997 3689 3051 3742 S.
3070 3687 3377 3754 Gregorius

1778 3760 1898 3812 Lib.
1930 3771 2075 3811 xxxx
2110 3759 2412 3811 Moralium
2447 3763 2556 3810 etc.

1839 3843 1859 3865 °
1892 3832 2082 3893 Atque
2099 3832 2245 3881 hanc
2267 3830 2463 3881 subdit
2484 3830 2539 3880 S.
2563 3829 2687 3893 ipse
2710 3830 3051 3881 Ambrosius
3068 3830 3380 3895 expositio-

1774 3914 1925 3954 nem.
1942 3903 2116 3953 Judas
2133 3901 2400 3965 proditor,
2418 3905 2648 3949 tentatus
2672 3916 2707 3949 a
2735 3900 2964 3960 diabolo,
2989 3916 3150 3966 super
3189 3901 3376 3950 Domi-

1778 3974 2102 4023 numJesum
2120 3972 2309 4021 levavit
2319 3971 2463 4020 calca
2471 3986 2632 4020 neum
2642 3976 2887 4030 suum,ut
2899 3972 2960 4020 de
2958 3971 3141 4034 jiceret
3151 3972 3381 4036 equitem

1780 4047 1877 4112 qui
1901 4061 1952 4095 se
1980 4045 2178 4110 dejecit,
2208 4049 2265 4092 ut
2295 4058 2477 4092 omnes
2523 4042 2733 4102 levaret,
2782 4046 2887 4094 etc.
2914 4044 2983 4093 Et
3016 4042 3185 4106 paulo
3229 4047 3379 4107 post,

1780 4117 2089 4169 Dormiebat
2103 4116 2277 4167 Judas
2299 4131 2315 4164 :
2339 4114 2737 4178 deniqueverba
2759 4114 2963 4165 Christi
2982 4128 3093 4163 non
3110 4113 3381 4164 audiebat.

1781 4190 2089 4241 Dormiebat
2110 4187 2301 4246 Judas,
2327 4186 2608 4250 etquidem
2629 4199 2885 4235 somnum
2916 4185 3259 4247 divitiarum,
3286 4185 3384 4249 qui

1781 4261 2072 4312 mercedem
2088 4256 2760 4325 deproditionequcerebat.
2790 4256 2933 4308 Vidit
2951 4271 3075 4307 eum
3107 4256 3385 4307 dormierin-

1783 4339 1888 4384 tem
1910 4332 2222 4393 diabolus,et
2238 4345 2552 4397 oppressum
2566 4329 2816 4380 avaritia:
2840 4343 3030 4379 somno
3056 4328 3385 4393 gravi:misit

1781 4420 1833 4456 se
1859 4406 2018 4455 incor
2031 4403 2471 4469 ejus,vulneravit
2506 4416 2724 4467 equum,
2749 4401 2931 4467 dejecit
2947 4401 3196 4466 equitem,
3222 4413 3382 4466 quem

1781 4476 2051 4542 separavit
2076 4491 2111 4523 a
2131 4474 2363 4525 Christo.

1846 4547 1869 4577 ά
1901 4549 2041 4599 Haec
2065 4544 2298 4597 minime
2315 4544 2441 4597 aliis
2456 4544 2729 4608 probatur
2739 4541 3382 4608 mysticainterpretatio

1786 4620 1925 4685 quin
1935 4619 2108 4670 etiam
2124 4619 2316 4681 aperte
2334 4616 2539 4667 Ruﬁno
2552 4615 2658 4666 hac
2670 4615 2741 4666 de
2752 4626 2961 4667 caussa
2974 4614 3161 4666 dicam
3180 4613 3384 4678 impin-

1786 4692 1870 4755 git
1921 4690 2178 4741 incertus
2234 4690 2450 4739 Auctor
2497 4685 2673 4737 libelli
2722 4686 2793 4738 de
2836 4687 2958 4737 ΧΠ.
3004 4685 3386 4750 Scriptoribus

1787 4761 2224 4825 Ecclesiasticis,
2251 4760 2468 4811 Isidoro
2492 4763 2550 4810 et
2578 4757 2866 4810 Ildefonso
2891 4758 3237 4821 subjunctus
3263 4769 3384 4822 cap.

1787 4837 1855 4886 V.
1881 4834 1983 4883 Hic
2007 4838 2186 4882 autem
2221 4832 2505 4896 (Ruﬁnus)
2523 4827 2691 4896 juxta
2732 4831 3023 4896 mysticum
3046 4845 3260 4879 sensum
3304 4844 3383 4890 ea,

1788 4921 1904 4970 quae
1940 4904 2002 4954 de
2054 4905 2177 4953 Dan
2215 4904 2330 4966 ﬁlio
2374 4904 2539 4953 Jacob
2582 4906 2784 4970 scripta
2836 4907 2982 4964 sunt,
3025 4916 3139 4951 non
3167 4906 3297 4950 recte
3325 4901 3389 4951 de

1788 4976 2021 5026 Domino
2044 4982 2224 5024 nostro
2255 4976 2662 5039 interpretatur,
2703 4976 2836 5024 dum
2877 4972 3067 5037 procul
3120 4970 3282 5021 dubio
3315 4970 3389 5021 ad

1787 5048 1831 5099 A
1839 5046 2185 5097 ntichristum
2196 5046 2378 5093 eadem
2387 5052 2498 5109 pert
2505 5045 2669 5096 iners.
2684 5046 3008 5095 Sanctorum
3023 5044 3252 5094 Patrum
3263 5057 3388 5108 pro-

1789 5120 1864 5169 bet
1886 5118 2122 5168 assertio.
2149 5115 2482 5167 Dixissetde
2497 5116 2713 5179 majore
2724 5127 2921 5168 eorum
2942 5119 3118 5180 parte,
3152 5114 3305 5178 quod
3331 5118 3389 5168 et

1790 5190 2079 5256 superiore
2100 5188 2244 5239 Nota
2269 5202 2303 5236 a
2328 5186 2497 5237 nobis
2509 5188 2878 5240 observatum
2895 5189 2998 5237 est.
3036 5187 3181 5237 Nam
3202 5185 3297 5256 alii
3325 5185 3387 5238 in

1789 5255 1946 5324 alias,
1985 5267 2159 5325 atque
2198 5257 2338 5309 alias
2366 5261 2684 5309 sententias
2697 5258 3010 5309 abeunt:et
3035 5261 3172 5309 sunt
3194 5255 3293 5319 qui
3317 5256 3389 5307 de

1789 5336 2035 5401 ipsomet
2058 5330 2269 5384 Messio.
2295 5329 2744 5392 interpretantur
2769 5329 2878 5401 :id
2896 5328 3051 5392 quod
3082 5328 3153 5379 ab
3196 5327 3389 5401 Nostri

1789 5397 2142 5472 expositione
2179 5413 2398 5467 parum,
2423 5405 2523 5452 aut
2544 5400 2686 5452 nihil
2710 5399 2950 5463 abludit,
2981 5411 3055 5472 ei;
3094 5411 3161 5450 ea
3184 5397 3391 5451 saltem

1789 5469 1964 5545 parte,
2003 5477 2076 5530 ob
2120 5485 2293 5540 quam
2318 5474 2380 5523 in
2408 5472 2623 5524 crimen
2647 5475 2903 5524 vocatur.
2931 5469 3092 5522 Adde
3115 5482 3289 5535 quam
3315 5483 3390 5523 ex

1790 5544 2109 5615 Prophetiaa
2133 5546 2277 5611 serie
2295 5548 2682 5608 contextuque
2699 5544 3071 5615 excusationem
3106 5558 3157 5592 se
3189 5544 3394 5604 dignam

1789 5614 1917 5688 ipse
1936 5620 2238 5673 subnectit.
2264 5620 2385 5669 Hec
2414 5629 2496 5665 me
2518 5621 2800 5665 moverunt
2823 5614 3045 5688 inloco:
3072 5629 3184 5688 non
3209 5620 3391 5688 tamen

1790 5685 2015 5745 eiectudo
2037 5692 2201 5743 etiam
2228 5704 2415 5742 eorum
2440 5688 2775 5754 opinionem,
2799 5686 2934 5753 quid
2957 5685 3102 5752 quod
3130 5685 3386 5753 sentiunt,

1790 5765 2091 5835 approbare
2114 5764 2527 5833 Scripturarum
2548 5760 2864 5815 auctoritate
2889 5758 3184 5831 potuerint.
