3898 6426
528 347 633 404 323

1554 344 1798 396 RUFINI
1831 343 2325 415 AQUILEIENSIS
2359 343 2795 395 PRESBYTERI

3725 344 3817 401 3⁸⁸24

524 462 741 525 nimus,
764 460 923 513 illum
938 461 1037 525 qui
1050 460 1239 513 occius
1255 460 1343 510 est
1365 470 1465 521 pro
1483 456 1729 509 salutare
1745 456 2114 508 etreditufllii
2138 465 2200 535 Α
2223 463 2405 517 catus,
2439 457 2683 509 salutem
2726 459 3078 519 exspectata
3108 454 3347 507 Domino
3369 467 3469 520 per
3491 469 3725 510 crucem
3768 465 3817 511 et

526 551 861 617 ptenitentis
874 551 1014 612 (Luc.
1042 548 1165 610 15.).
1204 546 1312 599 Sed
1333 550 1389 597 et
1405 546 1513 597 alia
1535 546 1717 597 multa
1743 545 2118 609 inScripturis

528 639 735 692 similia
758 644 913 701 sunt,
950 650 1082 702 quae
1110 648 1261 688 nunc
1283 635 1356 686 ad
1379 635 1608 696 bonam,
1626 647 1783 686 nunc
1805 634 1878 686 ad
1902 635 2117 686 malam

524 733 744 793 partem
756 726 1464 788 trahunturzitaetserpens
1476 723 1767 775 invenitur
1777 723 2118 786 aliquotiens

524 818 696 870 etiam
719 817 779 868 in
795 828 1035 881 persona
1058 813 1285 866 Domini
1308 813 1575 877 scriptus,
1594 818 1660 865 ut
1682 812 1802 877 ipse
1814 813 1883 864 de
1908 825 1968 863 se
1982 812 2121 863 dicit

521 906 582 958 in
606 904 930 969 Evangeliis
952 919 965 955 :
986 903 1133 953 Sicut
1156 904 1304 952 enim
1350 903 1513 951 Moses
1549 901 1803 950 exultavit
1829 908 2119 966 serpentem

521 1001 573 1071 3
584 1002 634 1070 5
644 1003 698 1051 in
713 1002 1017 1053 desertazita
1028 1000 1261 1050 enattari
1272 1005 1471 1061 oportet
1483 1000 1661 1063 ﬁlium
1688 999 2115 1061 hominis(Joan.

518 1101 609 1165 3,).
625 1100 730 1153 Sed
741 1105 798 1152 et
818 1100 1145 1164 Apostolus,
1163 1112 1340 1163 quum
1357 1100 1628 1163 praicipit,
1658 1098 1969 1162 prudentes
1986 1098 2106 1149 fieri

514 1192 663 1245 sicut
676 1188 1258 1254 serpentes,nunquid
1280 1200 1395 1240 non
1412 1187 1485 1239 ad
1516 1189 1725 1239 bonam
1749 1192 1988 1252 partem,
2009 1200 2113 1251 ap-

516 1281 880 1347 pellationem
905 1279 1183 1344 serpentis
1206 1278 1459 1342 aptavit?
1491 1280 1682 1329 Potest
1704 1290 1839 1342 ergo
1863 1280 1918 1329 et
1933 1278 1993 1329 in
2009 1277 2118 1328 hoc

518 1371 642 1423 loco
666 1370 735 1422 de
763 1371 887 1434 ipso
915 1369 1155 1421 Domino
1180 1368 1319 1419 dici:
1345 1368 1465 1417 Fiat
1489 1367 1612 1416 Dan
1634 1382 1847 1431 serpens
1881 1368 1942 1415 in
1977 1368 2067 1415 via
2100 1380 2113 1417 :

518 1459 756 1511 assidens
778 1473 939 1522 super
952 1458 1199 1506 semitam
1218 1472 1232 1505 :
1250 1456 1307 1507 id
1330 1460 1435 1515 est,
1453 1456 1573 1519 ipse
1585 1456 1683 1520 qui
1691 1458 1709 1520 j
1721 1456 1910 1508 ndicat
1925 1455 2111 1519 cordi,

515 1553 573 1601 et
596 1548 705 1599 scit
727 1546 1216 1611 quasintrinsecus
1240 1550 1645 1609 conteguntur;
1676 1544 1879 1597 videns
1918 1545 1979 1596 in
2005 1543 2114 1607 via,

514 1637 625 1691 hoc
636 1641 740 1697 est,
757 1636 818 1688 in
837 1634 1018 1700 hujus
1034 1634 1172 1688 vitae
1185 1646 1379 1697 cursu,
1402 1634 1837 1698 equitesitinere
1857 1634 2116 1698 equitare

516 1739 635 1780 non
656 1727 828 1779 recto.
855 1725 1088 1789 Equites
1101 1728 1297 1777 autem
1309 1723 1519 1776 animae
1535 1724 1594 1775 in
1618 1724 1942 1785 corporibus
1962 1724 2115 1788 posi-

2220 546 2711 609 resurrectionem,
2737 557 2912 609 quam
2960 548 3095 596 tunc
3134 544 3409 596 fervidius
3452 546 3727 609 equitans
3767 554 3817 600 et

2221 648 2471 700 currens,
2498 634 2876 699 ignorantiam
2899 634 3150 686 futuram
3186 634 3497 686 nesciebat.
3544 636 3691 688 Haec
3734 650 3815 690 me

2218 725 2523 776 moverunt
2547 723 2773 786 inloco,
2821 735 2938 774 non
2963 725 3154 774 tamen
3199 718 3315 789 36
3359 722 3607 774 excludo
3653 724 3815 776 etiam

2220 826 2417 865 eorum
2460 812 2799 877 opinionem,
2849 812 2947 876 qui
2990 810 3143 876 quod
3184 810 3460 875 sentiunt,
3505 814 3814 877 approbare

2219 902 2641 966 Scripturarum
2664 901 3002 953 auctoritate
3025 900 3333 964 potuerint.

2280 989 2331 1045 3.
2366 992 2648 1043 Utautem
2674 1004 2746 1043 ne
2770 990 2861 1041 ille
2891 990 3122 1054 quidem
3146 1003 3251 1042 nos
3288 990 3489 1043 tertius
3514 996 3814 1058 praetereat

2217 1081 2397 1144 locus,
2424 1085 2612 1145 potest
2638 1080 2811 1133 videri
2834 1080 2926 1132 ille
2952 1093 3122 1144 quem
3140 1080 3557 1145 jamdudumin
3583 1082 3814 1135 Isachar

2216 1169 2470 1222 diximus
2484 1169 2805 1235 profecisse,
2818 1174 2874 1221 et
2888 1169 2948 1220 in
2963 1169 3247 1221 mandatis
3259 1170 3813 1236 requiescere,atque

2216 1261 2424 1313 animae
2452 1273 2576 1313 sua:
2599 1258 2905 1322 agricolam
2929 1259 3143 1311 factum
3174 1299 3190 1323 ,
3235 1273 3390 1311 nunc
3428 1260 3599 1312 etiam
3624 1262 3688 1313 in
3714 1262 3813 1314 hoc

2218 1354 2486 1417 proficere
2518 1352 2576 1403 in
2599 1354 2740 1411 Dan,
2764 1356 2830 1403 ut
2850 1349 3207 1401 discernendi
3240 1354 3299 1401 et
3338 1350 3697 1414 dijudicandi
3732 1367 3815 1417 po-

2220 1443 2419 1508 pulum
2443 1455 2630 1505 suum,
2656 1442 2714 1492 id
2740 1445 2846 1505 est,
2867 1439 3240 1504 cogitationes
3265 1439 3451 1491 cordis
3479 1440 3813 1504 sui,intelli-

2217 1535 2469 1602 gentiam
2493 1531 2780 1591 sumserit,
2808 1536 3083 1592 tanquam
3110 1541 3286 1580 unam
3312 1528 3592 1581 tribumin
3618 1532 3813 1596 Israel,

2215 1626 2271 1677 id
2295 1629 2401 1687 est,
2426 1623 2616 1675 omnia
2637 1622 2697 1673 in
2720 1622 3004 1674 unitatem
3035 1623 3208 1681 atque
3240 1618 3605 1671 concordiam
3630 1619 3810 1673 devo-

2216 1728 2360 1775 care,
2385 1716 2465 1766 ita
2486 1718 2551 1767 ut
2571 1725 2686 1766 non
2716 1712 2792 1763 sit
2813 1710 2873 1761 in
2896 1722 2962 1761 eo
2978 1708 3410 1773 cogitationum,
3437 1707 3527 1761 vel
3551 1710 3815 1762 consilio-

516 1820 613 1877 ιω,
638 1816 881 1881 possunt
901 1784 1156 1879 intelligi,
1183 1812 1333 1866 sicut
1366 1813 1444 1865 ibi
1467 1813 1606 1865 dicit
1632 1828 1645 1865 :
1670 1784 2111 1864 Domitaverunt
2143 1784 2197 1857 B
2217 1824 2345 1865 rum
2368 1808 2485 1861 ulla
2506 1802 2802 1857 dissensio.
2828 1800 2917 1852 Fit
2939 1803 3134 1851 autem
3182 1798 3335 1849 idem
3368 1802 3428 1849 et
3455 1811 3696 1863 serpens
3724 1813 3813 1851 se-

516 1920 699 1955 omnes
722 1904 819 1968 qui
839 1904 1191 1955 ascenderunt
1214 1918 1373 1967 equos
1388 1902 1551 1964 (Psal.
1572 1901 1699 1965 75.),
1725 1902 1782 1954 id
1799 1906 1889 1954 est
1912 1914 2113 1953 omnes

516 1993 615 2058 qui
631 1992 837 2045 suntin
853 1992 1759 2057 corporibus,peccaverunt,sicut
1773 1990 2114 2056 pronuncia-

514 2083 601 2137 vit
618 2081 1106 2145 etiamApostolus
1117 2082 1335 2132 Horum
1349 2094 1482 2144 ergo
1493 2083 1875 2145 equorum,vel
1888 2082 2111 2141 equitum

516 2171 848 2225 calcaneum
868 2183 1102 2235 serpens
1131 2170 1259 2233 iste,
1285 2170 1397 2223 vim
1412 2169 1948 2234 adsidens,mordet;
1962 2180 2113 2220 mor-

514 2260 614 2314 det
635 2266 827 2313 autem
840 2259 1189 2323 calcaneum,
1208 2272 1387 2323 quum
1398 2272 1604 2324 corpus
1622 2258 1713 2311 vel
1732 2260 2108 2324 languoribus

513 2350 606 2404 vel
628 2350 751 2402 aliis
766 2350 1120 2413 quibuslibet
1137 2349 1487 2401 cruciatibus
1512 2353 1777 2413 macerat,
1818 2363 1931 2414 quo
1954 2353 2109 2405 velo-

513 2452 638 2492 cem
663 2451 897 2491 cursum
909 2438 1269 2504 peccantium
1282 2437 1719 2502 reprimat.Cum
1732 2439 1884 2490 enim
1901 2453 2107 2506 corpus

511 2528 816 2592 adﬂigitur,
869 2530 927 2579 et
969 2526 1327 2579 consumitur
1360 2539 1509 2586 caro,
1540 2531 1677 2578 tunc
1726 2527 1877 2580 cadit
1929 2543 2104 2593 eques

510 2622 839 2678 retrorsum,
880 2616 934 2667 id
982 2620 1088 2673 est,
1131 2615 1324 2668 anima
1364 2627 1496 2679 qum
1536 2616 1686 2667 male
1730 2619 2007 2683 currebat,
2048 2622 2104 2672 et

508 2706 818 2759 festinabat
859 2704 932 2758 ad
958 2704 1355 2769 perditionem,
1380 2704 1531 2756 cadit
1554 2710 1886 2771 retrorsum,
1931 2712 1989 2759 et
2027 2709 2101 2761 ad

506 2796 840 2863 patientiam
861 2794 1034 2859 [Forte
1045 2792 1463 2859 pmnitentiam]
1473 2797 1789 2858 revocatur,
1803 2798 1868 2847 ut
1890 2809 1925 2848 a
1947 2798 2100 2850 malo

506 2898 676 2938 cursu
723 2882 1000 2948 impedita
1044 2886 1347 2934 revocetur
1380 2886 1712 2948 retrorsum,
1745 2891 1797 2937 et
1832 2885 1935 2938 flat
1968 2892 2100 2951 post

506 2972 668 3027 illum
691 2973 793 3038 qui
808 2972 962 3035 dicit,
1003 2970 1184 3021 Venite
1214 2975 1332 3036 post
1353 2986 1436 3020 me
1472 2972 1659 3034 (Marc.
1699 2972 1791 3038 1.).
1821 2975 1962 3027 Puto
1988 2974 2096 3029 tale

504 3061 719 3127 aliquid
742 3061 914 3113 etiam
944 3071 1078 3123 erga
1093 3061 1323 3112 Petrum
1336 3060 1671 3124 Apostolum
1688 3068 1932 3125 gestum,
1948 3078 2099 3134 cum,

2213 1898 2472 1953 cundum
2495 1894 2847 1960 praeceptum
2871 1887 3117 1951 Domini,
3140 1887 3288 1948 quod
3313 1886 3481 1951 paulo
3505 1892 3639 1939 ante
3666 1889 3812 1940 dixi-

2212 2001 2361 2052 mus,
2385 1987 2557 2036 Estote
2578 1982 2865 2047 prudentes
2892 1979 3028 2027 sicut
3047 1981 3307 2041 serpenles
3333 1976 3545 2039 (Matth.
3573 1975 3662 2039 10)
3691 1991 3707 2041 ;
3754 1979 3811 2029 in

2211 2079 2306 2131 via
2330 2082 2521 2128 tamen
2542 2071 2775 2131 assidet,
2799 2080 2906 2119 nec
2950 2078 3207 2129 unquam
3231 2078 3261 2116 e
3295 2065 3501 2116 semita
3542 2064 3808 2118 discedit.

2212 2166 2422 2218 Semita
2432 2162 2641 2215 etenim
2651 2157 2950 2222 angustior
2963 2156 3055 2207 via
3070 2154 3812 2218 intelligitur,quaeostendit

2209 2269 2343 2309 eum
2366 2267 2483 2306 non
2494 2266 2590 2317 per
2605 2251 2757 2301 illam
2775 2249 2949 2298 latam
2973 2250 3029 2297 et
3054 2245 3372 2309 spaciosam
3388 2243 3810 2308 incedere.quai

2205 2345 2365 2398 ducit
2386 2345 2459 2395 ad
2482 2337 2861 2402 mortem,sed
2886 2348 2986 2401 per
3007 2339 3317 2399 angustam
3344 2338 3402 2385 et
3433 2338 3809 2398 arctam,quaa

2205 2435 2365 2487 ducit
2409 2432 2480 2485 ad
2520 2431 2697 2483 vitam
2744 2426 2954 2491 (Matth.
3000 2426 3087 2489 7.).
3135 2423 3356 2476 Mordet
3404 2427 3601 2474 autem
3673 2423 3807 2486 equi

2204 2525 2535 2577 calcaneum
2553 2520 2765 2572 faciens
2780 2514 3098 2579 illud,quod
3111 2512 3632 2577 PaulusApostolus
3645 2512 3804 2564 dicit:

2201 2614 2343 2673 Quia
2376 2625 2588 2661 macero
2625 2622 2817 2672 corpus
2848 2619 3045 2666 meum,
3084 2608 3130 2654 et
3163 2602 3407 2652 servituti
3443 2600 3690 2666 subjicio,
3742 2618 3805 2651 ne

2197 2703 2333 2766 forte
2355 2716 2479 2751 cum
2498 2699 2624 2749 aliis
2648 2694 3081 2763 praedicaverim,
3126 2692 3236 2757 ipse
3279 2689 3534 2756 reprobus
3592 2690 3806 2753 efﬁciar

2198 2794 2259 2855 (Ι.
2295 2790 2413 2841 Cor.
2440 2789 2533 2852 9.).
2560 2789 2701 2839 Haec
2723 2789 2918 2838 autem
2942 2783 3093 2842 facit,
3117 2785 3183 2833 ut
3205 2781 3371 2833 cadat
3386 2793 3572 2844 equus
3594 2784 3807 2833 retror-

2198 2893 2347 2933 sum.
2374 2880 2489 2931 Iste
2512 2877 2665 2929 enim
2690 2876 2815 2927 talis
2841 2886 3065 2937 semper
3086 2870 3358 2924 elationes
3390 2874 3447 2921 et
3468 2868 3806 2922 altitudines

2198 2970 2377 3033 timet,
2402 2972 2459 3020 et
2481 2966 2813 3020 vultcadere
2825 2964 3079 3015 animam
3102 2973 3268 3012 suam
3290 2960 3486 3011 amala
3496 2959 3805 3011 altitudine

2202 3059 2275 3111 ad
2300 3060 2510 3110 bonam
2546 3054 2947 3116 humilitatem,
2971 3056 3035 3103 ut
3059 3050 3323 3102 discatab
3346 3050 3506 3112 Jesu,
3532 3048 3668 3112 quia
3692 3050 3805 3100 hu-

505 3147 1131 3208 dicenteDomino,Quia
1155 3148 1820 3214 cruciﬁgioportetFilium
1837 3151 2093 3201 hominis,
2122 3157 2169 3228 ρ
2203 3147 2355 3200 milis
2378 3152 2467 3199 est
2500 3149 2557 3197 et
2586 3144 2742 3195 mitis
2788 3142 2957 3194 corde
3001 3140 3210 3205 (Matth.
3262 3138 3366 3203 11.)
3414 3137 3636 3190 Etenim
3672 3150 3807 3228 pro-

505 3244 553 3290 el
594 3237 738 3288 mori
788 3238 957 3299 (Matt.
1004 3236 1127 3300 16.),
1181 3237 1303 3303 ipse
1363 3238 1592 3303 diceret,
1639 3240 1917 3305 Propitius
1972 3247 2096 3305 esto,

505 3327 755 3389 Domine,
780 3341 893 3375 non
936 3325 1029 3375 tibi
1057 3327 1157 3376 erit
1190 3327 1286 3377 hoc
1332 3328 1473 3391 (Luc.
1512 3326 1618 3391 18.)
1661 3342 1674 3378 :
1709 3328 1769 3379 in
1811 3342 1943 3393 quo,
1970 3343 2103 3382 cum

504 3428 624 3483 prte
633 3428 823 3467 amore
834 3416 1009 3469 nimio
1026 3429 1127 3481 per
1137 3416 1517 3481 ignorantiam
1534 3422 1805 3469 nonrecte
1820 3420 1951 3482 equi
1961 3422 2103 3471 taret

504 3505 567 3558 in
588 3505 719 3564 ﬂne,
745 3506 905 3558 velut
924 3518 958 3557 a
981 3510 1244 3570 serpente
1274 3506 1572 3559 mordetur
1593 3519 1628 3559 a
1652 3508 1913 3573 Domino,
1952 3508 2014 3561 in
2036 3522 2102 3561 eo

505 3597 651 3659 quod
675 3593 883 3654 dicimur
904 3594 993 3647 ei.
1027 3595 1170 3647 Vade
1192 3601 1330 3645 retro
1366 3610 1468 3660 me,
1512 3597 1741 3657 Satana,
1778 3598 2102 3648 scandalum

504 3682 645 3733 mihi
665 3698 732 3747 es,
752 3684 1015 3748 quoniam
1048 3699 1161 3735 non
1187 3685 1336 3750 sapis
1374 3699 1497 3749 quae
1540 3685 1634 3734 Dei
1667 3690 1812 3747 sunt,
1852 3687 1941 3737 sed
1984 3702 2103 3752 quas

505 3771 794 3824 hominum
819 3774 1007 3838 (Marc.
1045 3772 1137 3839 8.).
1162 3775 1233 3827 Et
1256 3775 1339 3829 sic
1361 3778 1677 3829 retrorsum
1715 3776 1913 3829 Petrus
1936 3789 2101 3831 revo—

2200 3237 2390 3303 prium
2405 3240 2493 3288 est
2505 3232 2929 3300 proficientibus
2946 3230 3245 3282 elationem
3257 3232 3525 3280 metuere.
3543 3227 3806 3291 Denique

2202 3328 2373 3380 etiam
2397 3329 2591 3378 tantus
2614 3327 2672 3377 et
2694 3322 2821 3374 talis
2846 3319 3154 3385 Apostolus
3189 3317 3399 3371 Paulus
3445 3317 3692 3381 dicebat,
3724 3317 3806 3366 Ne

2200 3415 2443 3478 extollar,
2461 3415 2618 3465 datus
2628 3420 2699 3464 est
2709 3413 2866 3463 carni
2888 3427 3017 3462 mea:
3040 3410 3307 3473 stimulus,
3321 3407 3543 3471 angelus
3557 3406 3800 3469 Satanae,

2201 3506 2299 3572 qui
2322 3520 2404 3554 me
2426 3505 2714 3570 colaphiset
2737 3502 2806 3566 (1.
2833 3503 2953 3554 Cor.
2981 3500 3105 3565 12.).
3133 3501 3223 3553 Sic
3258 3512 3396 3563 ergo
3425 3501 3662 3551 revocat
3687 3498 3804 3549 ani-

2199 3610 2355 3650 mam
2379 3597 2449 3649 de
2471 3595 2784 3655 altitudine,
2820 3599 2877 3646 et
2914 3597 3224 3644 retrorsum
3262 3592 3392 3655 post
3414 3588 3801 3641 humilitatem

2199 3687 2407 3739 Christi
2430 3685 2673 3748 redacta,
2703 3683 2949 3737 salutem
2960 3682 3258 3747 exspectat
3279 3690 3314 3731 a
3335 3677 3597 3732 Domino.

1576 3962 2352 4061 BENEDICTIO
2420 3961 2717 4059 GAD-

562 4157 614 4214 1.
646 4159 1024 4212 PIRATBRIUM
1048 4166 1065 4187 ⁸
1089 4156 1310 4209 tentabit
1328 4158 1504 4224 illum,
1530 4160 1643 4225 ipse
1664 4164 1843 4210 autem
1877 4159 2094 4211 tentabit

2192 4160 2320 4214 haec
2367 4171 2564 4213 eorum
2607 4158 2757 4211 inter
2780 4170 2842 4210 se
2865 4155 3020 4211 velut
3052 4154 3364 4222 piratarum
3404 4167 3565 4209 more
3608 4162 3792 4211 certa-

499 4263 584 4300 eos
619 4254 734 4313 post
773 4248 945 4312 pedes,
992 4249 1096 4299 Per
1126 4248 1435 4300 Historiam
1458 4248 1693 4313 quidem
1715 4263 1831 4303 non
1854 4250 2012 4303 facile
2034 4252 2093 4303 in
2118 4263 2176 4338 D
2195 4250 2354 4302 mina
2368 4249 2426 4300 in
2447 4249 2538 4301 his
2568 4247 2933 4300 sermonibus
2947 4244 3251 4311 designari.

497 4337 801 4403 Scripturis
823 4337 845 4367 ι’
867 4336 1057 4389 referri
1081 4336 1191 4389 tale
1214 4337 1430 4400 aliquid
1453 4338 1798 4401 invenimus,
1824 4340 1932 4392 nisi
1950 4341 2092 4393 forte

498 4426 627 4492 quis
650 4425 809 4478 velut
823 4428 1161 4489 extorquere
1172 4426 1377 4478 velitet
1399 4427 1869 4492 dicere,quoniam
1886 4430 2091 4481 Tribus

495 4513 623 4578 ista,
636 4514 1103 4569 ultraJordanem
1120 4515 1513 4569 hereditatem
1538 4518 1594 4569 in
1604 4520 1821 4571 Arabiaa
1834 4520 2089 4583 partibus

497 4610 805 4657 consecuta
819 4610 929 4669 est,
940 4609 999 4657 et
1010 4604 1146 4668 quia
1156 4605 1233 4656 ibi
1256 4605 1581 4671 frequenter
1591 4608 1931 4672 praedonum
1943 4609 2090 4661 bella

496 4698 931 4759 consurgunt,et
946 4693 1195 4746 assiduis
1218 4695 1365 4748 inter
1388 4709 1450 4749 se
1471 4697 1869 4762 congressibus
1881 4702 2091 4750 coeunt

534 4852 577 4933 μί’
610 4858 694 4914 Ex
726 4862 921 4915 Graeco
943 4860 1265 4932 πειρατήριον,
1291 4868 1445 4932 quod
1483 4872 1574 4921 est
1613 4868 1813 4920 Latine
1847 4869 2080 4931 tentatio,

492 4937 551 4986 et
572 4933 757 4985 Latini
780 4934 916 4986 item
943 4937 1136 4989 Patres
1159 4938 1253 4989 alii
1279 4940 1607 5004 praeferunt.
1654 4940 1823 4992 Initio
1859 4940 2087 4993 videtur

489 5006 942 5077 praeponendum
975 5007 1093 5058 Gad
1114 5022 1343 5062 nomen.

554 5086 572 5106 ·
604 5077 771 5129 Haud
793 5079 873 5130 ita
895 5081 950 5130 S.
977 5080 1377 5146 Hieronymus,
1403 5081 1503 5145 qui
1525 5094 1597 5133 ex
1620 5082 1860 5134 Hebraeo
1872 5084 2083 5134 accinc-

489 5152 604 5197 tum
629 5153 858 5201 vertens
881 5163 980 5214 pro
1003 5147 1284 5215 piraterio,
1311 5152 1596 5215 designari
1622 5153 1921 5206 manifesto
1955 5168 2083 5219 pro-

486 5219 729 5283 nuntiat,
756 5222 947 5285 praelia
970 5236 1101 5288 quae
1123 5223 1262 5284 Gad,
1281 5224 1485 5289 juncto
1509 5224 1726 5286 Ruben,
1763 5229 1821 5277 et
1849 5225 2082 5279 dimidia

487 5290 637 5343 tribu
662 5293 924 5346 Manasse
963 5296 1147 5360 gessit
1189 5294 1503 5345 adversum
1536 5296 1755 5347 vicinas
1778 5301 1997 5364 gentes,
2034 5305 2080 5349 et

483 5363 634 5412 victis
660 5364 910 5427 hostibus,
920 5367 1132 5430 fortiter
1155 5364 1450 5416 dimicavit.
1468 5367 1574 5418 Sed
1599 5369 1915 5421 etineditus
1926 5371 2078 5435 apud

482 5445 590 5485 nos
608 5437 836 5500 Auctor,
850 5438 1001 5487 Patet
1028 5436 1126 5497 ait,
1160 5436 1319 5485 literae
1333 5451 1529 5485 sensus.
1554 5438 1839 5502 legentibus
1877 5441 2077 5491 librum

480 5504 605 5554 Jesu
629 5506 799 5569 Nave,
838 5508 974 5571 quia
1017 5507 1151 5570 Gad,
1177 5508 1275 5571 qui
1306 5512 1457 5557 trans
1484 5510 1779 5563 Jordanem
1811 5516 2013 5578 petivit,
2032 5520 2077 5562 et

481 5578 678 5641 accepit
701 5594 736 5627 a
759 5579 939 5643 Moyse
982 5578 1359 5645 hereditatem,
1394 5596 1456 5630 ea
1479 5583 1783 5633 conditione
1819 5600 1883 5634 ea
1911 5585 2080 5649 potiri

480 5649 699 5720 meruit,
742 5655 805 5699 ut
854 5648 1120 5700 accinctus
1152 5652 1326 5701 armis
1369 5658 1493 5702 ante
1533 5654 1713 5717 Israel,
1744 5648 1934 5720 juncta
1975 5655 2077 5706 sibi

477 5717 683 5785 Ruben,
706 5724 753 5790 et
775 5720 1006 5772 dimidio
1032 5723 1173 5773 tribu
1213 5723 1480 5790 Manasse,
1513 5731 1703 5777 contra
1741 5717 2077 5780 adversarios

476 5789 781 5859 pugnando
815 5791 1089 5863 incideret,
1126 5795 1271 5864 quod
1294 5789 1549 5865 praeterea
1587 5796 1683 5851 sub
1733 5798 1893 5852 Josue
1932 5799 2072 5869 fecit.

2256 4337 2308 4393 2.
2345 4339 2455 4390 Sed
2480 4339 2667 4391 verior
2681 4342 2771 4389 est
2782 4336 3050 4401 spiritalis
3062 4336 3590 4400 intelligentia,quw
3600 4340 3794 4401 potest

2190 4430 2441 4483 indicare
2461 4429 2599 4480 illud
2620 4427 2845 4479 Domini
2869 4426 3068 4489 nostri,
3094 4431 3151 4478 et
3174 4425 3664 4490 Salvatoris,quod
3688 4426 3790 4478 ad-

2189 4533 2423 4572 versum
2439 4517 2725 4571 diabolum
2737 4517 2957 4579 habuit,
2969 4516 3191 4581 positus
3210 4516 3267 4567 in
3283 4520 3784 4579 carne,certamen.

2189 4612 2291 4663 Est
2302 4623 2435 4672 ergo
2449 4609 2651 4661 Tribus
2663 4608 2831 4659 istius
2843 4604 3230 4657 habitaculum
3241 4617 3430 4658 eremo
3443 4606 3669 4654 vicinum
3681 4607 3786 4656 Gad

2186 4713 2322 4755 vero
2344 4712 2499 4752 nunc
2508 4702 2845 4749 “testamenta
2856 4697 3279 4761 interpretatur.
3287 4697 3480 4748 Potest
3497 4708 3631 4761 ergo
3642 4695 3784 4747 illud

2183 4875 2225 4922 Α
2235 4876 2437 4921 (tamen
2446 4869 2565 4934 subj
2571 4886 2601 4918 ιι
2606 4875 2694 4933 gat
2702 4869 2744 4918 is
2762 4867 3014 4928 hostibus,
3027 4882 3150 4917 cum
3171 4872 3309 4917 retro
3320 4866 3392 4916 ad
3398 4867 3783 4931 possessionem

2184 4943 2397 5004 rediret,
2415 4958 2613 4993 necesse
2644 4941 2851 5005 habuit,
2868 4940 3109 5004 gentium
3120 4940 3491 5003 ﬁnitimarum
3516 4940 3781 4990 incursio-

2182 5013 2341 5063 nibus
2355 5020 2606 5076 resistere,
2632 5018 2738 5065 etc.

2245 5093 2262 5114 ε
2296 5086 2481 5138 Habet
2503 5099 2575 5137 ex
2598 5084 2837 5148 Origene
2863 5080 3071 5134 Homil.
3119 5081 3345 5132 XXVII.
3377 5080 3438 5132 in
3473 5082 3779 5135 Numeros.

2184 5156 2392 5220 Galgad
2416 5157 2542 5221 Heg.
2568 5156 2810 5219 Gadgad]
2828 5156 3211 5218 interpretatur
3232 5154 3781 5211 tentamentum,sive

2182 5231 2540 5293 constipatio.
2566 5230 2739 5280 Tacet
2761 5232 2953 5279 autem
2971 5225 3241 5277 continuo
3266 5224 3527 5287 magistri
3558 5226 3651 5277 sui
3672 5238 3781 5277 no-

2180 5313 2314 5353 men
2324 5301 2394 5352 ad
2407 5300 2803 5353 declinandam
2815 5297 3215 5354 invidiamzsed
3234 5296 3369 5348 illud
3389 5296 3599 5348 mirum
3617 5298 3776 5360 quod

2178 5388 2343 5435 nunc,
2370 5372 2448 5423 ait
2470 5368 3615 5433 itavocabuluminterpretari,quasialitn,
3640 5382 3776 5433 quin

2178 5444 2351 5495 variae
2366 5456 2461 5507 pro
2477 5442 2662 5494 lubitu
2674 5447 2810 5493 sunt
2827 5440 3482 5505 expositiones,amplius
3496 5452 3614 5491 non
3630 5441 3775 5492 obti-

2177 5519 2393 5565 nerent.
2429 5516 2497 5565 Et
2520 5515 2669 5565 hanc
2694 5519 2885 5565 tamen
2909 5514 3090 5577 ipsam
3109 5514 3352 5565 Sanctus
3381 5512 3772 5576 Hieronymus

2176 5585 2352 5648 Epist.
2368 5586 2668 5637 LXXVIII.
2693 5585 2762 5637 de
2787 5584 3179 5637 Mansionibus
3190 5584 3263 5636 ad
3287 5583 3772 5636 FabiolamMans.

2174 5654 2262 5711 29.
2286 5656 2431 5709 adeo
2454 5669 2573 5709 non
2613 5658 2832 5722 probat,
2879 5661 2945 5711 ut
2975 5669 3048 5710 ne
3064 5668 3200 5709 cum
3221 5653 3456 5722 reliquis
3486 5662 3774 5712 memoret

2174 5727 2424 5798 quidem.
2441 5729 2665 5785 Videsis
2686 5730 2894 5785 locum.
