3898 6396
19 338 118 394 325

647 338 740 391 DE
774 336 1411 391 BENEDICTIONIBUS
1444 338 2059 392 PATRIARCHARUM
2093 341 2301 393 LIBER
2334 341 2715 395 SECUNDUS.

3216 345 3325 401 326

15 450 277 517 intelligi,
292 450 452 516 quod
464 450 746 504 Dominus
756 452 789 503 J
793 463 931 502 esus
957 449 1219 502 Christus
1235 448 1446 502 ductus
1461 449 1623 503 estin
1647 454 1708 526 Α
1730 451 2042 504 tentatione
2065 452 2322 506 Salvator
2344 452 2690 506 declarasset
2707 451 3133 519 diabolo,seesse
3142 457 3326 507 Filium

15 554 279 595 eremum
305 553 342 595 a
358 540 584 607 spiritu,
608 542 672 592 ut
689 541 1000 593 tentaretur
1013 551 1047 591 a
1062 538 1285 591 diabolo
1302 540 1511 603 (Matth.
1538 542 1622 605 4.).

17 631 123 684 Sed
140 630 282 683 vide
297 634 520 694 quanta
529 630 589 682 in
601 629 790 683 verbis
802 628 1143 682 Patriarchee
1159 629 1432 694 mysteria
1442 630 1626 681 conti-

14 726 247 773 nentur.
275 719 415 783 Gad,
431 718 640 783 inquit,
658 717 986 785 piraterium
1002 717 1219 768 tentabit
1243 718 1419 769 illum.
1446 720 1626 771 Pona-

16 824 167 875 mus,
186 813 256 862 ut
270 810 549 873 diximus,
561 820 869 875 personam
884 807 1111 861 Domini
1121 819 1251 860 esse
1266 808 1327 860 in
1340 810 1443 860 Gad
1465 828 1475 857 :
1498 811 1628 858 hanc

15 900 356 965 piraterium
377 899 640 952 tentabit.
668 897 1000 950 Piraterium
1024 909 1159 950 vero
1187 896 1397 950 dicitur
1422 898 1626 951 cohors

16 989 293 1055 quadam
315 991 372 1041 et
392 986 738 1052 conspiratio
760 987 1088 1053 piratarum.
1114 989 1345 1039 Certum
1372 1000 1626 1051 namque

16 1085 120 1139 est,
138 1077 303 1143 quod
326 1077 566 1130 veniens
577 1076 839 1129 diabolus
855 1076 926 1128 ad
951 1077 1287 1129 tentandum
1300 1078 1622 1139 Dominum,

16 1181 133 1220 non
142 1168 372 1232 absque
381 1165 660 1219 ministris
670 1166 793 1218 suis
803 1170 861 1217 et
873 1165 1219 1218 satellitibus
1230 1172 1490 1230 venerat;
1506 1171 1627 1229 quia

15 1260 166 1310 sicut
181 1258 425 1310 aderant
440 1255 684 1309 Domino
705 1254 911 1320 Angeli
928 1258 1249 1317 Spectantes
1260 1259 1369 1316 ejus
1379 1263 1626 1306 certamen

18 1347 114 1409 (illi
155 1346 235 1399 de
267 1345 484 1411 quibus
520 1340 891 1409 Evangelium
935 1344 1072 1397 dicit
1096 1349 1231 1410 post
1256 1345 1627 1398 tentationem

18 1436 300 1502 (Ibidem.),
326 1435 393 1484 Et
426 1434 725 1485 accedentes
746 1433 940 1498 Angeli
965 1433 1415 1485 ministraverunt
1439 1433 1522 1498 ei),
1548 1435 1627 1487 ita

18 1527 191 1579 etiam
217 1523 447 1578 diabolo
469 1523 707 1576 aderant
726 1521 930 1589 Angeli
940 1523 1045 1583 sui,
1069 1536 1205 1576 cum
1227 1523 1441 1588 quibus
1465 1523 1516 1576 ei
1532 1537 1629 1589 ge-

16 1614 211 1666 henna
221 1614 543 1678 praeparata
556 1615 663 1671 est,
677 1610 826 1663 sicut
835 1609 1117 1663 Dominus
1128 1612 1248 1660 dicit
1262 1623 1275 1661 :
1294 1611 1361 1660 Ite
1373 1611 1434 1661 in
1446 1610 1627 1675 ignem

17 1703 281 1752 aeternum
306 1702 405 1766 qui
424 1706 657 1766 paratus
678 1700 749 1750 est
770 1698 983 1750 diabolo
1017 1700 1297 1764 etAngelis
1309 1700 1424 1765 ejus
1453 1698 1623 1763 (Ibid)

1723 541 1840 601 Dei,
1888 546 2110 594 certum
2150 547 2240 594 est
2274 542 2408 606 quia
2442 542 2699 595 secundo
2730 543 2804 595 ad
2838 545 3181 598 tentandum
3212 559 3330 599 non

1724 629 1929 682 fuisset
1961 642 2140 682 ausus
2165 630 2464 693 accedere;
2488 642 2644 682 nunc
2666 633 2863 683 autem
2886 632 3018 686 vide
3041 634 3331 697 quomodo

1723 723 1980 772 tentatur
2000 720 2123 784 ipse
2145 719 2245 783 qui
2268 724 2467 772 tentat.
2493 719 2774 772 Dominus
2798 721 2949 773 enim
2961 722 3021 774 in
3032 734 3225 776 eremo
3240 728 3333 777 est

1724 808 2105 874 quadraginta
2125 808 2327 861 diebus
2344 812 2403 861 et
2415 809 2791 874 quadraginta
2801 811 3070 864 noctibus
3083 817 3332 877 postmo-

1725 898 1863 950 dum
1874 898 2090 950 esuriit.
2109 899 2163 949 Si
2175 898 2330 950 enim
2340 910 2460 951 non
2470 898 2779 963 esuriisset,
2792 901 3129 963 agnovisset
3140 905 3330 954 tenta-

1725 992 1814 1040 tor
1835 986 2043 1039 Filium
2066 986 2171 1039 Dei
2195 1000 2209 1038 :
2229 1000 2387 1039 nunc
2409 990 2602 1040 autem
2622 988 2819 1053 esurit,
2845 994 2910 1041 ut
2932 1002 3032 1053 per
3048 990 3158 1043 hoc
3176 991 3332 1054 quod

1726 1075 2005 1127 Dominus
2027 1075 2392 1140 fragilitatem
2421 1077 2481 1127 in
2504 1090 2564 1128 se
2581 1077 2767 1128 carnis
2784 1078 3053 1141 ostendit,
3072 1081 3329 1132 tentetur

1723 1165 1848 1230 ipse
1871 1165 1968 1229 qui
2002 1169 2202 1228 tentat,
2228 1168 2287 1218 et
2310 1166 2585 1230 tanquam
2597 1166 2671 1219 ad
2681 1166 2976 1220 hominem
2989 1168 3329 1221 tentandum

1727 1255 1917 1308 denuo
1939 1254 2124 1306 adeat.
2151 1254 2241 1307 Sic
2264 1267 2399 1321 ergo
2423 1256 2663 1309 veniunt
2676 1255 2749 1308 ad
2764 1256 3072 1310 Dominum
3086 1259 3334 1311 tentato-

1726 1357 1835 1397 res.
1880 1345 1993 1410 Ipse
2030 1350 2211 1394 autem
2237 1344 2456 1394 tentabit
2478 1345 2597 1395 illos
2609 1350 2730 1411 post
2744 1346 2919 1411 pedes,
2944 1347 3055 1399 hoc
3077 1350 3182 1408 est,
3214 1347 3328 1400 eis-

1727 1432 1860 1485 dem
1873 1432 2135 1505 vestigiis
2146 1432 2355 1497 quibus
2366 1437 2688 1486 accesserat
2697 1432 2962 1488 diabolus
2975 1436 3195 1488 tentare
3207 1449 3325 1485 eum

1729 1529 1748 1552 ⁸
1774 1524 1973 1575 tentat.

1790 1607 1840 1665 3.
1867 1610 2096 1663 Moralis
2114 1609 2313 1675 itaque
2333 1609 2493 1663 locus
2523 1610 2693 1663 simili
2718 1611 2965 1665 editione
2988 1611 3291 1665 disseritur
3317 1627 3329 1665 :

1725 1697 1820 1751 ille
1842 1698 1998 1752 enim
2017 1698 2191 1752 homo
2214 1704 2410 1751 noster
2424 1700 2445 1729 δ
2460 1700 2729 1752 confesso
2742 1713 2930 1753 errore
2941 1700 3254 1765 pmnitens,
3271 1713 3334 1754 se

18 1790 148 1856 25.).
166 1790 283 1844 Sed
323 1793 383 1843 et
400 1789 591 1843 Sancti
611 1802 791 1854 quum
806 1789 865 1841 in
879 1801 1064 1854 agone
1076 1789 1387 1854 decertant,
1405 1794 1628 1855 specta-
1649 1791 1701 1866 Β
1729 1788 1916 1842 reddit
1934 1801 2281 1842 conversum
2297 1801 2397 1854 per
2411 1788 2866 1855 intelligentiam,
2883 1794 2941 1843 et
2954 1791 3334 1851 aliquantulum

21 1882 216 1934 culum
246 1878 381 1932 facti
400 1878 668 1931 dicuntur
687 1877 823 1930 huic
834 1879 1051 1932 mundo
1066 1884 1124 1933 et
1138 1878 1373 1944 Angelis
1386 1883 1443 1932 et
1463 1881 1629 1928 homi-

20 1972 196 2022 nibus
213 1969 286 2034 (i.
318 1968 441 2021 Cor.
461 1965 551 2032 4.).
572 1967 855 2020 Tentabat
868 1981 1003 2034 ergo
1017 1968 1306 2021 Dominun
1326 1970 1628 2030 conspiratio

20 2064 392 2122 tentatorum,
409 2069 591 2121 quum
610 2055 834 2109 dicebat
857 2056 943 2109 ei:
969 2056 1030 2108 Si
1052 2057 1225 2107 Filius
1242 2057 1337 2107 Dei
1354 2072 1420 2118 es,
1458 2057 1544 2106 dic
1569 2062 1628 2106 ut

19 2149 227 2214 lapides
251 2147 343 2197 isti
364 2148 505 2211 ﬁant
527 2145 641 2214 38
664 2161 833 2212 panes
868 2146 1077 2206 (Matth.
1107 2146 1198 2211 4.).
1227 2149 1328 2198 Per
1350 2146 1475 2199 11th
1493 2159 1628 2212 ergo

20 2237 287 2291 tentabat
318 2234 632 2288 Dominum
653 2233 936 2287 diabolus.
966 2234 1073 2287 Sed
1085 2234 1402 2295 videamus,
1420 2237 1540 2295 quid
1558 2243 1629 2285 est

16 2327 127 2399 hop
153 2325 318 2391 quod
354 2324 529 2377 dicit:
580 2324 696 2389 Ipse
718 2328 899 2373 autem
937 2323 1155 2374 tentabit
1201 2339 1285 2373 eos
1339 2324 1625 2389 poslpedes.

19 2414 320 2478 Quomodo
334 2413 615 2467 Dominus
631 2413 891 2467 tentabat
908 2416 1197 2467 tentantes
1213 2426 1274 2466 se
1285 2417 1309 2465 Ρ
1326 2414 1448 2466 Siin
1465 2415 1628 2476 prima

1728 1878 1981 1943 profecit,
2008 1883 2074 1931 ut
2096 1883 2228 1943 post
2242 1878 2558 1944 proiectum
2571 1879 2765 1932 veniat
2774 1878 2848 1931 ad
2860 1879 2985 1942 hoc,
3003 1884 3070 1931 ut
3082 1881 3335 1932 tentetur

1727 1969 1801 2020 ab
1826 1967 2077 2033 inimico,
2102 1972 2160 2020 et
2182 1968 2369 2022 virtus
2391 1968 2568 2020 animi
2583 1970 2708 2033 ejus
2723 1974 2781 2022 et
2791 1967 3069 2034 propositi
3080 1972 3342 2021 constan-

1727 2057 1809 2108 tia
1830 2057 2233 2121 comprobetur
2261 2071 2275 2108 :
2301 2056 2381 2110 ita
2400 2057 2554 2109 enim
2579 2057 2867 2122 Scriptura
2887 2056 3041 2109 dicit.
3064 2057 3171 2117 Qui
3185 2069 3205 2092 ο
3220 2072 3337 2108 non

1728 2150 1799 2195 est
1833 2150 2083 2211 tentatus,
2125 2160 2240 2195 non
2279 2152 2351 2195 est
2377 2145 2672 2211 probabilis
2710 2146 2875 2207 (Eccl.
2909 2145 3035 2209 34.).
3075 2147 3191 2198 Nec
3221 2145 3338 2199 ullo

1728 2240 1985 2301 tempore
2028 2237 2266 2289 omnino
2308 2237 2439 2300 quis
2473 2237 2770 2301 perveniet
2805 2235 2879 2288 ad
2912 2236 3336 2301 perfectionem,

1727 2325 1841 2378 nisi
1864 2326 2023 2390 prius
2043 2327 2103 2379 in
2121 2326 2535 2381 tentationibus
2550 2327 2670 2380 suis
2680 2326 2853 2392 [Forte
2866 2326 2972 2392 sui]
2989 2325 3339 2380 documenta

1728 2416 2075 2482 praestiterit.

1059 2580 1831 2679 BENEDICTIO
1899 2583 2265 2681 ASER.

82 2757 135 2813 1.
161 2753 590 2820 Asnaminguis
611 2753 920 2819 ejuspanis:
942 2758 987 2803 et
998 2753 1107 2819 ipse
1119 2751 1264 2802 dabit
1276 2767 1449 2802 escam
1470 2753 1637 2817 prin-
1799 2754 1850 2811 3.
1888 2755 2049 2819 Quod
2083 2755 2181 2821 ait,
2213 2756 2441 2822 pinguis
2468 2755 2652 2822 panis,
2689 2756 2772 2809 sic
2793 2754 3108 2822 intelligere
3126 2767 3340 2821 possu-

23 2846 255 2913 cipibus.
294 2845 471 2897 Credo
511 2847 828 2897 assertores
861 2841 884 2872 ά
904 2841 1087 2895 literae
1108 2842 1218 2894 hoc
1240 2842 1301 2893 in
1319 2841 1411 2893 his
1446 2842 1635 2896 verbis
1734 2857 1884 2897 mus.
1908 2844 1995 2897 Illi
2018 2845 2115 2911 qui
2129 2845 2272 2898 nihil
2284 2845 2532 2911 amplius
2546 2845 2606 2897 in
2621 2846 2846 2898 Christo
2866 2845 3213 2910 intelligunt,
3226 2844 3341 2898 nisi

22 2936 365 3001 intelligere,
396 2932 550 2998 quod
582 2933 736 2998 regio
747 2933 797 2998 ej
806 2945 872 2985 us
888 2936 947 2985 et
960 2931 1269 2985 haereditas
1287 2935 1474 2996 terrae,
1491 2933 1634 2984 uber
1733 2934 2025 2988 Christum
2047 2937 2079 2987 J
2084 2948 2248 2987 esum
2273 2935 2426 2987 hunc
2450 2935 2807 2998 crucifixum,
2834 2934 3016 2987 edunt
3038 2933 3270 2998 quidem
3281 2935 3341 2986 et

24 3031 79 3079 et
102 3024 342 3091 pinguis
375 3020 672 3085 exstiterit,
696 3022 776 3074 ita
796 3027 860 3074 ut
888 3022 1060 3074 etiam
1081 3020 1255 3086 regiis
1298 3020 1503 3073 usibus
1526 3020 1634 3073 mi-
1730 3022 1840 3086 ipsi
1870 3035 2078 3088 panem
2101 3023 2172 3075 de
2195 3023 2358 3087 caelo,
2386 3022 2488 3075 sed
2503 3022 2730 3075 aridum
2746 3026 2805 3075 et
2820 3021 3059 3075 exilem:
3083 3021 3185 3085 qui
3199 3033 3339 3073 vero

23 3116 317 3170 nistraret.
332 3111 526 3177 Aliqui
539 3116 734 3164 autem
745 3114 1072 3165 nostrorum
1090 3111 1263 3163 etiam
1278 3111 1508 3175 propter
1521 3110 1633 3163 An-
1658 3150 1702 3179 ,η
1734 3112 1890 3177 digni
1921 3114 2074 3175 sunt,
2100 3118 2163 3165 ut
2180 3113 2262 3165 eis
2280 3111 2531 3164 thesauri
2553 3112 2851 3177 sapientiae
2866 3109 2980 3179 40
3001 3116 3060 3164 et
3078 3110 3337 3164 scientia

23 3217 167 3258 nam
189 3202 412 3255 dictum
424 3156 628 3267 putant
652 3200 1100 3265 Prophetissam,
1117 3156 1538 3261 ﬂliamrFanuel,
1558 3212 1630 3252 ex
1656 3156 1705 3225 Ο
1734 3156 2292 3254 reZelentudChristi
2318 3199 2452 3265 (Col.
2478 3198 2570 3264 2.),
2595 3156 2735 3252 εῖιηι
2991 3198 3223 3264 pinguis
3247 3201 3338 3251 est

29 3295 186 3347 tribu
239 3293 404 3356 Aser,
452 3301 585 3354 quin
618 3290 799 3355 prima
831 3301 964 3341 cum
988 3290 1273 3354 Symeone
1289 3289 1528 3341 refertur
1559 3287 1631 3340 de
1732 3291 1917 3356 panis,
1942 3291 2092 3342 sicut
2118 3293 2236 3342 erat
2259 3288 2447 3351 Paulo,
2467 3290 2567 3354 qui
2582 3289 2839 3342 dicebat:
2866 3289 2987 3340 Scio
3001 3288 3338 3339 etabundare

29 3382 281 3435 Domino
324 3381 385 3431 in
414 3379 735 3444 Evangeliis
758 3377 1129 3444 prophetasse
1153 3379 1296 3440 (Luc.
1321 3377 1412 3443 2.),
1430 3381 1485 3430 et
1499 3390 1633 3442 pro-
1733 3385 1779 3430 et
1799 3380 2018 3442 esurire,
2040 3379 2112 3428 ad
2127 3379 2318 3430 omnia
2331 3380 2451 3429 etin
2470 3378 2965 3429 omnibusimbutus
2976 3392 3097 3428 sum
3108 3377 3337 3442 (Philip.

28 3472 246 3539 phetiaa
275 3481 398 3523 suae
421 3468 535 3521 ﬂde
558 3468 720 3521 velut
745 3481 938 3521 escam
955 3468 1181 3521 dedisse
1192 3467 1633 3533 principibus,id
1735 3469 1826 3533 4.).
1849 3469 2070 3521 Etenim
2096 3470 2144 3521 si
2170 3469 2449 3521 Dominus
2471 3470 2528 3521 et
2555 3469 2812 3522 Salvator
2833 3472 3048 3531 noster,
3074 3479 3258 3532 quum
3274 3466 3342 3518 il-

30 3566 146 3626 est,
167 3558 461 3627 Apostolis
483 3559 820 3623 cmterisque
847 3557 1234 3622 credentibus,
1259 3569 1393 3622 quas
1417 3556 1488 3609 de
1510 3556 1637 3622 ipso
1735 3572 1940 3625 guram
1957 3559 2102 3612 tauri
2114 3558 2707 3623 dignaturassumere,
2724 3561 2925 3611 taurus
2940 3556 3170 3623 pinguis
3181 3560 3343 3609 etsa-

26 3652 262 3705 fuerant
284 3648 638 3715 prophetata.

116 3736 237 3809 39
260 3737 314 3793 2.
351 3739 583 3803 Verum,
607 3737 882 3804 quoniam
904 3738 1066 3801 Aser,
1093 3734 1273 3786 beatus
1301 3734 1641 3800 interpreta-

30 3838 150 3896 tur,
185 3829 340 3881 illius
362 3827 486 3893 viri,
512 3840 684 3892 quem
705 3828 778 3879 ab
813 3818 1001 3880 errore
1022 3838 1123 3891 per
1139 3825 1539 3891 paenitentiam
1557 3836 1640 3876 re-

30 3925 333 3982 vocatum,
343 3917 615 3984 paulatim
626 3929 726 3983 per
738 3915 993 3982 singulos
1008 3915 1242 3982 gradus,
1256 3926 1443 3979 usque
1457 3915 1519 3963 ad
1531 3916 1642 3963 bea-

33 4008 305 4065 titudinis
319 4019 473 4061 nunc
483 4007 837 4059 incrementa
849 4004 1239 4070 perducimus,
1259 4008 1390 4069 post
1410 4014 1649 4056 conver-

1739 3649 1970 3715 ginatus
1990 3648 2293 3713 pcenitenti
2314 3647 2428 3700 tilio
2449 3647 2657 3701 dicitur
2665 3647 2917 3714 jugulari
2933 3647 3082 3711 (Luc.
3097 3644 3224 3710 15.),
3241 3658 3343 3697 cur

1739 3750 1857 3791 non
1879 3738 2081 3791 eodem
2104 3738 2295 3803 modo,
2327 3738 2427 3803 qui
2450 3737 2522 3790 ad
2550 3737 2963 3790 beatitudinem
2975 3734 3340 3801 perveniunt,

1740 3826 1907 3893 panis
1923 3827 2152 3893 pinguis
2168 3839 2298 3879 esse
2314 3827 2576 3879 dicantur
2588 3829 2613 3878 P
2628 3828 2742 3879 Iste
2751 3829 2945 3879 autem
2959 3825 3110 3889 talis,
3123 3824 3343 3889 cuijam

1741 3916 1969 3983 pinguis
1991 3918 2080 3968 est
2097 3915 2281 3981 panis,
2294 3916 2465 3968 etiam
2480 3930 2653 3965 escam
2666 3914 3005 3981 principibus
3019 3912 3187 3966 dabit.
3201 3914 3345 3976 Qua-

1738 4005 1853 4059 lem
1877 4017 2069 4059 escam
2091 4008 2118 4057 ‘I
2142 4005 2263 4057 sine
2285 4004 2461 4057 dubio
2473 4004 2843 4067 verbiDei;et
2857 4002 3015 4055 dabit
3025 4013 3217 4054 escam
3227 4013 3346 4055 non

37 4102 289 4159 sionem,
303 4094 875 4163 postintelligentiam
892 4093 1221 4160 spiritalem,
1233 4098 1366 4159 post
1382 4092 1647 4146 tentatioo
1741 4096 1954 4161 quibus
1965 4107 2215 4160 cumque
2226 4093 2589 4160 pauperibus,
2604 4098 2708 4146 aut
2717 4093 3097 4157 accipientibus,
3111 4093 3197 4141 sed
3208 4092 3345 4152 prin-

31 4203 182 4244 num
218 4187 534 4247 victoriam,
550 4184 781 4252 pinguis
797 4185 924 4250 ejus
943 4197 1070 4237 esse
1083 4184 1290 4236 dicitur
1305 4182 1489 4249 panis.
1512 4180 1645 4235 Edit
1741 4186 1965 4251 cipibus
1988 4185 2149 4238 dabit
2173 4200 2186 4237 :
2211 4183 2481 4251 loquetur
2503 4183 2658 4237 enim
2683 4182 2853 4237 etiam
2867 4182 2993 4250 ipse
3006 4179 3346 4249 sapientiam

35 4280 197 4333 enim
247 4277 412 4330 illum
440 4288 665 4342 panem,
704 4275 800 4340 qui
822 4273 885 4324 de
906 4273 1032 4325 caelo
1050 4273 1314 4324 descendit
1340 4273 1515 4338 (Joan.
1547 4270 1640 4336 1.).
1741 4276 1890 4330 inter
1910 4274 2192 4343 perfectos
2225 4274 2293 4343 (1.
2323 4275 2444 4329 Cor.
2470 4272 2562 4341 2.).

37 4376 97 4425 et
145 4369 330 4425 vitam
352 4367 453 4420 dat
487 4365 622 4419 huic
651 4364 883 4428 Mundo,
904 4368 964 4418 et
984 4363 1214 4431 pinguis
1236 4362 1430 4417 estille
1451 4363 1635 4429 panis.

819 4531 1593 4641 BENEDICTIO
1662 4530 2546 4629 NEPHTHALIM.

104 4710 159 4767 1.
193 4712 404 4763 Annon
427 4715 447 4738 ο
469 4707 694 4757 remissa
725 4704 834 4770 (vel
876 4709 941 4758 ut
959 4709 1158 4758 nostra
1178 4704 1523 4770 exemplaria
1544 4704 1648 4757 ha-
1668 4708 1727 4782 Β
1748 4703 1848 4757 lim
1870 4717 2005 4757 rura
2031 4704 2361 4771 possedisse
2382 4702 2653 4757 foecunda
2672 4700 2952 4770 virgultis,
2972 4702 3031 4756 et
3045 4695 3348 4756 arboribus

44 4800 204 4860 bent)
259 4798 385 4849 vitis
427 4796 647 4862 diﬂ'usa,
696 4794 976 4861 proferens
1007 4794 1069 4844 in
1101 4793 1366 4859 fructibus
1389 4793 1644 4845 decorem.
1750 4807 2072 4848 nemerosa.

47 4888 307 4944 Historia
315 4886 578 4953 designat
590 4885 712 4951 prio
723 4897 846 4938 rem
856 4883 976 4937 Gad
993 4883 1344 4937 hereditatis
1359 4889 1538 4933 sortem
1554 4898 1650 4933 caa-
1809 4883 1860 4939 2.
1891 4885 1955 4936 In
1972 4883 2333 4949 eXpositione
2356 4897 2492 4938 vero
2517 4884 2778 4951 Mystica,
2799 4883 2921 4950 jam
2946 4884 3003 4937 et
3020 4881 3083 4935 in
3098 4881 3352 4947 superioa

41 4978 276 5048 pissein
295 4978 553 5030 ubertate
576 4986 939 5040 camporum:
962 4977 1022 5027 et
1045 4977 1177 5039 post
1190 4972 1342 5026 hunc
1360 4972 1650 5038 Nepbtha-

112 5160 131 5181 '
152 5147 573 5212 Rescripsimus
596 5149 780 5207 tentat,
800 5160 901 5207 quo
923 5158 1014 5206 pro
1037 5145 1371 5194 anteavitiose
1390 5146 1646 5194 tentatur.

50 5222 295 5276 Leviora
312 5219 426 5272 alia
448 5218 713 5283 superius
744 5216 899 5269 taciti
925 5216 1294 5281 castigamus.

113 5295 137 5325 δ
159 5291 454 5346 Laudatur
462 5292 685 5343 Barrseo
701 5288 773 5341 ad
785 5287 912 5340 libri
926 5300 1084 5339 oram
1102 5288 1206 5339 Ms.
1231 5287 1316 5340 ira
1324 5285 1650 5351 praeferens,

53 5380 213 5433 quem
236 5369 354 5430 post
381 5361 1010 5433 errorempoenituisse,et
1025 5374 1338 5433 conuersum
1354 5374 1453 5433 per
1482 5359 1657 5433 poeni-

55 5431 300 5498 tentiam,
323 5440 372 5486 et
398 5433 809 5498 aliquantulum
810 5432 931 5497 jam
948 5431 1233 5497 profecisse
1256 5431 1655 5496 descripsimus,

53 5524 254 5562 necesse
275 5513 368 5571 est,
390 5511 452 5556 ut
472 5510 591 5571 post
611 5505 932 5571 profectum,
949 5506 1059 5555 etc.

113 5592 132 5614 ι
152 5582 422 5633 Bai-rasus
444 5577 598 5630 idem
620 5576 827 5629 vitiose
853 5574 994 5634 Quia
1010 5573 1244 5640 legerat,
1271 5586 1370 5639 pro
1400 5573 1521 5633 Qui.
1548 5573 1659 5629 Sed

55 5665 161 5707 nec
188 5651 500 5717 Scripturaa
535 5648 709 5702 verba
729 5645 947 5699 laudari
969 5646 1469 5698 animadverterat.

116 5727 139 5761 ⁸
157 5726 419 5784 Ineditus
441 5724 658 5777 Auctor
684 5721 851 5775 toties
870 5720 1169 5774 laudatus:
1203 5721 1422 5774 Videtur
1444 5720 1661 5786 quidem

50 5800 218 5870 ἀντία
234 5800 457 5854 literam
479 5795 611 5852 huic
639 5794 680 5851 Τ
679 5793 826 5849 ribui
840 5792 1211 5849 ubertastmaa
1220 5793 1541 5862 repromitti.
1552 5792 1671 5849 Ha-

1745 4974 1922 5039 ribus,
1945 4986 2124 5038 quum
2152 4974 2223 5028 de
2252 4975 2503 5029 Zabulon
2525 4973 2965 5037 discuteremus,
2985 4972 3156 5027 etiam
3173 4971 3243 5024 de
3257 4982 3356 5025 no-

1749 5143 1863 5194 buit
1883 5143 2029 5194 enim
2059 5144 2122 5193 in
2140 5149 2275 5194 sorte
2287 5144 2639 5210 possessionis
2653 5159 2763 5194 sum
2791 5141 3098 5194 (‘ormelum
3125 5144 3357 5191 montem

1751 5216 1979 5267 ubertate
2033 5217 2323 5281 insignem,
2375 5216 2645 5280 simulque
2692 5216 2841 5266 mari
2894 5214 3249 5276 collimitavit,
3293 5226 3357 5261 ac

1751 5304 1846 5355 per
1883 5289 1980 5339 hoc
2015 5286 2249 5344 delicias,
2272 5286 2467 5352 quibus
2488 5288 2598 5352 ipse
2618 5285 2946 5348 abundabat,
2970 5285 3145 5355 maris
3165 5289 3354 5355 terrae-

1754 5353 1875 5426 tIue,
1900 5361 2062 5410 etiam
2081 5358 2307 5424 Regibus
2330 5358 2443 5409 suis
2465 5374 2576 5408 non
2599 5363 2670 5408 est
2693 5357 2919 5408 dubium
2944 5371 3067 5405 eum
3091 5353 3356 5418 obtulisse,

1757 5437 1848 5486 etc
1858 5469 1870 5482 .

1818 5512 1837 5534 ⁸
1866 5501 2158 5555 Al.emissa
2181 5517 2198 5564 ;
2221 5501 2282 5554 in
2306 5502 2502 5553 Graaco
2527 5499 2758 5566 στέλεχος
2782 5494 3056 5564 ἀνειμένον.
3076 5495 3355 5566 Lectionem

1758 5573 2251 5646 exemplariorum,
2277 5570 2644 5646 quaelaudat,
2676 5565 2732 5623 S.
2754 5581 2987 5646 quoque
3008 5565 3356 5646 Ambrosius

1759 5635 1980 5713 probat.
2006 5645 2116 5699 Sed
2140 5650 2197 5698 et
2222 5635 2349 5697 heic
2370 5642 2596 5697 videtur
2616 5654 2754 5695 nom
2782 5642 2973 5708 ipsum
2996 5635 3357 5713 Nepttthatim

1761 5709 2247 5785 prmmittendum.
2272 5714 2475 5771 Confer
2496 5713 2829 5781 Hieronymi
2849 5714 3019 5772 Quaest
3032 5712 3087 5762 in
3102 5709 3356 5762 Genesim.
