3898 6392
500 345 603 401 327
1522 338 1766 392 RUFINI
1802 336 2284 399 AQUILEIENSIS
2315 332 2753 385 PRESBYTERI
3691 332 3805 389 328

498 459 651 510 mine
682 454 1331 521 Nephtalim,velutcum
1344 452 1438 503 illo
1450 452 1507 503 in
1520 451 1839 514 Evangellis
1853 450 2085 511 sociato,
2113 455 2165 525 Α
2190 446 2355 512 paulo
2370 452 2502 497 ante
2526 458 2670 509 pane
2696 445 2894 509 pingui
2917 448 3268 507 vescebatur,
3281 450 3336 499 et
3351 460 3423 500 ex
3442 448 3570 512 ipso
3603 449 3805 499 cibum

502 560 634 612 qua:
667 547 835 598 nobis
862 545 983 596 visa
1006 547 1158 603 sunt,
1177 542 1454 592 diximus:
1473 540 1534 592 Id
1551 540 1824 603 est,quod
1837 539 2090 590 velutra—
2194 536 2542 600 principibus
2569 535 2742 585 dabat
2768 535 2885 597 (qui
2911 536 3074 599 panis
3098 537 3381 588 confortat
3414 549 3513 589 cor
3541 536 3804 588 hominis

504 636 602 688 dix
624 638 680 687 et
704 634 858 697 origo
883 633 1177 683 beatorum
1202 630 1603 693 Apostolorum
1620 629 1946 679 existorum
1962 628 2100 679 locis
2200 625 2361 686 (Psat.
2414 622 2547 683 103.)
2602 636 2757 674 nunc
2784 630 3204 687 consequenter
3232 626 3280 676 ei
3305 625 3478 677 etiam
3504 638 3641 677 vera
3665 627 3806 676 vitis

500 730 559 778 et
582 725 806 787 regione
830 720 1190 786 processerit,
1218 724 1276 770 et
1299 718 1453 782 quod
1479 718 1669 782 populi
1688 730 1883 769 eorum
1900 717 1997 780 qui
2013 730 2100 768 se-
2198 713 2457 764 Christus
2491 712 2761 763 decorum
2780 712 3015 775 protulit
3039 713 3304 777 fructum,
3321 726 3435 777 quo
3453 714 3673 765 scilicet
3685 727 3803 774 cor,

505 814 720 866 debant
741 812 800 862 in
824 810 1093 871 tenebris,
1114 808 1299 859 lucem
1321 808 1573 858 viderint
1596 819 1882 870 magnam.
1909 806 2016 858 Sed
2042 807 2100 856 et
2194 804 2345 866 quod
2368 816 2512 866 pane
2525 802 2971 863 confortaverat,
2989 804 3406 855 nunctaetiticet
3423 803 3558 856 vino
3576 803 3670 855 :in
3683 816 3805 867 quo

498 902 771 967 principes
791 900 834 948 Ζ
838 898 902 947 ab
911 917 936 946 u
945 897 1036 947 lon
1059 903 1105 946 et
1118 897 1392 962 principes
1408 895 1764 959 Ncphthalim
1779 895 1937 959 (Psal.
1952 894 2017 949 67
2032 896 2092 958 .},
2195 897 2438 954 utroque
2456 893 2515 943 in
2528 894 2752 943 tantum
2764 892 3033 954 mihijam
3050 893 3275 944 videtur
3284 896 3485 953 venisse
3496 895 3801 955 profectum,

498 991 593 1055 qui
614 1002 712 1054 per
736 987 914 1040 David
937 986 1335 1051 praedicantur,
1352 984 1425 1036 ad
1444 997 1726 1049 personan
1742 985 1935 1048 utique
1948 984 2096 1035 rcfe-
2194 985 2259 1032 ut
2282 980 2453 1031 etiam
2472 980 2769 1031 sacerdotii
2792 986 3150 1033 sacramenta
3165 983 3458 1047 suscipiat.
3484 983 3543 1032 Si
3567 996 3702 1034 vero
3718 996 3804 1034 ar-

494 1083 699 1133 runtur
722 1077 1142 1142 Apostolorum.

555 1169 606 1224 3.
623 1171 910 1231 Quantum
923 1177 1059 1217 vero
1069 1164 1142 1217 ad
1157 1164 1617 1229 explanationem
1632 1162 1853 1214 tertiam
1874 1163 2091 1226 spectat

493 1256 857 1323 Nephthalim
869 1254 1120 1306 nominis
1132 1253 1517 1318 interpretatio
1529 1252 1651 1303 haec
1663 1252 1788 1315 ipsa
1798 1255 1902 1313 est,
1916 1263 2090 1314 quam

493 1359 647 1400 nunc
670 1344 1018 1398 benedicens
1040 1356 1172 1395 eum
1194 1345 1351 1408 pater
1366 1342 1492 1406 ejus
1507 1340 1793 1405 exprimit:
1809 1340 1864 1391 id
1878 1344 1984 1402 est,
2001 1339 2092 1391 vel

498 1435 662 1486 arbor
698 1432 922 1500 diffusa,
959 1432 1053 1486 vel
1085 1432 1225 1483 vitis.
1252 1430 1349 1484 llle
1370 1431 1543 1496 igitur
1562 1433 1757 1482 noster
1776 1429 1968 1492 homo,
1993 1428 2091 1493 qui

2190 1070 2403 1128 borem,
2430 1069 2631 1133 magis,
2658 1082 2832 1133 quam
2850 1069 3024 1121 vitem
3038 1072 3503 1133 diliusamintelligi
3517 1074 3799 1132 malumus,

2189 1171 2320 1222 quae
2357 1159 2599 1223 proferat
2620 1159 2679 1209 in
2708 1158 2988 1209 fructibus
3001 1158 3426 1224 decorem,quaa
3446 1161 3560 1212 alia
3571 1160 3682 1211 erit
3701 1173 3799 1212 ar-

2187 1248 2308 1310 bor,
2333 1261 2465 1312 quas
2497 1248 2761 1300 decorem
2803 1248 2865 1299 in
2899 1248 3177 1301 fructibus
3206 1249 3468 1314 proferat,
3496 1262 3681 1313 quam
3705 1262 3801 1301 sa-

2188 1337 2397 1402 pientia
2419 1337 2538 1401 Dei,
2560 1337 2631 1389 de
2654 1350 2769 1401 qua
2789 1337 2928 1389 dicit
2946 1338 3229 1398 Salomon,
3253 1338 3428 1390 Arbor
3448 1340 3568 1389 vitae
3586 1346 3662 1390 est
3689 1341 3797 1403 his,

2189 1427 2285 1491 qui
2307 1426 2707 1492 amplectuntur
2731 1441 2852 1475 eam
2879 1427 3055 1489 (Prov.
3096 1426 3167 1492 3.)
3184 1431 3212 1468 9

1455 1593 2228 1691 BENEDIGTIO
2314 1591 2820 1690 JOSEPH.

554 1800 579 1855 1
600 1839 611 1852 ,
630 1801 837 1853 FILIUS
854 1798 1147 1865 ampliatus
1161 1799 1390 1851 Josgpn
1410 1796 1585 1859 :ﬁtius
1599 1794 1912 1859 ampliatus.
1927 1796 1993 1845 In
2003 1794 2097 1846 be-
2118 1797 2171 1871 B
2193 1789 2403 1855 adjuvit
2428 1794 2471 1839 te
2496 1790 2632 1839 Deus
2648 1805 2812 1842 meus.
2842 1791 2978 1843 Inde
3006 1791 3109 1843 tibi
3136 1791 3408 1843 auxilium
3436 1792 3616 1857 venit,
3634 1792 3798 1845 unde

498 1889 819 1942 nedictione
831 1888 1063 1953 Joseph,
1075 1887 1242 1940 etiam
1254 1887 1375 1953 ipsa
1389 1884 1758 1951 primaliterae
1773 1886 1922 1933 facies
1934 1886 2090 1942 ﬂoret,

500 1979 636 2030 meri
646 1983 703 2030 to
713 1990 963 2041 namque
974 1976 1266 2041 ampliatus
1275 1975 1421 2040 ﬁlius
1432 1974 1922 2039 appellatumquem
1936 1975 2097 2021 Domi-

498 2079 610 2119 nus
634 2066 862 2119 familiee
878 2078 1001 2118 suae
1019 2064 1430 2117 conservandae
1448 2062 1647 2127 gratia,
1665 2077 1824 2124 usque
1838 2063 1898 2109 ad
1918 2076 2094 2109 secun-

499 2155 637 2207 dum
653 2155 810 2220 regni
822 2154 1172 2208 exaltaverat
1183 2153 1315 2218 grad
1326 2165 1442 2204 um.
1460 2154 1761 2213 Ampliatum
1775 2165 1890 2211 ergo
1903 2151 2095 2198 intelli-

496 2259 581 2311 ge,
612 2245 907 2309 sapientia,
937 2243 1191 2301 consilio,
1212 2238 2091 2304 constantia,castitate,honore,

495 2347 689 2399 regno,
709 2335 938 2397 virtute,
955 2338 1009 2385 et
1022 2332 1175 2397 quod
1188 2336 1277 2383 est
1294 2331 1798 2383 virtutu'nomninm
1814 2331 2089 2390 fastigium,

493 2430 715 2494 pietate,
742 2426 800 2479 in
827 2425 1039 2490 quibus
1058 2421 1323 2474 omnibus
1340 2424 1545 2473 auctus
1562 2425 1616 2471 et
1631 2422 1901 2480 ampliatus
1919 2419 2094 2466 merito

496 2519 703 2571 dicitur
724 2515 957 2580 Joseph.
978 2514 1139 2573 Quod
1155 2515 1345 2563 autem
1365 2511 1530 2574 dixit,
1548 2508 1914 2570 Zelatusﬁlius
1928 2522 2091 2569 meus,

495 2606 720 2658 videtur
731 2603 1083 2668 expressisse
1095 2614 1211 2652 non
1220 2606 1493 2663 tanquam
1506 2611 1639 2650 eum
1652 2600 1738 2659 qui
1752 2599 1973 2646 invideat
1986 2597 2091 2660 ,sed

495 2700 519 2748 t
537 2706 771 2759 inquam
789 2705 921 2744 eum
945 2691 1043 2754 qui
1061 2688 1336 2741 invidiam
1351 2703 1527 2748 passus
1544 2687 1605 2737 sit
1622 2702 1634 2737 ε
1650 2688 1699 2734 id
1714 2693 1785 2734 est
1802 2690 1946 2746 cujus
1962 2691 2093 2733 tanta

500 2785 577 2837 sit
598 2783 791 2849 gloria,
811 2794 943 2845 quae
954 2783 1239 2831 mereatur
1250 2776 1540 2829 invidiam.
1560 2777 1679 2826 Hoc
1693 2780 1781 2826 est
1795 2788 1925 2849 ergo
1939 2773 2093 2838 quod

497 2847 636 2935 dicit,
653 2874 696 2922 Ζ
699 2873 865 2922 elatus
875 2870 1021 2935 ﬁlius
1033 2884 1180 2918 meus
1192 2865 1650 2916 adolescentiorad
1660 2881 1741 2914 me
1752 2847 2027 2914 revertere:
2041 2866 2094 2912 ti-

495 2964 609 3017 lius
622 2976 788 3016 meus
800 2974 915 3013 non
929 2966 1045 3012 tam
1056 2958 1342 3011 nativitate
1352 2972 1501 3018 quam
1516 2957 1724 3006 meritis.
1744 2957 1873 3004 Illud
1888 2968 2006 3003 sane
2024 2958 2093 3003 vi-

497 3053 664 3105 detur
687 3051 825 3103 mihi
848 3047 1022 3115 nona.
1038 3047 1056 3115 |
1070 3048 1251 3099 otiose
1265 3044 1695 3111 positum,quod
1714 3047 1852 3093 tertio
1867 3050 2090 3105 repetens

497 3138 1057 3202 Patriarcha,Joseph
1081 3136 1259 3188 ﬁlium
1283 3135 1557 3197 nominat,
1574 3134 1965 3186 dicenstilius
1984 3148 2094 3182 am-

2193 1883 2249 1930 et
2271 1878 2444 1929 Israel
2467 1883 2627 1943 pater
2651 1886 2782 1931 tuus
2795 1880 3149 1932 confortatus
3167 1885 3270 1939 est,
3290 1885 3426 1931 tunc
3438 1881 3561 1931 sine
3590 1880 3794 1941 dubio,

2191 1979 2323 2018 cum
2373 1968 2714 2021 colluctatus
2737 1973 2828 2019 est
2850 1968 2909 2019 in
2934 1969 3023 2020 via
3060 1969 3213 2031 (Ibid.
3240 1966 3367 2031 32.),
3393 1972 3449 2020 et
3458 1969 3615 2033 juvit
3650 1982 3791 2021 eum

2192 2056 2366 2117 Deus,
2407 2061 2465 2106 et
2512 2054 2683 2107 Israel
2719 2059 2769 2107 ei
2801 2070 3012 2108 nomen
3035 2056 3308 2120 imposuit
3332 2056 3480 2117 (Ibid.
3506 2055 3635 2120 35.).
3660 2060 3796 2122 Ipse

2191 2156 2325 2207 ergo
2341 2146 2492 2195 Deus
2510 2157 2671 2195 meus
2684 2145 2855 2196 etiam
2875 2150 2927 2197 te
2945 2148 3222 2208 benedexit,
3238 2145 3607 2195 Benedictione
3618 2147 3759 2207 caeli,
3778 2156 3795 2175 '

2191 2239 2235 2281 et
2284 2248 2319 2281 a
2364 2248 2594 2297 summo,
2640 2240 2683 2282 et
2708 2233 3064 2283 benedictione
3088 2240 3255 2285 terras.
3285 2234 3609 2286 Benedictio
3631 2236 3789 2297 caeli,

2193 2321 2527 2385 sapientiam
2548 2336 2559 2371 :
2586 2325 2749 2374 terrae
2766 2328 2977 2387 autem,
3002 2336 3243 2387 regnum
3256 2324 3690 2388 potentiamque
3703 2325 3795 2377 de-

2192 2410 2399 2475 signat.
2428 2412 2652 2475 Proptcr
2675 2411 3085 2461 benedictionem
3111 2412 3334 2460 uberum
3355 2418 3401 2460 et
3425 2412 3606 2475 vulvae,
3633 2414 3794 2462 bene-

2191 2499 2475 2548 dictionem
2496 2500 2670 2564 patris
2695 2500 2773 2549 tui
2797 2507 2842 2549 et
2868 2502 3059 2549 matris
3079 2507 3201 2552 tum.
3219 2503 3346 2565 Ipse
3358 2502 3635 2565 exposuit,
3651 2515 3791 2566 quae

2192 2588 2266 2639 sit
2290 2590 2528 2640 uberum
2540 2593 2595 2640 et
2608 2589 2801 2642 vulvas
2819 2590 3134 2642 benedictio
3153 2592 3566 2655 cognominans
3576 2600 3788 2640 matrem

2192 2678 2345 2741 quod
2367 2692 2486 2729 non
2508 2678 2696 2729 solum
2718 2684 3002 2743 paternas,
3022 2679 3123 2731 sed
3143 2682 3316 2731 etiam
3336 2685 3624 2732 maternas
3644 2694 3790 2733 con-

2192 2769 2425 2819 secutus
2450 2767 2523 2818 sit
2547 2768 2995 2820 benedictiones.
3023 2774 3161 2830 Quae
3186 2769 3501 2821 benedictio
3524 2770 3708 2834 patris
3732 2777 3790 2824 et

2190 2856 2388 2908 matris
2401 2857 2718 2920 praevaluit,
2732 2858 2934 2922 inquit,
2948 2857 3013 2907 In
3027 2857 3473 2907 benedictionibus
3488 2857 3544 2926 4
3554 2857 3604 2926 2
3626 2874 3791 2910 mon-

2191 2947 2329 2996 tium
2345 2949 2800 3011 pcrmanentium,
2820 2949 2935 2997 etin
2953 2948 3398 2998 benedictionibus
3415 2949 3791 3000 cottiumaetcr-

2188 3051 2408 3087 norum.
2423 3037 2615 3088 Potest
2628 3036 2868 3089 fortasse
2878 3050 2977 3101 pro
2987 3036 3379 3089 immobilitate
3390 3050 3789 3101 permansura

2192 3125 2252 3177 in
2283 3138 2350 3178 eo
2369 3125 2569 3191 gratiae
2594 3126 2769 3178 videri
2793 3127 3030 3190 dictum,
3054 3129 3491 3191 permanentium
3508 3129 3787 3178 montium

497 3230 700 3297 pliatus
717 3228 930 3293 Joseph,
946 3232 995 3277 et
1008 3225 1155 3289 ﬁlius
1171 3224 1483 3289 ampliatus.
1501 3224 1545 3273 Ζ
1548 3223 1715 3273 elatus
1730 3223 1931 3287 etﬁlius
1945 3238 2089 3271 meus
2116 3219 2165 3295 ρ
2192 3220 2237 3264 et
2280 3215 2493 3265 collium
2525 3221 2865 3279 aeternorum,
2914 3217 3088 3268 rebus
3112 3216 3709 3289 utique-immobilibus
3733 3222 3791 3272 et

496 3317 892 3369 adolescentior.
920 3314 1066 3378 Quid
1089 3314 1197 3366 sibi
1220 3314 1362 3367 vult.
1378 3313 1532 3377 quod
1546 3314 1704 3364 solus
1714 3314 1745 3364 J
1751 3312 1929 3377 oseph
1941 3312 2087 3364 inter

498 3419 700 3460 omnes
725 3405 928 3458 fratres
940 3404 1100 3457 tertio
1112 3403 1262 3455 illius
1286 3404 1650 3455 nominatur?
1666 3405 1762 3464 Ego
1777 3404 1978 3463 quidem
2000 3416 2088 3462 pro

498 3496 776 3564 parvitate
810 3506 1017 3547 sensus
1037 3493 1149 3546 mei
1163 3493 1435 3558 intelligo,
1454 3493 1603 3556 quod
1623 3492 1798 3545 semel
1814 3491 2087 3556 eiJoseph

498 3584 649 3639 illius
673 3586 844 3638 natus
867 3586 953 3637 est
969 3585 1121 3648 (Gen.
1148 3582 1254 3648 30),
1281 3586 1616 3655 tuncquum
1635 3595 1706 3634 ex
1731 3581 1941 3634 Rachel
1961 3584 2091 3647 post

498 3675 950 3741 desperationem
973 3672 1356 3739 suscipiende
1376 3671 1605 3734 sobolis,
1620 3677 1854 3724 renatus
1872 3676 1968 3724 est.
1997 3674 2089 3725 Se-

498 3766 687 3818 cundo
712 3776 844 3818 vero
873 3764 921 3816 ei
946 3764 1111 3829 quasi
1134 3763 1342 3815 iterum
1366 3763 1625 3814 nascitur
1648 3762 1816 3826 illius,
1843 3774 2021 3825 quum
2038 3761 2089 3814 ei

498 3860 631 3921 post
645 3854 1067 3920 persuasionem
1082 3852 1281 3905 mortis
1297 3852 1484 3904 vivere
1498 3851 1803 3903 nunciatur
1818 3850 1965 3917 (Ibid.
1980 3850 2089 3915 45.)

498 3944 685 3997 Tertio
708 3956 846 3997 vero
869 3944 921 3996 ei
936 3942 1089 3996 illius
1113 3942 1366 4004 etIlcitur,
1393 3954 1574 4006 quum
1594 3941 1868 4005 doctrina,
1889 3948 1947 3993 et
1963 3955 2092 3993 eru-

495 4034 706 4087 ditione
728 4038 785 4087 et
810 4033 901 4085 his
921 4033 1187 4086 omnibus
1209 4031 1537 4095 virtutibus,
1554 4032 1766 4096 quibus
1778 4032 1898 4097 ipse
1910 4033 2091 4083 Deum

493 4123 746 4188 videbat,
770 4123 1034 4175 erudiens
1058 4135 1192 4175 eum
1215 4127 1273 4176 et
1295 4123 1606 4185 instruens,
1628 4121 1872 4173 etiamin
1891 4121 2091 4186 spiritu

497 4224 631 4266 eum
653 4212 837 4264 illium
857 4216 1268 4276 procreaverat.
1296 4211 1524 4274 Alioqui
1558 4223 1663 4262 nec
1692 4211 1995 4264 conveniet
2018 4212 2084 4274 ei,

493 4301 648 4367 quod
660 4300 1076 4354 adolescentior
1085 4300 1236 4352 illius
1250 4300 1469 4352 dicitur.
1484 4313 1664 4364 quum
1680 4300 1885 4352 habeat
1897 4307 2090 4367 poste-

490 4391 695 4445 riorem
719 4404 780 4443 se
804 4389 1120 4454 Benjamin,
1138 4389 1248 4441 nisi
1258 4390 1319 4441 in
1330 4389 1507 4455 patris
1520 4389 1936 4443 eruditionibus
1948 4392 2089 4444 ado-

489 4480 792 4534 lescentior
816 4479 1114 4532 sentiatur.
1127 4478 1213 4529 Ad
1226 4494 1323 4540 me,
1337 4478 1539 4543 inquit,
1557 4486 1824 4532 revertere.
1842 4483 1960 4533 Hoc
1973 4487 2080 4546 est,

2184 3305 2552 3359 manentibus
2576 3310 2917 3371 comparata.
2936 3308 3074 3369 Quae
3097 3307 3520 3359 benedictiones
3549 3312 3787 3361 mternze

2185 3398 2369 3458 erunt,
2406 3396 2610 3460 inquit,
2636 3397 2819 3460 Supra
2850 3401 3011 3460 caput
3034 3396 3248 3461 Joseph,
3272 3402 3318 3446 et
3352 3411 3512 3460 super
3535 3398 3786 3447 verticem

2186 3500 2371 3535 eorum
2395 3486 2589 3549 quibus
2606 3485 2828 3550 praefuit
2847 3484 3102 3548 fratrum.
3140 3487 3204 3537 In
3232 3484 3345 3537 fine
3366 3485 3529 3538 verbi
3553 3486 3787 3540 videtur

2187 3574 2611 3627 benedictiones
2646 3575 2719 3627 ad
2742 3587 2974 3627 omnem
2989 3574 3228 3628 fratrum
3248 3587 3554 3627 numerum
3573 3579 3787 3629 contu-

2186 3664 2343 3729 lisse,
2368 3669 2434 3716 ut
2461 3665 2844 3730 principaliter
2867 3664 3098 3728 quidem
3113 3665 3231 3716 sint
3249 3664 3676 3717 benedictiones
3692 3678 3787 3719 su-

2188 3766 2287 3818 per
2310 3755 2722 3819 caputJoseph,
2739 3766 2841 3820 par
2862 3754 3052 3819 ipsum
3068 3766 3204 3807 vero
3218 3753 3431 3819 Joseph
3441 3753 3614 3806 etiam
3630 3770 3786 3818 super

2186 3842 2315 3895 illos
2347 3845 2598 3908 veniant,
2623 3856 2870 3908 quorum
2896 3843 3019 3908 ipse
3038 3843 3159 3895 dux
3190 3843 3359 3896 fuerit
3404 3848 3463 3896 et
3484 3844 3783 3908 magister.

2249 3931 2302 3986 2.
2329 3934 2469 3986 Haec
2480 3933 2798 3986 secundum
2811 3933 3032 3985 literam
3055 3933 3366 3997 sensimus;
3382 3933 3535 3997 quod
3547 3933 3596 3986 si
3617 3934 3785 3987 volu-

2186 4035 2318 4074 mus
2343 4023 2515 4076 etiam
2535 4022 2711 4077 altius
2734 4025 2796 4075 in
2813 4023 2923 4076 hoc
2947 4022 3161 4087 aliquid
3186 4024 3548 4089 perscrutari,
3569 4025 3785 4089 poterit

2187 4112 2432 4167 fortasse
2473 4115 2688 4179 Joseph
2737 4114 2811 4166 ad
2840 4126 3145 4179 personam
3168 4114 3396 4167 Domini
3416 4114 3691 4179 revocari,
3717 4120 3787 4168 ut

2187 4204 3275 4270 quemadmodumJosephposteaQuam
3286 4208 3787 4270 putatusestmor-

2187 4300 2342 4358 tuus,
2366 4306 2485 4345 non
2511 4294 2698 4345 solum
2722 4293 2926 4346 vivens
2944 4334 2959 4359 ,
2986 4295 3087 4347 sed
3110 4295 3282 4347 etiam
3297 4294 3542 4359 inregno
3557 4294 3788 4359 positus

2183 4382 2490 4444 invenitur,
2545 4388 2604 4438 et
2656 4397 2755 4449 per
2778 4383 2887 4437 hoc
2914 4384 3121 4437 dicitur
3140 4384 3472 4449 ampliatus:
3502 4384 3584 4436 ita
3604 4384 3785 4437 etiam

2187 4475 2466 4528 Dominus
2490 4487 2556 4527 ac
2580 4476 2838 4528 Salvator
2860 4479 3075 4540 noster,
3101 4474 3200 4539 qui
3210 4474 3361 4540 apud
3380 4476 3617 4527 Judaeos
3631 4486 3784 4526 mor-

486 4574 760 4622 converte
771 4570 918 4633 (Ant.
937 4568 1286 4632 convertere]
1301 4568 1371 4619 ad
1386 4580 1476 4620 me
1487 4569 1706 4621 animos
1718 4572 1868 4635 tuos,
1886 4574 1949 4623 ut
1961 4572 2082 4623 dili-
2108 4546 2165 4620 D
2189 4570 2247 4619 tu
2256 4579 2325 4618 us
2348 4568 2673 4631 putabatur,
2692 4566 2753 4618 in
2767 4565 3034 4618 cordibus
3046 4564 3325 4617 Fidelium
3335 4570 3393 4617 et
3405 4566 3607 4619 vivens
3617 4565 3786 4617 inve-

493 4663 694 4723 genter
702 4663 886 4722 notes,
902 4662 961 4709 et
971 4657 1031 4709 in
1043 4656 1210 4709 corde
1223 4654 1351 4720 quae
1365 4657 1645 4722 dicuntur,
1660 4662 1921 4711 inscribas:
1937 4666 2091 4724 ιιι,ῐὶιὶ

494 4747 728 4811 Joseph,
751 4747 811 4796 in
837 4762 993 4810 quem
1020 4745 1360 4796 consiliantes
1384 4747 1786 4814 maledicebant,
1803 4757 1848 4800 et
1860 4752 2093 4803 intende-

494 4833 625 4886 bant
646 4835 739 4885 tibi
762 4836 992 4886 insidias
1019 4836 1230 4885 domini
1253 4853 1480 4887 arcuum
1507 4839 1652 4903 (Ibid.
1687 4838 1797 4903 4‘2.)
1826 4844 2094 4895 :ret‘ertur

491 4926 646 4979 enim
671 4928 728 4978 et
751 4926 858 4977 hoc
881 4938 916 4978 a
940 4925 1227 4990 Scriptura
1249 4933 1463 4992 sancta,
1483 4929 1637 4993 quod
1656 4929 1940 4983 habebant
1958 4945 2094 4984 con-

495 5014 685 5068 silium
707 5015 908 5068 fratres
933 5016 1021 5067 sui
1049 5014 1145 5068 illo
1168 5018 1225 5068 in
1249 5022 1515 5084 tempore,
1530 5020 1926 5073 utoceiderent
1939 5036 2093 5087 cum,

492 5105 594 5158 sed
610 5105 995 5159 interveniens
1006 5108 1039 5158 J
1042 5106 1185 5158 udas
1202 5110 1471 5173 repressit
1479 5108 1793 5171 parricidiale
1801 5115 2091 5166 consilium.

492 5194 653 5259 Quod
674 5199 870 5249 autem
895 5196 1057 5253 dixit,
1084 5197 1641 5259 Maledicebant,illud
1654 5199 1758 5259 est,
1772 5199 1924 5262 quod
1939 5201 2097 5255 dixe-

492 5290 630 5339 runt
665 5300 678 5337 :
703 5286 832 5335 Ecce
854 5288 1155 5337 somniator
1179 5288 1319 5337 venit
1342 5287 1630 5351 (Ibidem.).
1655 5290 1932 5343 Dominos
1958 5307 2094 5348 vero

491 5387 747 5438 arcuum,
766 5376 1068 5430 bellatores
1086 5378 1355 5442 designat
1370 5376 1550 5440 viros;
1568 5378 1719 5441 quod
1728 5386 2096 5433 autemdisso-

495 5464 616 5516 luta
632 5470 766 5517 sunt
781 5466 1026 5527 brachia,
1042 5472 1275 5519 etarcus
1290 5466 1534 5529 contriti,
1548 5465 1854 5522 trustatum
1865 5474 2097 5536 designat

495 5553 809 5619 inemptum
837 5568 937 5620 per
959 5567 1195 5607 manum
1220 5555 1470 5618 potentis
1493 5557 1689 5619 Jacob,
1719 5557 1827 5610 hoc
1855 5566 1958 5625 est,
1988 5565 2092 5616 Dei

490 5644 687 5696 Jacob.
720 5645 849 5694 Inde
878 5645 975 5709 qui
1000 5643 1323 5706 confortavit
1345 5643 1511 5696 Israel
1532 5661 1568 5696 α
1588 5646 1695 5697 Deo
1714 5651 1892 5713 patris
1922 5653 2021 5718 tui,
2047 5660 2093 5705 et

2189 4657 2345 4710 nitur
2360 4662 2688 4722 etregnans.
2714 4654 3036 4721 Ampliatus
3056 4661 3145 4708 est
3178 4668 3313 4721 ergo
3346 4656 3518 4709 etiam
3553 4660 3612 4709 et
3661 4656 3786 4708 Sal-

2190 4753 2354 4803 vator
2373 4752 2571 4802 noster
2589 4752 2720 4815 post
2742 4752 3000 4799 mortem.
3028 4750 3349 4811 Antequam
3373 4746 3524 4798 enim
3542 4759 3787 4798 morere-

2190 4849 2301 4906 tur,
2346 4844 2469 4896 sola
2498 4842 2619 4892 erat
2653 4839 2855 4891 Judzea
2877 4838 2936 4890 in
2960 4851 3073 4902 quo
3096 4844 3267 4890 notus
3291 4841 3412 4889 erat
3436 4838 3587 4888 Deus
3612 4836 3783 4899 (Psal.

2191 4932 2318 4997 75.),
2361 4939 2417 4986 et
2462 4933 2521 4985 in
2573 4932 2694 4985 solo
2737 4931 2909 4983 ISrael
2937 4944 3213 4996 magnum
3251 4934 3372 4980 erat
3391 4940 3599 4980 nomen
3627 4928 3784 4991 ejus:

2189 5030 2390 5090 postea
2411 5037 2545 5077 vero
2574 5038 2747 5089 quam
2767 5035 3031 5081 mortuus
3055 5035 3142 5082 est
3164 5042 3236 5083 ex
3257 5031 3604 5096 infirmitate,
3630 5040 3689 5088 et
3702 5050 3787 5089 re-

2193 5114 2444 5167 surrexit
2465 5127 2500 5166 a
2522 5118 2765 5169 mortuis
2791 5132 2865 5170 ex
2897 5120 3107 5174 virtute
3130 5120 3199 5186 (1.
3232 5122 3349 5172 Cor.
3379 5124 3463 5180 13.
3488 5129 3522 5189 ),
3546 5127 3607 5178 in
3630 5128 3789 5180 omni

2191 5208 2339 5256 terra
2361 5205 2592 5257 oilertur
2614 5206 2807 5259 hostia
2833 5209 3051 5261 nomini
3078 5212 3222 5275 ejus.
3247 5215 3356 5265 Sed
3380 5219 3438 5267 et
3463 5216 3682 5268 zelatus
3702 5217 3788 5269 di-

2194 5294 2341 5346 citur
2384 5296 2535 5347 (ilius
2561 5297 2691 5361 Dei;
2718 5305 2773 5350 et
2796 5300 2927 5363 quis
2958 5302 3038 5354 ita
3065 5304 3293 5367 pertulit
3316 5304 3545 5356 zelum?
3566 5306 3635 5357 de
3672 5319 3786 5374 quo

2193 5387 2366 5438 etiam
2404 5386 2679 5450 scriptum
2706 5395 2811 5449 est,
2830 5390 3034 5441 Sciebat
3075 5394 3221 5443 enim
3246 5394 3470 5459 Pilatus,
3510 5395 3654 5461 quod
3694 5412 3787 5461 per

2192 5476 2463 5526 invidiam
2478 5478 2823 5529 tradidissent
2838 5484 3147 5534 eumJudxi
3163 5486 3372 5547 (Matth.
3388 5484 3658 5551 ‘27;Marc.
3676 5485 3781 5548 15).

2194 5564 2369 5617 Filius
2392 5567 2804 5622 adolescentior
2824 5573 3140 5625 secundum
3164 5588 3410 5640 carnem,
3434 5578 3559 5641 ipse
3582 5581 3671 5628 est
3692 5589 3787 5627 no-

2195 5655 2472 5709 vissimus
2506 5658 2707 5713 Adam.
2739 5661 2884 5716 Illud
2909 5676 3044 5718 vero
3069 5665 3223 5730 quod
3244 5666 3306 5719 in
3328 5666 3785 5733 expositionem-

554 5783 587 5819 ι’
618 5780 923 5838 Redundat
948 5785 998 5834 et
1022 5782 1242 5848 vocula,
1267 5795 1440 5851 quam
1462 5798 1568 5840 nec
1591 5787 1820 5843 Gmcus
1845 5795 2056 5861 textus,
2083 5807 2191 5851 nec
2213 5796 2399 5852 Latini
2419 5799 2697 5856 Anctores
2736 5802 2832 5858 alii
2854 5808 3193 5871 agnoscunt.
