3898 6394
17 391 128 448 329
666 389 759 443 DE
792 388 1425 443 BENEDICTIONIBUS
1458 388 2076 444 PATRIARCHARUM
2113 392 2318 445 LIBER
2352 394 2734 448 SECUNDUS.
3244 393 3350 454 330

17 506 271 568 storica,
286 505 459 557 tertio
476 504 578 557 filii
593 504 1029 569 appellationem
1048 502 1429 568 signavimus,
1448 502 1646 567 repeti-
1673 509 1736 581 Α
1752 518 1880 557 mea
1901 506 2021 557 est:
2057 509 2115 557 et
2137 518 2239 570 pro
2270 517 2339 559 eo
2363 506 2518 571 quod
2543 506 2755 560 veritas
2787 510 2879 561 est
2919 508 3111 571 Filius,
3137 522 3255 564 non
3275 512 3352 565 sit

17 603 148 648 tam
160 595 358 646 multo
377 592 589 646 clarius
605 595 663 645 in
680 594 786 645 hac
797 605 868 645 ex
875 594 993 657 posi
1003 592 1155 645 tione
1167 592 1647 659 deprehendimus
1751 600 2143 652 inconsonans
2157 596 2203 647 si
2219 595 2374 647 dicat
2384 596 2547 649 Pater
2565 596 2779 649 veritas
2812 610 2942 651 mea
2952 604 3066 663 est;
3092 599 3239 654 itaet
3254 614 3354 668 per

20 690 28 750 ι
45 689 198 750 Ant,
208 683 711 750 deprehenditur].
732 685 831 735 Est
843 683 998 734 enim
1010 681 1162 733 filius
1175 685 1309 735 ante
1326 682 1558 747 sacula,
1582 682 1654 734 de
1752 685 2024 750 hocquod
2036 686 2190 737 Deus
2205 690 2294 737 est
2304 683 2421 753 44
2435 684 2612 738 Filius
2624 699 2741 739 non
2752 687 2986 740 videatu
2996 690 3355 746 rabsurdum

17 788 146 839 quo
180 774 411 826 dictum
433 778 525 826 est
548 787 585 826 a
622 775 802 835 Patre.
822 773 966 831 Quia
994 772 1057 821 de
1081 778 1258 821 ventre
1291 777 1416 821 ante
1440 772 1653 836 Lucife-
1754 777 1802 829 si
1827 776 1996 839 dicat,
2021 777 2179 827 Deus
2212 786 2379 825 meus
2410 775 2531 826 est:
2575 773 2727 827 sicut
2749 788 2852 827 nec
2874 776 3015 829 illud
3037 779 3359 834 absurdum

20 879 164 932 rum_
194 863 369 928 genui
417 868 462 912 le
488 862 658 927 {Psat.
706 861 869 925 106.).
905 863 976 913 Et
1000 860 1211 913 iterum
1252 860 1424 921 illius,
1463 874 1595 913 cum
1625 873 1656 914 e
1756 865 1982 927 dicitur,
2036 863 2191 928 quod
2236 862 2414 915 Filius
2446 863 2597 915 dicat
2640 863 2710 915 de
2735 865 2916 929 Patre,
2944 866 3085 926 Quia
3106 868 3246 919 vado
3284 870 3359 920 ad

28 954 220 1005 Maria
250 957 543 1009 natusest,
570 956 733 1017 etper
763 952 1047 1016 Angelum
1079 950 1288 1003 dicitur
1314 965 1326 1001 :
1361 950 1514 1010 Quod
1538 966 1660 1001 nas-
1756 955 1929 1005 Dcum
1955 966 2152 1013 meum,
2184 957 2231 1001 et
2254 952 2327 1001 ad
2349 952 2519 1001 Deum
2542 957 2791 1005 vestrum.
2816 954 2886 1003 Et
2909 953 3179 1006 benedixit
3204 960 3249 1008 te
3269 958 3360 1011 in-

24 1048 190 1093 cctur
224 1048 360 1092 exte
382 1046 652 1106 sanctum,
687 1040 962 1090 vocabitur
982 1040 1130 1103 [ilius
1156 1040 1251 1088 Dei
1285 1040 1428 1103 (Luc.
1456 1038 1481 1094 1
1508 1041 1545 1105 ).
1572 1041 1660 1094 Fit
1756 1044 1898 1109 quit,
1933 1042 2288 1092 benedictione
2310 1042 2420 1091 caeli
2442 1057 2479 1091 a
2514 1056 2747 1105 summo,
2772 1048 2818 1092 et
2839 1042 3362 1098 benedictioneterra

26 1136 244 1184 autem
260 1131 432 1183 tertio
454 1130 626 1190 illius,
640 1143 772 1181 enm
784 1129 1200 1194 primogenitus
1216 1130 1401 1192 surgit
1423 1142 1496 1181 ex
1510 1142 1661 1182 mor-
1761 1131 2003 1183 habentis
2012 1130 2202 1181 omnia
2225 1129 2360 1194 (Job.
2391 1129 2515 1194 14.).
2536 1131 3000 1185 Benedictionem
3020 1135 3145 1187 cali
3156 1147 3286 1190 esse
3302 1136 3364 1191 in

26 1221 176 1285 tuis,
196 1221 300 1273 cui
316 1221 516 1285 utique
528 1219 761 1285 pulchre
774 1223 1008 1283 paterna
1021 1231 1133 1271 vox
1145 1218 1413 1271 convenit
1437 1218 1657 1282 dicens,
1760 1221 1985 1274 Christo
2013 1232 2130 1273 non
2160 1220 2447 1273 videbitur
2460 1220 2893 1286 inconveniens,
2914 1223 3231 1278 secundum
3246 1224 3358 1279 hoc

26 1311 383 1361 Filiusmeus
395 1309 792 1373 adolescentior,
807 1308 881 1358 ad
897 1322 975 1358 me
986 1314 1238 1361 revertere
1254 1322 1266 1359 :
1282 1313 1659 1374 posteaquam
1760 1310 1914 1375 quod
1930 1309 2156 1372 dicitur,
2181 1308 2324 1369 Quia
2349 1308 2611 1360 secundus
2642 1310 2801 1361 homo
2825 1311 2887 1361 de
2921 1311 3043 1363 caelo
3076 1312 3285 1364 caelestis
3300 1315 3367 1379 (1.

29 1400 419 1453 resurrexita
448 1399 706 1463 mortuis,
731 1402 901 1450 etiam
926 1397 1000 1450 ad
1031 1411 1139 1463 me,
1169 1412 1205 1451 a
1228 1411 1343 1464 quo
1366 1398 1660 1465 profectus
1766 1400 1886 1453 Cor.
1919 1398 2044 1462 15.).
2071 1401 2244 1452 Terra
2286 1399 2308 1429 ι’
2341 1410 2495 1463 vero,
2532 1399 2687 1463 quod
2727 1400 2874 1453 dixit
2910 1401 3369 1457 benedictionem

32 1504 118 1554 es,
144 1491 219 1542 in
264 1490 477 1542 calum
519 1489 700 1541 victor
735 1488 1002 1541 ascende.
1040 1490 1104 1539 In
1134 1503 1291 1554 quem
1319 1488 1662 1539 consiliantes
1766 1488 2651 1555 terrahabentisomniapropter
2665 1490 3369 1546 benedictionemuberum

32 1580 254 1646 inquit,
274 1577 883 1640 maledicebant(Matth.
908 1577 1038 1642 26.):
1064 1578 1366 1632 consilium
1384 1576 1501 1645 43
1525 1593 1663 1627 nam-

36 1680 156 1732 que
190 1670 497 1732 caperant
518 1666 731 1718 Scriba
774 1670 834 1718 et
876 1664 1167 1726 Pharisai,
1212 1670 1278 1717 ut
1309 1667 1507 1717 Jesum
1532 1664 1664 1718 dolo

36 1761 323 1811 tenerent
348 1760 440 1808 :et
465 1755 883 1808 maledicebant
902 1759 1039 1807 tunc
1063 1754 1185 1807 sine
1209 1754 1401 1819 dubio,
1432 1767 1567 1807 cum
1590 1754 1668 1806 di-

1765 1583 1823 1631 et
1853 1578 2060 1642 vulva,
2073 1577 2212 1630 satis
2236 1578 2373 1630 mihi
2386 1578 2597 1631 mirum
2611 1578 2835 1631 videtur
2860 1583 2919 1632 et
2939 1592 3234 1645 magnum,
3256 1593 3372 1648 quo

1763 1667 1933 1720 modo
1964 1672 2114 1720 terra
2138 1665 2250 1731 illa,
2274 1679 2407 1732 qua
2428 1666 2490 1719 in
2519 1667 2659 1719 Filio
2687 1668 2789 1721 Dei
2814 1669 3113 1723 benedicta
3135 1675 3239 1736 cst,
3266 1672 3372 1727 lia-

1767 1758 1900 1809 beat
1938 1758 2145 1809 omnia.
2178 1757 2339 1820 Quod
2364 1756 2474 1809 hoc
2514 1756 2684 1810 modo
2717 1758 3156 1823 intelligendum
3193 1764 3370 1827 puto:

40 1850 281 1911 cebant,
311 1845 705 1897 Samaritanus
723 1844 1126 1909 es,damonium
1153 1843 1311 1895 habes
1327 1842 1657 1909 (Johan.8.).
1680 1832 1741 1905 B
1771 1847 2176 1911 Unusquisque
2200 1847 2522 1899 secundum
2538 1859 2868 1900 mensuram
2879 1848 3147 1903 ﬂdeisua
3172 1851 3372 1918 recipit

41 1937 307 1991 Insidias
329 1936 380 1989 ei
412 1934 628 1988 domini
667 1946 905 1987 arcuum
933 1933 1326 1998 intendebant,
1355 1938 1412 1986 et
1437 1929 1677 1987 contriti

45 2032 194 2081 sunt
218 2040 360 2079 cum
384 2025 638 2092 potentia
667 2038 834 2077 arcus
870 2036 1090 2088 eorum,
1130 2029 1186 2075 et
1221 2024 1495 2077 dissoluti
1536 2029 1675 2078 sunt

42 2116 219 2171 nervi
236 2115 605 2168 brachiorum
617 2126 897 2166 manuum
909 2126 1103 2166 eorum
1117 2113 1460 2165 Insidiantes
1480 2113 1677 2163 domini

45 2219 297 2260 arcuum
334 2205 416 2256 illi
451 2204 866 2269 intelliguntur,
893 2203 992 2268 qui
1023 2208 1399 2255 accesserunt
1428 2203 1501 2255 ad
1545 2216 1677 2256 eum

48 2298 207 2349 lictis
232 2294 742 2361 propositionibus,
776 2298 843 2346 ut
861 2305 994 2345 eum
1018 2296 1286 2357 caperent
1314 2293 1372 2345 in
1399 2294 1599 2354 verbo,
1622 2297 1680 2347 et

49 2388 339 2440 dixerunt
358 2385 433 2438 ad
460 2397 617 2437 eum:
640 2384 735 2434 Dic
761 2382 930 2449 nobis,
948 2382 1061 2433 licet
1078 2398 1297 2433 censum
1320 2383 1451 2433 dare
1477 2384 1677 2434 Caesari

52 2484 148 2527 aut
164 2492 286 2527 non
300 2476 490 2527 Matth.
512 2472 618 2539 22.)
636 2473 661 2523 3
676 2475 812 2526 Hac
827 2486 962 2538 ergo
972 2472 1051 2525 illi
1074 2470 1248 2526 'verba
1263 2472 1422 2526 velut
1433 2474 1674 2538 sagittas

50 2567 348 2633 quasdam
372 2566 443 2618 de
466 2577 607 2617 arcu
628 2564 742 2616 oris
766 2562 858 2615 sui
879 2566 1227 2627 prementes,
1265 2563 1581 2615 tendebant
1613 2564 1673 2615 in

51 2660 282 2720 Jesum,
306 2658 375 2707 ut
398 2653 447 2706 si
491 2653 753 2716 dixisset,
790 2652 928 2717 quia
962 2664 1080 2705 non
1115 2651 1244 2703 licet
1270 2651 1407 2704 dare
1431 2664 1674 2703 censum

56 2747 316 2810 Casari,,
329 2756 465 2797 reus
480 2742 691 2796 Casari
703 2742 858 2794 fieret
884 2755 897 2793 :
922 2741 970 2793 si
991 2753 1123 2794 vero
1136 2741 1286 2793 dand
1298 2755 1394 2793 um
1413 2742 1677 2805 dixisset,

53 2838 250 2903 legem
288 2834 515 2887 solvere
546 2832 852 2885 videretur.
903 2833 1047 2884 Cum
1093 2844 1226 2884 vero
1266 2831 1359 2884 ille
1394 2838 1676 2895 tanquam

54 2929 187 2993 ipsa
204 2926 307 2978 Dei
332 2922 626 2989 sapientia,
639 2921 897 2986 inspecta
909 2921 1392 2986 superscriptione
1422 2922 1679 3012 denariii,

58 3014 464 3081 respondisset
485 3010 731 3063 :Reddite
746 3016 996 3075 quassant
1011 3010 1235 3061 Caesaris
1253 3010 1455 3075 Cesari,
1492 3016 1539 3061 et
1562 3010 1682 3077 qua

60 3106 192 3157 suni
208 3104 309 3155 Dei
334 3103 439 3154 Deo
464 3116 479 3154 :
505 3100 749 3152 dissoluti
769 3104 897 3150 sunt
929 3100 1083 3150 nervi
1105 3099 1460 3151 brachiornm
1480 3116 1670 3151 eorum

1774 1936 2017 2001 gratiam
2046 1936 2297 2001 spiritus.
2322 1936 2435 1987 Atii
2480 1951 2719 2001 namque
2740 1938 3037 1989 secundum
3060 1954 3378 1992 mensuram

1773 2026 1920 2092 fidei,
1942 2026 2109 2076 datur
2126 2040 2298 2076 sermo
2331 2025 2709 2091 intelligentia,
2733 2027 2834 2079 alii
2869 2043 3040 2079 sermo
3087 2030 3377 2096 sapientiae,

1774 2114 1875 2165 alii
1897 2115 2198 2180 prophetia,
2220 2116 2323 2165 alii
2352 2116 2596 2166 discretio
2616 2117 2912 2182 spirituum
2934 2118 3036 2168 alii
3049 2133 3247 2183 genera
3281 2120 3382 2171 lin-

1776 2219 2017 2269 guarum
2038 2204 2199 2268 (ibid.
2238 2203 2363 2269 12.).
2397 2206 2539 2258 Hac
2567 2218 2667 2271 per
2709 2205 2971 2272 singulos
3003 2208 3251 2274 singula,
3281 2213 3384 2264 aut

1778 2293 1949 2347 simul
1966 2300 2089 2347 tum
2104 2294 2252 2359 bina,
2267 2294 2360 2348 vel
2373 2296 2531 2347 terna
2541 2295 2829 2349 invenies:
2844 2296 2906 2348 in
2920 2295 3014 2348 illa
3025 2302 3220 2350 autem
3233 2299 3382 2352 terra

1776 2383 1885 2437 hoc
1908 2384 2073 2437 estin
2094 2382 2190 2435 illa
2212 2396 2382 2436 carne
2410 2384 2616 2448 quain
2644 2386 2785 2436 Jesu
2808 2385 3112 2438 benedicta
3130 2390 3236 2450 est,
3261 2400 3382 2441 non

1777 2473 1966 2525 solum
1988 2477 2149 2525 erant
2171 2474 2359 2526 omnia
2375 2474 2516 2534 hac,
2548 2486 2754 2526 verum
2778 2478 2834 2527 et
2858 2474 3023 2539 plene
3034 2479 3093 2527 et
3116 2476 3383 2530 substan-

1778 2563 1982 2615 tialiter
2017 2562 2369 2624 habitabant,
2396 2564 2545 2615 sicut
2566 2566 2626 2616 et
2649 2562 2963 2628 Apostolus
2982 2563 3121 2616 dicit
3144 2578 3158 2616 :
3184 2566 3248 2616 In
3271 2580 3382 2631 quo

1778 2652 1833 2701 in
1845 2651 2054 2702 habitat
2063 2653 2242 2703 omnis
2249 2651 2531 2718 plenitudo
2544 2653 2766 2703 Deitatis
2775 2652 3144 2718 corporaliter.
3159 2654 3384 2720 Propter

1779 2748 2192 2804 benedictionem
2215 2740 2439 2791 uberum
2464 2740 2689 2792 etvulvae
2706 2740 2839 2805 (Col.
2851 2739 2944 2806 2.).
2962 2742 3086 2795 Hoc
3112 2747 3172 2797 et
3202 2751 3387 2808 'qua-

1779 2844 1913 2897 dam
1936 2838 2178 2893 refertur
2208 2833 2270 2885 in
2305 2830 2620 2896 Evangelia
2663 2831 3067 2896 proclamasse,
3113 2832 3239 2886 sine
3277 2833 3388 2888 du-

1781 2932 1874 2986 bio
1907 2932 2114 2983 horum
2140 2935 2381 2986 memor,
2424 2924 2481 2973 et
2524 2920 2765 2985 dixisse,
2794 2921 2992 2972 Beatus
3009 2926 3191 2971 venter
3213 2922 3313 2987 qui
3337 2926 3387 2985 te

1776 3019 2032 3089 portavit,
2056 3022 2102 3067 et
2119 3013 2286 3064 ubera
2307 3026 2425 3077 quae
2445 3009 2644 3060 sumisti
2662 3009 2805 3074 (Luc.
2835 3008 2963 3073 ιω.
2977 3007 3137 3070 illud,
3153 3010 3386 3076 Propter

1767 3108 2200 3168 benedictionem,
2222 3100 2425 3165 inquit,
2446 3097 2623 3164 patris
2646 3097 2729 3147 tui
2749 3101 2794 3148 et
2820 3096 3017 3148 matris
3041 3103 3142 3148 tua
3165 3112 3179 3151 :
3203 3098 3389 3153 Patris

60 3211 158 3263 per
180 3208 417 3244 manum
436 3177 668 3258 potentis
688 3189 868 3242 Jacob.
907 3190 1104 3243 Potest
1126 3194 1185 3242 et
1214 3189 1353 3242 illud
1381 3196 1666 3243 certamen
1694 3206 1744 3286 ρ
1768 3197 2034 3256 calestiS,
2047 3194 2145 3259 qui
2158 3190 2319 3244 dedit
2340 3186 2817 3250 benedictionem,
2832 3188 3101 3239 etmatris
3115 3186 3380 3253 virginis,

64 3288 196 3352 ejus
212 3283 454 3348 intelligi
477 3280 632 3347 quod
647 3280 918 3334 habuitin
930 3280 1177 3340 deserto,
1203 3293 1335 3333 cum
1352 3284 1669 3335 tentaretur
1701 3274 1743 3286 ν
1779 3301 1912 3357 qua
1937 3282 2207 3349 suscepit.
2231 3276 2518 3347 praevaluit
2542 3276 2604 3326 in
2631 3274 3087 3328 benedictionibus
3110 3277 3383 3328 montium

64 3389 100 3429 a
120 3366 351 3428 diabolo
375 3370 706 3425 intendente
716 3370 769 3423 ei
793 3370 1035 3435 sagittas
1047 3368 1331 3422 malarum
1356 3372 1674 3435 suggestio-

63 3478 230 3529 num,
261 3474 408 3529 quas
427 3461 523 3515 ille
543 3460 836 3527 responsis
860 3459 982 3513 suis
1003 3460 1315 3524 depellens,
1346 3460 1578 3513 brachia
1589 3473 1676 3514 eo-

67 3568 216 3619 rum,
239 3553 340 3619 qui
374 3564 473 3605 eas
493 3536 872 3614 intentabant,
907 3550 1158 3610 resolvit,
1189 3554 1248 3603 et
1272 3562 1502 3604 nervos.
1526 3551 1676 3613 Inde,

69 3647 167 3713 qui
188 3642 514 3707 confortavit
536 3641 708 3691 Israel
719 3656 755 3691 a
777 3640 884 3691 Deo
896 3638 1072 3705 patris
1096 3639 1177 3689 tui
1198 3644 1243 3690 et
1254 3637 1465 3705 adjuvit
1492 3644 1537 3689 te
1560 3639 1680 3693 Ad-

64 3740 229 3803 jutus
259 3744 515 3799 namque
540 3744 577 3784 a
606 3732 721 3783 Deo
746 3729 1070 3783 secundum
1104 3738 1122 3759 ·
1150 3728 1445 3783 hominem
1470 3730 1679 3785 dicitur

72 3828 246 3880 etiam
256 3823 517 3878 Salvator
534 3837 548 3875 :
561 3821 810 3885 denique
824 3824 882 3874 et
896 3820 1174 3886 scriptum
1189 3825 1280 3873 est
1295 3821 1355 3873 in
1369 3821 1678 3888 Evangelia

76 3918 210 3970 Cum
226 3914 544 3966 inoratione
564 3908 847 3963 desudaret
869 3948 887 3976 ,
912 3915 1159 3965 accedens
1194 3910 1394 3976 inquit,
1420 3912 1677 3979 Angelus,

74 4004 407 4070 confortabat
422 4020 546 4055 eum
560 4006 701 4070 (Luc.
714 4002 844 4069 22.).
862 4005 1068 4058 Durior
1081 4005 1192 4057 hoc
1213 4004 1274 4055 in
1291 4001 1416 4073 loco
1436 4002 1680 4056 fortasse

77 4096 341 4150 videatur
360 4094 660 4161 expositio,
673 4095 827 4159 quod
842 4095 998 4147 velut
1011 4107 1085 4147 ex
1099 4106 1344 4160 persona
1369 4093 1550 4145 Patris
1569 4091 1682 4148 dici

79 4185 519 4254 designabamus
530 4185 602 4237 ad
614 4185 821 4236 Filium
833 4196 967 4249 qua
978 4186 1240 4250 superius
1253 4184 1405 4237 dicta
1417 4188 1681 4241 sunt.Hic

78 4283 266 4333 autem
290 4277 560 4342 scriptum
582 4279 690 4339 est,
714 4274 783 4325 Et
806 4275 1014 4340 adjuvit
1047 4280 1091 4324 te
1114 4276 1254 4325 Deus
1275 4290 1438 4340 meus,
1458 4282 1503 4327 et
1531 4277 1683 4329 bene-

81 4370 218 4419 dixit
247 4372 325 4418 te:
370 4365 658 4430 quomodo
681 4365 791 4418 hoc
820 4364 1126 4418 conveniat
1169 4378 1432 4430 persona
1458 4368 1680 4420 Patris?

84 4458 192 4511 Sed
211 4455 507 4510 videamus
530 4467 602 4507 ne
625 4454 786 4519 forte,
809 4455 959 4507 sicut
980 4453 1120 4506 nihil
1135 4455 1421 4520 obturbat,
1445 4456 1493 4508 si
1523 4457 1676 4510 dicat

86 4550 155 4603 de
178 4548 315 4600 Filio
337 4548 516 4610 Pater,
543 4558 643 4611 pro
666 4558 734 4599 eo
758 4545 912 4611 quod
939 4544 1215 4611 sapientia
1241 4550 1328 4599 est
1346 4544 1516 4613 illius,
1537 4548 1671 4613 quia

90 4638 359 4707 sapientia
381 4648 510 4690 mea
531 4641 653 4689 est:
672 4637 728 4689 et
749 4648 850 4701 pro
866 4647 932 4688 eo
957 4635 1112 4701 quod
1162 4636 1346 4689 virtus
1367 4639 1455 4689 est
1492 4637 1668 4689 Filius

91 4742 206 4785 non
236 4727 313 4781 sit
333 4725 651 4780 absurdum
668 4724 717 4778 si
741 4725 893 4777 dicat
909 4724 982 4779 de
1008 4738 1076 4779 eo
1101 4727 1282 4791 Pater,
1314 4726 1449 4791 quia
1493 4726 1679 4780 virtus

152 4910 169 4934 ι
190 4900 435 4954 Ineditus
450 4897 605 4964 apud
631 4909 739 4950 nos
761 4898 979 4950 Auctor
1010 4897 1184 4950 toties
1212 4897 1502 4960 laudatus,
1530 4898 1683 4959 Quod

91 4974 356 5039 enim,ait,
379 4973 488 5037 ipse
521 4970 844 5021 humanitus
872 4974 919 5019 et
962 4969 1130 5034 paulo
1168 4971 1353 5019 minus
1375 4970 1441 5020 ab
1464 4971 1684 5035 Angelis

94 5050 238 5098 mino
246 5050 410 5105 ratus,
422 5058 553 5105 non,
567 5041 726 5091 modo
739 5042 988 5101 Paterno,
1000 5041 1090 5091 sed
1100 5046 1147 5090 et
1157 5042 1229 5091 ad
1222 5040 1429 5105 jutorio
1442 5044 1682 5107 indiguit

94 5124 131 5172 Α
143 5118 334 5183 ngelioo
344 5120 562 5181 prepler
573 5113 826 5173 videlicet,
841 5112 1307 5177 mamfestandam
1320 5115 1595 5178 geminam
1620 5116 1682 5165 in

94 5210 141 5244 se
162 5188 524 5243 substantiam.
548 5185 681 5236 Inde
703 5190 772 5234 est
793 5185 938 5234 enim
959 5184 1105 5249 quod
1117 5184 1332 5249 clamat,
1352 5186 1502 5237 Deus
1528 5188 1684 5239 Deus

99 5275 273 5324 meus,
297 5257 507 5323 utquid
529 5255 1004 5319 dereliquistime.
1017 5255 1083 5305 Et
1098 5256 1157 5305 in
1168 5256 1481 5321 Evangelia,
1496 5260 1680 5324 Appa-

100 5338 203 5389 ruit
225 5334 274 5387 ei
303 5330 553 5396 Angelus
575 5327 646 5381 de
657 5326 797 5380 calo
817 5326 1147 5380 confortans
1168 5342 1318 5393 eum,
1345 5334 1451 5381 etc.

157 5407 178 5439 ι
212 5400 651 5458 Rescribendum
686 5398 913 5452 videtur
940 5399 1123 5459 Terrae,
1154 5405 1220 5452 ut
1264 5400 1680 5466 subintelligas,

110 5481 265 5530 Terrae
287 5490 401 5526 vero
445 5472 858 5523 benedictionem
872 5472 935 5521 in
962 5471 1173 5523 Christo
1188 5488 1373 5536 esse,...
1394 5475 1525 5524 satis
1543 5475 1684 5524 mihi

107 5554 296 5601 mirum
320 5548 523 5597 vidrtur
544 5550 591 5594 et
612 5558 895 5608 magnum,
914 5546 1021 5595 etc.

161 5637 178 5658 ο
201 5620 400 5675 Eodem
430 5616 598 5670 refert
620 5618 671 5669 S.
701 5615 1057 5679 Ambrosius,
1083 5628 1258 5680 quem
1289 5617 1399 5670 hac
1421 5618 1588 5669 etiam
1614 5616 1686 5671 de

111 5705 298 5747 caussa
322 5688 583 5753 laudabo,
601 5691 665 5740 ut
687 5699 722 5740 a
736 5687 946 5740 mendo
958 5686 1228 5752 relevem,
1243 5689 1303 5740 in
1315 5701 1430 5753 quo
1443 5690 1610 5741 etiam
1626 5688 1688 5741 in

112 5778 310 5834 nupera
345 5762 840 5834 Benedictinorum
875 5760 1121 5814 editione
1158 5762 1357 5834 cubat.
1386 5763 1571 5815 Locus
1607 5762 1685 5815 ita

111 5832 281 5894 habet.
323 5834 511 5889 Maria
538 5833 667 5885 dicit
716 5832 883 5885 ubera
926 5848 1037 5901 qua
1058 5848 1175 5887 vere
1197 5832 1469 5887 benedicta
1510 5839 1685 5904 erant,

372 5951 633 6013 PATROL.
672 5947 837 6006 XXI.

1770 3373 2228 3445 permanentium.
2253 3370 2411 3433 Hac,
2435 3364 2642 3431 inquit,
2655 3365 2977 3419 benedictio
2989 3377 3124 3431 qua
3139 3365 3240 3419 tibi
3249 3365 3384 3421 data

1774 3470 1863 3522 est
1871 3479 1907 3520 a
1917 3474 2148 3518 summo
2161 3458 2303 3514 calo
2315 3461 2373 3511 et
2388 3461 2557 3518 terra,
2571 3455 2876 3521 praevaluit
2887 3454 3383 3511 benedictionibus

1775 3553 2057 3610 montium
2074 3545 2556 3618 permanendum,
2572 3546 2630 3598 et
2643 3543 3141 3599 benedictionibus
3154 3543 3384 3599 collium

1778 3649 2139 3701 atomorum.
2168 3640 2390 3692 Montes
2401 3639 2805 3703 permanentes
2834 3634 2935 3700 qui
2955 3637 3165 3689 erunt?
3187 3633 3294 3688 nisi
3303 3632 3385 3689 illi

1778 3735 1852 3789 ad
1868 3746 2017 3799 quos
2028 3731 2166 3784 dicit
2176 3731 2352 3782 Jesus
2371 3727 2469 3779 Vos
2477 3726 2598 3777 estis
2609 3726 2705 3791 qui
2712 3724 3087 3791 permansistis
3096 3739 3306 3777 mecum
3316 3725 3380 3777 in
3464 3722 3469 3731 ’

1780 3820 2161 3876 tentationibus
2171 3816 2440 3883 meis(lbid
2461 3813 2588 3880 22.).
2602 3816 2775 3867 Recte
2785 3825 2919 3879 ergo
2930 3818 3158 3867 montes
3166 3825 3384 3880 perma-

1779 3918 1986 3970 nentes
1997 3911 2268 3964 dicuntur
2277 3905 2535 3972 Apostoli
2546 3904 2681 3970 quia
2690 3904 3382 3970 permanseruntusqueln

1780 4006 1975 4068 tinem,
1999 4003 2054 4054 et
2064 3998 2174 4066 ipsi
2190 3996 2335 4050 salvi
2351 3997 2535 4049 erunt.
2560 3992 2671 4046 Sed
2686 3998 2745 4046 et
2762 3992 2939 4045 colles
2967 3997 3384 4059 aternos,quos

1781 4094 1922 4149 alios
1946 4089 2063 4161 45
2090 4085 2482 4153 intelligimus,
2505 4082 2617 4135 nisi
2639 4095 2740 4137 eos
2754 4082 2853 4147 qui
2882 4082 3137 4135 secundo
3159 4081 3381 4149 ‘gradu

1781 4184 2188 4252 Apostolorum
2238 4177 2458 4230 meritis
2518 4173 2902 4239 conferuntur,
2948 4178 3009 4227 et
3048 4173 3149 4239 qui
3197 4174 3377 4228 vitam

1778 4276 2204 4340 csnsequentur
2235 4274 2511 4323 aeternam
2528 4269 2553 4317 P
2581 4265 2759 4318 Multo
2782 4276 3032 4329 namque
3055 4264 3247 4318 verius
3260 4265 3379 4332 isti,

1776 4379 1951 4434 quam
1974 4364 2200 4418 montes
2235 4361 2294 4413 et
2321 4356 2512 4422 colles,
2538 4355 2795 4421 quicum
2816 4355 3033 4408 mundo
3055 4354 3265 4420 pariter
3285 4355 3376 4410 in-

1773 4463 2015 4521 tereunt,
2055 4465 2184 4508 esse
2215 4449 2518 4503 credentur
2540 4445 2759 4500 aterni.
2788 4446 2895 4498 Ha
2947 4449 3143 4498 autem
3165 4458 3371 4501 omnes

1773 4549 2204 4609 benedictiones
2227 4544 2396 4595 erunt
2418 4551 2593 4603 super
2633 4540 2806 4602 caput
2850 4534 3080 4601 Joseph,
3117 4537 3177 4588 et
3198 4549 3375 4602 super

1774 4644 2050 4700 verticem
2061 4644 2258 4691 eorum
2271 4630 2482 4696 quibus
2493 4626 2723 4693 prafuit
2744 4624 3000 4678 fratrum.
3032 4628 3375 4689 Competenter

1778 4745 1982 4789 omnes
2002 4731 2133 4783 ista
2146 4719 2570 4778 benedictiones
2581 4728 2689 4782 sup
2696 4728 2753 4768 ra
2763 4717 2935 4781 caput
2945 4715 3154 4771 Christi
3167 4718 3373 4784 posita

1780 4903 1974 4972 quibus
1996 4903 2183 4972 sancte
2215 4896 2397 4972 νεναο.
2422 4888 2622 4972 ρρριιέο
2651 4887 2884 4972 (arrige
2907 4887 3128 4972 ,ηουξιιολ
3151 4889 3377 4972 Dorici

1779 4961 1966 5043 ῥοιυτη
1988 4972 2136 5023 lactis
2153 4966 2436 5018 immulsit.
2457 4963 2605 5043 unde
2620 4968 2665 5012 et
2682 4961 2778 5043 illa
2801 4961 3375 5043 mulierinﬂvangelio

1780 5033 1876 5110 ait,
1903 5049 2112 5099 Beatus
2150 5044 2362 5098 venter,
2396 5033 3011 5110 qui_te_portavit,__et_
3028 5033 3207 5087 ubera
3241 5045 3376 5110 qua

1783 5104 2011 5173 suxisti.
2032 5114 2182 5174 Quod
2197 5115 2375 5161 autem
2387 5109 2485 5157 ait:
2505 5106 2710 5157 Vulva
2732 5104 3189 5157 benedictionem
3198 5107 3379 5171 patris

1782 5192 1887 5247 tui.
1914 5192 1971 5241 et
1992 5184 2208 5245 matris,
2234 5182 2281 5232 si
2316 5179 2529 5229 vulvam
2573 5177 2761 5227 Maria
2801 5175 3025 5247 velimus
3066 5176 3377 5247 intelligere,

1781 5278 1881 5314 cur
1895 5265 2182 5322 utramque
2192 5251 2606 5302 benedictionem
2617 5262 2716 5296 con
2712 5248 2955 5322 Jungerit
2974 5246 3149 5322 latebit
3160 5263 3374 5301 caussa.

1786 5334 1888 5387 Sed
1907 5319 2191 5399 pulchrius
2214 5323 2465 5385 arbitror,
2500 5325 2557 5369 ut
2580 5319 2875 5399 secundum
2908 5319 3150 5399 spiritale
3176 5326 3379 5399 ,θηριο-

1783 5387 2001 5456 riumin
2011 5400 2307 5464 telligamus
2318 5399 2605 5457 utramque
2615 5387 2858 5464 generati
2869 5403 3015 5439 mem
3027 5388 3379 5464 DominiJesu

1784 5461 2135 5529 etsecundum
2146 5471 2205 5519 di
2213 5470 2259 5517 vi
2267 5468 2485 5516 nitatem
2497 5469 2540 5512 et
2552 5461 2845 5512 secundum
2870 5476 3090 5511 carnem
3103 5463 3219 5527 qui,
3232 5470 3373 5528 ante,

1783 5548 1975 5600 saecula
2009 5551 2079 5596 est
2102 5544 2381 5609 generatus
2403 5552 2470 5586 ea:
2492 5537 2668 5609 Pa're,
2694 5538 2804 5609 etc.

1848 5620 1870 5651 ει
1881 5603 2410 5671 Βυᾱυωίευᾱδιυε
2426 5612 2635 5660 Auctor
2645 5605 2891 5657 ineditus
2906 5603 3054 5670 apud
3067 5618 3192 5666 nos,
3218 5607 3383 5662 Colles

1785 5692 1880 5751 ait,
1893 5689 2065 5741 sancti
2076 5686 2454 5750 intelliguntur
2475 5681 2535 5729 in
2545 5677 2771 5751 Ecclesia
2792 5678 3075 5751 constituti
3093 5678 3191 5745 qui
3206 5695 3382 5745 quan-

1786 5750 1955 5832 quam
1971 5759 2158 5812 merito
2171 5760 2433 5832 virtutum
2439 5750 2755 5832 praecellant,
2771 5753 2949 5832 tamen
2959 5763 3027 5800 ea:
3042 5750 3381 5808 devotissima

1791 5822 2096 5890 humilitate
2126 5828 2276 5885 colles
2296 5840 2347 5882 se
2368 5840 2471 5880 me
2494 5822 2874 5890 meminerunt,
2899 5824 3009 5877 etc.

3023 5935 3088 5997 11
