3898 6404
518 370 615 426 331

1544 374 1786 426 RUFINI
1818 373 2309 436 AQUILEIENSIS
2343 373 2779 426 PRESBYTERI

3714 373 3816 430 332

519 486 808 550 dicuntur,
837 496 873 537 a
893 484 1058 550 cujus
1090 484 1275 550 capite
1299 486 1531 539 veniant
1552 488 1720 539 etiam
1735 487 1803 539 ad
1831 488 2105 540 verticem
2130 488 2185 563 Α
2212 489 2363 541 enim
2388 493 2518 553 post
2537 488 3006 539 resurrectionem
3023 497 3225 538 omnes
3254 487 3353 551 qui
3373 488 3767 552 profectisunt
3787 503 3819 542 a

520 586 739 635 eorum,
795 572 1005 637 quibus
1035 572 1153 636 ipse
1201 579 1427 636 praeest.
1457 576 1569 626 Nec
1617 574 1727 626 alia
1760 588 1969 627 caussa
2000 581 2107 635 est,

520 662 675 727 quod
693 674 890 712 omnes
908 662 1047 713 istas
1064 662 1490 715 benedictiones
1504 666 1563 716 in
1580 678 1746 717 carne
1762 670 1935 717 natus
1951 679 2113 717 acce-

522 753 621 818 pit,
642 752 752 803 nisi
776 756 842 803 ut
862 752 1031 802 easin
1057 753 1449 816 semetipsum,
1483 754 1643 805 velut
1679 768 1779 819 per
1818 756 2109 807 traducem

521 841 804 905 quandam
818 852 852 890 a
863 842 1023 892 Patre
1034 840 1139 892 ditl‘
1140 854 1292 903 usas,
1307 842 1321 891 i
1328 855 1427 906 pse
1440 856 1671 895 rursum
1689 842 1874 895 transf
1876 845 2111 897 underet

517 932 588 984 ad
605 932 917 991 credentes,
944 935 1002 981 et
1015 930 1295 983 mediator
1312 933 1411 985 Dei
1427 938 1523 997 atq
1532 948 1599 985 ue
1632 934 1929 986 hominum
1945 934 2111 985 eil‘ec-

519 1024 629 1083 tus,
645 1020 1089 1084 benedictiones,
1102 1034 1249 1084 quas
1266 1035 1366 1086 pro
1379 1023 1709 1075 infirmitate
1723 1026 1810 1075 sui
1822 1026 2109 1088 suscipere

512 1112 633 1175 jam
648 1110 904 1162 humana
926 1115 1131 1161 natura
1147 1116 1386 1175 poterat,
1412 1113 1534 1177 ipso
1550 1114 1836 1165 mediante
1853 1118 1909 1165 et
1924 1114 2112 1178 prtuli-

515 1202 688 1252 bante
705 1212 804 1251 eas
822 1212 889 1251 ac
913 1199 1369 1265 transfundente,
1390 1203 1717 1268 susciperet,
1756 1205 1903 1255 sicut
1919 1204 2109 1269 etipse

518 1290 682 1352 dixit,
707 1289 846 1348 Quia
871 1304 962 1353 ego
985 1292 1256 1353 sancti/ica
1280 1305 1363 1339 me
1376 1307 1476 1355 pro
1507 1291 1593 1339 his
1620 1292 1797 1355 (Joan.
1835 1292 1961 1356 17.).

579 1377 631 1433 3.
664 1380 795 1431 Jam
818 1391 953 1429 vero
967 1377 1077 1441 ille,
1108 1378 1204 1441 qui
1234 1380 1401 1431 nobis
1436 1380 1600 1432 tertio
1623 1380 1747 1432 loco
1769 1394 1868 1446 per
1894 1381 2109 1446 gradus

516 1467 1137 1534 spiritualesreparalus
1150 1467 1322 1520 homo
1334 1481 1521 1533 usque
1532 1470 1601 1520 ad
1616 1471 1647 1521 J
1653 1467 1832 1535 osep‘h
1842 1477 2109 1533 augmenta

513 1571 601 1609 am
610 1556 891 1621 pliticatus
913 1555 1197 1609 ascendit:
1218 1557 1316 1621 qui
1330 1570 1433 1623 per
1446 1558 1581 1611 ﬁdei
1599 1560 1915 1624 profectum
1934 1563 1988 1612 et
2008 1572 2108 1625 per

515 1646 707 1700 Sancti
730 1646 971 1711 Spiritus
992 1644 1142 1698 dona
1163 1645 1223 1698 in
1240 1651 1462 1700 tantum
1478 1648 1732 1708 emicuit,
1752 1651 1817 1701 ut
1832 1662 2018 1713 usque
2034 1649 2106 1702 ad

514 1736 788 1789 invidiam
800 1737 1078 1787 cresceret
1095 1749 1107 1787 :
1128 1735 1337 1801 quibus
1348 1749 1383 1789 a
1397 1738 1562 1789 nobis
1575 1738 1857 1791 dictorum
1870 1740 2107 1791 ﬂoribus

516 1827 886 1889 coronabitur,
931 1827 1042 1890 cui,
1086 1831 1204 1877 tam
1241 1827 1392 1879 bono
1433 1827 1743 1880 certamine
1797 1828 2103 1892 decertata,

515 1929 690 1968 cursu
713 1914 1258 1978 consummato,ilde
1276 1922 1522 1979 servata,
1545 1918 1853 1982 repositam
1861 1918 2106 1982 justitite

516 2018 786 2057 coronam
805 2007 958 2057 Deus
986 2006 1178 2073 justus
1210 2012 1493 2070 praeparat
1514 2007 1696 2071 judex
1720 2006 1793 2070 (2.
1837 2008 1967 2059 Tim.
1995 2009 2063 2071 4.)
2084 2013 2109 2060 ξ’

516 2098 597 2147 Dc
614 2095 721 2145 hoc
736 2108 870 2157 ergo
886 2094 1022 2145 dicit
1037 2099 1214 2158 pater,
1230 2096 1403 2144 Filius
1419 2096 1714 2160 ampliatus
1729 2096 1943 2161 Joseph,
1961 2098 2041 2159 ﬁli
2050 2114 2108 2147 us

514 2184 833 2247 ampliatus.
860 2186 929 2234 Et
945 2185 1076 2247 quis
1099 2183 1180 2235 ita
1205 2184 1515 2248 ampliatus
1534 2189 1643 2249 est,
1662 2191 1726 2237 ut
1744 2186 1833 2236 hic
1864 2187 1964 2249 qui
1982 2188 2111 2249 post

514 2287 732 2325 errores
743 2278 798 2323 et
818 2274 1012 2337 lapsus
1030 2286 1128 2336 per
1146 2273 1405 2337 singulos
1420 2274 1699 2326 virtutum
1718 2276 1931 2337 gradus
1949 2288 2109 2339 repa-

512 2366 673 2414 ratus
692 2367 798 2425 est,
811 2375 877 2413 ac
900 2363 1220 2425 restitutus,
1238 2368 1300 2414 ut
1317 2365 1582 2425 usquead
1603 2377 1891 2415 summam
1911 2377 2110 2429 perve-

515 2456 663 2506 nerit
679 2452 926 2515 palmam
937 2454 962 2501 ‘I
978 2450 1086 2502 Sed
1106 2454 1239 2514 quia
1251 2454 1527 2516 paulatim
1540 2455 1893 2516 conscendit,
1908 2455 2034 2506 ideo
2050 2454 2110 2505 in

516 2540 761 2605 singulis
772 2541 978 2592 dicitur
988 2541 1315 2604 ampliatus.
1328 2544 1649 2605 Ampliatus
1662 2556 1911 2608 namque
1926 2545 2109 2608 primo

518 2631 780 2684 omnium
818 2642 915 2693 per
938 2630 1362 2682 confessionem
1384 2644 1512 2683 esse
1548 2634 1723 2697 coepit
1750 2634 1813 2684 in
1849 2633 2019 2697 Juda,
2052 2638 2110 2685 et

518 2722 726 2772 iterum
750 2732 882 2771 cum
906 2723 1191 2771 nocturna
1212 2732 1382 2783 opera
1403 2720 1676 2784 abjiceret
1706 2724 2095 2783 tenebrarum,

517 2810 825 2873 ampliatus
849 2813 941 2861 est
981 2809 1043 2861 in
1078 2808 1364 2861 Zabulon:
1408 2815 1466 2861 et
1510 2824 1741 2863 rursum
1784 2811 1846 2864 ln
1882 2813 2112 2865 Isachar

518 2899 827 2963 ampliatus
864 2903 955 2951 est
976 2912 1111 2951 cum
1155 2912 1377 2951 merces
1411 2901 1536 2964 ejus
1571 2902 1757 2964 operis
1786 2904 2107 2966 augeretur.

516 2988 841 3053 Ampliatus
854 2993 941 3040 est
956 2989 1017 3040 in
1034 2991 1173 3053 Dan,
1192 3002 1326 3041 cum
1338 2994 1558 3041 rectum
1569 2990 1851 3055 judicium
1871 2993 2110 3058 propriis

516 3091 585 3131 ac
608 3078 798 3143 pravis
819 3078 1263 3143 cogitationibus
1279 3078 1587 3143 praeferret.
1608 3079 1932 3145 Ampliatus
1949 3086 2040 3133 est
2054 3086 2112 3134 et

2210 579 2364 629 Deo:
2415 577 2597 629 sedet
2642 580 2862 627 sanctae
2909 575 3216 639 Scripturte
3263 577 3552 628 sententia
3604 579 3818 640 est,1t’e

2211 668 2515 716 laudaveris
2544 680 2870 729 quemquam
2892 670 3015 713 ante
3034 664 3231 713 obitum
3252 665 3408 725 (Eccl.
3436 666 3566 729 11,),
3595 668 3669 718 Et
3690 667 3817 720 ideo

2208 757 2393 819 magis
2408 756 2541 806 mihi
2560 755 2789 807 videtur
2810 759 2969 805 tanta
2986 754 3097 805 ista
3113 754 3402 806 beatitudo
3413 768 3533 807 non
3550 770 3685 808 esse
3709 758 3817 809 nisi

2209 846 2333 908 ejus
2360 845 2459 907 qui
2478 846 2599 908 jam
2641 848 2771 908 post
2813 844 3033 895 obitum
3074 844 3321 896 surrexit
3358 856 3393 895 a
3416 848 3625 896 morte.
3653 846 3813 907 Quod

2207 938 2401 986 autem
2419 934 2571 996 dicit,
2593 935 2658 983 In
2683 948 2839 997 quem
2869 933 3211 982 consiliantes
3233 933 3622 984 maledicebant
3652 955 3664 983 :
3700 949 3817 988 non

2207 1024 2571 1084 maledicunt,
2593 1023 2691 1074 sed
2720 1022 3123 1085 maledicebant,
3150 1026 3287 1073 tunc
3310 1034 3488 1085 quum
3513 1023 3574 1097 in
3602 1026 3818 1076 saecula

2207 1112 2390 1164 hocin
2424 1125 2592 1163 carne
2614 1113 2832 1172 positus
2858 1111 3176 1162 tentareris.
3214 1112 3282 1160 Et
3302 1112 3655 1163 intendebant
3679 1114 3817 1162 insi-

2208 1202 2327 1250 dias
2356 1201 2565 1249 domini
2588 1214 2818 1248 arcuum
2843 1198 3009 1262 (Psal.
3048 1198 3169 1259 10.).
3202 1198 3286 1249 Illi
3309 1198 3580 1252 nimirum
3626 1202 3729 1265 qui
3760 1216 3816 1253 se

2207 1290 2349 1342 dent
2371 1290 2431 1341 in
2447 1290 2685 1351 insidiis,
2709 1292 2772 1339 ut
2791 1289 3063 1352 sagittent
3085 1288 3145 1340 in
3159 1289 3401 1341 obscuro
3412 1294 3606 1342 rectos
3623 1292 3814 1344 corde.

2208 1380 2317 1432 Sed
2337 1380 2555 1429 contriti
2590 1382 2717 1428 sunt
2745 1393 2865 1427 cum
2888 1378 3126 1442 potentia
3168 1393 3327 1428 arcus
3350 1394 3535 1429 eorum
3566 1395 3697 1431 cum
3720 1396 3817 1446 po-

2208 1470 2374 1517 tentia
2393 1468 2573 1519 Jacob.
2592 1466 2842 1519 Conterit
2865 1480 3032 1518 arcus
3056 1467 3417 1520 inimicorum
3432 1468 3546 1532 ille,
3564 1470 3674 1534 qui
3699 1483 3816 1523 non

2207 1559 2397 1611 solum
2434 1556 2609 1609 ullam
2625 1557 2685 1608 in
2710 1570 2771 1608 se
2785 1556 2981 1620 recipit
2996 1554 3207 1609 diaboli
3228 1558 3520 1622 sagittam,
3537 1571 3749 1611 verum
3766 1563 3820 1612 et

2204 1646 2346 1699 alios
2361 1647 2433 1698 ab
2444 1647 2490 1710 ej
2502 1658 2568 1698 us
2580 1645 2786 1709 jaculis
2800 1644 3242 1709 vulneribusque
3252 1645 3600 1699 defendiLEt
3615 1647 3821 1701 dissol-

2206 1740 2421 1788 vuntur
2441 1734 2599 1786 nervi
2629 1733 2987 1785 brachiorum
3029 1745 3309 1785 manuum
3332 1747 3550 1791 eorum.
3574 1749 3681 1800 per
3695 1749 3819 1789 ma-

2209 1838 2349 1876 num
2378 1824 2627 1888 potentis
2652 1824 2851 1886 Jacob,
2895 1835 3076 1885 quum
3117 1821 3209 1874 ille
3250 1822 3349 1887 qui
3373 1828 3579 1887 potens
3622 1824 3741 1878 fuit
3764 1827 3819 1878 in

2208 1916 2402 1972 Jacob.
2438 1918 2498 1964 et
2517 1913 2736 1977 adjuvit
2758 1925 2889 1963 eum
2912 1913 2971 1962 in
2991 1912 3317 1974 certamine,
3343 1913 3442 1976 qui
3470 1914 3819 1967 confortavit

2204 2003 2391 2064 Israel,
2418 2008 2482 2053 ut
2509 2002 2866 2053 facereteum
2891 2010 2909 2029 ⁸
2935 2005 3126 2052 mente
3151 2002 3335 2052 Deum
3352 2002 3564 2066 videre,
3589 2004 3819 2068 adjuvit

2207 2092 2377 2143 etiam
2405 2093 2571 2153 hunc,
2598 2093 2653 2142 et
2677 2090 2969 2141 benedixit
2986 2090 3377 2141 benedictione
3391 2090 3512 2143 caali
3534 2105 3818 2144 asumma

2208 2185 2267 2232 et
2280 2180 2680 2231 benedictione
2698 2176 2811 2245 47
2831 2184 2993 2230 terrm
3011 2180 3271 2230 habentis
3282 2180 3653 2241 omnia(Psal.
3678 2181 3817 2243 141).

2208 2269 2461 2332 Percepit
2476 2282 2722 2331 namque
2739 2282 2857 2319 non
2876 2267 3087 2329 solum,
3103 2268 3269 2330 quasi
3287 2273 3634 2319 mansuetus
3652 2268 3813 2321 hanc

2208 2359 2445 2409 ditatem
2471 2362 2653 2418 terra},
2682 2358 2779 2407 sed
2805 2357 2972 2419 quasi
2996 2362 3052 2407 et
3088 2369 3302 2420 pauper
3357 2357 3563 2421 Spiritu
3600 2368 3819 2410 conse-

2209 2447 2405 2511 quitur
2427 2459 2602 2509 regna
2619 2446 2909 2497 caelorum.
2949 2446 3121 2497 Terra
3144 2458 3278 2497 vero
3316 2446 3410 2496 illa
3455 2458 3590 2509 qua)
3613 2448 3816 2499 omnia

2206 2536 2397 2599 habet,
2423 2536 2681 2586 Christus
2721 2538 2828 2597 est,
2875 2546 3053 2598 quam
3089 2536 3151 2585 in
3190 2534 3522 2587 haereditate
3562 2536 3815 2601 suscipit

2201 2625 2419 2691 justus,
2447 2627 2505 2676 et
2544 2623 2683 2675 dicit
2716 2623 2789 2676 ad
2832 2623 3139 2675 Dominum
3166 2636 3180 2673 :
3204 2623 3388 2673 Portio
3432 2638 3552 2673 mea
3575 2625 3639 2673 in.
3671 2629 3817 2675 terra

2206 2714 2520 2764 viventium.
2540 2714 2681 2774 Quae
2696 2717 2787 2765 est
2802 2716 2996 2765 autem
3010 2725 3218 2764 caussa
3230 2717 3459 2779 propter
3479 2725 3660 2777 quam
3686 2714 3818 2767 haec

2204 2802 2695 2865 meruitconsequi
2712 2805 2738 2853 ?
2770 2802 2995 2867 PrOpter
3015 2800 3451 2867 benedictionem,
3473 2802 3688 2869 inquit,
3716 2803 3815 2854 ube

2207 2905 2336 2941 rum
2377 2897 2424 2941 et
2476 2890 2655 2940 vulvae.
2705 2892 2885 2956 Cujus
2953 2890 3145 2944 vulva
3191 2891 3671 2956 benedictionem,
3723 2894 3819 2945 vel

2208 2993 2453 3045 quorum
2482 2981 2721 3033 uberum
2743 2980 2763 3009 δ
2804 2980 2953 3032 illius
2983 2980 3221 3033 fortasse
3246 2980 3439 3034 vulva
3478 2993 3654 3046 quam
3680 2983 3819 3035 Pau-

2208 3070 2302 3122 lus
2330 3070 2351 3098 ¹¹
2394 3070 2630 3134 indicat,
2692 3069 2935 3121 dicens:
2987 3069 3170 3119 Filioli
3226 3070 3350 3131 mei,
3418 3085 3554 3135 quos
3612 3070 3818 3121 iterum

518 3169 583 3220 in
605 3168 747 3231 Gad,
773 3181 905 3219 cum
928 3171 1182 3220 tentatus
1207 3166 1931 3236 obtinuitﬁSAmpliatus
1944 3172 2108 3224 estin
2138 3160 2460 3252 εραπξίανίο
2498 3159 2631 3222 (θαιο
2676 3161 2761 3221 ίι·)-
2806 3158 2945 3252 Iride
2990 3162 3387 3252 conﬁat-“9886
3422 3161 3819 3252 Αροδιοῌςὸω

517 3258 682 3318 Aser,
708 3268 889 3319 quum
910 3256 984 3308 ad
1029 3257 1444 3309 beatitudinem
1472 3258 1647 3309 venit.
1673 3260 1856 3323 Digne
1898 3274 2035 3324 ergo
2060 3263 2117 3313 et

519 3358 678 3398 nunc
699 3344 1007 3408 ampliatus
1029 3345 1183 3396 illius
1206 3344 1413 3397 dicitur
1434 3347 1670 3410 Joseph,
1691 3349 1789 3411 qui
1801 3349 1920 3411 jam
1940 3349 2117 3400 futuri

523 3435 721 3487 smculi
748 3434 1121 3498 consequitur
1143 3437 1311 3487 bona.
1333 3437 1441 3488 Sed
1465 3441 1523 3487 et
1546 3436 1697 3488 illius
1716 3439 1941 3490 Zelatus
1959 3439 2116 3503 quod

525 3525 752 3589 dicitur,
784 3524 926 3576 illud
950 3530 1059 3588 est,
1083 3525 1183 3589 qui
1214 3525 1382 3577 bonis
1419 3525 1655 3589 quidem
1686 3526 2001 3579 imitandus
2023 3529 2114 3593 sit,

522 3615 692 3668 malis
715 3615 1136 3667 auteminvidia
1155 3627 1223 3668 ac
1238 3616 1543 3667 calumniis
1557 3602 2006 3681 persequendus.
2034 3621 2116 3671 De

521 3703 633 3758 hoc
647 3704 798 3757 bono
820 3709 1014 3757 autem
1037 3708 1094 3756 et
1107 3704 1258 3757 malo
1275 3705 1395 3757 zelo
1411 3705 1674 3770 designat
1690 3707 1858 3759 etiam
1870 3712 2116 3773 Aposto-

521 3795 637 3859 lus,
662 3794 801 3846 dum
818 3794 955 3846 dicit
969 3795 1042 3846 de
1064 3794 1216 3847 malo
1239 3794 1359 3847 zelo
1374 3794 1731 3861 Judaaorum,
1749 3797 2014 3847 thantur
2027 3812 2118 3849 vos

520 3899 634 3934 non
665 3883 789 3934 bene
826 3883 965 3948 (Gal.
988 3883 1081 3947 4.).
1114 3886 1184 3936 Et
1207 3882 1278 3936 de
1315 3885 1467 3937 bono
1490 3884 1612 3938 zelo
1640 3886 1781 3939 dicit
1809 3887 1881 3940 de
1906 3892 2119 3941 semet-

520 3974 667 4039 ipso,
695 3972 818 4023 Zelo
844 3977 1025 4022 autem
1053 3987 1141 4023 vos
1163 3973 1261 4023 Dei
1283 3972 1386 4024 zelo
1418 3974 1480 4038 (1.
1531 3974 1653 4027 Cor.
1691 3975 1816 4039 11.).
1843 3976 1952 4028 Sed
1980 3976 2119 4030 ado-

524 4062 835 4117 lescentior
857 4062 1011 4114 illius
1052 4062 1275 4126 dicitur,
1322 4065 1380 4116 et
1425 4063 1563 4128 quid
1603 4064 1665 4116 ni
1706 4065 2120 4119 adolescentior

528 4153 748 4205 dicatur
770 4153 869 4215 qui
885 4151 1154 4216 deposuit
1168 4154 1418 4205 veterem
1437 4152 1730 4206 hominem
1746 4167 1879 4206 cum
1892 4156 2119 4208 actibus

525 4242 665 4302 suis,
689 4241 788 4305 qui
811 4254 944 4293 cum
961 4241 1184 4293 Christo
1200 4244 1526 4307 resurrexit,
1556 4249 1615 4296 et
1629 4244 1690 4295 in
1712 4245 1967 4298 novitate
1985 4246 2121 4299 vita:

530 4331 805 4394 ambulat,
822 4334 847 4382 ‘2
863 4330 972 4382 Sed
988 4336 1046 4382 et
1059 4331 1179 4395 ipse
1192 4331 1355 4384 tertio
1374 4332 1549 4384 fuisse
1565 4333 1717 4385 illius
1733 4334 2121 4388 nominandus

531 4426 647 4474 est:
672 4422 856 4487 prima
872 4421 1027 4473 enim
1043 4421 1095 4473 ei
1110 4421 1381 4473 nativitas
1398 4422 1714 4475 secundum
1733 4437 1963 4477 carnem
1980 4425 2117 4478 fuit:

2215 3250 2472 3313 vulvam,
2497 3261 2630 3312 qua:
2646 3262 2764 3300 non
2788 3248 2977 3301 solum
2996 3248 3178 3313 pariat
3199 3248 3366 3312 illios,
3393 3250 3495 3301 sed
3527 3253 3589 3301 et
3607 3250 3659 3301 si
3675 3251 3822 3303 forte

2213 3338 2675 3391 declinaverinta
2698 3338 2952 3401 veritate,
2968 3351 3200 3390 rursum
3224 3351 3323 3391 eos
3344 3344 3628 3403 assumat,
3648 3345 3711 3392 et
3735 3354 3825 3392 se-

2214 3429 2403 3479 cundo
2428 3428 2720 3492 parturiat.
2756 3430 2841 3480 Ex
2868 3428 2981 3480 ista
3001 3429 3174 3493 igitur
3191 3428 3590 3493 omnisjustus
3610 3430 3707 3482 vel
3731 3443 3827 3483 na-

2216 3517 2395 3568 scitur
2418 3517 2609 3582 vulva,
2663 3518 2748 3569 vel
2791 3518 2913 3581 ipse
2947 3518 2994 3569 si
3027 3520 3149 3582 jam
3190 3518 3471 3583 perfectus
3516 3522 3626 3582 est,
3667 3519 3822 3573 filios

2214 3608 2379 3673 parit,
2419 3611 2477 3660 et
2516 3608 2672 3673 sugit
2716 3607 3092 3660 nihilominus
3136 3610 3312 3660 ubera
3352 3607 3710 3674 Apostolica,
3733 3611 3824 3663 vel

2214 3697 2388 3749 etiam
2409 3698 2750 3762 augentibus
2774 3698 3010 3763 praebet,
3028 3697 3098 3750 de
3110 3696 3648 3763 quibusApostolus
3670 3699 3827 3752 dice-

2215 3787 2317 3839 bat
2346 3801 2359 3838 :
2385 3786 2489 3836 Lac
2508 3786 2651 3836 vobis
2666 3792 2858 3851 potum
2881 3786 3022 3850 dedi,
3057 3802 3171 3837 non
3193 3802 3364 3837 escam
3410 3787 3478 3853 (1.
3513 3788 3639 3839 Cor.
3667 3788 3744 3854 3.)
3770 3793 3827 3843 et

2216 3875 2350 3929 alibi
2368 3880 2432 3927 ut
2445 3876 2801 3941 designatius
2813 3871 2930 3943 48
2945 3876 3285 3942 exprimeret
3295 3877 3627 3943 Apostolica
3646 3880 3829 3932 ubera

2214 3966 2426 4032 adjicit:
2445 3966 2546 4017 Sed
2559 3967 2646 4031 fui
2663 3967 2804 4017 inter
2816 3982 2902 4017 vos
2916 3972 3183 4032 tanquam
3194 3983 3243 4018 si
3272 3968 3468 4018 nutrix
3483 3968 3667 4032 foveat
3685 3969 3830 4033 ﬁlios

2215 4070 2339 4107 suos
2364 4056 2430 4123 (1.
2464 4057 2610 4107 Thes.
2636 4056 2727 4121 2.).
2755 4057 2927 4111 Venit
2944 4070 3079 4122 ergo
3101 4058 3410 4124 unicuique
3436 4061 3600 4123 justo
3652 4060 3832 4112 bene-

2221 4146 2485 4199 dictionis
2506 4147 2794 4212 perfectio,
2811 4160 2952 4213 prOp
2960 4153 3041 4199 ter
3055 4147 3290 4201 vulvam
3312 4152 3372 4201 et
3387 4148 3564 4201 ubera.
3575 4149 3830 4214 Aposto-

2216 4235 2343 4288 lica.
2387 4236 2454 4285 Et
2486 4242 2705 4301 propter
2728 4236 3159 4301 benedictionem,
3188 4238 3391 4303 inquit,
3436 4238 3612 4302 patris
3674 4240 3762 4289 tui
3786 4244 3832 4290 et

2217 4325 2411 4375 matris
2434 4330 2555 4376 tuae.
2588 4325 2971 4379 Perfectorum
2995 4328 3160 4379 Pater
3189 4331 3279 4379 est
3300 4327 3580 4391 Christus,
3600 4328 3763 4382 sicut
3777 4338 3833 4383 et

2218 4415 2340 4480 ipse
2362 4415 2587 4469 dicebat
2610 4434 2624 4467 :
2648 4416 2849 4480 Filioli,
2860 4417 3042 4468 adhuc
3063 4416 3336 4468 modicum
3356 4417 3627 4470 vobiscum
3646 4420 3832 4483 (Joan.

536 4512 789 4563 secimda
803 4524 877 4563 ex
888 4510 1274 4573 conversione,
1294 4512 1417 4565 sive
1440 4526 1537 4577 per
1554 4514 1908 4578 baptismum
1926 4530 1939 4567 :
1958 4517 2117 4568 tertia

536 4604 612 4629 nol
642 4599 767 4629 hmo
802 4613 934 4629 num
963 4605 1014 4629 ne
1052 4602 1172 4629 ἅπασι
1221 4603 1572 4629 ηηηΑηΛ-αιςμ.
1616 4603 1823 4629 tunso..-
1882 4616 2011 4629 In...“
2039 4610 2117 4629 Α...

2224 4503 2363 4570 13.):
2391 4507 2446 4557 et
2468 4510 2651 4558 mater
2683 4506 2948 4560 Ecclesia.
2987 4510 3129 4570 Qum
3173 4509 3491 4561 benedictio
3524 4510 3839 4574 pmvaluit

2224 4597 2277 4629 in
2295 4597 2785 4629 hnnnﬂinﬁnnihna
2801 4598 3077 4629 mnnﬁnm
3091 4599 3600 4629 ποπνηηηοπιίητνιηι
3617 4603 3829 4629 ηλιιςκπι

534 4604 623 4652 est
642 4599 770 4653 hinc
802 4613 935 4664 quae
963 4605 1020 4653 et
1052 4602 1179 4665 ipsa
1220 4603 1573 4667 regeneratio
1615 4603 1840 4669 dicitur,
1880 4616 2012 4669 quae
2036 4610 2126 4658 est
2147 4597 2205 4629 υ
2223 4597 2283 4650 in
2295 4597 3601 4664 benedictionibusmontiumpermanentiumet
3617 4603 3832 4653 collium

536 4703 609 4741 ex
634 4690 874 4741 mortuis
897 4691 1263 4743 resurrectio:
1291 4692 1415 4755 jam
1452 4693 1606 4745 enim
1639 4694 1781 4746 mihi
1815 4694 2044 4748 videtur
2077 4695 2128 4747 is

538 4773 690 4827 illius
718 4786 844 4825 esse
884 4775 1127 4839 positus,
1165 4776 1364 4839 quales
1392 4777 1543 4832 beati
1580 4778 1755 4831 futuri
1795 4785 1948 4833 sunt.
1994 4780 2129 4834 Ideo

544 4863 747 4917 deinde
770 4864 822 4916 ei
838 4863 1043 4917 dicitur
1072 4877 1106 4916 a
1125 4869 1305 4930 patre,
1338 4867 1425 4917 Ad
1447 4882 1531 4917 me
1570 4873 1842 4921 revertere.
1866 4869 2132 4923 Redeunt

610 5046 625 5067 ·
651 5036 739 5092 Sic
770 5036 922 5089 enim
966 5035 1136 5087 Israel
1166 5036 1395 5101 Origeni
1435 5037 1838 5102 interpretatur
1863 5047 1971 5098 νοῦς
2001 5042 2129 5109 ὀρῶν

545 5111 824 5178 Θεοῦ,81ἱὶ18
845 5110 969 5172 θεόν,
1000 5125 1149 5157 mens
1184 5110 1369 5157 videns
1406 5113 1597 5160 Deum.
1637 5114 1997 5175 Quamquam
2026 5116 2134 5167 hoc

545 5197 756 5251 magno
771 5183 1109 5244 Hieronymo
1135 5184 1370 5245 etymon
1391 5193 1758 5245 nequaquam
1780 5188 2132 5243 prohaturcum

546 5261 697 5323 alibi,
717 5260 840 5307 tum
878 5257 1161 5317 pra‘cipue
1180 5254 1614 5313 Qumstionibus
1652 5256 1709 5305 in
1733 5255 1869 5307 Gen.
1897 5268 2019 5321 cap.
2046 5258 2134 5313 32.

551 5337 663 5396 ubi,
689 5327 829 5379 Illud
858 5330 1054 5387 autem,
1080 5324 1179 5386 ait,
1205 5324 1349 5385 quod
1371 5323 1429 5369 in
1468 5324 1625 5374 Libro
1648 5326 1948 5377 Nominum
1972 5331 2136 5379 inter-

546 5407 808 5479 prclalur,
829 5396 1018 5457 Israel,
1045 5396 1249 5447 videns
1267 5396 1464 5457 Deum,
1484 5399 1732 5479 omnium
1749 5415 1879 5479 pene
1893 5416 2133 5455 sermone

551 5467 825 5534 'detritum,
845 5473 1079 5517 nontam
1105 5480 1236 5526 vere,
1256 5480 1423 5539 quam
1445 5467 1695 5517 violenter
1718 5471 1859 5519 mihi
1880 5472 2137 5539 interpre-

550 5559 721 5604 tatum
744 5545 971 5592 videtur.
989 5539 1090 5588 llic
1108 5538 1253 5612 enim
1273 5538 1433 5612 Israel
1439 5554 1536 5603 per
1555 5541 1652 5589 has
1665 5542 1844 5591 literas
1864 5545 2133 5612 scribitur,

551 5630 656 5678 etc.
676 5622 745 5672 Et
760 5612 1108 5680 quibusdam
1124 5610 1495 5675 interpositis.
1514 5612 1771 5671 Quamvis
1789 5616 1959 5679 igitur
1968 5610 2138 5681 gran;

548 5686 976 5748 disauctoritatis
1007 5684 1116 5734 sint
1158 5683 1315 5748 (puta
1344 5684 1649 5750 Origenem
1684 5699 1813 5738 cum
1847 5687 2065 5755 primis)
2090 5696 2137 5743 et

548 5762 863 5833 eloquentiae
903 5758 1146 5824 ipsorum
1169 5756 1365 5808 umbra
1401 5773 1498 5809 nos
1520 5759 1795 5825 opprimat
1824 5761 1912 5827 qvi
1953 5762 2132 5829 Israel,

2227 4695 2590 4753 aeternorum,
2638 4687 2697 4739 id
2754 4693 2843 4740 est
2874 4701 3071 4740 eorum
3100 4689 3199 4753 qui
3237 4690 3537 4743 scientiam
3568 4695 3628 4743 et
3656 4704 3834 4758 opera

2229 4778 2495 4831 sublimia
2518 4783 2574 4830 et
2606 4780 2834 4830 excelsa
2874 4781 3180 4830 sectantur.
3218 4780 3359 4841 Quae
3398 4779 3832 4835 benedictiones

2227 4873 2415 4933 erunt,
2429 4867 2636 4933 inquit,
2658 4868 2713 4918 in
2728 4872 2890 4933 caput
2911 4868 3108 4933 Joseph
3130 4874 3176 4919 et
3202 4884 3363 4935 super
3380 4869 3625 4920 verticem
3637 4886 3832 4923 eorum

2228 5038 2418 5091 virum
2442 5037 2735 5089 videntem
2778 5039 2979 5100 Deum,
3018 5040 3446 5091 transtulerunt:
3498 5056 3597 5091 nos
3654 5044 3837 5109 magis

2232 5111 2523 5175 Scriptura:
2546 5116 2592 5159 et
2622 5111 2814 5174 Angcli
2843 5110 2920 5159 vel
2947 5110 3045 5159 Dei
3087 5113 3185 5176 qui
3210 5112 3390 5177 ipsum
3421 5113 3587 5163 Israel
3621 5119 3834 5165 vocavit

2230 5184 2543 5232 auctoritate
2566 5183 2839 5245 ducimur,
2863 5188 2971 5234 etc.
2996 5184 3127 5234 Vide
3152 5197 3258 5235 nos
3279 5184 3375 5235 ibi.

2294 5257 2316 5286 ι’
2344 5256 2567 5307 Laudat
2611 5254 2871 5305 Barrteus
2911 5256 3013 5305 Ms.
3062 5256 3333 5313 codicem,
3380 5257 3438 5308 in
3471 5268 3588 5321 quo
3622 5260 3836 5322 gerebat

2231 5328 2524 5393 legebatur
2542 5338 2643 5390 pro
2667 5325 2892 5375 indicat.
2922 5328 3229 5391 Accepisse
3253 5332 3448 5379 autem
3472 5341 3544 5381 ex
3568 5329 3683 5381 hoc
3706 5332 3835 5385 loco

2233 5402 2459 5453 videtur
2486 5397 2739 5448 ineditus
2756 5396 2906 5461 apud
2933 5410 3040 5449 nos
3057 5402 3287 5451 Auctor.
3310 5401 3413 5458 Qui
3434 5416 3528 5449 nec
3561 5402 3718 5463 dum,
3745 5406 3836 5456 in-

2234 5474 2377 5537 quit,
2413 5472 2473 5520 in
2503 5469 2629 5534 ﬁdei
2652 5468 2818 5517 robur
2832 5476 3131 5530 evaserunt,
3147 5471 3235 5520 sed
3246 5486 3344 5536 per
3366 5472 3611 5522 Doctores
3625 5476 3703 5523 ad
3712 5492 3773 5526 ea
3785 5492 3835 5525 m

2233 5545 2550 5605 trahuntur,
2566 5542 2802 5591 audiunt
2825 5542 2890 5592 ab
2910 5545 3175 5607 Apostolo,
3200 5545 3378 5598 Filioli
3411 5547 3523 5599 mei
3546 5561 3695 5611 quos
3729 5550 3835 5603 ite.

2232 5630 2364 5673 rum
2387 5615 2654 5681 parturio,
2681 5619 2739 5668 et
2790 5621 3015 5681 caetera,
3040 5630 3172 5682 qua:
3194 5618 3267 5671 ad
3314 5618 3465 5671 hanc
3507 5621 3753 5674 uberum
3779 5628 3836 5675 et

2232 5690 2427 5745 vulva
2442 5689 2891 5743 benedictionem
2927 5692 3151 5758 copiose
3170 5697 3229 5744 et
3261 5705 3361 5758 per
3407 5696 3596 5759 partes
3626 5695 3823 5749 refert.
