3898 6392
18 388 98 446 33

606 389 700 441 DE
734 382 1376 442 BENEDICTIONIBUS
1431 384 2054 440 PATRIARCHARUM
2109 385 2314 438 LIBBR
2371 384 2751 437 SECUNDUS.

3225 387 3328 443 334

22 505 204 553 uibus
220 503 455 569 praefuit
481 502 742 563 fratrum.
769 503 895 554 Non
911 502 1333 566 solum,inquit,
1349 508 1501 563 caput
1505 502 1635 562 justi
1661 507 1721 579 Α
1744 504 1828 552 ter
1860 499 2186 553 instituunt.
2211 498 2383 551 etiam
2406 496 2675 550 ﬁdelibus
2697 501 2957 563 prosunt,
2987 498 3158 552 sicuti
3185 499 3334 553 dixit

24 594 160 646 uod
188 599 294 647 est
309 593 593 655 Christus,
616 592 989 655 benedicitur,
1007 592 1108 643 sed
1132 596 1188 643 et
1210 597 1409 643 vertex
1436 603 1635 643 eorum

17 684 241 749 [uibus
260 683 415 749 praef
417 683 499 735 uit
516 697 529 734 :
543 682 677 747 quia
688 681 787 747 qui
800 694 863 734 se
879 684 1028 733 recte
1045 680 1330 733 excolunt.
1358 684 1414 732 et
1428 681 1633 733 ﬂorea»

1744 588 2078 654 Apostolus,
2103 589 2221 638 Haec
2243 593 2425 637 autem
2445 588 2671 653 faciem,
2686 588 2915 654 teipsum
2937 588 3151 640 salvum
3169 589 3335 655 facies

1736 684 1783 729 et
1808 694 1892 728 eos
1908 679 2005 743 qui
2035 683 2079 727 te
2101 678 2340 728 audiunt
2362 676 2431 739 (1.
2458 678 2597 730 Tim.
2617 677 2711 742 4.).

922 794 1179 889 BEN
1185 792 1692 889 EDICTIO
1775 789 2457 888 BENJAMIN.

61 972 123 1027 1.
183 980 524 1033 BBNJAMIN,
550 967 711 1033 lupus
734 980 918 1031 rapax
940 966 1003 1015 in
1036 965 1306 1015 matutino
1330 964 1457 1026 edet,
1490 970 1537 1014 et
1564 964 1638 1014 ad

22 1074 300 1127 esperam
310 1060 369 1109 di
375 1058 510 1108 videt
525 1056 718 1107 cibum.
732 1055 1033 1109 Historicse
1047 1064 1065 1085 ·
1081 1055 1258 1119 hujus
1274 1054 1635 1118 narrationis,

17 1149 297 1203 idvocati
345 1147 524 1200 velim
566 1146 708 1198 mihi
731 1146 1001 1209 dicerent,
1020 1144 1155 1208 quid
1176 1145 1238 1196 in
1260 1156 1323 1196 se
1339 1142 1635 1208 Benjamin

17 1231 120 1296 upi
167 1228 374 1294 rapaci
421 1227 705 1290 habuerit,
726 1231 826 1277 aut
856 1224 1145 1289 quomodo
1168 1225 1228 1275 in
1252 1223 1532 1276 matutino
1578 1225 1638 1275 et

17 1322 72 1373 td
90 1330 422 1383 vesperam
435 1317 654 1369 dividat
664 1316 872 1367 cibum.
887 1314 997 1366 Sed
1009 1314 1150 1365 iniis
1167 1313 1336 1365 etiam
1352 1312 1461 1378 ipsi
1478 1314 1635 1363 crassi

17 1410 184 1462 :orde
230 1407 428 1460 Judmi
478 1405 772 1470 refugiunt
815 1403 1088 1467 injuriam
1102 1401 1302 1467 literas,
1318 1406 1375 1454 et
1398 1401 1495 1454 alii
1518 1401 1539 1431 δ
1560 1400 1633 1453 ad

17 1498 213 1551 dtaris
238 1496 605 1559 edacitatem,
628 1506 762 1558 quas
784 1494 997 1557 scripta
1032 1492 1171 1544 sunt
1197 1490 1467 1552 referunt,
1504 1495 1634 1542 tan-

17 1601 197 1655 niam
220 1587 287 1639 in
303 1585 436 1649 Benj
444 1584 598 1636 amin
611 1583 867 1649 portione
886 1580 1224 1645 constructi,
1240 1580 1397 1645 quod
1413 1592 1481 1631 ea
1499 1588 1632 1643 qum

17 1690 191 1729 mane
254 1675 577 1729 offeruntur
613 1673 791 1737 [Ant.,
836 1669 1191 1733 efferuntur],
1230 1670 1291 1720 in
1335 1680 1635 1733 vesperae

1734 962 1897 1017 verbi
1926 962 2027 1015 Dei
2068 966 2127 1014 et
2168 961 2360 1014 inedia
2376 962 2553 1015 venit.
2576 962 2793 1027 Rapax,
2833 964 2969 1028 quia
2988 967 3046 1017 et
3068 964 3193 1031 ipse
3215 967 3340 1021 vio-

1732 1053 1913 1105 lenter
1945 1051 2139 1116 diripit
2171 1063 2415 1116 regnum
2453 1051 2576 1103 Dei.
2613 1052 2776 1101 Mane
2801 1053 3147 1108 edetzadhuc
3168 1067 3340 1111 mane

1732 1141 1877 1194 illud
1927 1146 2157 1206 tempus
2199 1140 2500 1193 memorari
2535 1145 2695 1206 puto,
2720 1153 2833 1207 quo
2860 1142 3045 1208 legem
3080 1146 3340 1211 accepit;

1734 1236 1873 1284 tunc
1889 1231 2042 1282 enim
2076 1230 2294 1282 mundo
2311 1230 2469 1295 prius
2485 1230 2753 1293 quaedam
2770 1231 3107 1286 illuminatio
3118 1238 3341 1285 scientias

1732 1320 1868 1372 data
1892 1325 2000 1384 est,
2026 1333 2099 1372 ex
2114 1331 2229 1383 quo
2245 1318 2405 1372 velut
2420 1318 2650 1371 initium
2667 1320 2790 1372 dies
2808 1334 2837 1372 s
2850 1321 3077 1375 cientim
3100 1324 3340 1377 creden-

1732 1410 1845 1462 dus
1900 1415 1991 1462 est
2022 1409 2327 1475 accepisse.
2383 1409 2514 1461 Edit
2557 1421 2693 1474 ergo
2716 1410 2911 1463 adhuc
2934 1423 3104 1466 mane
3128 1414 3341 1477 cibum,

1738 1512 1913 1565 quem
1931 1512 2100 1551 mane
2120 1503 2446 1563 acceperat:
2466 1498 2586 1551 edit
2599 1498 2811 1563 adhuc,
2835 1503 2892 1552 et
2905 1502 3238 1568 meditatur,
3257 1516 3347 1557 se-

1736 1601 1924 1653 quens
1972 1588 2158 1654 legem
2196 1588 2493 1653 justitim,°
2524 1587 2587 1640 in
2629 1587 2816 1653 legem
2857 1602 2973 1643 non
2997 1594 3339 1656 pervenerit.

1733 1678 1820 1728 Ad
1866 1692 2141 1743 vesperum
2181 1677 2376 1727 dividit
2412 1676 2608 1727 cibum.
2642 1679 2895 1743 Vespera
2918 1679 3045 1733 haec
3067 1680 3242 1745 [Alias
3266 1682 3340 1747 et]

17 1765 439 1819 Sacerdotibus
461 1762 809 1816 dividantur.
826 1760 938 1813 Alii
966 1760 1091 1812 aliis
1115 1765 1172 1811 et
1206 1758 1473 1823 diversis,
1509 1757 1640 1810 licet
1662 1756 1715 1830 B
1741 1773 1832 1821 est,
1846 1767 1985 1819 illud
2006 1770 2234 1832 tempus
2248 1766 2633 1821 novissimum
2648 1766 2709 1819 in
2719 1778 2835 1831 quo
2850 1770 3346 1836 οοῃγθιιιίιωιέίο.

17 1855 309 1909 fabulosis
320 1851 743 1906 narrationibus
756 1856 950 1903 tamen
965 1849 1212 1901 fatentur
1226 1861 1325 1914 per
1346 1848 1474 1901 haec
1497 1859 1638 1899 con-

17 1944 395 2009 sequentiam
424 1942 606 1994 litem
627 1944 781 1994 stare
802 1952 921 1991 non
944 1950 1136 2004 posse.

71 2034 127 2091 2.
182 2037 256 2087 1n
298 2031 553 2084 Ecclesia
591 2034 787 2083 autem
829 2028 982 2095 apud
1001 2025 1641 2092 quamplurimosoista

17 2125 275 2176 habetur
298 2122 511 2188 opinio,
537 2121 695 2185 quod
717 2118 791 2170 ad
819 2117 1162 2183 Apostolum
1190 2117 1427 2168 Paulum
1447 2115 1641 2167 referri

17 2227 213 2278 posse,
231 2223 367 2276 qua:
379 2211 594 2274 scripta
611 2213 750 2261 sunt
767 2208 1088 2261 videantur.
1105 2206 1262 2268 Quod
1279 2206 1518 2269 quidem
1529 2217 1638 2256 nec

17 2316 124 2355 nos
148 2301 481 2366 refugimus
503 2304 603 2352 aut
616 2299 874 2363 improba
884 2296 1152 2361 mus,sed
1162 2307 1439 2348 conamur
1456 2294 1639 2347 facere

20 2394 177 2443 sicut
207 2390 493 2454 scriptum
531 2393 647 2440 est:
695 2388 923 2453 Sapiens
938 2386 1167 2436 audiens
1201 2383 1418 2435 verbum
1440 2382 1641 2433 collau-

18 2482 113 2531 dat
134 2487 183 2530 et
200 2480 277 2529 ad
271 2480 423 2544 jicict
439 2479 513 2528 ad
530 2478 682 2528 illud.
701 2479 769 2529 Et
784 2489 893 2529 nos
910 2488 1043 2540 ergo
1058 2476 1131 2526 ad
1142 2488 1224 2538 ea,
1242 2488 1375 2539 quae
1387 2478 1539 2527 recte
1569 2473 1640 2524 de

23 2571 207 2622 Paulo
220 2570 375 2621 dicta
384 2580 417 2620 a
429 2567 885 2634 prmcedentibus
896 2578 1013 2618 non
1022 2577 1326 2629 negamus,
1336 2563 1641 2629 adjicimus

26 2661 210 2712 etiam
234 2658 382 2711 haec.
415 2656 732 2720 Benjamin,
751 2655 953 2720 inquit,
975 2653 1125 2718 ﬁlius
1147 2653 1347 2703 dotoris
1368 2653 1643 2717 interpre-

30 2754 221 2801 tatur:
249 2742 370 2814 49
397 2749 551 2798 sorte
573 2744 927 2797 hmreditatis
949 2742 1168 2807 accepit
1189 2754 1321 2793 eum
1345 2742 1554 2801 locum,
1583 2742 1643 2792 in

28 2850 150 2901 quo
189 2840 420 2889 terrena
455 2833 775 2887 Jerusalem
815 2837 1017 2898 typum
1046 2833 1269 2884 habens
1317 2837 1375 2883 et
1403 2833 1645 2883 formam

31 2926 292 2981 calestis
314 2924 470 2978 illius
511 2923 845 2987 Jerusalem,
898 2923 1171 2974 collocata
1212 2926 1319 2974 est.
1345 2923 1486 2974 Cum
1510 2934 1646 2986 ergo

31 3016 483 3070 manifestandaa
507 3014 654 3079 [Ant.
678 3011 1117 3077 manifestanda]
1145 3011 1462 3064 Jerusalem
1474 3011 1641 3063 caele-

1739 1862 1804 1909 ut
1826 1862 1884 1909 et
1913 1856 2080 1909 nobis
2100 1869 2343 1922 vespera
2361 1855 2569 1909 dicitur
2588 1856 2748 1909 istud
2773 1863 2991 1912 nostris
3016 1861 3347 1914 conversio-

1739 1947 1831 1999 nis
1864 1951 2117 2012 tempus,
2150 1946 2209 1998 in
2230 1959 2343 2010 quo
2382 1958 2538 1999 nunc
2562 1958 2787 1999 sumus.
2818 1948 2980 2000 Tunc
2992 1961 3126 2014 ergo
3141 1949 3349 2004 dividit

1741 2047 1935 2088 escam
1956 2050 1968 2087 :
1992 2038 2130 2089 tunc
2147 2036 2300 2087 enim
2316 2034 2588 2100 intelligit
2603 2035 2979 2088 dividendum
2995 2050 3123 2091 esse
3138 2038 3199 2090 in
3218 2039 3346 2104 lege

1738 2124 1961 2177 literam
1984 2137 2019 2177 a
2043 2124 2265 2189 spiritu,
2289 2127 2348 2176 et
2369 2128 2509 2176 tunc
2543 2124 2855 2189 cognoscit,
2873 2125 3018 2184 Quia
3041 2126 3195 2177 litera
3206 2128 3345 2178 occi-

1741 2214 1838 2277 dit,
1882 2215 2110 2279 spiritus
2150 2219 2333 2263 autem
2366 2214 2591 2277 viviﬁat.
2628 2214 2773 2276 Quia
2797 2226 2933 2279 ergo
2952 2215 3075 2279 jam
3093 2229 3193 2281 per
3214 2230 3348 2282 gra-

1740 2303 1881 2356 tiam
1915 2303 2147 2355 Domini
2169 2302 2536 2354 illuminatus
2559 2302 2759 2367 incipit
2782 2302 2843 2355 in
2865 2304 2991 2368 lege
3021 2318 3055 2356 a
3078 2317 3347 2371 corpora-

1737 2390 1894 2445 libus
1928 2392 2183 2444 dividere
2200 2396 2257 2443 et
2273 2403 2534 2455 separare
2550 2390 2880 2456 spiritualia,
2897 2393 3025 2445 ideo
3046 2393 3256 2447 dicitur
3271 2395 3346 2449 ad

1741 2494 2042 2546 vesperam
2068 2492 2260 2533 escam
2294 2480 2568 2543 dividere,
2595 2480 2749 2545 quod
2774 2485 2896 2534 tota
2915 2481 3006 2534 die
3020 2482 3081 2534 in
3097 2483 3219 2549 lege
3233 2497 3348 2537 me-

1741 2571 1952 2634 ditans,
1976 2574 2108 2622 ante
2130 2582 2250 2621 non
2276 2569 2423 2622 fecit.

1806 2659 1858 2715 3.
1896 2660 2124 2711 Tertius
2149 2671 2286 2712 vero
2306 2659 2476 2711 nobis
2500 2671 2647 2724 pene
2673 2664 2843 2713 vacat
2866 2659 2926 2713 in
2944 2660 3191 2715 hocloco
3217 2675 3352 2716 sen-

1742 2761 1865 2813 sus,
1909 2749 2043 2813 quia
2084 2748 2178 2801 ille
2220 2753 2419 2801 noster
2451 2748 2644 2814 homo,
2670 2750 2771 2815 qui
2810 2750 3130 2804 secundum
3162 2753 3347 2806 Deum

1744 2842 1974 2890 creatus
1997 2842 2108 2901 est,
2138 2837 2322 2902 primo
2365 2837 2425 2888 in
2467 2838 2685 2900 Ruben,
2725 2843 2785 2890 et
2828 2839 3095 2893 Simeone
3140 2846 3201 2895 et
3226 2839 3342 2910 50

1744 2925 1903 2990 Levi,
1940 2926 2236 2990 tripartitis
2269 2924 2479 2978 animae
2503 2929 2792 2979 erraverat
2824 2928 3119 2982 motibus:
3150 2932 3248 2994 qui
3283 2932 3345 2984 in

1737 3014 1904 3079 Juda,
1949 3026 2137 3067 errore
2179 3013 2393 3079 agnito,
2440 3014 2740 3067 conﬁtetur
2774 3017 2831 3067 et
2864 3016 3132 3081 panitet:
3159 3018 3345 3082 quiin

32 3107 165 3171 stis,
215 3109 276 3158 et
298 3075 568 3157 Ecclesia
606 3103 1032 3169 primitivorum
1064 3075 1369 3165 adscriptae
1385 3100 1445 3151 in
1458 3100 1637 3163 caelis,
1667 3075 1718 3151 ί]
1748 3075 2006 3156 Zabulon
2039 3104 2203 3156 exuit
2219 3075 2312 3154 'se
2361 3075 2656 3155 hominem
2678 3075 2934 3157 veterem
2956 3117 3091 3159 cum
3113 3075 3344 3163 actibus

33 3205 270 3262 tempus
284 3195 601 3259 advenerit,
625 3194 754 3247 hac
774 3205 931 3245 nunc
954 3203 1087 3256 quas
1099 3199 1328 3256 propter
1340 3190 1651 3242 increduli-
1749 3193 1897 3246 suis:
1937 3195 2035 3257 qui
2058 3192 2119 3245 in
2142 3194 2337 3244 Isacar
2358 3191 2530 3244 etiam
2553 3193 2878 3245 mercedem
2906 3194 3191 3248 bonorum
3211 3210 3348 3264 ope-

35 3292 222 3339 tatem
264 3286 491 3350 abjecta
533 3287 623 3336 est
669 3288 727 3335 et
769 3284 996 3347 repulsa
1014 3283 1353 3346 Jerusalem,
1371 3293 1504 3333 cum
1522 3278 1650 3331 ﬁliis
1750 3295 1881 3335 rum
1924 3284 2238 3347 exspectat,
2291 3281 2349 3333 in
2367 3282 2494 3333 Dan
2511 3281 2807 3346 judicandi
2828 3294 2897 3335 ac
2919 3285 3347 3349 separandibo—

40 3376 188 3439 suis,
215 3374 469 3427 inediam
491 3373 652 3427 verbi
675 3372 799 3438 Dei,
820 3374 878 3425 et
902 3371 1055 3424 sitim
1088 3371 1443 3437 spiritualem
1486 3368 1651 3421 multi
1748 3383 1893 3424 num
1914 3384 1950 3424 a
1971 3372 2138 3435 malo,
2164 3375 2223 3424 et
2240 3372 2613 3437 cogitationes
2637 3384 2704 3424 ac
2736 3372 2969 3437 spiritus
2984 3374 3346 3431 discernendi

36 3465 318 3530 temporis
332 3475 521 3530 passa,
546 3462 568 3494 ⁴
605 3475 737 3515 cum
747 3461 1041 3528 plenitudo
1065 3460 1335 3514 Gentium
1364 3460 1649 3512 subintro-
1747 3461 1991 3526 gratiam
2018 3461 2262 3526 accepit:
2289 3461 2389 3525 qui
2411 3461 2472 3514 in
2494 3460 2615 3513 Gad
2643 3462 2815 3515 etiam
2838 3463 2901 3515 in
2930 3465 3344 3520 tentationibus

36 3556 185 3618 ierit,
232 3555 553 3606 secundum
608 3552 861 3618 Apostoli
924 3552 1429 3617 repromissionem
1504 3549 1650 3599 Tunc
1747 3550 2057 3617 probabilis
2103 3551 2417 3604 invenitur:
2450 3550 2513 3603 in
2534 3552 2683 3604 Aser
2711 3551 2883 3605 etiam
2907 3557 2965 3605 et
2980 3555 3173 3607 cibum
3193 3555 3344 3609 divi-

38 3644 225 3695 omnis
247 3644 427 3694 salvus
455 3644 544 3709 fiet
573 3641 771 3693 Israel:
800 3641 901 3707 qui
922 3653 1078 3693 nunc
1110 3642 1221 3693 sub
1240 3640 1647 3705 personaBen-

35 3735 223 3801 jamin
268 3733 616 3798 designatur.
666 3733 912 3785 Ultimus
955 3731 1129 3796 igitur
1156 3731 1309 3782 illius
1346 3729 1647 3794 Benjamin

39 3826 307 3878 ultimam
321 3823 690 3887 consequitur
704 3822 1180 3884 benedictionem,
1200 3820 1334 3884 quia
1361 3824 1419 3872 et
1434 3821 1645 3868 ultimus

46 3913 363 3967 salvandus
402 3918 511 3967 est.
548 3914 619 3965 Et
640 3911 847 3964 dicitur
874 3911 946 3964 de
969 3923 1037 3963 eo
1060 3910 1220 3975 lupus
1237 3922 1450 3974 rapax;
1472 3907 1643 3973 lupus

40 4008 275 4071 propter
313 4003 645 4056 aviditatem
686 4001 917 4055 dicitur:
964 4001 1074 4055 hoc
1108 3998 1291 4051 multa
1312 3998 1468 4051 enim
1489 3997 1641 4050 fame

101 4177 270 4229 Ἠωο
312 4173 417 4226 Ms.
457 4173 679 4226 Codicis
726 4171 892 4225 lectio
933 4176 1041 4233 est,
1080 4184 1256 4236 quam
1280 4174 1543 4224 Barrseus
1565 4171 1639 4224 ad

42 4249 169 4301 libri
194 4257 352 4299 oram
374 4247 664 4310 rejecerat.
689 4245 792 4296 Est
814 4249 1008 4296 autem
1044 4246 1252 4309 Oppido
1290 4245 1635 4310 concinnior,

44 4327 214 4384 atque
229 4318 498 4381 integrior
554 4318 850 4380 impressa,
900 4327 1033 4378 quas
1075 4317 1308 4378 ferebat,
1333 4317 1636 4365 Historiam

46 4394 211 4457 hujus
226 4389 565 4438 narrationis
580 4387 843 4436 adducere
860 4388 1017 4435 vetim
1034 4388 1193 4448 mihi,
1212 4388 1346 4451 quid
1362 4389 1423 4435 in
1437 4404 1487 4437 se
1503 4389 1635 4437 Ben-

1746 3640 1832 3695 dit
1868 3641 2242 3706 principibus,
2279 3640 2339 3693 id
2362 3644 2451 3693 est
2470 3641 2755 3707 prmfectis
2781 3643 3105 3709 quibusque
3117 3645 3346 3711 sapien-

1743 3729 1841 3783 tim
1858 3730 2121 3782 exhibuit
2142 3730 2350 3795 dapes:
2375 3731 2437 3783 in
2463 3731 2847 3796 Nephthalim,
2863 3733 2954 3786 vel
2970 3734 3128 3799 vitis,
3146 3737 3240 3789 vel
3255 3748 3341 3789 ar-

1743 3818 1897 3872 boris
1922 3820 2418 3885 sacramentajam
2441 3821 2727 3886 suscepit:
2760 3822 2823 3874 in
2843 3822 3061 3887 Joseph
3096 3824 3170 3876 ad
3213 3808 3360 3890 per?

1741 3909 1953 3961 fectum
1974 3913 2030 3962 et
2045 3921 2342 3962 summum
2353 3910 2719 3976 perveniens,
2735 3910 2796 3964 fu
2803 3911 2913 3964 turi
2926 3912 3050 3977 jam
3067 3914 3267 3967 smculi
3281 3918 3344 3969 et

1739 3998 2173 4053 resurrectionis
2222 3998 2460 4065 gloriam
2483 4002 2664 4052 tenet:
2693 4000 2833 4066 quid
2856 4002 3029 4055 etiam
3051 4002 3339 4069 reliquum

1738 4176 1893 4222 erant
1936 4172 2075 4236 igni,
2120 4177 2165 4222 et
2200 4188 2297 4238 per
2319 4171 2447 4237 legis
2460 4172 2807 4238 mandatum,
2824 4174 2991 4224 victui
3014 4174 3342 4228 debebantur

1737 4244 2091 4309 sacerdotum,
2116 4245 2258 4294 inter
2275 4260 2359 4295 eos
2370 4245 2605 4294 dividere
2626 4244 2881 4307 solebant,
2903 4253 2994 4297 etc.

1797 4327 1817 4350 °
1833 4317 2078 4368 Laudari
2094 4330 2227 4368 cum
2243 4316 2443 4381 primis
2453 4322 2701 4381 possunt
2715 4318 2990 4382 Origenes
3007 4317 3218 4372 Homil.
3235 4320 3335 4375 IV.

1734 4387 1796 4438 in
1829 4388 2105 4453 Ezechiel,
2149 4390 2534 4440 'l‘ertullianus
2564 4394 2764 4441 contra
2777 4392 3118 4442 Marcionem
3143 4392 3241 4442 lib.
3270 4392 3339 4443 V.

40 4456 242 4527 jamin,
267 4463 370 4512 etc.
407 4462 488 4511 De
516 4460 731 4523 reliquo
760 4459 901 4509 mihi
921 4458 1155 4522 quidem
1177 4472 1297 4510 non
1312 4463 1454 4511 adeo
1482 4462 1633 4513 vide-
1653 4456 1709 4524 D
1736 4472 1859 4523 cap.
1886 4459 2003 4513 1.8.
2021 4461 2367 4511 Ambrosius
2391 4461 2452 4510 in
2474 4461 2632 4511 hunc
2647 4460 2857 4522 locum,
2877 4462 2930 4511 S.
2950 4462 3338 4527 Hieronymus

50 4545 138 4588 tur
166 4534 403 4586 historia
422 4532 690 4591 difﬁcilis,
712 4543 844 4595 quae
866 4531 1029 4582 ferox
1053 4531 1484 4597 violentumque
1501 4536 1637 4588 Ben-

44 4606 241 4673 iamini
264 4605 503 4668 ejusque
530 4604 737 4653 Tribus
760 4604 1055 4666 ingenium
1070 4602 1319 4654 denotat.

107 4682 129 4709 δ
155 4681 450 4729 ’I‘estatum
490 4676 601 4727 hoc
623 4676 694 4726 de
718 4676 1093 4726 Hebrmorum
1115 4676 1382 4738 opinione
1405 4679 1637 4743 reliquit

52 4755 100 4804 S.
124 4752 524 4812 Hieronymus,
548 4759 723 4811 quem
743 4751 801 4798 et
812 4754 1007 4798 notare
1022 4746 1265 4799 fortasse
1282 4750 1526 4802 Ruﬁnus
1546 4766 1638 4805 vo-

51 4825 171 4876 luit.
224 4826 322 4883 lta,
357 4822 559 4883 inquit,
582 4818 787 4868 Hebraei
811 4818 1321 4868 edisserunt.Altare
1334 4822 1393 4868 in
1410 4837 1515 4885 quo
1532 4825 1638 4873 im-

52 4894 390 4946 motabantur
412 4893 677 4943 hostia...
705 4892 765 4939 in
785 4897 941 4954 parte
978 4891 1164 4939 Tribus
1186 4892 1295 4940 Ben
1293 4892 1479 4955 jamin
1507 4896 1634 4957 fuit.

47 4968 177 5030 'Huc,
202 4968 478 5029 inquiunt,
501 4979 624 5027 ergo
660 4964 952 5026 signiﬁcat,
982 4964 1126 5027 quod
1160 4966 1451 5013 sacerdotes
1474 4982 1635 5018 mane

53 5039 328 5089 immolant
349 5038 567 5095 hostias,
589 5041 633 5084 et
657 5038 729 5084 ad
746 5048 1014 5097 uesperam
1029 5034 1278 5083 dividunt
1304 5050 1385 5099 ea,
1404 5052 1519 5101 quae
1534 5040 1636 5089 sibi

54 5128 85 5161 a
105 5110 298 5184 populo
319 5123 385 5159 ea:
403 5109 507 5173 lege
521 5108 713 5184 collata
726 5113 932 5184 sunt....
979 5106 1439 5184 lupumporacem
1478 5127 1640 5184 super

60 5185 239 5233 altaris
266 5181 698 5245 interpretatione
725 5183 995 5243 ponentes,
1014 5184 1059 5227 et
1072 5179 1372 5243 spoliorum
1384 5179 1636 5249 divisionem

55 5272 206 5321 super
218 5253 589 5316 sacerdotibus,
603 5252 700 5316 qui
711 5252 987 5301 servientes
999 5249 1183 5315 altari,
1201 5253 1318 5303 vivu
1328 5264 1385 5305 nt
1397 5260 1458 5308 de
1468 5265 1643 5318 altari

60 5328 304 5380 Ineditus
315 5337 540 5389 quoque
554 5325 707 5398 apud
723 5336 831 5398 nos
846 5330 1044 5398 Auctor,
1068 5324 1325 5385 'l'raditio,
1345 5332 1527 5398 inquit,
1542 5339 1641 5387 He-

62 5402 307 5449 bramrum
343 5403 429 5459 est,
472 5403 517 5444 et
540 5397 690 5444 Beati
712 5396 1038 5458 Hieronymi
1054 5411 1339 5448 consensus
1360 5396 1529 5467 habet,
1553 5410 1639 5459 his

62 5474 211 5522 verbis
220 5470 517 5534 signiﬁcari
530 5468 1220 5536 altareJerosolymitanum
1231 5509 1245 5535 ,
1263 5477 1478 5536 quodin
1490 5483 1639 5531 Tribu

65 5538 333 5610 Benjamtn
348 5537 709 5610 constructum
720 5538 944 5610 constat;
963 5534 1109 5610 quod
1128 5534 1405 5610 more—lupi
1421 5546 1640 5607 rapacis

67 5600 377 5650 matutinum
385 5600 718 5660 sacri/icium
731 5600 875 5661 ignis
889 5600 1189 5646 excoctione
1204 5600 1507 5659 devorabat:
1530 5609 1641 5659 Vcs.

66 5690 174 5740 pere
194 5678 364 5725 autem
382 5672 510 5735 diei,
534 5670 921 5720 consummatis
935 5671 1237 5738 sacriﬁciis,
1258 5679 1305 5724 et
1334 5677 1640 5733 hostiarum

69 5748 368 5804 ceremoniis
390 5745 534 5797 inter
558 5743 860 5797 Sacerdotes
881 5750 929 5797 et
949 5747 1174 5814 Levitas,
1197 5764 1261 5800 ea
1288 5766 1405 5819 quas
1414 5756 1635 5809 residua

1736 4532 1850 4594 qui,
1879 4533 2073 4595 Quam,
2097 4534 2178 4583 ait
2201 4532 2264 4580 de
2287 4532 2460 4581 Paulo
2475 4532 2726 4596 Apostolo
2746 4533 3192 4596 manifestissima
3211 4550 3339 4600 pro-

1730 4604 1916 4668 phetia
1958 4604 2043 4662 sit,
2089 4605 2341 4653 omnibus
2382 4609 2551 4667 patet:
2579 4605 2632 4655 S.
2659 4604 2986 4669 Gregorius,
3010 4605 3106 4657 lib.
3133 4607 3337 4661 XVIII.

1735 4675 1927 4725 Moral.
1951 4686 2074 4738 cap.
2112 4673 2197 4729 16.
2231 4674 2479 4737 denique
2503 4675 2753 4727 ineditus
2775 4676 2929 4740 apud
2956 4690 3064 4729 nos
3102 4681 3335 4741 Auctor,

1737 4746 2108 4809 Signi/temur,
2134 4748 2419 4809 inquiens,
2445 4748 2641 4796 Beatus
2656 4747 2869 4797 Paulus
2890 4749 2951 4798 de
2972 4750 3156 4799 eadem
3178 4751 3341 4801 Tribu

1731 4818 1973 4883 futurus,
2005 4819 2102 4883 qui
2126 4834 2274 4868 more
2295 4820 2412 4885 lupi
2433 4820 2664 4884 rapacis,
2690 4835 2867 4883 mane,
2895 4821 3028 4871 idest
3042 4823 3104 4873 in
3132 4823 3342 4874 adoles-

1732 4890 1908 4939 centia
1936 4904 2037 4937 sua
2059 4891 2301 4953 comedit,
2320 4895 2588 4956 quoniam
2622 4892 2753 4941 dum
2769 4894 2829 4940 in
2853 4908 2974 4941 nece
2991 4895 3053 4945 Β.
3074 4896 3341 4960 Stephani

1735 4962 2085 5034 consentiens,
2106 4968 2152 5011 et
2175 4978 2212 5011 a
2239 4964 2587 5028 Principibus
2612 4964 2965 5015 Sacerdotum
2986 4972 3148 5031 atque
3162 4968 3342 5034 Majo-

1735 5032 1885 5081 ribus
1930 5039 2069 5081 natu
2102 5034 2295 5097 populi
2317 5034 2539 5084 Judaic-i
2562 5035 2834 5099 Epistolas
2848 5036 2910 5085 in
2925 5032 3275 5102 Damascum,
3293 5046 3340 5090 et

1733 5105 1806 5154 ad
1822 5110 2029 5153 ceteras
2044 5105 2283 5152 civitates
2308 5107 2597 5170 accipiens,
2614 5111 2743 5171 quot
2758 5113 2970 5157 sanctos
2982 5108 3191 5159 diversa
3207 5112 3342 5161 cede

1736 5175 2005 5239 laceravit,
2032 5180 2103 5224 tot
2126 5177 2284 5239 quasi
2305 5178 2467 5241 lupus
2487 5192 2672 5241 rapax
2696 5180 2904 5242 praedas
2917 5182 3158 5232 comedit.
3183 5183 3342 5232 Atta-

1733 5263 1858 5297 men
1904 5261 2107 5311 vespere
2141 5247 2316 5311 spolia
2356 5249 2558 5311 divisit,
2595 5251 2817 5313 quando
2856 5258 3161 5315 prostratus
3222 5268 3343 5305 voce

1733 5321 2031 5370 Dominica
2044 5326 2091 5367 et
2114 5320 2334 5383 visione,
2353 5321 2617 5369 lv'idctibus
2630 5324 2781 5369 intra
2795 5337 2890 5371 san
2899 5329 3037 5371 ctam
3049 5324 3342 5376 Ecclesium

1735 5394 2033 5445 constitutis
2069 5406 2311 5456 congrua
2352 5392 2551 5442 divinae
2574 5393 2845 5445 alimonia
2869 5396 3122 5445 doctrinae
3157 5397 3343 5448 distri-

1737 5465 1867 5526 buit,
1890 5469 1999 5517 etc.
2704 5516 2719 5525 ,

1791 5538 1814 5567 ⁴
1848 5536 2240 5603 δαρριθηᾶωη
2280 5538 2504 5590 videtur
2537 5536 2821 5602 satvaerit,
2850 5543 2952 5592 aut
2977 5538 3118 5604 quid
3134 5539 3340 5594 simile.

1791 5617 1811 5641 ·
1844 5614 1962 5663 Aut
2004 5614 2244 5663 verbum
2276 5609 2403 5662 heic
2429 5610 2661 5675 aliquod
2684 5611 3060 5675 desideratur,
3086 5616 3186 5665 aut
3218 5626 3335 5663 non

1728 5684 1987 5751 pervenit,
2014 5696 2115 5749 pro
2134 5684 2432 5750 pervenerit
2452 5684 2761 5750 legendum
2784 5691 2890 5741 est.
2916 5685 3160 5739 Leviora
3193 5684 3342 5745 iule-

1737 5756 1860 5812 rius
1885 5756 2042 5812 taciti
2056 5758 2427 5825 castigamus.
