  <div class='ocr_page' id='page_1' title='image "/cluster/home/n/w/nwhite01/storage/ocr_20150623/21/umn.319510024773153/171.png"; bbox 0 0 3898 6440; ppageno 0'>
   <div class='ocr_carea' id='block_1_1' title="bbox 524 400 629 459">
    <p class='ocr_par' dir='ltr' id='par_1_1' title="bbox 524 400 629 459">
     <span class='ocr_line' id='line_1_1' title="bbox 524 400 629 459; baseline 0 0"><span class='ocrx_word' id='word_1_1' title='bbox 524 400 629 459; x_wconf 85' lang='grc'><strong>335</strong></span> 
     </span>
    </p>
   </div>
   <div class='ocr_carea' id='block_1_2' title="bbox 1549 404 2795 470">
    <p class='ocr_par' dir='ltr' id='par_1_2' title="bbox 1549 404 2795 470">
     <span class='ocr_line' id='line_1_2' title="bbox 1549 404 2795 470; baseline -0.003 -11"><span class='ocrx_word' id='word_1_2' title='bbox 1549 406 1793 460; x_wconf 86' lang='lat' dir='ltr'>RUFINI</span> <span class='ocrx_word' id='word_1_3' title='bbox 1827 406 2318 470; x_wconf 85' lang='lat' dir='ltr'>AQUILEIENSIS</span> <span class='ocrx_word' id='word_1_4' title='bbox 2360 404 2795 458; x_wconf 86' lang='lat' dir='ltr'>PRESBYTERI</span> 
     </span>
    </p>
   </div>
   <div class='ocr_carea' id='block_1_3' title="bbox 3718 403 3808 459">
    <p class='ocr_par' dir='ltr' id='par_1_3' title="bbox 3718 403 3808 459">
     <span class='ocr_line' id='line_1_3' title="bbox 3718 403 3808 459; baseline -0.011 0"><span class='ocrx_word' id='word_1_5' title='bbox 3718 403 3808 459; x_wconf 83' lang='lat'>336</span> 
     </span>
    </p>
   </div>
   <div class='ocr_carea' id='block_1_4' title="bbox 524 518 3807 601">
    <p class='ocr_par' dir='ltr' id='par_1_4' title="bbox 524 518 3807 601">
     <span class='ocr_line' id='line_1_4' title="bbox 524 518 3807 601; baseline 0 -30"><span class='ocrx_word' id='word_1_6' title='bbox 524 523 615 571; x_wconf 83' lang='lat' dir='ltr'>est</span> <span class='ocrx_word' id='word_1_7' title='bbox 650 518 713 571; x_wconf 88' lang='lat' dir='ltr'>in</span> <span class='ocrx_word' id='word_1_8' title='bbox 742 520 1035 585; x_wconf 89' lang='lat' dir='ltr'>Benjamin</span> <span class='ocrx_word' id='word_1_9' title='bbox 1063 522 1122 573; x_wconf 90' lang='lat' dir='ltr'>in</span> <span class='ocrx_word' id='word_1_10' title='bbox 1153 534 1232 582; x_wconf 90' lang='lat' dir='ltr'>se,</span> <span class='ocrx_word' id='word_1_11' title='bbox 1257 526 1322 573; x_wconf 90' lang='lat' dir='ltr'>ut</span> <span class='ocrx_word' id='word_1_12' title='bbox 1343 526 1719 586; x_wconf 83' lang='lat' dir='ltr'>posteaquam</span> <span class='ocrx_word' id='word_1_13' title='bbox 1741 521 1918 573; x_wconf 88' lang='lat' dir='ltr'>veluti</span> <span class='ocrx_word' id='word_1_14' title='bbox 1939 520 2112 586; x_wconf 87' lang='lat' dir='ltr'>lupus</span> <span class='ocrx_word' id='word_1_15' title='bbox 2139 525 2196 601; x_wconf 73' lang='grc' dir='ltr'><strong>Α</strong></span> <span class='ocrx_word' id='word_1_16' title='bbox 2223 520 2399 573; x_wconf 85' lang='lat' dir='ltr'>futuri</span> <span class='ocrx_word' id='word_1_17' title='bbox 2418 520 2577 584; x_wconf 88' lang='lat' dir='ltr'>regni</span> <span class='ocrx_word' id='word_1_18' title='bbox 2594 518 3052 583; x_wconf 86' lang='lat' dir='ltr'>designaverint:</span> <span class='ocrx_word' id='word_1_19' title='bbox 3069 530 3204 583; x_wconf 73' lang='lat' dir='ltr'>quae</span> <span class='ocrx_word' id='word_1_20' title='bbox 3226 520 3451 584; x_wconf 87' lang='lat' dir='ltr'>propter</span> <span class='ocrx_word' id='word_1_21' title='bbox 3471 518 3807 582; x_wconf 82' lang='lat' dir='ltr'>interiorem,</span> 
     </span>
    </p>
   </div>
   <div class='ocr_carea' id='block_1_5' title="bbox 524 609 2112 674">
    <p class='ocr_par' dir='ltr' id='par_1_5' title="bbox 524 609 2112 674">
     <span class='ocr_line' id='line_1_5' title="bbox 524 609 2112 674; baseline 0.002 -13"><span class='ocrx_word' id='word_1_22' title='bbox 524 609 783 661; x_wconf 83' lang='lat' dir='ltr'>esuriens</span> <span class='ocrx_word' id='word_1_23' title='bbox 808 613 1051 674; x_wconf 83' lang='lat' dir='ltr'>etrapax</span> <span class='ocrx_word' id='word_1_24' title='bbox 1069 611 1547 674; x_wconf 87' lang='lat' dir='ltr'>diripuitregnum</span> <span class='ocrx_word' id='word_1_25' title='bbox 1573 611 2112 674; x_wconf 65' lang='lat' dir='ltr'>cmiorum,etinva—</span> 
     </span>
    </p>
   </div>
   <div class='ocr_carea' id='block_1_6' title="bbox 526 699 2118 765">
    <p class='ocr_par' dir='ltr' id='par_1_6' title="bbox 526 699 2118 765">
     <span class='ocr_line' id='line_1_6' title="bbox 526 699 2118 765; baseline 0.002 -16"><span class='ocrx_word' id='word_1_26' title='bbox 526 699 601 749; x_wconf 89' lang='lat' dir='ltr'>sit</span> <span class='ocrx_word' id='word_1_27' title='bbox 654 710 736 760; x_wconf 88' lang='lat' dir='ltr'>ea,</span> <span class='ocrx_word' id='word_1_28' title='bbox 795 711 926 762; x_wconf 73' lang='lat' dir='ltr'>quae</span> <span class='ocrx_word' id='word_1_29' title='bbox 964 699 1021 752; x_wconf 90' lang='lat' dir='ltr'>in</span> <span class='ocrx_word' id='word_1_30' title='bbox 1045 701 1191 762; x_wconf 87' lang='lat' dir='ltr'>Lege</span> <span class='ocrx_word' id='word_1_31' title='bbox 1210 704 1267 750; x_wconf 89' lang='lat' dir='ltr'>et</span> <span class='ocrx_word' id='word_1_32' title='bbox 1290 700 1587 764; x_wconf 88' lang='lat' dir='ltr'>Prophetia</span> <span class='ocrx_word' id='word_1_33' title='bbox 1608 705 1781 764; x_wconf 90' lang='lat' dir='ltr'>atque</span> <span class='ocrx_word' id='word_1_34' title='bbox 1797 702 2118 765; x_wconf 83' lang='lat' dir='ltr'>Evangeliis</span> 
     </span>
    </p>
   </div>
   <div class='ocr_carea' id='block_1_7' title="bbox 518 785 2116 853">
    <p class='ocr_par' dir='ltr' id='par_1_7' title="bbox 518 785 2116 853">
     <span class='ocr_line' id='line_1_7' title="bbox 518 785 2116 853; baseline 0.003 -16"><span class='ocrx_word' id='word_1_35' title='bbox 518 785 751 851; x_wconf 78' lang='lat' dir='ltr'>legerat,</span> <span class='ocrx_word' id='word_1_36' title='bbox 787 799 1030 850; x_wconf 87' lang='lat' dir='ltr'>quorum</span> <span class='ocrx_word' id='word_1_37' title='bbox 1056 788 1352 839; x_wconf 79' lang='lat' dir='ltr'>scientiam</span> <span class='ocrx_word' id='word_1_38' title='bbox 1380 802 1453 841; x_wconf 82' lang='lat' dir='ltr'>ex</span> <span class='ocrx_word' id='word_1_39' title='bbox 1477 795 1635 853; x_wconf 88' lang='lat' dir='ltr'>parte</span> <span class='ocrx_word' id='word_1_40' title='bbox 1674 790 1767 840; x_wconf 90' lang='lat' dir='ltr'>hic</span> <span class='ocrx_word' id='word_1_41' title='bbox 1804 789 2003 841; x_wconf 86' lang='lat' dir='ltr'>habuit</span> <span class='ocrx_word' id='word_1_42' title='bbox 2028 792 2116 852; x_wconf 82' lang='lat' dir='ltr'>(ex</span> 
     </span>
    </p>
   </div>
   <div class='ocr_carea' id='block_1_8' title="bbox 523 876 2119 941">
    <p class='ocr_par' dir='ltr' id='par_1_8' title="bbox 523 876 2119 941">
     <span class='ocr_line' id='line_1_8' title="bbox 523 876 2119 941; baseline 0.004 -15"><span class='ocrx_word' id='word_1_43' title='bbox 523 880 679 940; x_wconf 89' lang='lat' dir='ltr'>parte</span> <span class='ocrx_word' id='word_1_44' title='bbox 707 876 857 926; x_wconf 89' lang='lat' dir='ltr'>enim</span> <span class='ocrx_word' id='word_1_45' title='bbox 882 880 939 927; x_wconf 91' lang='lat' dir='ltr'>et</span> <span class='ocrx_word' id='word_1_46' title='bbox 961 878 1270 940; x_wconf 80' lang='lat' dir='ltr'>Apostolus</span> <span class='ocrx_word' id='word_1_47' title='bbox 1294 877 1506 929; x_wconf 73' lang='lat' dir='ltr'>Paulus</span> <span class='ocrx_word' id='word_1_48' title='bbox 1531 878 1740 930; x_wconf 89' lang='lat' dir='ltr'>habere</span> <span class='ocrx_word' id='word_1_49' title='bbox 1783 892 1843 930; x_wconf 92' lang='lat' dir='ltr'>se</span> <span class='ocrx_word' id='word_1_50' title='bbox 1873 879 2028 941; x_wconf 88' lang='lat' dir='ltr'>dicit)</span> <span class='ocrx_word' id='word_1_51' title='bbox 2062 883 2119 932; x_wconf 91' lang='lat' dir='ltr'>et</span> 
     </span>
    </p>
   </div>
   <div class='ocr_carea' id='block_1_9' title="bbox 514 963 2118 1033">
    <p class='ocr_par' dir='ltr' id='par_1_9' title="bbox 514 963 2118 1033">
     <span class='ocr_line' id='line_1_9' title="bbox 514 963 2118 1033; baseline 0.003 -18"><span class='ocrx_word' id='word_1_52' title='bbox 514 963 576 1015; x_wconf 89' lang='lat' dir='ltr'>in</span> <span class='ocrx_word' id='word_1_53' title='bbox 609 965 822 1016; x_wconf 88' lang='lat' dir='ltr'>muiido</span> <span class='ocrx_word' id='word_1_54' title='bbox 869 965 1026 1018; x_wconf 89' lang='lat' dir='ltr'>velut</span> <span class='ocrx_word' id='word_1_55' title='bbox 1078 966 1140 1017; x_wconf 92' lang='lat' dir='ltr'>in</span> <span class='ocrx_word' id='word_1_56' title='bbox 1172 968 1454 1020; x_wconf 84' lang='lat' dir='ltr'>matutino</span> <span class='ocrx_word' id='word_1_57' title='bbox 1479 969 1701 1033; x_wconf 88' lang='lat' dir='ltr'>positus</span> <span class='ocrx_word' id='word_1_58' title='bbox 1729 968 1953 1031; x_wconf 81' lang='lat' dir='ltr'>edebat,</span> <span class='ocrx_word' id='word_1_59' title='bbox 1986 981 2118 1020; x_wconf 92' lang='lat' dir='ltr'>cum</span> 
     </span>
    </p>
   </div>
   <div class='ocr_carea' id='block_1_10' title="bbox 514 1053 2113 1118">
    <p class='ocr_par' dir='ltr' id='par_1_10' title="bbox 514 1053 2113 1118">
     <span class='ocr_line' id='line_1_10' title="bbox 514 1053 2113 1118; baseline 0.003 -14"><span class='ocrx_word' id='word_1_60' title='bbox 514 1065 631 1104; x_wconf 90' lang='lat' dir='ltr'>non</span> <span class='ocrx_word' id='word_1_61' title='bbox 660 1053 720 1104; x_wconf 91' lang='lat' dir='ltr'>in</span> <span class='ocrx_word' id='word_1_62' title='bbox 743 1066 886 1118; x_wconf 84' lang='lat' dir='ltr'>pane</span> <span class='ocrx_word' id='word_1_63' title='bbox 910 1055 1032 1107; x_wconf 89' lang='lat' dir='ltr'>solo</span> <span class='ocrx_word' id='word_1_64' title='bbox 1058 1056 1294 1113; x_wconf 79' lang='lat' dir='ltr'>viveret,</span> <span class='ocrx_word' id='word_1_65' title='bbox 1318 1056 1418 1108; x_wconf 90' lang='lat' dir='ltr'>sed</span> <span class='ocrx_word' id='word_1_66' title='bbox 1443 1060 1499 1108; x_wconf 91' lang='lat' dir='ltr'>et</span> <span class='ocrx_word' id='word_1_67' title='bbox 1517 1058 1575 1108; x_wconf 91' lang='lat' dir='ltr'>in</span> <span class='ocrx_word' id='word_1_68' title='bbox 1601 1057 1758 1109; x_wconf 92' lang='lat' dir='ltr'>omni</span> <span class='ocrx_word' id='word_1_69' title='bbox 1782 1059 1956 1109; x_wconf 88' lang='lat' dir='ltr'>verbo</span> <span class='ocrx_word' id='word_1_70' title='bbox 1973 1057 2073 1109; x_wconf 87' lang='lat' dir='ltr'>Dei</span> <span class='ocrx_word' id='word_1_71' title='bbox 2101 1072 2113 1108; x_wconf 91' lang='lat'><strong>:</strong></span> 
     </span>
    </p>
   </div>
   <div class='ocr_carea' id='block_1_11' title="bbox 518 1140 2116 1210">
    <p class='ocr_par' dir='ltr' id='par_1_11' title="bbox 518 1140 2116 1210">
     <span class='ocr_line' id='line_1_11' title="bbox 518 1140 2116 1210; baseline 0.003 -16"><span class='ocrx_word' id='word_1_72' title='bbox 518 1140 647 1195; x_wconf 64' lang='lat' dir='ltr'>hwc</span> <span class='ocrx_word' id='word_1_73' title='bbox 687 1141 781 1195; x_wconf 91' lang='lat' dir='ltr'>ille</span> <span class='ocrx_word' id='word_1_74' title='bbox 827 1143 996 1206; x_wconf 84' lang='lat' dir='ltr'>[Alias</span> <span class='ocrx_word' id='word_1_75' title='bbox 1037 1144 1147 1209; x_wconf 83' lang='lat' dir='ltr'>illa]</span> <span class='ocrx_word' id='word_1_76' title='bbox 1176 1145 1254 1196; x_wconf 85' lang='lat' dir='ltr'>ibi</span> <span class='ocrx_word' id='word_1_77' title='bbox 1284 1145 1512 1210; x_wconf 90' lang='lat' dir='ltr'>positus</span> <span class='ocrx_word' id='word_1_78' title='bbox 1541 1147 1598 1198; x_wconf 89' lang='lat' dir='ltr'>in</span> <span class='ocrx_word' id='word_1_79' title='bbox 1630 1158 1827 1210; x_wconf 91' lang='lat' dir='ltr'>regno,</span> <span class='ocrx_word' id='word_1_80' title='bbox 1846 1146 1969 1210; x_wconf 90' lang='lat' dir='ltr'>jam</span> <span class='ocrx_word' id='word_1_81' title='bbox 1999 1158 2116 1198; x_wconf 90' lang='lat' dir='ltr'>non</span> 
     </span>
    </p>
   </div>
   <div class='ocr_carea' id='block_1_12' title="bbox 519 1231 2117 1297">
    <p class='ocr_par' dir='ltr' id='par_1_12' title="bbox 519 1231 2117 1297">
     <span class='ocr_line' id='line_1_12' title="bbox 519 1231 2117 1297; baseline 0.004 -16"><span class='ocrx_word' id='word_1_82' title='bbox 519 1242 619 1295; x_wconf 89' lang='lat' dir='ltr'>per</span> <span class='ocrx_word' id='word_1_83' title='bbox 652 1231 946 1296; x_wconf 89' lang='lat' dir='ltr'>speculum</span> <span class='ocrx_word' id='word_1_84' title='bbox 991 1232 1049 1283; x_wconf 90' lang='lat' dir='ltr'>in</span> <span class='ocrx_word' id='word_1_85' title='bbox 1100 1232 1424 1297; x_wconf 69' lang='lat' dir='ltr'>aanigmate,</span> <span class='ocrx_word' id='word_1_86' title='bbox 1470 1234 1571 1286; x_wconf 90' lang='lat' dir='ltr'>sed</span> <span class='ocrx_word' id='word_1_87' title='bbox 1624 1234 1766 1286; x_wconf 80' lang='lat' dir='ltr'>facie</span> <span class='ocrx_word' id='word_1_88' title='bbox 1801 1234 1875 1286; x_wconf 88' lang='lat' dir='ltr'>ad</span> <span class='ocrx_word' id='word_1_89' title='bbox 1915 1234 2117 1286; x_wconf 81' lang='lat' dir='ltr'>faciem</span> 
     </span>
    </p>
   </div>
   <div class='ocr_carea' id='block_1_13' title="bbox 518 1320 2116 1385">
    <p class='ocr_par' dir='ltr' id='par_1_13' title="bbox 518 1320 2116 1385">
     <span class='ocr_line' id='line_1_13' title="bbox 518 1320 2116 1385; baseline 0.003 -14"><span class='ocrx_word' id='word_1_90' title='bbox 518 1320 791 1385; x_wconf 89' lang='lat' dir='ltr'>prospicit</span> <span class='ocrx_word' id='word_1_91' title='bbox 812 1320 1100 1382; x_wconf 89' lang='lat' dir='ltr'>universa,</span> <span class='ocrx_word' id='word_1_92' title='bbox 1129 1327 1186 1374; x_wconf 89' lang='lat' dir='ltr'>et</span> <span class='ocrx_word' id='word_1_93' title='bbox 1205 1322 1411 1374; x_wconf 77' lang='lat' dir='ltr'>dividit.</span> <span class='ocrx_word' id='word_1_94' title='bbox 1431 1336 1498 1375; x_wconf 92' lang='lat' dir='ltr'>ac</span> <span class='ocrx_word' id='word_1_95' title='bbox 1521 1323 1812 1383; x_wconf 75' lang='lat' dir='ltr'>discernit,</span> <span class='ocrx_word' id='word_1_96' title='bbox 1838 1326 1897 1375; x_wconf 90' lang='lat' dir='ltr'>et</span> <span class='ocrx_word' id='word_1_97' title='bbox 1927 1323 2004 1373; x_wconf 89' lang='lat' dir='ltr'>ibi</span> <span class='ocrx_word' id='word_1_98' title='bbox 2028 1324 2116 1375; x_wconf 84' lang='lat' dir='ltr'>de-</span> 
     </span>
    </p>
   </div>
   <div class='ocr_carea' id='block_1_14' title="bbox 516 1408 2116 1477">
    <p class='ocr_par' dir='ltr' id='par_1_14' title="bbox 516 1408 2116 1477">
     <span class='ocr_line' id='line_1_14' title="bbox 516 1408 2116 1477; baseline 0.003 -17"><span class='ocrx_word' id='word_1_99' title='bbox 516 1421 678 1461; x_wconf 88' lang='lat' dir='ltr'>mum</span> <span class='ocrx_word' id='word_1_100' title='bbox 730 1408 1011 1475; x_wconf 80' lang='lat' dir='ltr'>intelligit,</span> <span class='ocrx_word' id='word_1_101' title='bbox 1058 1424 1190 1475; x_wconf 63' lang='lat' dir='ltr'>quae</span> <span class='ocrx_word' id='word_1_102' title='bbox 1234 1412 1295 1463; x_wconf 90' lang='lat' dir='ltr'>in</span> <span class='ocrx_word' id='word_1_103' title='bbox 1320 1412 1621 1477; x_wconf 80' lang='lat' dir='ltr'>Scripturis</span> <span class='ocrx_word' id='word_1_104' title='bbox 1646 1414 1860 1465; x_wconf 78' lang='lat' dir='ltr'>sanctis</span> <span class='ocrx_word' id='word_1_105' title='bbox 1882 1418 2116 1477; x_wconf 84' lang='lat' dir='ltr'>propter</span> 
     </span>
    </p>
   </div>
   <div class='ocr_carea' id='block_1_15' title="bbox 514 1500 2109 1567">
    <p class='ocr_par' dir='ltr' id='par_1_15' title="bbox 514 1500 2109 1567">
     <span class='ocr_line' id='line_1_15' title="bbox 514 1500 2109 1567; baseline 0.002 -17"><span class='ocrx_word' id='word_1_106' title='bbox 514 1504 860 1563; x_wconf 71' lang='lat' dir='ltr'>praesentem</span> <span class='ocrx_word' id='word_1_107' title='bbox 900 1500 1033 1552; x_wconf 65' lang='lat' dir='ltr'>vitai</span> <span class='ocrx_word' id='word_1_108' title='bbox 1071 1506 1288 1553; x_wconf 87' lang='lat' dir='ltr'>statum</span> <span class='ocrx_word' id='word_1_109' title='bbox 1314 1502 1526 1567; x_wconf 87' lang='lat' dir='ltr'>scripta</span> <span class='ocrx_word' id='word_1_110' title='bbox 1539 1503 1702 1554; x_wconf 90' lang='lat' dir='ltr'>sunt:</span> <span class='ocrx_word' id='word_1_111' title='bbox 1722 1514 1853 1566; x_wconf 66' lang='lat' dir='ltr'>quae</span> <span class='ocrx_word' id='word_1_112' title='bbox 1870 1502 2109 1567; x_wconf 77' lang='lat' dir='ltr'>gloriam</span> 
     </span>
    </p>
   </div>
   <div class='ocr_carea' id='block_1_16' title="bbox 2220 608 3809 674">
    <p class='ocr_par' dir='ltr' id='par_1_16' title="bbox 2220 608 3809 674">
     <span class='ocr_line' id='line_1_16' title="bbox 2220 608 3809 674; baseline -0.001 -12"><span class='ocrx_word' id='word_1_113' title='bbox 2220 622 2351 674; x_wconf 67' lang='lat' dir='ltr'>quae</span> <span class='ocrx_word' id='word_1_114' title='bbox 2376 612 2602 674; x_wconf 85' lang='lat' dir='ltr'>propter</span> <span class='ocrx_word' id='word_1_115' title='bbox 2625 609 2963 660; x_wconf 80' lang='lat' dir='ltr'>exteriorem</span> <span class='ocrx_word' id='word_1_116' title='bbox 2975 608 3264 659; x_wconf 88' lang='lat' dir='ltr'>hominem</span> <span class='ocrx_word' id='word_1_117' title='bbox 3277 608 3429 660; x_wconf 88' lang='lat' dir='ltr'>dicta</span> <span class='ocrx_word' id='word_1_118' title='bbox 3450 610 3583 671; x_wconf 86' lang='lat' dir='ltr'>sint,</span> <span class='ocrx_word' id='word_1_119' title='bbox 3607 609 3689 659; x_wconf 90' lang='lat' dir='ltr'>ibi</span> <span class='ocrx_word' id='word_1_120' title='bbox 3703 613 3809 661; x_wconf 87' lang='lat' dir='ltr'>arte</span> 
     </span>
    </p>
   </div>
   <div class='ocr_carea' id='block_1_17' title="bbox 2219 697 3805 763">
    <p class='ocr_par' dir='ltr' id='par_1_17' title="bbox 2219 697 3805 763">
     <span class='ocr_line' id='line_1_17' title="bbox 2219 697 3805 763; baseline -0.003 -13"><span class='ocrx_word' id='word_1_121' title='bbox 2219 699 2513 761; x_wconf 77' lang='lat' dir='ltr'>cognoscit</span> <span class='ocrx_word' id='word_1_122' title='bbox 2541 697 2642 762; x_wconf 79' lang='lat' dir='ltr'>[AL</span> <span class='ocrx_word' id='word_1_123' title='bbox 2673 697 3042 761; x_wconf 78' lang='lat' dir='ltr'>cognoscent]</span> <span class='ocrx_word' id='word_1_124' title='bbox 3072 697 3310 761; x_wconf 90' lang='lat' dir='ltr'>plenius,</span> <span class='ocrx_word' id='word_1_125' title='bbox 3327 711 3459 763; x_wconf 69' lang='lat' dir='ltr'>quin</span> <span class='ocrx_word' id='word_1_126' title='bbox 3483 699 3540 750; x_wconf 88' lang='lat' dir='ltr'>in</span> <span class='ocrx_word' id='word_1_127' title='bbox 3560 698 3656 749; x_wconf 88' lang='lat' dir='ltr'>his</span> <span class='ocrx_word' id='word_1_128' title='bbox 3681 702 3805 759; x_wconf 82' lang='lat' dir='ltr'>ipsis,</span> 
     </span>
    </p>
   </div>
   <div class='ocr_carea' id='block_1_18' title="bbox 2218 786 3806 851">
    <p class='ocr_par' dir='ltr' id='par_1_18' title="bbox 2218 786 3806 851">
     <span class='ocr_line' id='line_1_18' title="bbox 2218 786 3806 851; baseline 0 -12"><span class='ocrx_word' id='word_1_129' title='bbox 2218 800 2348 851; x_wconf 69' lang='lat' dir='ltr'>quae</span> <span class='ocrx_word' id='word_1_130' title='bbox 2374 800 2526 837; x_wconf 89' lang='lat' dir='ltr'>nunc</span> <span class='ocrx_word' id='word_1_131' title='bbox 2550 799 2656 837; x_wconf 92' lang='lat' dir='ltr'>nos</span> <span class='ocrx_word' id='word_1_132' title='bbox 2677 786 3023 850; x_wconf 82' lang='lat' dir='ltr'>pedetentim</span> <span class='ocrx_word' id='word_1_133' title='bbox 3043 786 3358 850; x_wconf 88' lang='lat' dir='ltr'>pulsamus,</span> <span class='ocrx_word' id='word_1_134' title='bbox 3380 792 3615 839; x_wconf 78' lang='lat' dir='ltr'>servent</span> <span class='ocrx_word' id='word_1_135' title='bbox 3636 787 3806 839; x_wconf 85' lang='lat' dir='ltr'>histo-</span> 
     </span>
    </p>
   </div>
   <div class='ocr_carea' id='block_1_19' title="bbox 2217 876 3805 941">
    <p class='ocr_par' dir='ltr' id='par_1_19' title="bbox 2217 876 3805 941">
     <span class='ocr_line' id='line_1_19' title="bbox 2217 876 3805 941; baseline 0.001 -14"><span class='ocrx_word' id='word_1_136' title='bbox 2217 878 2317 928; x_wconf 63' lang='lat' dir='ltr'>riae</span> <span class='ocrx_word' id='word_1_137' title='bbox 2365 876 2568 927; x_wconf 73' lang='lat' dir='ltr'>(idem:</span> <span class='ocrx_word' id='word_1_138' title='bbox 2612 887 2743 938; x_wconf 72' lang='lat' dir='ltr'>quin</span> <span class='ocrx_word' id='word_1_139' title='bbox 2778 876 3641 928; x_wconf 56' lang='lat' dir='ltr'>solacontineantsacramenta:</span> <span class='ocrx_word' id='word_1_140' title='bbox 3685 890 3805 941; x_wconf 63' lang='lat' dir='ltr'>qua:</span> 
     </span>
    </p>
   </div>
   <div class='ocr_carea' id='block_1_20' title="bbox 2219 964 3807 1031">
    <p class='ocr_par' dir='ltr' id='par_1_20' title="bbox 2219 964 3807 1031">
     <span class='ocr_line' id='line_1_20' title="bbox 2219 964 3807 1031; baseline 0.001 -14"><span class='ocrx_word' id='word_1_141' title='bbox 2219 978 2355 1017; x_wconf 88' lang='lat' dir='ltr'>vero</span> <span class='ocrx_word' id='word_1_142' title='bbox 2382 964 2700 1016; x_wconf 89' lang='lat' dir='ltr'>secundum</span> <span class='ocrx_word' id='word_1_143' title='bbox 2731 964 3048 1026; x_wconf 87' lang='lat' dir='ltr'>Ethnicam,</span> <span class='ocrx_word' id='word_1_144' title='bbox 3085 971 3141 1017; x_wconf 91' lang='lat' dir='ltr'>et</span> <span class='ocrx_word' id='word_1_145' title='bbox 3181 966 3447 1017; x_wconf 76' lang='lat' dir='ltr'>Moralem</span> <span class='ocrx_word' id='word_1_146' title='bbox 3480 967 3807 1031; x_wconf 85' lang='lat' dir='ltr'>interpreta-</span> 
     </span>
    </p>
   </div>
   <div class='ocr_carea' id='block_1_21' title="bbox 2223 1054 3807 1121">
    <p class='ocr_par' dir='ltr' id='par_1_21' title="bbox 2223 1054 3807 1121">
     <span class='ocr_line' id='line_1_21' title="bbox 2223 1054 3807 1121; baseline 0.002 -16"><span class='ocrx_word' id='word_1_147' title='bbox 2223 1058 2435 1107; x_wconf 79' lang='lat' dir='ltr'>tionem</span> <span class='ocrx_word' id='word_1_148' title='bbox 2460 1055 2760 1119; x_wconf 72' lang='lat' dir='ltr'>Scripturze</span> <span class='ocrx_word' id='word_1_149' title='bbox 2787 1054 3034 1107; x_wconf 76' lang='lat' dir='ltr'>debeant</span> <span class='ocrx_word' id='word_1_150' title='bbox 3055 1056 3282 1120; x_wconf 77' lang='lat' dir='ltr'>exponi.</span> <span class='ocrx_word' id='word_1_151' title='bbox 3298 1058 3435 1117; x_wconf 70' lang='lat' dir='ltr'>Qua:</span> <span class='ocrx_word' id='word_1_152' title='bbox 3468 1056 3517 1106; x_wconf 90' lang='lat' dir='ltr'>si</span> <span class='ocrx_word' id='word_1_153' title='bbox 3541 1069 3651 1107; x_wconf 90' lang='lat' dir='ltr'>nos</span> <span class='ocrx_word' id='word_1_154' title='bbox 3672 1069 3807 1121; x_wconf 89' lang='lat' dir='ltr'>pau-</span> 
     </span>
    </p>
   </div>
   <div class='ocr_carea' id='block_1_22' title="bbox 2220 1144 3807 1211">
    <p class='ocr_par' dir='ltr' id='par_1_22' title="bbox 2220 1144 3807 1211">
     <span class='ocr_line' id='line_1_22' title="bbox 2220 1144 3807 1211; baseline 0.002 -15"><span class='ocrx_word' id='word_1_155' title='bbox 2220 1158 2384 1211; x_wconf 85' lang='lat' dir='ltr'>peres</span> <span class='ocrx_word' id='word_1_156' title='bbox 2402 1146 2657 1195; x_wconf 65' lang='lat' dir='ltr'>scientiae</span> <span class='ocrx_word' id='word_1_157' title='bbox 2686 1144 2883 1209; x_wconf 87' lang='lat' dir='ltr'>gratia,</span> <span class='ocrx_word' id='word_1_158' title='bbox 2908 1145 2959 1196; x_wconf 90' lang='lat' dir='ltr'>ei</span> <span class='ocrx_word' id='word_1_159' title='bbox 2972 1145 3031 1197; x_wconf 89' lang='lat' dir='ltr'>in</span> <span class='ocrx_word' id='word_1_160' title='bbox 3056 1158 3223 1198; x_wconf 89' lang='lat' dir='ltr'>carne</span> <span class='ocrx_word' id='word_1_161' title='bbox 3234 1144 3422 1197; x_wconf 89' lang='lat' dir='ltr'>adhuc</span> <span class='ocrx_word' id='word_1_162' title='bbox 3440 1145 3607 1209; x_wconf 88' lang='lat' dir='ltr'>positi</span> <span class='ocrx_word' id='word_1_163' title='bbox 3621 1146 3807 1199; x_wconf 90' lang='lat' dir='ltr'>minus</span> 
     </span>
    </p>
   </div>
   <div class='ocr_carea' id='block_1_23' title="bbox 2218 1233 3806 1298">
    <p class='ocr_par' dir='ltr' id='par_1_23' title="bbox 2218 1233 3806 1298">
     <span class='ocr_line' id='line_1_23' title="bbox 2218 1233 3806 1298; baseline 0.001 -13"><span class='ocrx_word' id='word_1_164' title='bbox 2218 1233 2389 1298; x_wconf 80' lang='lat' dir='ltr'>digne</span> <span class='ocrx_word' id='word_1_165' title='bbox 2411 1233 2706 1298; x_wconf 86' lang='lat' dir='ltr'>potuimus</span> <span class='ocrx_word' id='word_1_166' title='bbox 2728 1233 3049 1297; x_wconf 81' lang='lat' dir='ltr'>explanare,</span> <span class='ocrx_word' id='word_1_167' title='bbox 3080 1234 3307 1286; x_wconf 82' lang='lat' dir='ltr'>veniam</span> <span class='ocrx_word' id='word_1_168' title='bbox 3330 1234 3525 1298; x_wconf 87' lang='lat' dir='ltr'>dabis;</span> <span class='ocrx_word' id='word_1_169' title='bbox 3551 1234 3688 1298; x_wconf 86' lang='lat' dir='ltr'>quia</span> <span class='ocrx_word' id='word_1_170' title='bbox 3706 1235 3806 1288; x_wconf 89' lang='lat' dir='ltr'>hoc</span> 
     </span>
    </p>
   </div>
   <div class='ocr_carea' id='block_1_24' title="bbox 2216 1322 3806 1388">
    <p class='ocr_par' dir='ltr' id='par_1_24' title="bbox 2216 1322 3806 1388">
     <span class='ocr_line' id='line_1_24' title="bbox 2216 1322 3806 1388; baseline 0.002 -15"><span class='ocrx_word' id='word_1_171' title='bbox 2216 1322 2407 1387; x_wconf 90' lang='lat' dir='ltr'>ipsum</span> <span class='ocrx_word' id='word_1_172' title='bbox 2432 1324 2498 1373; x_wconf 90' lang='lat' dir='ltr'>ut</span> <span class='ocrx_word' id='word_1_173' title='bbox 2516 1322 2853 1385; x_wconf 88' lang='lat' dir='ltr'>imperitiam</span> <span class='ocrx_word' id='word_1_174' title='bbox 2870 1327 3127 1375; x_wconf 90' lang='lat' dir='ltr'>nostram</span> <span class='ocrx_word' id='word_1_175' title='bbox 3156 1322 3378 1388; x_wconf 88' lang='lat' dir='ltr'>prodire</span> <span class='ocrx_word' id='word_1_176' title='bbox 3409 1322 3727 1375; x_wconf 86' lang='lat' dir='ltr'>audeamus</span> <span class='ocrx_word' id='word_1_177' title='bbox 3752 1324 3806 1376; x_wconf 89' lang='lat' dir='ltr'>in</span> 
     </span>
    </p>
   </div>
   <div class='ocr_carea' id='block_1_25' title="bbox 2214 1411 3806 1476">
    <p class='ocr_par' dir='ltr' id='par_1_25' title="bbox 2214 1411 3806 1476">
     <span class='ocr_line' id='line_1_25' title="bbox 2214 1411 3806 1476; baseline 0.001 -13"><span class='ocrx_word' id='word_1_178' title='bbox 2214 1412 2526 1476; x_wconf 91' lang='lat' dir='ltr'>publicum,</span> <span class='ocrx_word' id='word_1_179' title='bbox 2550 1411 2725 1462; x_wconf 90' lang='lat' dir='ltr'>nimia</span> <span class='ocrx_word' id='word_1_180' title='bbox 2740 1412 2946 1464; x_wconf 80' lang='lat' dir='ltr'>caritas</span> <span class='ocrx_word' id='word_1_181' title='bbox 2961 1417 3059 1464; x_wconf 88' lang='lat' dir='ltr'>tua</span> <span class='ocrx_word' id='word_1_182' title='bbox 3074 1412 3207 1464; x_wconf 80' lang='lat' dir='ltr'>facit</span> <span class='ocrx_word' id='word_1_183' title='bbox 3229 1426 3242 1464; x_wconf 91' lang='lat'><strong>:</strong></span> <span class='ocrx_word' id='word_1_184' title='bbox 3262 1412 3352 1463; x_wconf 92' lang='lat' dir='ltr'>cui</span> <span class='ocrx_word' id='word_1_185' title='bbox 3373 1412 3420 1463; x_wconf 90' lang='lat' dir='ltr'>si</span> <span class='ocrx_word' id='word_1_186' title='bbox 3441 1424 3561 1465; x_wconf 88' lang='lat' dir='ltr'>non</span> <span class='ocrx_word' id='word_1_187' title='bbox 3581 1413 3806 1467; x_wconf 87' lang='lat' dir='ltr'>obtem-</span> 
     </span>
    </p>
   </div>
   <div class='ocr_carea' id='block_1_26' title="bbox 2211 1501 3418 1566">
    <p class='ocr_par' dir='ltr' id='par_1_26' title="bbox 2211 1501 3418 1566">
     <span class='ocr_line' id='line_1_26' title="bbox 2211 1501 3418 1566; baseline -0.002 -14"><span class='ocrx_word' id='word_1_188' title='bbox 2211 1513 2424 1566; x_wconf 91' lang='lat' dir='ltr'>perem,</span> <span class='ocrx_word' id='word_1_189' title='bbox 2456 1501 2772 1553; x_wconf 81' lang='lat' dir='ltr'>maximum</span> <span class='ocrx_word' id='word_1_190' title='bbox 2794 1501 2935 1553; x_wconf 89' lang='lat' dir='ltr'>mihi</span> <span class='ocrx_word' id='word_1_191' title='bbox 2957 1502 3107 1554; x_wconf 89' lang='lat' dir='ltr'>dona</span> <span class='ocrx_word' id='word_1_192' title='bbox 3130 1501 3418 1554; x_wconf 85' lang='lat' dir='ltr'>delictum.</span> 
     </span>
    </p>
   </div>
   <div class='ocr_carea' id='block_1_27' title="bbox 1129 1712 3195 1957">
    <p class='ocr_par' dir='ltr' id='par_1_27' title="bbox 1129 1712 3195 1957">
     <span class='ocr_line' id='line_1_27' title="bbox 1129 1712 3195 1957; baseline -0.002 0"><span class='ocrx_word' id='word_1_193' title='bbox 1129 1782 3069 1957; x_wconf 71' lang='lat' dir='ltr'>COMMENTARIUS</span> <span class='ocrx_word' id='word_1_194' title='bbox 3154 1712 3195 1757; x_wconf 65' lang='grc'><strong>³</strong></span> 
     </span>
    </p>
   </div>
   <div class='ocr_carea' id='block_1_28' title="bbox 553 2065 2054 2221">
    <p class='ocr_par' dir='ltr' id='par_1_28' title="bbox 553 2065 2054 2221">
     <span class='ocr_line' id='line_1_28' title="bbox 553 2065 2054 2221; baseline 0 -5"><span class='ocrx_word' id='word_1_195' title='bbox 553 2073 746 2221; x_wconf 89' lang='grc' dir='ltr'>ΙΝ</span> <span class='ocrx_word' id='word_1_196' title='bbox 959 2065 2054 2221; x_wconf 85' lang='lat' dir='ltr'>SYMBOLUM</span> 
     </span>
    </p>
   </div>
   <div class='ocr_carea' id='block_1_29' title="bbox 2248 2064 3763 2226">
    <p class='ocr_par' dir='ltr' id='par_1_29' title="bbox 2248 2064 3763 2226">
     <span class='ocr_line' id='line_1_29' title="bbox 2248 2064 3763 2226; baseline 0.009 -15"><span class='ocrx_word' id='word_1_197' title='bbox 2248 2064 3763 2226; x_wconf 80' lang='lat' dir='ltr'>APOSTOLOBUM</span> 
     </span>
    </p>
   </div>
   <div class='ocr_carea' id='block_1_30' title="bbox 1388 2297 2878 2447">
    <p class='ocr_par' dir='ltr' id='par_1_30' title="bbox 1388 2297 2878 2447">
     <span class='ocr_line' id='line_1_30' title="bbox 1388 2297 2878 2447; baseline -0.001 -1"><span class='ocrx_word' id='word_1_198' title='bbox 1388 2321 1813 2447; x_wconf 80' lang='lat' dir='ltr'>AUGTORE</span> <span class='ocrx_word' id='word_1_199' title='bbox 1908 2319 2341 2446; x_wconf 79' lang='lat' dir='ltr'><strong>TYRANNO</strong></span> <span class='ocrx_word' id='word_1_200' title='bbox 2429 2297 2467 2363; x_wconf 67' lang='lat' dir='ltr'><strong>b</strong></span> <span class='ocrx_word' id='word_1_201' title='bbox 2561 2320 2878 2445; x_wconf 83' lang='lat' dir='ltr'><strong>RUFNO</strong></span> 
     </span>
    </p>
   </div>
   <div class='ocr_carea' id='block_1_31' title="bbox 1252 2537 3069 2655">
    <p class='ocr_par' dir='ltr' id='par_1_31' title="bbox 1252 2537 3069 2655">
     <span class='ocr_line' id='line_1_31' title="bbox 1252 2537 3069 2655; baseline -0.003 -16"><span class='ocrx_word' id='word_1_202' title='bbox 1252 2537 2069 2655; x_wconf 87' lang='lat' dir='ltr'>AQUILEIENSI</span> <span class='ocrx_word' id='word_1_203' title='bbox 2198 2537 3069 2636; x_wconf 83' lang='lat' dir='ltr'>PRESBYTERO.</span> 
     </span>
    </p>
   </div>
   <div class='ocr_carea' id='block_1_32' title="bbox 1635 2745 2055 2785">
    <p class='ocr_par' dir='ltr' id='par_1_32' title="bbox 1635 2745 2055 2785">
     <span class='ocr_line' id='line_1_32' title="bbox 1635 2745 2055 2785; baseline 0.002 -9"><span class='ocrx_word' id='word_1_204' title='bbox 1635 2745 2055 2785; x_wconf 50' lang='grc' dir='ltr'>μκ--ὼ</span> 
     </span>
    </p>
   </div>
   <div class='ocr_carea' id='block_1_33' title="bbox 2058 2743 2688 2789">
    <p class='ocr_par' dir='ltr' id='par_1_33' title="bbox 2058 2743 2688 2789">
     <span class='ocr_line' id='line_1_33' title="bbox 2058 2743 2688 2789; baseline -0.008 0"><span class='ocrx_word' id='word_1_205' title='bbox 2058 2743 2688 2789; x_wconf 55' lang='grc' dir='ltr'>οοοεῦ--η--ς</span> 
     </span>
    </p>
   </div>
   <div class='ocr_carea' id='block_1_34' title="bbox 594 2891 3807 2982">
    <p class='ocr_par' dir='ltr' id='par_1_34' title="bbox 594 2891 3807 2982">
     <span class='ocr_line' id='line_1_34' title="bbox 594 2891 3807 2982; baseline -0 -14"><span class='ocrx_word' id='word_1_206' title='bbox 594 2913 682 2982; x_wconf 93' lang='lat'>5|</span> <span class='ocrx_word' id='word_1_207' title='bbox 708 2914 755 2970; x_wconf 85' lang='grc'>1.</span> <span class='ocrx_word' id='word_1_208' title='bbox 777 2912 1173 2977; x_wconf 82' lang='lat' dir='ltr'>Mihiquidem,</span> <span class='ocrx_word' id='word_1_209' title='bbox 1191 2905 1521 2960; x_wconf 81' lang='lat' dir='ltr'>ﬁdelissime</span> <span class='ocrx_word' id='word_1_210' title='bbox 1539 2904 1717 2969; x_wconf 65' lang='lat' dir='ltr'>Papac</span> <span class='ocrx_word' id='word_1_211' title='bbox 1735 2902 2102 2966; x_wconf 81' lang='lat' dir='ltr'>Laurenti,ad</span> <span class='ocrx_word' id='word_1_212' title='bbox 2134 2891 2187 2968; x_wconf 88' lang='lat' dir='ltr'><strong>B</strong></span> <span class='ocrx_word' id='word_1_213' title='bbox 2210 2904 2546 2967; x_wconf 89' lang='lat' dir='ltr'>reverentia,</span> <span class='ocrx_word' id='word_1_214' title='bbox 2572 2915 2747 2967; x_wconf 89' lang='lat' dir='ltr'>quam</span> <span class='ocrx_word' id='word_1_215' title='bbox 2775 2902 2990 2970; x_wconf 85' lang='lat' dir='ltr'>ingenii</span> <span class='ocrx_word' id='word_1_216' title='bbox 3016 2911 3471 2976; x_wconf 66' lang='lat' dir='ltr'>prwsumptione</span> <span class='ocrx_word' id='word_1_217' title='bbox 3497 2910 3550 2979; x_wconf 89' lang='lat'><strong>5</strong></span> <span class='ocrx_word' id='word_1_218' title='bbox 3561 2911 3612 2981; x_wconf 80' lang='grc'><strong>2</strong></span> <span class='ocrx_word' id='word_1_219' title='bbox 3629 2918 3807 2967; x_wconf 88' lang='lat' dir='ltr'>tenta-</span> 
     </span>
    </p>
   </div>
   <div class='ocr_carea' id='block_1_35' title="bbox 511 2994 3798 3062">
    <p class='ocr_par' dir='ltr' id='par_1_35' title="bbox 511 2994 3798 3062">
     <span class='ocr_line' id='line_1_35' title="bbox 511 2994 3798 3062; baseline -0 -4"><span class='ocrx_word' id='word_1_220' title='bbox 511 3004 877 3058; x_wconf 88' lang='lat' dir='ltr'>scribendum</span> <span class='ocrx_word' id='word_1_221' title='bbox 896 3002 1123 3055; x_wconf 80' lang='lat' dir='ltr'>animus</span> <span class='ocrx_word' id='word_1_222' title='bbox 1144 3004 1260 3050; x_wconf 88' lang='lat' dir='ltr'>tam</span> <span class='ocrx_word' id='word_1_223' title='bbox 1276 3008 1395 3047; x_wconf 92' lang='lat' dir='ltr'>non</span> <span class='ocrx_word' id='word_1_224' title='bbox 1417 3000 1505 3046; x_wconf 91' lang='lat' dir='ltr'>est</span> <span class='ocrx_word' id='word_1_225' title='bbox 1521 2994 1782 3058; x_wconf 87' lang='lat' dir='ltr'>cupidus,</span> <span class='ocrx_word' id='word_1_226' title='bbox 1809 3005 1982 3057; x_wconf 89' lang='lat' dir='ltr'>quam</span> <span class='ocrx_word' id='word_1_227' title='bbox 1999 3006 2105 3045; x_wconf 88' lang='lat' dir='ltr'>nec</span> <span class='ocrx_word' id='word_1_228' title='bbox 2203 2994 2417 3045; x_wconf 87' lang='lat' dir='ltr'>bimus:</span> <span class='ocrx_word' id='word_1_229' title='bbox 2446 3005 2579 3056; x_wconf 68' lang='lat' dir='ltr'>quae</span> <span class='ocrx_word' id='word_1_230' title='bbox 2597 2994 2830 3057; x_wconf 91' lang='lat' dir='ltr'>quidem</span> <span class='ocrx_word' id='word_1_231' title='bbox 2850 3008 2963 3047; x_wconf 88' lang='lat' dir='ltr'>non</span> <span class='ocrx_word' id='word_1_232' title='bbox 2978 3000 3092 3048; x_wconf 85' lang='lat' dir='ltr'>tam</span> <span class='ocrx_word' id='word_1_233' title='bbox 3115 2999 3491 3062; x_wconf 86' lang='lat' dir='ltr'>perfectorum</span> <span class='ocrx_word' id='word_1_234' title='bbox 3508 3006 3798 3057; x_wconf 79' lang='lat' dir='ltr'>exercitiis</span> 
     </span>
    </p>
   </div>
   <div class='ocr_carea' id='block_1_36' title="bbox 509 3079 3806 3156">
    <p class='ocr_par' dir='ltr' id='par_1_36' title="bbox 509 3079 3806 3156">
     <span class='ocr_line' id='line_1_36' title="bbox 509 3079 3806 3156; baseline -0.002 -8"><span class='ocrx_word' id='word_1_235' title='bbox 509 3095 770 3156; x_wconf 81' lang='lat' dir='ltr'>idoneus,</span> <span class='ocrx_word' id='word_1_236' title='bbox 797 3091 999 3143; x_wconf 90' lang='lat' dir='ltr'>scienti</span> <span class='ocrx_word' id='word_1_237' title='bbox 1030 3102 1150 3140; x_wconf 93' lang='lat' dir='ltr'>non</span> <span class='ocrx_word' id='word_1_238' title='bbox 1181 3098 1309 3137; x_wconf 83' lang='lat' dir='ltr'>esse</span> <span class='ocrx_word' id='word_1_239' title='bbox 1341 3085 1562 3147; x_wconf 87' lang='lat' dir='ltr'>absque</span> <span class='ocrx_word' id='word_1_240' title='bbox 1593 3082 1857 3148; x_wconf 61' lang='lat' dir='ltr'>periculo,</span> <span class='ocrx_word' id='word_1_241' title='bbox 1894 3082 2106 3133; x_wconf 89' lang='lat' dir='ltr'>multo-</span> <span class='ocrx_word' id='word_1_242' title='bbox 2201 3080 2376 3145; x_wconf 89' lang='lat' dir='ltr'>digna</span> <span class='ocrx_word' id='word_1_243' title='bbox 2401 3079 2722 3141; x_wconf 85' lang='lat' dir='ltr'>videantur,</span> <span class='ocrx_word' id='word_1_244' title='bbox 2749 3094 2922 3145; x_wconf 89' lang='lat' dir='ltr'>quam</span> <span class='ocrx_word' id='word_1_245' title='bbox 2935 3095 3068 3147; x_wconf 58' lang='lat' dir='ltr'>quas</span> <span class='ocrx_word' id='word_1_246' title='bbox 3088 3086 3157 3136; x_wconf 91' lang='lat' dir='ltr'>ad</span> <span class='ocrx_word' id='word_1_247' title='bbox 3181 3087 3806 3150; x_wconf 82' lang='lat' dir='ltr'>parvuloruminChri-</span> 
     </span>
    </p>
   </div>
   <div class='ocr_carea' id='block_1_37' title="bbox 508 3171 2099 3247">
    <p class='ocr_par' dir='ltr' id='par_1_37' title="bbox 508 3171 2099 3247">
     <span class='ocr_line' id='line_1_37' title="bbox 508 3171 2099 3247; baseline -0.01 -11"><span class='ocrx_word' id='word_1_248' title='bbox 508 3196 640 3237; x_wconf 90' lang='lat' dir='ltr'>rum</span> <span class='ocrx_word' id='word_1_249' title='bbox 667 3181 898 3247; x_wconf 84' lang='lat' dir='ltr'>judiciis</span> <span class='ocrx_word' id='word_1_250' title='bbox 921 3177 1215 3242; x_wconf 90' lang='lat' dir='ltr'>ingenium</span> <span class='ocrx_word' id='word_1_251' title='bbox 1240 3178 1412 3225; x_wconf 89' lang='lat' dir='ltr'>tenue</span> <span class='ocrx_word' id='word_1_252' title='bbox 1436 3178 1495 3225; x_wconf 89' lang='lat' dir='ltr'>et</span> <span class='ocrx_word' id='word_1_253' title='bbox 1535 3171 1680 3224; x_wconf 80' lang='lat' dir='ltr'>exile</span> <span class='ocrx_word' id='word_1_254' title='bbox 1724 3172 2099 3223; x_wconf 87' lang='lat' dir='ltr'>committere.</span> 
     </span>
    </p>
   </div>
   <div class='ocr_carea' id='block_1_38' title="bbox 2203 3169 3807 3237">
    <p class='ocr_par' dir='ltr' id='par_1_38' title="bbox 2203 3169 3807 3237">
     <span class='ocr_line' id='line_1_38' title="bbox 2203 3169 3807 3237; baseline 0.008 -17"><span class='ocrx_word' id='word_1_255' title='bbox 2203 3172 2313 3233; x_wconf 89' lang='lat' dir='ltr'>sto,</span> <span class='ocrx_word' id='word_1_256' title='bbox 2364 3174 2422 3221; x_wconf 89' lang='lat' dir='ltr'>et</span> <span class='ocrx_word' id='word_1_257' title='bbox 2464 3169 2855 3234; x_wconf 90' lang='lat' dir='ltr'>incipientium</span> <span class='ocrx_word' id='word_1_258' title='bbox 2903 3171 3073 3236; x_wconf 82' lang='lat' dir='ltr'>(Rom.</span> <span class='ocrx_word' id='word_1_259' title='bbox 3101 3172 3171 3237; x_wconf 83' lang='grc'>5.)</span> <span class='ocrx_word' id='word_1_260' title='bbox 3219 3174 3499 3231; x_wconf 83' lang='lat' dir='ltr'>librentur</span> <span class='ocrx_word' id='word_1_261' title='bbox 3521 3179 3807 3233; x_wconf 90' lang='lat' dir='ltr'>auditum.</span> 
     </span>
    </p>
   </div>
   <div class='ocr_carea' id='block_1_39' title="bbox 510 3257 3800 3335">
    <p class='ocr_par' dir='ltr' id='par_1_39' title="bbox 510 3257 3800 3335">
     <span class='ocr_line' id='line_1_39' title="bbox 510 3257 3800 3335; baseline -0.001 -9"><span class='ocrx_word' id='word_1_262' title='bbox 510 3272 621 3327; x_wconf 90' lang='lat' dir='ltr'>Sed</span> <span class='ocrx_word' id='word_1_263' title='bbox 656 3269 945 3335; x_wconf 90' lang='lat' dir='ltr'>quoniam,</span> <span class='ocrx_word' id='word_1_264' title='bbox 980 3266 1002 3296; x_wconf 69' lang='lat'><strong>‘</strong></span> <span class='ocrx_word' id='word_1_265' title='bbox 1024 3268 1091 3318; x_wconf 90' lang='lat' dir='ltr'>ut</span> <span class='ocrx_word' id='word_1_266' title='bbox 1133 3276 1265 3316; x_wconf 92' lang='lat' dir='ltr'>cum</span> <span class='ocrx_word' id='word_1_267' title='bbox 1304 3262 1474 3315; x_wconf 84' lang='lat' dir='ltr'>venia</span> <span class='ocrx_word' id='word_1_268' title='bbox 1510 3262 1596 3313; x_wconf 87' lang='lat' dir='ltr'>tui</span> <span class='ocrx_word' id='word_1_269' title='bbox 1618 3260 2107 3323; x_wconf 78' lang='lat' dir='ltr'>dixerim,temere</span> <span class='ocrx_word' id='word_1_270' title='bbox 2200 3257 2480 3321; x_wconf 81' lang='lat' dir='ltr'>Equidem</span> <span class='ocrx_word' id='word_1_271' title='bbox 2497 3259 3062 3321; x_wconf 88' lang='lat' dir='ltr'>comperinonnullos</span> <span class='ocrx_word' id='word_1_272' title='bbox 3076 3263 3387 3317; x_wconf 90' lang='lat' dir='ltr'>illustrium</span> <span class='ocrx_word' id='word_1_273' title='bbox 3401 3267 3800 3322; x_wconf 79' lang='lat' dir='ltr'>Tractatorum</span> 
     </span>
    </p>
   </div>
   <div class='ocr_carea' id='block_1_40' title="bbox 508 3346 3813 3425">
    <p class='ocr_par' dir='ltr' id='par_1_40' title="bbox 508 3346 3813 3425">
     <span class='ocr_line' id='line_1_40' title="bbox 508 3346 3813 3425; baseline -0.002 -12"><span class='ocrx_word' id='word_1_274' title='bbox 508 3362 569 3414; x_wconf 91' lang='lat' dir='ltr'>in</span> <span class='ocrx_word' id='word_1_275' title='bbox 602 3358 855 3425; x_wconf 85' lang='lat' dir='ltr'>Epistola</span> <span class='ocrx_word' id='word_1_276' title='bbox 891 3361 992 3408; x_wconf 90' lang='lat' dir='ltr'>tua</span> <span class='ocrx_word' id='word_1_277' title='bbox 1021 3367 1121 3419; x_wconf 89' lang='lat' dir='ltr'>per</span> <span class='ocrx_word' id='word_1_278' title='bbox 1156 3352 1363 3405; x_wconf 86' lang='lat' dir='ltr'>Christi</span> <span class='ocrx_word' id='word_1_279' title='bbox 1399 3364 1492 3403; x_wconf 90' lang='lat' dir='ltr'>me</span> <span class='ocrx_word' id='word_1_280' title='bbox 1516 3354 1890 3413; x_wconf 85' lang='lat' dir='ltr'>sacramenta,</span> <span class='ocrx_word' id='word_1_281' title='bbox 1916 3361 2046 3413; x_wconf 61' lang='lat' dir='ltr'>qua:</span> <span class='ocrx_word' id='word_1_282' title='bbox 2074 3360 2110 3400; x_wconf 79' lang='grc' dir='ltr'><strong>θ.</strong></span> <span class='ocrx_word' id='word_1_283' title='bbox 2202 3346 2395 3410; x_wconf 85' lang='lat' dir='ltr'>aliqua</span> <span class='ocrx_word' id='word_1_284' title='bbox 2418 3347 2488 3398; x_wconf 92' lang='lat' dir='ltr'>de</span> <span class='ocrx_word' id='word_1_285' title='bbox 2510 3348 2601 3399; x_wconf 89' lang='lat' dir='ltr'>his</span> <span class='ocrx_word' id='word_1_286' title='bbox 2622 3348 2710 3413; x_wconf 92' lang='lat' dir='ltr'>pie</span> <span class='ocrx_word' id='word_1_287' title='bbox 2734 3352 2790 3400; x_wconf 92' lang='lat' dir='ltr'>et</span> <span class='ocrx_word' id='word_1_288' title='bbox 2813 3350 3062 3403; x_wconf 83' lang='lat' dir='ltr'>breviter</span> <span class='ocrx_word' id='word_1_289' title='bbox 3083 3352 3350 3406; x_wconf 90' lang='lat' dir='ltr'>edidisse.</span> <span class='ocrx_word' id='word_1_290' title='bbox 3373 3356 3685 3410; x_wconf 89' lang='lat' dir='ltr'>Photinum</span> <span class='ocrx_word' id='word_1_291' title='bbox 3718 3373 3813 3412; x_wconf 88' lang='lat' dir='ltr'>ve-</span> 
     </span>
    </p>
   </div>
   <div class='ocr_carea' id='block_1_41' title="bbox 508 3437 2109 3504">
    <p class='ocr_par' dir='ltr' id='par_1_41' title="bbox 508 3437 2109 3504">
     <span class='ocr_line' id='line_1_41' title="bbox 508 3437 2109 3504; baseline -0.01 0"><span class='ocrx_word' id='word_1_292' title='bbox 508 3447 679 3503; x_wconf 67' lang='lat' dir='ltr'>nobis</span> <span class='ocrx_word' id='word_1_293' title='bbox 707 3446 958 3499; x_wconf 82' lang='lat' dir='ltr'>maxima</span> <span class='ocrx_word' id='word_1_294' title='bbox 983 3457 1115 3495; x_wconf 89' lang='lat' dir='ltr'>cum</span> <span class='ocrx_word' id='word_1_295' title='bbox 1137 3441 1456 3495; x_wconf 87' lang='lat' dir='ltr'>reverentia</span> <span class='ocrx_word' id='word_1_296' title='bbox 1473 3439 1882 3504; x_wconf 90' lang='lat' dir='ltr'>suscipiuntur,</span> <span class='ocrx_word' id='word_1_297' title='bbox 1909 3437 2109 3489; x_wconf 88' lang='lat' dir='ltr'>astrin-</span> 
     </span>
    </p>
   </div>
   <div class='ocr_carea' id='block_1_42' title="bbox 514 3526 2109 3604">
    <p class='ocr_par' dir='ltr' id='par_1_42' title="bbox 514 3526 2109 3604">
     <span class='ocr_line' id='line_1_42' title="bbox 514 3526 2109 3604; baseline -0.008 -13"><span class='ocrx_word' id='word_1_298' title='bbox 514 3540 623 3604; x_wconf 88' lang='lat' dir='ltr'>gis,</span> <span class='ocrx_word' id='word_1_299' title='bbox 643 3542 708 3590; x_wconf 91' lang='lat' dir='ltr'>ut</span> <span class='ocrx_word' id='word_1_300' title='bbox 730 3534 945 3599; x_wconf 87' lang='lat' dir='ltr'>aliquid</span> <span class='ocrx_word' id='word_1_301' title='bbox 972 3533 1068 3585; x_wconf 90' lang='lat' dir='ltr'>tibi</span> <span class='ocrx_word' id='word_1_302' title='bbox 1091 3532 1161 3583; x_wconf 87' lang='lat' dir='ltr'>de</span> <span class='ocrx_word' id='word_1_303' title='bbox 1184 3531 1297 3583; x_wconf 77' lang='lat' dir='ltr'>nde</span> <span class='ocrx_word' id='word_1_304' title='bbox 1318 3529 1640 3581; x_wconf 90' lang='lat' dir='ltr'>secundum</span> <span class='ocrx_word' id='word_1_305' title='bbox 1666 3528 1918 3593; x_wconf 87' lang='lat' dir='ltr'>Symboli</span> <span class='ocrx_word' id='word_1_306' title='bbox 1932 3526 2109 3579; x_wconf 88' lang='lat' dir='ltr'>tradi-</span> 
     </span>
    </p>
   </div>
   <div class='ocr_carea' id='block_1_43' title="bbox 513 3614 2112 3685">
    <p class='ocr_par' dir='ltr' id='par_1_43' title="bbox 513 3614 2112 3685">
     <span class='ocr_line' id='line_1_43' title="bbox 513 3614 2112 3685; baseline -0.009 -6"><span class='ocrx_word' id='word_1_307' title='bbox 513 3628 728 3680; x_wconf 91' lang='lat' dir='ltr'>tionem</span> <span class='ocrx_word' id='word_1_308' title='bbox 751 3623 1141 3685; x_wconf 87' lang='lat' dir='ltr'>rationemque</span> <span class='ocrx_word' id='word_1_309' title='bbox 1159 3631 1498 3683; x_wconf 89' lang='lat' dir='ltr'>componam</span> <span class='ocrx_word' id='word_1_310' title='bbox 1516 3632 1528 3667; x_wconf 94' lang='lat'><strong>:</strong></span> <span class='ocrx_word' id='word_1_311' title='bbox 1559 3617 1827 3681; x_wconf 83' lang='lat' dir='ltr'>quamvis</span> <span class='ocrx_word' id='word_1_312' title='bbox 1842 3628 2012 3679; x_wconf 89' lang='lat' dir='ltr'>supra</span> <span class='ocrx_word' id='word_1_313' title='bbox 2028 3614 2112 3666; x_wconf 90' lang='lat' dir='ltr'>vi-</span> 
     </span>
    </p>
   </div>
   <div class='ocr_carea' id='block_1_44' title="bbox 511 3706 2115 3775">
    <p class='ocr_par' dir='ltr' id='par_1_44' title="bbox 511 3706 2115 3775">
     <span class='ocr_line' id='line_1_44' title="bbox 511 3706 2115 3775; baseline -0.006 -7"><span class='ocrx_word' id='word_1_314' title='bbox 511 3728 603 3769; x_wconf 90' lang='lat' dir='ltr'>res</span> <span class='ocrx_word' id='word_1_315' title='bbox 625 3718 852 3766; x_wconf 88' lang='lat' dir='ltr'>nostras</span> <span class='ocrx_word' id='word_1_316' title='bbox 879 3712 951 3763; x_wconf 89' lang='lat' dir='ltr'>sit</span> <span class='ocrx_word' id='word_1_317' title='bbox 975 3710 1201 3775; x_wconf 90' lang='lat' dir='ltr'>pondus</span> <span class='ocrx_word' id='word_1_318' title='bbox 1224 3708 1496 3774; x_wconf 69' lang='lat' dir='ltr'>praecepti</span> <span class='ocrx_word' id='word_1_319' title='bbox 1521 3709 1659 3772; x_wconf 90' lang='lat' dir='ltr'>(non</span> <span class='ocrx_word' id='word_1_320' title='bbox 1681 3706 1834 3760; x_wconf 91' lang='lat' dir='ltr'>enim</span> <span class='ocrx_word' id='word_1_321' title='bbox 1857 3719 1950 3758; x_wconf 88' lang='lat' dir='ltr'>me</span> <span class='ocrx_word' id='word_1_322' title='bbox 1976 3706 2115 3758; x_wconf 86' lang='lat' dir='ltr'>latet</span> 
     </span>
    </p>
   </div>
   <div class='ocr_carea' id='block_1_45' title="bbox 510 3796 2111 3864">
    <p class='ocr_par' dir='ltr' id='par_1_45' title="bbox 510 3796 2111 3864">
     <span class='ocr_line' id='line_1_45' title="bbox 510 3796 2111 3864; baseline -0.005 -7"><span class='ocrx_word' id='word_1_323' title='bbox 510 3803 607 3859; x_wconf 89' lang='lat' dir='ltr'>illa</span> <span class='ocrx_word' id='word_1_324' title='bbox 629 3802 910 3855; x_wconf 82' lang='lat' dir='ltr'>sententia</span> <span class='ocrx_word' id='word_1_325' title='bbox 921 3800 1265 3864; x_wconf 83' lang='lat' dir='ltr'>sapientum,</span> <span class='ocrx_word' id='word_1_326' title='bbox 1284 3810 1416 3862; x_wconf 62' lang='lat' dir='ltr'>qua:</span> <span class='ocrx_word' id='word_1_327' title='bbox 1433 3798 1609 3863; x_wconf 86' lang='lat' dir='ltr'>probe</span> <span class='ocrx_word' id='word_1_328' title='bbox 1626 3796 1938 3849; x_wconf 88' lang='lat' dir='ltr'>admodum</span> <span class='ocrx_word' id='word_1_329' title='bbox 1956 3796 2111 3857; x_wconf 88' lang='lat' dir='ltr'>dicit,</span> 
     </span>
    </p>
   </div>
   <div class='ocr_carea' id='block_1_46' title="bbox 506 3886 2116 3977">
    <p class='ocr_par' dir='ltr' id='par_1_46' title="bbox 506 3886 2116 3977">
     <span class='ocr_line' id='line_1_46' title="bbox 506 3886 2116 3977; baseline -0.006 -29"><span class='ocrx_word' id='word_1_330' title='bbox 506 3895 640 3964; x_wconf 87' lang='lat' dir='ltr'>quia</span> <span class='ocrx_word' id='word_1_331' title='bbox 687 3893 759 3945; x_wconf 91' lang='lat' dir='ltr'>de</span> <span class='ocrx_word' id='word_1_332' title='bbox 795 3894 913 3944; x_wconf 91' lang='lat' dir='ltr'>Deo</span> <span class='ocrx_word' id='word_1_333' title='bbox 947 3890 1118 3942; x_wconf 89' lang='lat' dir='ltr'>etiam</span> <span class='ocrx_word' id='word_1_334' title='bbox 1164 3901 1299 3942; x_wconf 88' lang='lat' dir='ltr'>vera</span> <span class='ocrx_word' id='word_1_335' title='bbox 1341 3887 1529 3940; x_wconf 86' lang='lat' dir='ltr'>dicere</span> <span class='ocrx_word' id='word_1_336' title='bbox 1572 3886 1958 3952; x_wconf 84' lang='lat' dir='ltr'>periculosum</span> <span class='ocrx_word' id='word_1_337' title='bbox 1986 3890 2116 3977; x_wconf 53' lang='lat' dir='ltr'>est),</span> 
     </span>
    </p>
   </div>
   <div class='ocr_carea' id='block_1_47' title="bbox 513 3976 2118 4046">
    <p class='ocr_par' dir='ltr' id='par_1_47' title="bbox 513 3976 2118 4046">
     <span class='ocr_line' id='line_1_47' title="bbox 513 3976 2118 4046; baseline -0.006 -8"><span class='ocrx_word' id='word_1_338' title='bbox 513 3990 704 4038; x_wconf 86' lang='lat' dir='ltr'>tamen</span> <span class='ocrx_word' id='word_1_339' title='bbox 735 3983 785 4034; x_wconf 90' lang='lat' dir='ltr'>si</span> <span class='ocrx_word' id='word_1_340' title='bbox 832 3980 1165 4046; x_wconf 74' lang='lat' dir='ltr'>&#39;pelitionis</span> <span class='ocrx_word' id='word_1_341' title='bbox 1208 3991 1243 4030; x_wconf 87' lang='lat' dir='ltr'>a</span> <span class='ocrx_word' id='word_1_342' title='bbox 1288 3980 1343 4030; x_wconf 88' lang='lat' dir='ltr'>te</span> <span class='ocrx_word' id='word_1_343' title='bbox 1385 3976 1671 4042; x_wconf 76' lang='lat' dir='ltr'>impositae</span> <span class='ocrx_word' id='word_1_344' title='bbox 1704 3976 2118 4029; x_wconf 87' lang='lat' dir='ltr'>necessitatem</span> 
     </span>
    </p>
   </div>
   <div class='ocr_carea' id='block_1_48' title="bbox 511 4065 2118 4135">
    <p class='ocr_par' dir='ltr' id='par_1_48' title="bbox 511 4065 2118 4135">
     <span class='ocr_line' id='line_1_48' title="bbox 511 4065 2118 4135; baseline -0.006 -8"><span class='ocrx_word' id='word_1_345' title='bbox 511 4071 865 4127; x_wconf 86' lang='lat' dir='ltr'>orationibus</span> <span class='ocrx_word' id='word_1_346' title='bbox 896 4071 1087 4135; x_wconf 89' lang='lat' dir='ltr'>juves,</span> <span class='ocrx_word' id='word_1_347' title='bbox 1119 4067 1306 4120; x_wconf 90' lang='lat' dir='ltr'>dicere</span> <span class='ocrx_word' id='word_1_348' title='bbox 1329 4067 1521 4131; x_wconf 88' lang='lat' dir='ltr'>aliqua</span> <span class='ocrx_word' id='word_1_349' title='bbox 1552 4065 1893 4118; x_wconf 68' lang='lat' dir='ltr'>obedientiae</span> <span class='ocrx_word' id='word_1_350' title='bbox 1927 4066 2118 4130; x_wconf 86' lang='lat' dir='ltr'>magis</span> 
     </span>
    </p>
   </div>
   <div class='ocr_carea' id='block_1_49' title="bbox 2205 3436 3816 3507">
    <p class='ocr_par' dir='ltr' id='par_1_49' title="bbox 2205 3436 3816 3507">
     <span class='ocr_line' id='line_1_49' title="bbox 2205 3436 3816 3507; baseline 0.009 -19"><span class='ocrx_word' id='word_1_351' title='bbox 2205 3449 2268 3489; x_wconf 88' lang='lat' dir='ltr'>ro</span> <span class='ocrx_word' id='word_1_352' title='bbox 2311 3436 2648 3489; x_wconf 69' lang='lat' dir='ltr'>haareticum</span> <span class='ocrx_word' id='word_1_353' title='bbox 2679 3439 2796 3490; x_wconf 92' lang='lat' dir='ltr'>scio</span> <span class='ocrx_word' id='word_1_354' title='bbox 2832 3444 3072 3493; x_wconf 72' lang='lat' dir='ltr'>eatenus</span> <span class='ocrx_word' id='word_1_355' title='bbox 3095 3442 3409 3507; x_wconf 81' lang='lat' dir='ltr'>scripsisse,</span> <span class='ocrx_word' id='word_1_356' title='bbox 3434 3458 3554 3498; x_wconf 90' lang='lat' dir='ltr'>non</span> <span class='ocrx_word' id='word_1_357' title='bbox 3577 3450 3644 3500; x_wconf 90' lang='lat' dir='ltr'>ut</span> <span class='ocrx_word' id='word_1_358' title='bbox 3655 3450 3816 3503; x_wconf 90' lang='lat' dir='ltr'>ratio-</span> 
     </span>
    </p>
   </div>
   <div class='ocr_carea' id='block_1_50' title="bbox 2207 3526 3815 3600">
    <p class='ocr_par' dir='ltr' id='par_1_50' title="bbox 2207 3526 3815 3600">
     <span class='ocr_line' id='line_1_50' title="bbox 2207 3526 3815 3600; baseline 0.009 -23"><span class='ocrx_word' id='word_1_359' title='bbox 2207 3537 2342 3579; x_wconf 90' lang='lat' dir='ltr'>nem</span> <span class='ocrx_word' id='word_1_360' title='bbox 2371 3526 2659 3579; x_wconf 88' lang='lat' dir='ltr'>dictorum</span> <span class='ocrx_word' id='word_1_361' title='bbox 2678 3527 3048 3581; x_wconf 87' lang='lat' dir='ltr'>audientibus</span> <span class='ocrx_word' id='word_1_362' title='bbox 3068 3530 3423 3600; x_wconf 79' lang='lat' dir='ltr'>explanaret,</span> <span class='ocrx_word' id='word_1_363' title='bbox 3455 3535 3561 3589; x_wconf 89' lang='lat' dir='ltr'>sed</span> <span class='ocrx_word' id='word_1_364' title='bbox 3580 3542 3650 3590; x_wconf 89' lang='lat' dir='ltr'>ut</span> <span class='ocrx_word' id='word_1_365' title='bbox 3674 3539 3815 3592; x_wconf 88' lang='lat' dir='ltr'>sim-</span> 
     </span>
    </p>
   </div>
   <div class='ocr_carea' id='block_1_51' title="bbox 2209 3616 3816 3686">
    <p class='ocr_par' dir='ltr' id='par_1_51' title="bbox 2209 3616 3816 3686">
     <span class='ocr_line' id='line_1_51' title="bbox 2209 3616 3816 3686; baseline 0.009 -19"><span class='ocrx_word' id='word_1_366' title='bbox 2209 3616 2428 3680; x_wconf 87' lang='lat' dir='ltr'>pliciter</span> <span class='ocrx_word' id='word_1_367' title='bbox 2463 3616 2814 3681; x_wconf 83' lang='lat' dir='ltr'>[ideliterque</span> <span class='ocrx_word' id='word_1_368' title='bbox 2838 3618 3007 3684; x_wconf 81' lang='lat' dir='ltr'>dicta,</span> <span class='ocrx_word' id='word_1_369' title='bbox 3030 3620 3103 3672; x_wconf 91' lang='lat' dir='ltr'>ad</span> <span class='ocrx_word' id='word_1_370' title='bbox 3127 3629 3531 3686; x_wconf 88' lang='lat' dir='ltr'>argumentum</span> <span class='ocrx_word' id='word_1_371' title='bbox 3575 3629 3673 3679; x_wconf 91' lang='lat' dir='ltr'>sui</span> <span class='ocrx_word' id='word_1_372' title='bbox 3716 3629 3816 3681; x_wconf 81' lang='lat' dir='ltr'>do-</span> 
     </span>
    </p>
   </div>
   <div class='ocr_carea' id='block_1_52' title="bbox 2210 3705 3815 3782">
    <p class='ocr_par' dir='ltr' id='par_1_52' title="bbox 2210 3705 3815 3782">
     <span class='ocr_line' id='line_1_52' title="bbox 2210 3705 3815 3782; baseline 0.008 -27"><span class='ocrx_word' id='word_1_373' title='bbox 2210 3705 2420 3771; x_wconf 90' lang='lat' dir='ltr'>gmatis</span> <span class='ocrx_word' id='word_1_374' title='bbox 2447 3706 2709 3770; x_wconf 87' lang='lat' dir='ltr'>traheret,</span> <span class='ocrx_word' id='word_1_375' title='bbox 2736 3720 2867 3759; x_wconf 91' lang='lat' dir='ltr'>cum</span> <span class='ocrx_word' id='word_1_376' title='bbox 2888 3708 3052 3761; x_wconf 90' lang='lat' dir='ltr'>inhis</span> <span class='ocrx_word' id='word_1_377' title='bbox 3074 3712 3268 3763; x_wconf 88' lang='lat' dir='ltr'>verbis</span> <span class='ocrx_word' id='word_1_378' title='bbox 3305 3714 3549 3767; x_wconf 84' lang='lat' dir='ltr'>Sanctus</span> <span class='ocrx_word' id='word_1_379' title='bbox 3574 3718 3815 3782; x_wconf 85' lang='lat' dir='ltr'>Spiritus</span> 
     </span>
    </p>
   </div>
   <div class='ocr_carea' id='block_1_53' title="bbox 2212 3795 3817 3867">
    <p class='ocr_par' dir='ltr' id='par_1_53' title="bbox 2212 3795 3817 3867">
     <span class='ocr_line' id='line_1_53' title="bbox 2212 3795 3817 3867; baseline 0.01 -22"><span class='ocrx_word' id='word_1_380' title='bbox 2212 3795 2537 3861; x_wconf 87' lang='lat' dir='ltr'>providerit,</span> <span class='ocrx_word' id='word_1_381' title='bbox 2570 3796 2651 3847; x_wconf 83' lang='lat' dir='ltr'>nil</span> <span class='ocrx_word' id='word_1_382' title='bbox 2671 3797 3029 3863; x_wconf 84' lang='lat' dir='ltr'>ambiguum,</span> <span class='ocrx_word' id='word_1_383' title='bbox 3053 3800 3129 3852; x_wconf 91' lang='lat' dir='ltr'>nil</span> <span class='ocrx_word' id='word_1_384' title='bbox 3158 3802 3489 3867; x_wconf 90' lang='lat' dir='ltr'>obscurum,</span> <span class='ocrx_word' id='word_1_385' title='bbox 3521 3806 3608 3858; x_wconf 87' lang='lat' dir='ltr'>nil</span> <span class='ocrx_word' id='word_1_386' title='bbox 3631 3820 3668 3859; x_wconf 93' lang='lat' dir='ltr'>a</span> <span class='ocrx_word' id='word_1_387' title='bbox 3690 3808 3817 3861; x_wconf 83' lang='lat' dir='ltr'>reli-</span> 
     </span>
    </p>
   </div>
   <div class='ocr_carea' id='block_1_54' title="bbox 2217 3884 3819 3962">
    <p class='ocr_par' dir='ltr' id='par_1_54' title="bbox 2217 3884 3819 3962">
     <span class='ocr_line' id='line_1_54' title="bbox 2217 3884 3819 3962; baseline 0.011 -28"><span class='ocrx_word' id='word_1_388' title='bbox 2217 3884 2346 3949; x_wconf 89' lang='lat' dir='ltr'>quis</span> <span class='ocrx_word' id='word_1_389' title='bbox 2378 3884 2683 3937; x_wconf 89' lang='lat' dir='ltr'>dissonans</span> <span class='ocrx_word' id='word_1_390' title='bbox 2711 3887 2879 3951; x_wconf 90' lang='lat' dir='ltr'>poni:</span> <span class='ocrx_word' id='word_1_391' title='bbox 2910 3887 3045 3952; x_wconf 86' lang='lat' dir='ltr'>quia</span> <span class='ocrx_word' id='word_1_392' title='bbox 3068 3888 3128 3941; x_wconf 90' lang='lat' dir='ltr'>in</span> <span class='ocrx_word' id='word_1_393' title='bbox 3150 3890 3243 3943; x_wconf 88' lang='lat' dir='ltr'>his</span> <span class='ocrx_word' id='word_1_394' title='bbox 3281 3905 3416 3946; x_wconf 83' lang='lat' dir='ltr'>vere</span> <span class='ocrx_word' id='word_1_395' title='bbox 3445 3892 3462 3923; x_wconf 81' lang='grc'><strong><em>¹</em></strong></span> <span class='ocrx_word' id='word_1_396' title='bbox 3492 3896 3819 3962; x_wconf 87' lang='lat' dir='ltr'>completur</span> 
     </span>
    </p>
   </div>
   <div class='ocr_carea' id='block_1_55' title="bbox 2214 3973 3817 4040">
    <p class='ocr_par' dir='ltr' id='par_1_55' title="bbox 2214 3973 3817 4040">
     <span class='ocr_line' id='line_1_55' title="bbox 2214 3973 3817 4040; baseline 0.009 -16"><span class='ocrx_word' id='word_1_397' title='bbox 2214 3973 2521 4039; x_wconf 84' lang='lat' dir='ltr'>prophetia,</span> <span class='ocrx_word' id='word_1_398' title='bbox 2574 3986 2707 4039; x_wconf 73' lang='lat' dir='ltr'>quae</span> <span class='ocrx_word' id='word_1_399' title='bbox 2737 3975 2891 4040; x_wconf 85' lang='lat' dir='ltr'>dicit,</span> <span class='ocrx_word' id='word_1_400' title='bbox 2936 3977 3165 4028; x_wconf 79' lang='lat' dir='ltr'>Verbum</span> <span class='ocrx_word' id='word_1_401' title='bbox 3187 3981 3332 4030; x_wconf 83' lang='lat' dir='ltr'>enim</span> <span class='ocrx_word' id='word_1_402' title='bbox 3352 3996 3749 4037; x_wconf 78' lang='lat' dir='ltr'>consummans</span> <span class='ocrx_word' id='word_1_403' title='bbox 3776 3994 3817 4037; x_wconf 85' lang='lat' dir='ltr'>ct</span> 
     </span>
    </p>
   </div>
   <div class='ocr_carea' id='block_1_56' title="bbox 2217 4061 3817 4141">
    <p class='ocr_par' dir='ltr' id='par_1_56' title="bbox 2217 4061 3817 4141">
     <span class='ocr_line' id='line_1_56' title="bbox 2217 4061 3817 4141; baseline 0.01 -29"><span class='ocrx_word' id='word_1_404' title='bbox 2217 4061 2463 4113; x_wconf 71' lang='lat' dir='ltr'>brevium</span> <span class='ocrx_word' id='word_1_405' title='bbox 2486 4064 2548 4113; x_wconf 82' lang='lat' dir='ltr'>in</span> <span class='ocrx_word' id='word_1_406' title='bbox 2576 4064 2995 4131; x_wconf 59' lang='lat' dir='ltr'>equitatuquia</span> <span class='ocrx_word' id='word_1_407' title='bbox 3017 4067 3235 4119; x_wconf 80' lang='lat' dir='ltr'>verbum</span> <span class='ocrx_word' id='word_1_408' title='bbox 3286 4069 3585 4125; x_wconf 73' lang='lat' dir='ltr'>breviatum</span> <span class='ocrx_word' id='word_1_409' title='bbox 3652 4076 3817 4141; x_wconf 80' lang='lat' dir='ltr'>faciet</span> 
     </span>
    </p>
   </div>
   <div class='ocr_carea' id='block_1_57' title="bbox 577 4232 3823 4305">
    <p class='ocr_par' dir='ltr' id='par_1_57' title="bbox 577 4232 3823 4305">
     <span class='ocr_line' id='line_1_57' title="bbox 577 4232 3823 4305; baseline 0.001 -13"><span class='ocrx_word' id='word_1_410' title='bbox 577 4252 594 4273; x_wconf 83' lang='lat'><strong><em>-</em></strong></span> <span class='ocrx_word' id='word_1_411' title='bbox 628 4245 713 4295; x_wconf 85' lang='lat' dir='ltr'>Ita</span> <span class='ocrx_word' id='word_1_412' title='bbox 762 4242 1029 4293; x_wconf 68' lang='lat' dir='ltr'>Barrmus</span> <span class='ocrx_word' id='word_1_413' title='bbox 1067 4239 1237 4289; x_wconf 87' lang='lat' dir='ltr'>etiam</span> <span class='ocrx_word' id='word_1_414' title='bbox 1257 4237 1541 4289; x_wconf 89' lang='lat' dir='ltr'>inscribit:</span> <span class='ocrx_word' id='word_1_415' title='bbox 1566 4236 1691 4288; x_wconf 89' lang='lat' dir='ltr'>aliis</span> <span class='ocrx_word' id='word_1_416' title='bbox 1711 4236 1993 4300; x_wconf 65' lang='lat' dir='ltr'>Expositio</span> <span class='ocrx_word' id='word_1_417' title='bbox 2018 4236 2108 4287; x_wconf 82' lang='lat' dir='ltr'>di-</span> <span class='ocrx_word' id='word_1_418' title='bbox 2141 4296 2177 4305; x_wconf 45' lang='grc' dir='ltr'><strong>Α</strong></span> <span class='ocrx_word' id='word_1_419' title='bbox 2206 4232 2268 4284; x_wconf 90' lang='lat' dir='ltr'>in</span> <span class='ocrx_word' id='word_1_420' title='bbox 2288 4232 2397 4285; x_wconf 91' lang='lat' dir='ltr'>hoc</span> <span class='ocrx_word' id='word_1_421' title='bbox 2416 4234 2571 4285; x_wconf 90' lang='lat' dir='ltr'>enim</span> <span class='ocrx_word' id='word_1_422' title='bbox 2593 4233 2775 4297; x_wconf 90' lang='lat' dir='ltr'>gradu</span> <span class='ocrx_word' id='word_1_423' title='bbox 2797 4236 3096 4297; x_wconf 90' lang='lat' dir='ltr'>meruisse,</span> <span class='ocrx_word' id='word_1_424' title='bbox 3125 4239 3311 4303; x_wconf 57' lang='lat' dir='ltr'>Papae,</span> <span class='ocrx_word' id='word_1_425' title='bbox 3343 4252 3458 4305; x_wconf 93' lang='lat' dir='ltr'>quo</span> <span class='ocrx_word' id='word_1_426' title='bbox 3501 4255 3639 4295; x_wconf 91' lang='lat' dir='ltr'>eum</span> <span class='ocrx_word' id='word_1_427' title='bbox 3698 4246 3823 4299; x_wconf 80' lang='lat' dir='ltr'>No-</span> 
     </span>
    </p>
   </div>
   <div class='ocr_carea' id='block_1_58' title="bbox 515 4296 3824 4377">
    <p class='ocr_par' dir='ltr' id='par_1_58' title="bbox 515 4296 3824 4377">
     <span class='ocr_line' id='line_1_58' title="bbox 515 4296 3824 4377; baseline 0.001 -10"><span class='ocrx_word' id='word_1_428' title='bbox 515 4316 675 4368; x_wconf 88' lang='lat' dir='ltr'>citur.</span> <span class='ocrx_word' id='word_1_429' title='bbox 700 4312 945 4377; x_wconf 83' lang='lat' dir='ltr'>Insignis</span> <span class='ocrx_word' id='word_1_430' title='bbox 976 4310 1069 4361; x_wconf 78' lang='lat' dir='ltr'>illa</span> <span class='ocrx_word' id='word_1_431' title='bbox 1091 4322 1208 4374; x_wconf 59' lang='lat' dir='ltr'>piae</span> <span class='ocrx_word' id='word_1_432' title='bbox 1233 4309 1433 4360; x_wconf 85' lang='lat' dir='ltr'>ceteris</span> <span class='ocrx_word' id='word_1_433' title='bbox 1459 4313 1547 4358; x_wconf 88' lang='lat' dir='ltr'>est</span> <span class='ocrx_word' id='word_1_434' title='bbox 1570 4296 1876 4371; x_wconf 45' lang='lat' dir='ltr'>epigrap&#39;lie</span> <span class='ocrx_word' id='word_1_435' title='bbox 1893 4308 2106 4360; x_wconf 88' lang='lat' dir='ltr'>vetusti</span> <span class='ocrx_word' id='word_1_436' title='bbox 2133 4296 2181 4372; x_wconf 85' lang='lat' dir='ltr'><strong>C</strong></span> <span class='ocrx_word' id='word_1_437' title='bbox 2208 4310 2324 4356; x_wconf 88' lang='lat' dir='ltr'>ster</span> <span class='ocrx_word' id='word_1_438' title='bbox 2348 4296 2664 4368; x_wconf 69' lang='lat' dir='ltr'>compellat,</span> <span class='ocrx_word' id='word_1_439' title='bbox 2685 4319 2897 4358; x_wconf 89' lang='lat' dir='ltr'>nomen</span> <span class='ocrx_word' id='word_1_440' title='bbox 2913 4296 3169 4362; x_wconf 88' lang='lat' dir='ltr'>dubitare</span> <span class='ocrx_word' id='word_1_441' title='bbox 3205 4296 3319 4363; x_wconf 79' lang='lat' dir='ltr'>non</span> <span class='ocrx_word' id='word_1_442' title='bbox 3344 4296 3498 4365; x_wconf 75' lang='lat' dir='ltr'>sinit.</span> <span class='ocrx_word' id='word_1_443' title='bbox 3538 4296 3824 4370; x_wconf 72' lang='lat' dir='ltr'>Fontani-</span> 
     </span>
    </p>
   </div>
   <div class='ocr_carea' id='block_1_59' title="bbox 513 4380 2109 4447">
    <p class='ocr_par' dir='ltr' id='par_1_59' title="bbox 513 4380 2109 4447">
     <span class='ocr_line' id='line_1_59' title="bbox 513 4380 2109 4447; baseline -0.004 -8"><span class='ocrx_word' id='word_1_444' title='bbox 513 4386 723 4439; x_wconf 90' lang='lat' dir='ltr'>codicis</span> <span class='ocrx_word' id='word_1_445' title='bbox 750 4383 1278 4447; x_wconf 87' lang='lat' dir='ltr'>Sangermanensis,</span> <span class='ocrx_word' id='word_1_446' title='bbox 1313 4380 1370 4429; x_wconf 92' lang='lat' dir='ltr'>in</span> <span class='ocrx_word' id='word_1_447' title='bbox 1395 4390 1508 4441; x_wconf 92' lang='lat' dir='ltr'>qua</span> <span class='ocrx_word' id='word_1_448' title='bbox 1527 4382 1583 4429; x_wconf 91' lang='lat' dir='ltr'>et</span> <span class='ocrx_word' id='word_1_449' title='bbox 1600 4380 1783 4428; x_wconf 76' lang='lat' dir='ltr'>Sancti</span> <span class='ocrx_word' id='word_1_450' title='bbox 1803 4382 1967 4431; x_wconf 89' lang='lat' dir='ltr'>titulo</span> <span class='ocrx_word' id='word_1_451' title='bbox 1991 4382 2109 4431; x_wconf 85' lang='lat' dir='ltr'>Ru-</span> 
     </span>
    </p>
   </div>
   <div class='ocr_carea' id='block_1_60' title="bbox 513 4450 2108 4516">
    <p class='ocr_par' dir='ltr' id='par_1_60' title="bbox 513 4450 2108 4516">
     <span class='ocr_line' id='line_1_60' title="bbox 513 4450 2108 4516; baseline -0.008 -4"><span class='ocrx_word' id='word_1_452' title='bbox 513 4460 669 4511; x_wconf 80' lang='lat' dir='ltr'>tinus</span> <span class='ocrx_word' id='word_1_453' title='bbox 705 4460 968 4508; x_wconf 78' lang='lat' dir='ltr'>donatur.</span> <span class='ocrx_word' id='word_1_454' title='bbox 994 4453 1191 4516; x_wconf 83' lang='lat' dir='ltr'>Incipit</span> <span class='ocrx_word' id='word_1_455' title='bbox 1213 4452 1495 4513; x_wconf 66' lang='lat' dir='ltr'>Expositio</span> <span class='ocrx_word' id='word_1_456' title='bbox 1521 4450 1989 4513; x_wconf 74' lang='lat' dir='ltr'>SymbotiSANC&#39;i‘l</span> <span class='ocrx_word' id='word_1_457' title='bbox 2006 4453 2108 4501; x_wconf 71' lang='lat' dir='ltr'>Rw</span> 
     </span>
    </p>
   </div>
   <div class='ocr_carea' id='block_1_61' title="bbox 513 4522 2108 4593">
    <p class='ocr_par' dir='ltr' id='par_1_61' title="bbox 513 4522 2108 4593">
     <span class='ocr_line' id='line_1_61' title="bbox 513 4522 2108 4593; baseline -0.003 -14"><span class='ocrx_word' id='word_1_458' title='bbox 513 4530 636 4593; x_wconf 83' lang='lat' dir='ltr'>ﬁni.</span> <span class='ocrx_word' id='word_1_459' title='bbox 690 4527 911 4579; x_wconf 78' lang='lat' dir='ltr'>Laudat</span> <span class='ocrx_word' id='word_1_460' title='bbox 949 4525 1215 4575; x_wconf 90' lang='lat' dir='ltr'>Baluzius</span> <span class='ocrx_word' id='word_1_461' title='bbox 1254 4524 1392 4585; x_wconf 78' lang='lat' dir='ltr'>{sive</span> <span class='ocrx_word' id='word_1_462' title='bbox 1422 4522 1522 4584; x_wconf 91' lang='lat' dir='ltr'>qui</span> <span class='ocrx_word' id='word_1_463' title='bbox 1566 4524 1689 4585; x_wconf 83' lang='lat' dir='ltr'>ejus</span> <span class='ocrx_word' id='word_1_464' title='bbox 1712 4523 2108 4587; x_wconf 88' lang='lat' dir='ltr'>Cyprianicam</span> 
     </span>
    </p>
   </div>
   <div class='ocr_carea' id='block_1_62' title="bbox 518 4593 2107 4661">
    <p class='ocr_par' dir='ltr' id='par_1_62' title="bbox 518 4593 2107 4661">
     <span class='ocr_line' id='line_1_62' title="bbox 518 4593 2107 4661; baseline -0.006 -7"><span class='ocrx_word' id='word_1_465' title='bbox 518 4600 838 4655; x_wconf 89' lang='lat' dir='ltr'>Editionem</span> <span class='ocrx_word' id='word_1_466' title='bbox 855 4598 1113 4661; x_wconf 86' lang='lat' dir='ltr'>vulgavit</span> <span class='ocrx_word' id='word_1_467' title='bbox 1132 4597 1146 4658; x_wconf 86' lang='lat'>)</span> <span class='ocrx_word' id='word_1_468' title='bbox 1162 4595 1222 4646; x_wconf 91' lang='lat' dir='ltr'>in</span> <span class='ocrx_word' id='word_1_469' title='bbox 1241 4597 1401 4646; x_wconf 89' lang='lat' dir='ltr'>Notis</span> <span class='ocrx_word' id='word_1_470' title='bbox 1416 4594 1488 4645; x_wconf 89' lang='lat' dir='ltr'>ad</span> <span class='ocrx_word' id='word_1_471' title='bbox 1505 4594 1659 4644; x_wconf 87' lang='lat' dir='ltr'>hunc</span> <span class='ocrx_word' id='word_1_472' title='bbox 1669 4593 1861 4658; x_wconf 87' lang='lat' dir='ltr'>ipsum</span> <span class='ocrx_word' id='word_1_473' title='bbox 1878 4595 2107 4659; x_wconf 90' lang='lat' dir='ltr'>librum,</span> 
     </span>
    </p>
   </div>
   <div class='ocr_carea' id='block_1_63' title="bbox 518 4664 2111 4738">
    <p class='ocr_par' dir='ltr' id='par_1_63' title="bbox 518 4664 2111 4738">
     <span class='ocr_line' id='line_1_63' title="bbox 518 4664 2111 4738; baseline -0.004 -14"><span class='ocrx_word' id='word_1_474' title='bbox 518 4684 692 4738; x_wconf 89' lang='lat' dir='ltr'>quem</span> <span class='ocrx_word' id='word_1_475' title='bbox 718 4671 779 4721; x_wconf 91' lang='lat' dir='ltr'>in</span> <span class='ocrx_word' id='word_1_476' title='bbox 800 4667 1129 4733; x_wconf 88' lang='lat' dir='ltr'>Appendice</span> <span class='ocrx_word' id='word_1_477' title='bbox 1154 4666 1399 4738; x_wconf 67' lang='lat' dir='ltr'>Operam</span> <span class='ocrx_word' id='word_1_478' title='bbox 1424 4665 1481 4716; x_wconf 89' lang='lat' dir='ltr'>S.</span> <span class='ocrx_word' id='word_1_479' title='bbox 1520 4664 1801 4738; x_wconf 79' lang='lat' dir='ltr'>Cypriani,</span> <span class='ocrx_word' id='word_1_480' title='bbox 1840 4665 1932 4717; x_wconf 91' lang='lat' dir='ltr'>cui</span> <span class='ocrx_word' id='word_1_481' title='bbox 1972 4666 2111 4738; x_wconf 88' lang='lat' dir='ltr'>olim</span> 
     </span>
    </p>
   </div>
   <div class='ocr_carea' id='block_1_64' title="bbox 516 4735 2110 4802">
    <p class='ocr_par' dir='ltr' id='par_1_64' title="bbox 516 4735 2110 4802">
     <span class='ocr_line' id='line_1_64' title="bbox 516 4735 2110 4802; baseline -0.004 -7"><span class='ocrx_word' id='word_1_482' title='bbox 516 4735 969 4802; x_wconf 74' lang='lat' dir='ltr'>adtribuebatur,</span> <span class='ocrx_word' id='word_1_483' title='bbox 1014 4737 1249 4789; x_wconf 89' lang='lat' dir='ltr'>recudit.</span> <span class='ocrx_word' id='word_1_484' title='bbox 1303 4735 1446 4787; x_wconf 88' lang='lat' dir='ltr'>Olim</span> <span class='ocrx_word' id='word_1_485' title='bbox 1486 4738 1545 4788; x_wconf 85' lang='lat' dir='ltr'>et</span> <span class='ocrx_word' id='word_1_486' title='bbox 1568 4738 1621 4787; x_wconf 92' lang='lat' dir='ltr'>S.</span> <span class='ocrx_word' id='word_1_487' title='bbox 1646 4736 1992 4801; x_wconf 83' lang='lat' dir='ltr'>Hieronymo</span> <span class='ocrx_word' id='word_1_488' title='bbox 2007 4737 2110 4789; x_wconf 86' lang='lat' dir='ltr'>ad-</span> 
     </span>
    </p>
   </div>
   <div class='ocr_carea' id='block_1_65' title="bbox 518 4807 2108 4873">
    <p class='ocr_par' dir='ltr' id='par_1_65' title="bbox 518 4807 2108 4873">
     <span class='ocr_line' id='line_1_65' title="bbox 518 4807 2108 4873; baseline -0.004 -7"><span class='ocrx_word' id='word_1_489' title='bbox 518 4813 888 4873; x_wconf 86' lang='lat' dir='ltr'>scribebatur,</span> <span class='ocrx_word' id='word_1_490' title='bbox 901 4810 1041 4873; x_wconf 90' lang='lat' dir='ltr'>quin</span> <span class='ocrx_word' id='word_1_491' title='bbox 1063 4808 1229 4859; x_wconf 88' lang='lat' dir='ltr'>etiam</span> <span class='ocrx_word' id='word_1_492' title='bbox 1256 4820 1407 4859; x_wconf 89' lang='lat' dir='ltr'>unus</span> <span class='ocrx_word' id='word_1_493' title='bbox 1431 4819 1500 4859; x_wconf 89' lang='lat' dir='ltr'>ea</span> <span class='ocrx_word' id='word_1_494' title='bbox 1519 4808 1890 4871; x_wconf 88' lang='lat' dir='ltr'>inscriptione</span> <span class='ocrx_word' id='word_1_495' title='bbox 1903 4807 2108 4860; x_wconf 88' lang='lat' dir='ltr'>lauda-</span> 
     </span>
    </p>
   </div>
   <div class='ocr_carea' id='block_1_66' title="bbox 518 4878 2111 4944">
    <p class='ocr_par' dir='ltr' id='par_1_66' title="bbox 518 4878 2111 4944">
     <span class='ocr_line' id='line_1_66' title="bbox 518 4878 2111 4944; baseline -0.004 -6"><span class='ocrx_word' id='word_1_496' title='bbox 518 4890 613 4939; x_wconf 85' lang='lat' dir='ltr'>tur</span> <span class='ocrx_word' id='word_1_497' title='bbox 628 4895 890 4936; x_wconf 87' lang='lat' dir='ltr'>seorsum</span> <span class='ocrx_word' id='word_1_498' title='bbox 913 4880 1102 4932; x_wconf 88' lang='lat' dir='ltr'>editus</span> <span class='ocrx_word' id='word_1_499' title='bbox 1123 4880 1265 4931; x_wconf 90' lang='lat' dir='ltr'>liber</span> <span class='ocrx_word' id='word_1_500' title='bbox 1287 4879 1525 4931; x_wconf 77' lang='lat' dir='ltr'>Oxonisa</span> <span class='ocrx_word' id='word_1_501' title='bbox 1549 4879 1658 4930; x_wconf 90' lang='lat' dir='ltr'>sub</span> <span class='ocrx_word' id='word_1_502' title='bbox 1673 4878 1813 4943; x_wconf 86' lang='lat' dir='ltr'>ipsis</span> <span class='ocrx_word' id='word_1_503' title='bbox 1837 4880 1917 4931; x_wconf 84' lang='lat' dir='ltr'>rei</span> <span class='ocrx_word' id='word_1_504' title='bbox 1946 4884 2111 4944; x_wconf 85' lang='lat' dir='ltr'>typo-</span> 
     </span>
    </p>
   </div>
   <div class='ocr_carea' id='block_1_67' title="bbox 517 4951 2109 5025">
    <p class='ocr_par' dir='ltr' id='par_1_67' title="bbox 517 4951 2109 5025">
     <span class='ocr_line' id='line_1_67' title="bbox 517 4951 2109 5025; baseline -0.003 -15"><span class='ocrx_word' id='word_1_505' title='bbox 517 4957 810 5025; x_wconf 73' lang='lat' dir='ltr'>graphicze</span> <span class='ocrx_word' id='word_1_506' title='bbox 841 4954 1036 5006; x_wconf 90' lang='lat' dir='ltr'>initiis.</span> <span class='ocrx_word' id='word_1_507' title='bbox 1084 4954 1199 5004; x_wconf 91' lang='lat' dir='ltr'>Nec</span> <span class='ocrx_word' id='word_1_508' title='bbox 1243 4952 1455 5025; x_wconf 85' lang='lat' dir='ltr'>falsum</span> <span class='ocrx_word' id='word_1_509' title='bbox 1512 4951 1742 5005; x_wconf 84' lang='lat' dir='ltr'>titulum</span> <span class='ocrx_word' id='word_1_510' title='bbox 1765 4964 1980 5005; x_wconf 91' lang='lat' dir='ltr'>moror:</span> <span class='ocrx_word' id='word_1_511' title='bbox 2007 4952 2109 5009; x_wconf 87' lang='lat' dir='ltr'>sed</span> 
     </span>
    </p>
   </div>
   <div class='ocr_carea' id='block_1_68' title="bbox 516 5024 2109 5094">
    <p class='ocr_par' dir='ltr' id='par_1_68' title="bbox 516 5024 2109 5094">
     <span class='ocr_line' id='line_1_68' title="bbox 516 5024 2109 5094; baseline -0.008 -9"><span class='ocrx_word' id='word_1_512' title='bbox 516 5024 794 5094; x_wconf 83' lang='lat' dir='ltr'>magnum</span> <span class='ocrx_word' id='word_1_513' title='bbox 811 5024 1203 5089; x_wconf 85' lang='lat' dir='ltr'>tamenipsum</span> <span class='ocrx_word' id='word_1_514' title='bbox 1219 5024 1634 5088; x_wconf 87' lang='lat' dir='ltr'>Hieronymum</span> <span class='ocrx_word' id='word_1_515' title='bbox 1650 5025 1939 5084; x_wconf 86' lang='lat' dir='ltr'>hujusmodi</span> <span class='ocrx_word' id='word_1_516' title='bbox 1959 5026 2109 5074; x_wconf 90' lang='lat' dir='ltr'>lucu-</span> 
     </span>
    </p>
   </div>
   <div class='ocr_carea' id='block_1_69' title="bbox 514 5099 1987 5163">
    <p class='ocr_par' dir='ltr' id='par_1_69' title="bbox 514 5099 1987 5163">
     <span class='ocr_line' id='line_1_69' title="bbox 514 5099 1987 5163; baseline -0.013 -6"><span class='ocrx_word' id='word_1_517' title='bbox 514 5105 699 5158; x_wconf 89' lang='lat' dir='ltr'>bratio</span> <span class='ocrx_word' id='word_1_518' title='bbox 722 5100 1028 5163; x_wconf 88' lang='lat' dir='ltr'>decuisset,</span> <span class='ocrx_word' id='word_1_519' title='bbox 1059 5099 1195 5149; x_wconf 88' lang='lat' dir='ltr'>scio.</span> <span class='ocrx_word' id='word_1_520' title='bbox 1984 5126 1987 5127; x_wconf 44' lang='grc' dir='ltr'><em>ν</em></span> 
     </span>
    </p>
   </div>
   <div class='ocr_carea' id='block_1_70' title="bbox 580 5165 2109 5229">
    <p class='ocr_par' dir='ltr' id='par_1_70' title="bbox 580 5165 2109 5229">
     <span class='ocr_line' id='line_1_70' title="bbox 580 5165 2109 5229; baseline -0.006 -4"><span class='ocrx_word' id='word_1_521' title='bbox 580 5176 602 5204; x_wconf 75' lang='grc' dir='ltr'>ι’</span> <span class='ocrx_word' id='word_1_522' title='bbox 634 5171 996 5224; x_wconf 87' lang='lat' dir='ltr'>Recentiores</span> <span class='ocrx_word' id='word_1_523' title='bbox 1031 5169 1163 5219; x_wconf 79' lang='lat' dir='ltr'>duae</span> <span class='ocrx_word' id='word_1_524' title='bbox 1197 5165 1564 5229; x_wconf 83' lang='lat' dir='ltr'>Oxoniensis,</span> <span class='ocrx_word' id='word_1_525' title='bbox 1589 5169 1645 5217; x_wconf 92' lang='lat' dir='ltr'>et</span> <span class='ocrx_word' id='word_1_526' title='bbox 1658 5165 1965 5218; x_wconf 86' lang='lat' dir='ltr'>Baluziana</span> <span class='ocrx_word' id='word_1_527' title='bbox 1988 5166 2109 5217; x_wconf 91' lang='lat' dir='ltr'>edi-</span> 
     </span>
    </p>
   </div>
   <div class='ocr_carea' id='block_1_71' title="bbox 513 5236 2109 5307">
    <p class='ocr_par' dir='ltr' id='par_1_71' title="bbox 513 5236 2109 5307">
     <span class='ocr_line' id='line_1_71' title="bbox 513 5236 2109 5307; baseline -0.003 -12"><span class='ocrx_word' id='word_1_528' title='bbox 513 5247 593 5299; x_wconf 84' lang='lat' dir='ltr'>tio</span> <span class='ocrx_word' id='word_1_529' title='bbox 624 5246 822 5307; x_wconf 78' lang='lat' dir='ltr'>Ruﬁno</span> <span class='ocrx_word' id='word_1_530' title='bbox 860 5243 1068 5291; x_wconf 79' lang='lat' dir='ltr'>Torano</span> <span class='ocrx_word' id='word_1_531' title='bbox 1107 5239 1325 5303; x_wconf 87' lang='lat' dir='ltr'>legunt,</span> <span class='ocrx_word' id='word_1_532' title='bbox 1353 5239 1553 5289; x_wconf 87' lang='lat' dir='ltr'>vitiosa</span> <span class='ocrx_word' id='word_1_533' title='bbox 1584 5236 2109 5290; x_wconf 87' lang='lat' dir='ltr'>scilicetmetatbesi</span> 
     </span>
    </p>
   </div>
   <div class='ocr_carea' id='block_1_72' title="bbox 515 5310 2107 5383">
    <p class='ocr_par' dir='ltr' id='par_1_72' title="bbox 515 5310 2107 5383">
     <span class='ocr_line' id='line_1_72' title="bbox 515 5310 2107 5383; baseline -0.006 -14"><span class='ocrx_word' id='word_1_534' title='bbox 515 5329 850 5383; x_wconf 68' lang='lat' dir='ltr'>praanomen</span> <span class='ocrx_word' id='word_1_535' title='bbox 873 5312 1092 5365; x_wconf 91' lang='lat' dir='ltr'>nomini</span> <span class='ocrx_word' id='word_1_536' title='bbox 1124 5315 1546 5375; x_wconf 83' lang='lat' dir='ltr'>postponentes.</span> <span class='ocrx_word' id='word_1_537' title='bbox 1572 5310 2107 5383; x_wconf 21' lang='lat' dir='ltr'>EtenimATyrtmnio</span> 
     </span>
    </p>
   </div>
   <div class='ocr_carea' id='block_1_73' title="bbox 515 5380 2107 5454">
    <p class='ocr_par' dir='ltr' id='par_1_73' title="bbox 515 5380 2107 5454">
     <span class='ocr_line' id='line_1_73' title="bbox 515 5380 2107 5454; baseline -0.006 -14"><span class='ocrx_word' id='word_1_538' title='bbox 515 5380 845 5454; x_wconf 65' lang='lat' dir='ltr'>praenomen</span> <span class='ocrx_word' id='word_1_539' title='bbox 858 5386 1036 5437; x_wconf 75' lang='lat' dir='ltr'>fuisse</span> <span class='ocrx_word' id='word_1_540' title='bbox 1048 5383 1397 5446; x_wconf 65' lang='lat' dir='ltr'>Aquileiensi</span> <span class='ocrx_word' id='word_1_541' title='bbox 1417 5380 2107 5454; x_wconf 73' lang='lat' dir='ltr'>Presbytero,luculentis</span> 
     </span>
    </p>
   </div>
   <div class='ocr_carea' id='block_1_74' title="bbox 515 5451 2106 5520">
    <p class='ocr_par' dir='ltr' id='par_1_74' title="bbox 515 5451 2106 5520">
     <span class='ocr_line' id='line_1_74' title="bbox 515 5451 2106 5520; baseline -0.006 -8"><span class='ocrx_word' id='word_1_542' title='bbox 515 5451 854 5512; x_wconf 70' lang='lat' dir='ltr'>testimoniis</span> <span class='ocrx_word' id='word_1_543' title='bbox 866 5460 1218 5520; x_wconf 87' lang='lat' dir='ltr'>compertum</span> <span class='ocrx_word' id='word_1_544' title='bbox 1235 5458 1342 5514; x_wconf 88' lang='lat' dir='ltr'>est,</span> <span class='ocrx_word' id='word_1_545' title='bbox 1355 5464 1485 5515; x_wconf 66' lang='lat' dir='ltr'>qua:</span> <span class='ocrx_word' id='word_1_546' title='bbox 1496 5451 1719 5513; x_wconf 76' lang='lat' dir='ltr'>adlegat</span> <span class='ocrx_word' id='word_1_547' title='bbox 1749 5452 2106 5503; x_wconf 43' lang='lat' dir='ltr'>li‘ontaninus</span> 
     </span>
    </p>
   </div>
   <div class='ocr_carea' id='block_1_75' title="bbox 512 5522 2105 5592">
    <p class='ocr_par' dir='ltr' id='par_1_75' title="bbox 512 5522 2105 5592">
     <span class='ocr_line' id='line_1_75' title="bbox 512 5522 2105 5592; baseline -0.006 -9"><span class='ocrx_word' id='word_1_548' title='bbox 512 5532 572 5583; x_wconf 89' lang='lat' dir='ltr'>in</span> <span class='ocrx_word' id='word_1_549' title='bbox 607 5533 737 5582; x_wconf 87' lang='lat' dir='ltr'>Vita</span> <span class='ocrx_word' id='word_1_550' title='bbox 760 5543 881 5592; x_wconf 87' lang='lat' dir='ltr'>cap.</span> <span class='ocrx_word' id='word_1_551' title='bbox 900 5530 942 5578; x_wconf 92' lang='lat' dir='ltr'>l.</span> <span class='ocrx_word' id='word_1_552' title='bbox 960 5528 1150 5577; x_wconf 80' lang='lat' dir='ltr'>Fellus</span> <span class='ocrx_word' id='word_1_553' title='bbox 1165 5528 1373 5585; x_wconf 86' lang='lat' dir='ltr'>autem,</span> <span class='ocrx_word' id='word_1_554' title='bbox 1390 5525 1511 5573; x_wconf 86' lang='lat' dir='ltr'>sive</span> <span class='ocrx_word' id='word_1_555' title='bbox 1529 5522 1873 5573; x_wconf 80' lang='lat' dir='ltr'>Oxoniensis</span> <span class='ocrx_word' id='word_1_556' title='bbox 1904 5524 2105 5587; x_wconf 75' lang='lat' dir='ltr'>editor,</span> 
     </span>
    </p>
   </div>
   <div class='ocr_carea' id='block_1_76' title="bbox 513 5592 2102 5663">
    <p class='ocr_par' dir='ltr' id='par_1_76' title="bbox 513 5592 2102 5663">
     <span class='ocr_line' id='line_1_76' title="bbox 513 5592 2102 5663; baseline -0.007 -7"><span class='ocrx_word' id='word_1_557' title='bbox 513 5616 578 5655; x_wconf 91' lang='lat' dir='ltr'>eo</span> <span class='ocrx_word' id='word_1_558' title='bbox 595 5602 821 5655; x_wconf 86' lang='lat' dir='ltr'>nomine</span> <span class='ocrx_word' id='word_1_559' title='bbox 833 5597 1122 5663; x_wconf 79' lang='lat' dir='ltr'>designari</span> <span class='ocrx_word' id='word_1_560' title='bbox 1137 5597 1379 5660; x_wconf 87' lang='lat' dir='ltr'>patriam</span> <span class='ocrx_word' id='word_1_561' title='bbox 1397 5592 1604 5657; x_wconf 87' lang='lat' dir='ltr'>Rulini,</span> <span class='ocrx_word' id='word_1_562' title='bbox 1624 5606 1864 5656; x_wconf 89' lang='lat' dir='ltr'>eamque</span> <span class='ocrx_word' id='word_1_563' title='bbox 1880 5596 2102 5658; x_wconf 83' lang='lat' dir='ltr'>Toram,</span> 
     </span>
    </p>
   </div>
   <div class='ocr_carea' id='block_1_77' title="bbox 2206 4378 3822 4454">
    <p class='ocr_par' dir='ltr' id='par_1_77' title="bbox 2206 4378 3822 4454">
     <span class='ocr_line' id='line_1_77' title="bbox 2206 4378 3822 4454; baseline 0.011 -29"><span class='ocrx_word' id='word_1_564' title='bbox 2206 4390 2320 4454; x_wconf 89' lang='lat' dir='ltr'>nus</span> <span class='ocrx_word' id='word_1_565' title='bbox 2344 4378 2673 4454; x_wconf 71' lang='lat' dir='ltr'>suspicatur</span> <span class='ocrx_word' id='word_1_566' title='bbox 2695 4390 2873 4454; x_wconf 76' lang='lat' dir='ltr'>unum</span> <span class='ocrx_word' id='word_1_567' title='bbox 2899 4379 3077 4431; x_wconf 88' lang='lat' dir='ltr'>fuisse</span> <span class='ocrx_word' id='word_1_568' title='bbox 3101 4393 3174 4433; x_wconf 83' lang='lat' dir='ltr'>ex.</span> <span class='ocrx_word' id='word_1_569' title='bbox 3211 4382 3822 4454; x_wconf 79' lang='lat' dir='ltr'>EpiscopisMetropoli</span> 
     </span>
    </p>
   </div>
   <div class='ocr_carea' id='block_1_78' title="bbox 2207 4448 3822 4525">
    <p class='ocr_par' dir='ltr' id='par_1_78' title="bbox 2207 4448 3822 4525">
     <span class='ocr_line' id='line_1_78' title="bbox 2207 4448 3822 4525; baseline 0.007 -25"><span class='ocrx_word' id='word_1_570' title='bbox 2207 4448 2560 4525; x_wconf 79' lang='lat' dir='ltr'>Aquilejensi</span> <span class='ocrx_word' id='word_1_571' title='bbox 2611 4449 2921 4525; x_wconf 82' lang='lat' dir='ltr'>attributis,</span> <span class='ocrx_word' id='word_1_572' title='bbox 2960 4456 3100 4525; x_wconf 80' lang='lat' dir='ltr'>puta</span> <span class='ocrx_word' id='word_1_573' title='bbox 3123 4454 3471 4520; x_wconf 59' lang='lat' dir='ltr'>Concordia),</span> <span class='ocrx_word' id='word_1_574' title='bbox 3495 4448 3822 4525; x_wconf 42' lang='lat' dir='ltr'>Ruﬁni‘pa-</span> 
     </span>
    </p>
   </div>
   <div class='ocr_carea' id='block_1_79' title="bbox 2211 4521 3822 4589">
    <p class='ocr_par' dir='ltr' id='par_1_79' title="bbox 2211 4521 3822 4589">
     <span class='ocr_line' id='line_1_79' title="bbox 2211 4521 3822 4589; baseline 0.009 -18"><span class='ocrx_word' id='word_1_575' title='bbox 2211 4523 2351 4584; x_wconf 65' lang='lat' dir='ltr'>triai,</span> <span class='ocrx_word' id='word_1_576' title='bbox 2383 4521 2548 4583; x_wconf 81' lang='lat' dir='ltr'>cujus</span> <span class='ocrx_word' id='word_1_577' title='bbox 2572 4521 2738 4573; x_wconf 88' lang='lat' dir='ltr'>sedes</span> <span class='ocrx_word' id='word_1_578' title='bbox 2764 4527 2929 4574; x_wconf 89' lang='lat' dir='ltr'>vacat</span> <span class='ocrx_word' id='word_1_579' title='bbox 2952 4524 3107 4588; x_wconf 90' lang='lat' dir='ltr'>apud</span> <span class='ocrx_word' id='word_1_580' title='bbox 3131 4526 3440 4589; x_wconf 87' lang='lat' dir='ltr'>Ughellum</span> <span class='ocrx_word' id='word_1_581' title='bbox 3469 4532 3605 4583; x_wconf 83' lang='lat' dir='ltr'>ante</span> <span class='ocrx_word' id='word_1_582' title='bbox 3631 4521 3822 4585; x_wconf 58' lang='lat' dir='ltr'>sacu-</span> 
     </span>
    </p>
   </div>
   <div class='ocr_carea' id='block_1_80' title="bbox 2207 4592 3818 4668">
    <p class='ocr_par' dir='ltr' id='par_1_80' title="bbox 2207 4592 3818 4668">
     <span class='ocr_line' id='line_1_80' title="bbox 2207 4592 3818 4668; baseline 0.007 -24"><span class='ocrx_word' id='word_1_583' title='bbox 2207 4592 2326 4668; x_wconf 76' lang='lat' dir='ltr'>lum</span> <span class='ocrx_word' id='word_1_584' title='bbox 2351 4596 2600 4668; x_wconf 65' lang='lat' dir='ltr'>sextum.</span> <span class='ocrx_word' id='word_1_585' title='bbox 2633 4595 2703 4668; x_wconf 80' lang='lat' dir='ltr'>Et</span> <span class='ocrx_word' id='word_1_586' title='bbox 2723 4593 2784 4644; x_wconf 90' lang='lat' dir='ltr'>in</span> <span class='ocrx_word' id='word_1_587' title='bbox 2797 4595 2923 4657; x_wconf 84' lang='lat' dir='ltr'>ejus</span> <span class='ocrx_word' id='word_1_588' title='bbox 2936 4595 3168 4658; x_wconf 91' lang='lat' dir='ltr'>quidem</span> <span class='ocrx_word' id='word_1_589' title='bbox 3196 4598 3405 4651; x_wconf 86' lang='lat' dir='ltr'>vicinia</span> <span class='ocrx_word' id='word_1_590' title='bbox 3438 4600 3623 4663; x_wconf 88' lang='lat' dir='ltr'>fuerit,</span> <span class='ocrx_word' id='word_1_591' title='bbox 3658 4605 3818 4668; x_wconf 88' lang='lat' dir='ltr'>ejus-</span> 
     </span>
    </p>
   </div>
   <div class='ocr_carea' id='block_1_81' title="bbox 2206 4662 3813 4734">
    <p class='ocr_par' dir='ltr' id='par_1_81' title="bbox 2206 4662 3813 4734">
     <span class='ocr_line' id='line_1_81' title="bbox 2206 4662 3813 4734; baseline 0.009 -21"><span class='ocrx_word' id='word_1_592' title='bbox 2206 4662 2475 4728; x_wconf 88' lang='lat' dir='ltr'>demque,</span> <span class='ocrx_word' id='word_1_593' title='bbox 2500 4668 2566 4715; x_wconf 90' lang='lat' dir='ltr'>ut</span> <span class='ocrx_word' id='word_1_594' title='bbox 2588 4664 2667 4715; x_wconf 88' lang='lat' dir='ltr'>ita</span> <span class='ocrx_word' id='word_1_595' title='bbox 2687 4665 2907 4728; x_wconf 86' lang='lat' dir='ltr'>loquar,</span> <span class='ocrx_word' id='word_1_596' title='bbox 2931 4669 3107 4729; x_wconf 87' lang='lat' dir='ltr'>ritus;</span> <span class='ocrx_word' id='word_1_597' title='bbox 3136 4668 3567 4734; x_wconf 73' lang='lat' dir='ltr'>Metropoliticaa</span> <span class='ocrx_word' id='word_1_598' title='bbox 3600 4662 3813 4727; x_wconf 73' lang='lat' dir='ltr'>autem</span> 
     </span>
    </p>
   </div>
   <div class='ocr_carea' id='block_1_82' title="bbox 2207 4735 3819 4806">
    <p class='ocr_par' dir='ltr' id='par_1_82' title="bbox 2207 4735 3819 4806">
     <span class='ocr_line' id='line_1_82' title="bbox 2207 4735 3819 4806; baseline 0.008 -20"><span class='ocrx_word' id='word_1_599' title='bbox 2207 4735 2438 4787; x_wconf 89' lang='lat' dir='ltr'>ditionis</span> <span class='ocrx_word' id='word_1_600' title='bbox 2459 4735 2615 4787; x_wconf 89' lang='lat' dir='ltr'>haud</span> <span class='ocrx_word' id='word_1_601' title='bbox 2626 4735 2887 4788; x_wconf 69' lang='lat' dir='ltr'>dixerim.</span> <span class='ocrx_word' id='word_1_602' title='bbox 2902 4738 3307 4792; x_wconf 88' lang='lat' dir='ltr'>Dubitavimus</span> <span class='ocrx_word' id='word_1_603' title='bbox 3322 4740 3652 4806; x_wconf 85' lang='lat' dir='ltr'>aliquando,</span> <span class='ocrx_word' id='word_1_604' title='bbox 3671 4759 3819 4799; x_wconf 90' lang='lat' dir='ltr'>num</span> 
     </span>
    </p>
   </div>
   <div class='ocr_carea' id='block_1_83' title="bbox 2209 4806 3814 4882">
    <p class='ocr_par' dir='ltr' id='par_1_83' title="bbox 2209 4806 3814 4882">
     <span class='ocr_line' id='line_1_83' title="bbox 2209 4806 3814 4882; baseline 0.008 -24"><span class='ocrx_word' id='word_1_605' title='bbox 2209 4806 2926 4882; x_wconf 45' lang='lat' dir='ltr'>Gaudenttrescribendum</span> <span class='ocrx_word' id='word_1_606' title='bbox 2949 4816 3123 4882; x_wconf 89' lang='lat' dir='ltr'>esset,</span> <span class='ocrx_word' id='word_1_607' title='bbox 3151 4815 3208 4864; x_wconf 90' lang='lat' dir='ltr'>et</span> <span class='ocrx_word' id='word_1_608' title='bbox 3230 4812 3535 4866; x_wconf 80' lang='lat' dir='ltr'>Brixianus</span> <span class='ocrx_word' id='word_1_609' title='bbox 3568 4817 3814 4882; x_wconf 76' lang='lat' dir='ltr'>Episco-</span> 
     </span>
    </p>
   </div>
   <div class='ocr_carea' id='block_1_84' title="bbox 2204 4876 3818 4950">
    <p class='ocr_par' dir='ltr' id='par_1_84' title="bbox 2204 4876 3818 4950">
     <span class='ocr_line' id='line_1_84' title="bbox 2204 4876 3818 4950; baseline 0.009 -21"><span class='ocrx_word' id='word_1_610' title='bbox 2204 4890 2315 4943; x_wconf 91' lang='lat' dir='ltr'>pus</span> <span class='ocrx_word' id='word_1_611' title='bbox 2338 4876 2761 4950; x_wconf 88' lang='lat' dir='ltr'>intelligendus,</span> <span class='ocrx_word' id='word_1_612' title='bbox 2789 4879 2883 4931; x_wconf 90' lang='lat' dir='ltr'>cui</span> <span class='ocrx_word' id='word_1_613' title='bbox 2910 4885 2967 4932; x_wconf 92' lang='lat' dir='ltr'>et</span> <span class='ocrx_word' id='word_1_614' title='bbox 2987 4881 3162 4935; x_wconf 88' lang='lat' dir='ltr'>libros</span> <span class='ocrx_word' id='word_1_615' title='bbox 3188 4876 3674 4950; x_wconf 73' lang='lat' dir='ltr'>Recognitionum</span> <span class='ocrx_word' id='word_1_616' title='bbox 3699 4892 3818 4943; x_wconf 85' lang='lat' dir='ltr'>Ru-</span> 
     </span>
    </p>
   </div>
   <div class='ocr_carea' id='block_1_85' title="bbox 2205 4949 2694 5012">
    <p class='ocr_par' dir='ltr' id='par_1_85' title="bbox 2205 4949 2694 5012">
     <span class='ocr_line' id='line_1_85' title="bbox 2205 4949 2694 5012; baseline -0.004 -11"><span class='ocrx_word' id='word_1_617' title='bbox 2205 4951 2359 5001; x_wconf 77' lang='lat' dir='ltr'>ﬁnus</span> <span class='ocrx_word' id='word_1_618' title='bbox 2385 4949 2694 5012; x_wconf 87' lang='lat' dir='ltr'>inscripsit.</span> 
     </span>
    </p>
   </div>
   <div class='ocr_carea' id='block_1_86' title="bbox 2268 5019 3815 5098">
    <p class='ocr_par' dir='ltr' id='par_1_86' title="bbox 2268 5019 3815 5098">
     <span class='ocr_line' id='line_1_86' title="bbox 2268 5019 3815 5098; baseline 0.01 -27"><span class='ocrx_word' id='word_1_619' title='bbox 2268 5019 2294 5098; x_wconf 53' lang='lat' dir='ltr'>ff</span> <span class='ocrx_word' id='word_1_620' title='bbox 2326 5022 2469 5098; x_wconf 78' lang='lat' dir='ltr'>Sunt</span> <span class='ocrx_word' id='word_1_621' title='bbox 2509 5021 2630 5098; x_wconf 73' lang='lat' dir='ltr'>qui</span> <span class='ocrx_word' id='word_1_622' title='bbox 2649 5026 2709 5070; x_wconf 81' lang='lat' dir='ltr'>ut</span> <span class='ocrx_word' id='word_1_623' title='bbox 2741 5024 3007 5098; x_wconf 81' lang='lat' dir='ltr'>vocuiam</span> <span class='ocrx_word' id='word_1_624' title='bbox 3030 5028 3222 5078; x_wconf 88' lang='lat' dir='ltr'>tacent</span> <span class='ocrx_word' id='word_1_625' title='bbox 3246 5027 3384 5080; x_wconf 89' lang='lat' dir='ltr'>editi</span> <span class='ocrx_word' id='word_1_626' title='bbox 3405 5032 3461 5081; x_wconf 90' lang='lat' dir='ltr'>et</span> <span class='ocrx_word' id='word_1_627' title='bbox 3483 5030 3622 5082; x_wconf 81' lang='lat' dir='ltr'>Mss.</span> <span class='ocrx_word' id='word_1_628' title='bbox 3659 5031 3815 5098; x_wconf 83' lang='lat' dir='ltr'>libri,</span> 
     </span>
    </p>
   </div>
   <div class='ocr_carea' id='block_1_87' title="bbox 2204 5090 3817 5167">
    <p class='ocr_par' dir='ltr' id='par_1_87' title="bbox 2204 5090 3817 5167">
     <span class='ocr_line' id='line_1_87' title="bbox 2204 5090 3817 5167; baseline 0.006 -24"><span class='ocrx_word' id='word_1_629' title='bbox 2204 5090 2419 5167; x_wconf 76' lang='lat' dir='ltr'>aliitua</span> <span class='ocrx_word' id='word_1_630' title='bbox 2440 5092 2640 5167; x_wconf 82' lang='lat' dir='ltr'>legunt</span> <span class='ocrx_word' id='word_1_631' title='bbox 2659 5105 2762 5167; x_wconf 88' lang='lat' dir='ltr'>pro</span> <span class='ocrx_word' id='word_1_632' title='bbox 2797 5095 2894 5146; x_wconf 82' lang='lat' dir='ltr'>tui.</span> <span class='ocrx_word' id='word_1_633' title='bbox 2922 5095 3086 5157; x_wconf 90' lang='lat' dir='ltr'>Olim,</span> <span class='ocrx_word' id='word_1_634' title='bbox 3112 5104 3170 5146; x_wconf 82' lang='lat' dir='ltr'>ut</span> <span class='ocrx_word' id='word_1_635' title='bbox 3187 5101 3533 5165; x_wconf 70' lang='lat' dir='ltr'>conveniatis,</span> <span class='ocrx_word' id='word_1_636' title='bbox 3570 5090 3701 5167; x_wconf 78' lang='lat' dir='ltr'>quoe</span> <span class='ocrx_word' id='word_1_637' title='bbox 3728 5090 3817 5155; x_wconf 63' lang='lat' dir='ltr'>di;</span> 
     </span>
    </p>
   </div>
   <div class='ocr_carea' id='block_1_88' title="bbox 2204 5163 3815 5235">
    <p class='ocr_par' dir='ltr' id='par_1_88' title="bbox 2204 5163 3815 5235">
     <span class='ocr_line' id='line_1_88' title="bbox 2204 5163 3815 5235; baseline 0.011 -23"><span class='ocrx_word' id='word_1_638' title='bbox 2204 5163 2401 5235; x_wconf 73' lang='lat' dir='ltr'>werim,</span> <span class='ocrx_word' id='word_1_639' title='bbox 2454 5164 2764 5231; x_wconf 84' lang='lat' dir='ltr'>Manutius,</span> <span class='ocrx_word' id='word_1_640' title='bbox 2804 5172 2864 5215; x_wconf 81' lang='lat' dir='ltr'>ut</span> <span class='ocrx_word' id='word_1_641' title='bbox 2887 5170 3165 5218; x_wconf 74' lang='lat' dir='ltr'>conveniat</span> <span class='ocrx_word' id='word_1_642' title='bbox 3192 5170 3278 5235; x_wconf 85' lang='lat' dir='ltr'>iis,</span> <span class='ocrx_word' id='word_1_643' title='bbox 3306 5163 3642 5233; x_wconf 65' lang='lat' dir='ltr'>etc,vitib§e.</span> <span class='ocrx_word' id='word_1_644' title='bbox 3678 5178 3815 5230; x_wconf 77' lang='lat' dir='ltr'>Mox</span> 
     </span>
    </p>
   </div>
   <div class='ocr_carea' id='block_1_89' title="bbox 2207 5234 3814 5316">
    <p class='ocr_par' dir='ltr' id='par_1_89' title="bbox 2207 5234 3814 5316">
     <span class='ocr_line' id='line_1_89' title="bbox 2207 5234 3814 5316; baseline 0.012 -34"><span class='ocrx_word' id='word_1_645' title='bbox 2207 5234 2265 5316; x_wconf 69' lang='lat' dir='ltr'>iet</span> <span class='ocrx_word' id='word_1_646' title='bbox 2290 5248 2619 5300; x_wconf 90' lang='lat' dir='ltr'>pronomen,</span> <span class='ocrx_word' id='word_1_647' title='bbox 2650 5249 2750 5301; x_wconf 91' lang='lat' dir='ltr'>pro</span> <span class='ocrx_word' id='word_1_648' title='bbox 2775 5241 2841 5305; x_wconf 84' lang='grc' dir='ltr'>τῷ</span> <span class='ocrx_word' id='word_1_649' title='bbox 2882 5242 3069 5288; x_wconf 81' lang='lat' dir='ltr'>temere</span> <span class='ocrx_word' id='word_1_650' title='bbox 3093 5234 3550 5311; x_wconf 69' lang='lat' dir='ltr'>praapOnebatur,</span> <span class='ocrx_word' id='word_1_651' title='bbox 3576 5259 3814 5313; x_wconf 83' lang='lat' dir='ltr'>expun-</span> 
     </span>
    </p>
   </div>
   <div class='ocr_carea' id='block_1_90' title="bbox 2206 5319 3681 5359">
    <p class='ocr_par' dir='ltr' id='par_1_90' title="bbox 2206 5319 3681 5359">
     <span class='ocr_line' id='line_1_90' title="bbox 2206 5319 3681 5359; baseline 0 -2"><span class='ocrx_word' id='word_1_652' title='bbox 2206 5319 2400 5359; x_wconf 76' lang='lat' dir='ltr'>leuS</span> <span class='ocrx_word' id='word_1_653' title='bbox 2409 5346 2419 5357; x_wconf 88' lang='lat'>.</span> <span class='ocrx_word' id='word_1_654' title='bbox 3672 5352 3681 5357; x_wconf 87' lang='lat'>.</span> 
     </span>
    </p>
   </div>
   <div class='ocr_carea' id='block_1_91' title="bbox 2267 5381 3816 5452">
    <p class='ocr_par' dir='ltr' id='par_1_91' title="bbox 2267 5381 3816 5452">
     <span class='ocr_line' id='line_1_91' title="bbox 2267 5381 3816 5452; baseline 0.008 -22"><span class='ocrx_word' id='word_1_655' title='bbox 2267 5393 2285 5415; x_wconf 72' lang='grc' dir='ltr'><strong><em>ο</em></strong></span> <span class='ocrx_word' id='word_1_656' title='bbox 2320 5381 2581 5432; x_wconf 64' lang='grc' dir='ltr'>Βεληωυε</span> <span class='ocrx_word' id='word_1_657' title='bbox 2625 5384 2686 5452; x_wconf 88' lang='lat' dir='ltr'>et</span> <span class='ocrx_word' id='word_1_658' title='bbox 2723 5381 3041 5434; x_wconf 87' lang='lat' dir='ltr'>Frobenius</span> <span class='ocrx_word' id='word_1_659' title='bbox 3075 5385 3325 5449; x_wconf 75' lang='lat' dir='ltr'>petitioni</span> <span class='ocrx_word' id='word_1_660' title='bbox 3362 5386 3653 5452; x_wconf 88' lang='lat' dir='ltr'>legerant:</span> <span class='ocrx_word' id='word_1_661' title='bbox 3708 5391 3816 5443; x_wconf 83' lang='lat' dir='ltr'>mi-</span> 
     </span>
    </p>
   </div>
   <div class='ocr_carea' id='block_1_92' title="bbox 2204 5451 3817 5525">
    <p class='ocr_par' dir='ltr' id='par_1_92' title="bbox 2204 5451 3817 5525">
     <span class='ocr_line' id='line_1_92' title="bbox 2204 5451 3817 5525; baseline 0.004 -22"><span class='ocrx_word' id='word_1_662' title='bbox 2204 5465 2315 5503; x_wconf 94' lang='lat' dir='ltr'>nus</span> <span class='ocrx_word' id='word_1_663' title='bbox 2354 5453 2520 5525; x_wconf 85' lang='lat' dir='ltr'>bene.</span> <span class='ocrx_word' id='word_1_664' title='bbox 2561 5451 2731 5525; x_wconf 85' lang='lat' dir='ltr'>Paulo</span> <span class='ocrx_word' id='word_1_665' title='bbox 2775 5458 2907 5517; x_wconf 90' lang='lat' dir='ltr'>post</span> <span class='ocrx_word' id='word_1_666' title='bbox 2931 5456 3027 5506; x_wconf 89' lang='lat' dir='ltr'>ubi</span> <span class='ocrx_word' id='word_1_667' title='bbox 3053 5451 3461 5522; x_wconf 67' lang='lat' dir='ltr'>dicitur,quani</span> <span class='ocrx_word' id='word_1_668' title='bbox 3488 5476 3621 5525; x_wconf 61' lang='lat' dir='ltr'>quae,</span> <span class='ocrx_word' id='word_1_669' title='bbox 3667 5464 3817 5515; x_wconf 79' lang='lat' dir='ltr'>alie-</span> 
     </span>
    </p>
   </div>
   <div class='ocr_carea' id='block_1_93' title="bbox 2202 5524 3813 5599">
    <p class='ocr_par' dir='ltr' id='par_1_93' title="bbox 2202 5524 3813 5599">
     <span class='ocr_line' id='line_1_93' title="bbox 2202 5524 3813 5599; baseline 0.007 -23"><span class='ocrx_word' id='word_1_670' title='bbox 2202 5537 2325 5576; x_wconf 87' lang='lat' dir='ltr'>rim</span> <span class='ocrx_word' id='word_1_671' title='bbox 2349 5524 2497 5575; x_wconf 93' lang='lat' dir='ltr'>hanc</span> <span class='ocrx_word' id='word_1_672' title='bbox 2524 5524 2783 5599; x_wconf 81' lang='lat' dir='ltr'>Voculam</span> <span class='ocrx_word' id='word_1_673' title='bbox 2828 5526 2922 5577; x_wconf 87' lang='lat' dir='ltr'>alii</span> <span class='ocrx_word' id='word_1_674' title='bbox 2948 5529 3119 5582; x_wconf 84' lang='lat' dir='ltr'>ferme</span> <span class='ocrx_word' id='word_1_675' title='bbox 3150 5532 3482 5584; x_wconf 87' lang='lat' dir='ltr'>concinnius</span> <span class='ocrx_word' id='word_1_676' title='bbox 3501 5524 3813 5599; x_wconf 87' lang='lat' dir='ltr'>respuunt.</span> 
     </span>
    </p>
   </div>
   <div class='ocr_carea' id='block_1_94' title="bbox 2206 5596 3816 5673">
    <p class='ocr_par' dir='ltr' id='par_1_94' title="bbox 2206 5596 3816 5673">
     <span class='ocr_line' id='line_1_94' title="bbox 2206 5596 3816 5673; baseline 0.006 -24"><span class='ocrx_word' id='word_1_677' title='bbox 2206 5599 2373 5660; x_wconf 85' lang='lat' dir='ltr'>Tum,</span> <span class='ocrx_word' id='word_1_678' title='bbox 2404 5603 2449 5673; x_wconf 72' lang='lat' dir='ltr'>et</span> <span class='ocrx_word' id='word_1_679' title='bbox 2473 5596 2689 5673; x_wconf 65' lang='lat' dir='ltr'>quidem</span> <span class='ocrx_word' id='word_1_680' title='bbox 2701 5610 2801 5673; x_wconf 85' lang='lat' dir='ltr'>pro</span> <span class='ocrx_word' id='word_1_681' title='bbox 2821 5600 3082 5665; x_wconf 84' lang='lat' dir='ltr'>equidem,</span> <span class='ocrx_word' id='word_1_682' title='bbox 3103 5602 3345 5667; x_wconf 89' lang='lat' dir='ltr'>denique</span> <span class='ocrx_word' id='word_1_683' title='bbox 3357 5609 3414 5657; x_wconf 90' lang='lat' dir='ltr'>et</span> <span class='ocrx_word' id='word_1_684' title='bbox 3432 5596 3816 5673; x_wconf 54' lang='lat' dir='ltr'>conscripsisse</span> 
     </span>
    </p>
   </div>
   <div class='ocr_carea' id='block_1_95' title="bbox 506 5664 2860 5733">
    <p class='ocr_par' dir='ltr' id='par_1_95' title="bbox 506 5664 2860 5733">
     <span class='ocr_line' id='line_1_95' title="bbox 506 5664 2860 5733; baseline -0.001 -7"><span class='ocrx_word' id='word_1_685' title='bbox 506 5675 628 5726; x_wconf 88' lang='lat' dir='ltr'>sive</span> <span class='ocrx_word' id='word_1_686' title='bbox 653 5674 916 5731; x_wconf 87' lang='lat' dir='ltr'>Thoram,</span> <span class='ocrx_word' id='word_1_687' title='bbox 946 5672 1146 5721; x_wconf 87' lang='lat' dir='ltr'>urbem</span> <span class='ocrx_word' id='word_1_688' title='bbox 1171 5666 1347 5717; x_wconf 78' lang='lat' dir='ltr'>Italiae</span> <span class='ocrx_word' id='word_1_689' title='bbox 1371 5676 1525 5716; x_wconf 89' lang='lat' dir='ltr'>nunc</span> <span class='ocrx_word' id='word_1_690' title='bbox 1563 5664 1815 5716; x_wconf 83' lang='lat' dir='ltr'>excisam</span> <span class='ocrx_word' id='word_1_691' title='bbox 1841 5665 1901 5716; x_wconf 91' lang='lat' dir='ltr'>in</span> <span class='ocrx_word' id='word_1_692' title='bbox 1924 5665 2105 5717; x_wconf 89' lang='lat' dir='ltr'>limite</span> <span class='ocrx_word' id='word_1_693' title='bbox 2124 5724 2165 5733; x_wconf 71' lang='lat'><strong><em>_</em></strong></span> <span class='ocrx_word' id='word_1_694' title='bbox 2205 5681 2305 5733; x_wconf 90' lang='lat' dir='ltr'>pro</span> <span class='ocrx_word' id='word_1_695' title='bbox 2332 5668 2606 5731; x_wconf 76' lang='lat' dir='ltr'>scripsisse</span> <span class='ocrx_word' id='word_1_696' title='bbox 2628 5668 2860 5723; x_wconf 90' lang='lat' dir='ltr'>habent.</span> 
     </span>
    </p>
   </div>
   <div class='ocr_carea' id='block_1_96' title="bbox 509 5724 2178 5805">
    <p class='ocr_par' dir='ltr' id='par_1_96' title="bbox 509 5724 2178 5805">
     <span class='ocr_line' id='line_1_96' title="bbox 509 5724 2178 5805; baseline -0.003 -8"><span class='ocrx_word' id='word_1_697' title='bbox 509 5724 864 5805; x_wconf 74' lang='lat' dir='ltr'>SabinOrum,</span> <span class='ocrx_word' id='word_1_698' title='bbox 892 5724 1161 5805; x_wconf 75' lang='lat' dir='ltr'>perquam</span> <span class='ocrx_word' id='word_1_699' title='bbox 1189 5737 1522 5804; x_wconf 87' lang='lat' dir='ltr'>incongrue,</span> <span class='ocrx_word' id='word_1_700' title='bbox 1548 5737 1607 5791; x_wconf 87' lang='lat' dir='ltr'>et</span> <span class='ocrx_word' id='word_1_701' title='bbox 1631 5740 1825 5790; x_wconf 81' lang='lat' dir='ltr'>contra</span> <span class='ocrx_word' id='word_1_702' title='bbox 1844 5735 2103 5793; x_wconf 59' lang='lat' dir='ltr'>historia</span> <span class='ocrx_word' id='word_1_703' title='bbox 2119 5724 2178 5800; x_wconf 91' lang='lat' dir='ltr'><strong>D</strong></span> 
     </span>
    </p>
   </div>
   <div class='ocr_carea' id='block_1_97' title="bbox 509 5810 1201 5876">
    <p class='ocr_par' dir='ltr' id='par_1_97' title="bbox 509 5810 1201 5876">
     <span class='ocr_line' id='line_1_97' title="bbox 509 5810 1201 5876; baseline -0.01 -6"><span class='ocrx_word' id='word_1_704' title='bbox 509 5816 683 5869; x_wconf 80' lang='lat' dir='ltr'>ﬁdem</span> <span class='ocrx_word' id='word_1_705' title='bbox 706 5825 937 5867; x_wconf 90' lang='lat' dir='ltr'>omnem</span> <span class='ocrx_word' id='word_1_706' title='bbox 959 5810 1201 5876; x_wconf 87' lang='lat' dir='ltr'>putavit.</span> 
     </span>
    </p>
   </div>
   <div class='ocr_carea' id='block_1_98' title="bbox 571 5882 2094 5961">
    <p class='ocr_par' dir='ltr' id='par_1_98' title="bbox 571 5882 2094 5961">
     <span class='ocr_line' id='line_1_98' title="bbox 571 5882 2094 5961; baseline -0.004 -16"><span class='ocrx_word' id='word_1_707' title='bbox 571 5900 591 5926; x_wconf 79' lang='grc' dir='ltr'><strong>ο</strong></span> <span class='ocrx_word' id='word_1_708' title='bbox 623 5889 911 5945; x_wconf 85' lang='lat' dir='ltr'>Incertum</span> <span class='ocrx_word' id='word_1_709' title='bbox 935 5891 1103 5955; x_wconf 64' lang='lat' dir='ltr'>cuius</span> <span class='ocrx_word' id='word_1_710' title='bbox 1134 5884 1227 5941; x_wconf 89' lang='lat' dir='ltr'>hic</span> <span class='ocrx_word' id='word_1_711' title='bbox 1259 5884 1431 5961; x_wconf 78' lang='lat' dir='ltr'>fuerit</span> <span class='ocrx_word' id='word_1_712' title='bbox 1461 5882 1732 5944; x_wconf 58' lang='lat' dir='ltr'>Ecclesia</span> <span class='ocrx_word' id='word_1_713' title='bbox 1759 5884 2094 5953; x_wconf 84' lang='lat' dir='ltr'>EpiscOpus,</span> 
     </span>
    </p>
   </div>
   <div class='ocr_carea' id='block_1_99' title="bbox 2260 5740 3812 5809">
    <p class='ocr_par' dir='ltr' id='par_1_99' title="bbox 2260 5740 3812 5809">
     <span class='ocr_line' id='line_1_99' title="bbox 2260 5740 3812 5809; baseline 0.009 -17"><span class='ocrx_word' id='word_1_714' title='bbox 2260 5740 2276 5769; x_wconf 73' lang='grc' dir='ltr'><strong>ί</strong></span> <span class='ocrx_word' id='word_1_715' title='bbox 2306 5742 2493 5793; x_wconf 86' lang='lat' dir='ltr'>Antea</span> <span class='ocrx_word' id='word_1_716' title='bbox 2506 5745 2626 5793; x_wconf 84' lang='lat' dir='ltr'>erat</span> <span class='ocrx_word' id='word_1_717' title='bbox 2648 5744 2992 5809; x_wconf 76' lang='lat' dir='ltr'>comperitur,</span> <span class='ocrx_word' id='word_1_718' title='bbox 3017 5747 3462 5805; x_wconf 72' lang='lat' dir='ltr'>reclamantibus</span> <span class='ocrx_word' id='word_1_719' title='bbox 3477 5748 3644 5807; x_wconf 79' lang='lat' dir='ltr'>libris</span> <span class='ocrx_word' id='word_1_720' title='bbox 3677 5752 3812 5808; x_wconf 87' lang='lat' dir='ltr'>aliis</span> 
     </span>
    </p>
   </div>
   <div class='ocr_carea' id='block_1_100' title="bbox 2200 5813 2790 5884">
    <p class='ocr_par' dir='ltr' id='par_1_100' title="bbox 2200 5813 2790 5884">
     <span class='ocr_line' id='line_1_100' title="bbox 2200 5813 2790 5884; baseline 0.007 -17"><span class='ocrx_word' id='word_1_721' title='bbox 2200 5813 2484 5884; x_wconf 82' lang='lat' dir='ltr'>plerisque</span> <span class='ocrx_word' id='word_1_722' title='bbox 2504 5814 2790 5871; x_wconf 86' lang='lat' dir='ltr'>omnibus.</span> 
     </span>
    </p>
   </div>
  </div>
