3898 6424
555 373 660 432 339

1581 377 1826 431 RUFINI
1860 376 2352 440 AQUILEIENSIS
2395 377 2835 431 PRESBYTERI

3755 375 3849 431 340

555 489 731 545 dibus
766 490 922 547 vivis
966 495 1024 545 et
1045 490 1369 557 margaritis
1412 489 1712 543 dominicis
1756 490 2109 544 aediﬁcantes
2134 505 2147 541 :
2171 494 2226 567 Α
2243 493 2574 544 credentibus
2594 493 2656 541 in
2676 507 2729 542 se
2754 496 3131 541 rcmunerator
3150 493 3210 555 ﬁt
3233 490 3407 554 (Hebr.
3433 490 3523 546 11.
3549 488 3632 554 6.)
3656 489 3766 543 Sed
3799 496 3849 543 et

556 594 735 647 quam
757 596 943 648 neque
964 583 1122 635 venti
1145 580 1513 647 impellerent,
1539 593 1728 645 nequc
1750 580 1989 633 fulmina
2012 582 2151 633 sub-

554 677 988 737 ruerent,neque
1002 675 1407 737 tempestatum
1422 683 1488 722 ac
1498 671 1874 736 procellarum
1886 671 2148 723 turbines

555 762 1177 829 permoverent.Merito
1199 762 1372 826 igitur
1385 762 1462 813 illi
1482 763 1555 813 ab
1567 762 1812 813 invicem
1826 761 2147 825 separandi,

553 852 755 905 turrim
778 852 1063 916 superbiae
1087 850 1453 914 aediﬁcantes,
1468 850 1790 915 linguarum
1810 849 2147 902 confusione

550 941 807 994 damnati
840 945 994 1003 sunt,
1020 950 1126 993 'ne
1168 942 1569 1005 unusquisque
1612 946 1809 1004 posset
1851 940 2147 991 advertere

551 1031 795 1096 proximi
818 1031 910 1083 sui
925 1030 1232 1095 loquelam.
1250 1031 1348 1082 Isti
1362 1042 1499 1083 vero
1514 1030 1615 1094 qui
1636 1030 1841 1081 turrim
1866 1029 2000 1080 ﬁdei
2016 1042 2146 1080 con-

550 1121 867 1183 struebant,
893 1119 1150 1171 omnium
1170 1119 1498 1184 linguarum
1517 1119 1755 1171 scientia
1764 1122 1822 1171 et
1836 1118 2145 1182 agitatione

548 1209 748 1263 donati
787 1213 940 1271 sunt,
971 1214 1039 1261 ut
1076 1210 1217 1261 illud
1241 1208 1475 1273 peccati,
1508 1208 1618 1260 hoc
1639 1208 1771 1259 ﬁdei
1812 1210 2146 1273 probaretur

547 1299 843 1353 indicium.
870 1299 977 1353 Sed
991 1300 1111 1364 jam
1138 1299 1308 1351 nobis
1333 1299 1505 1351 etiam
1525 1298 1595 1349 de
1626 1298 1767 1362 ipsis
1786 1297 2001 1362 aliquid
2026 1302 2143 1349 tra-

549 1388 825 1443 ctandum
849 1393 940 1441 est
958 1387 1301 1452 margaritis,
1343 1387 1405 1438 in
1434 1387 1645 1451 quibus
1687 1386 1872 1451 primo
1912 1386 1975 1438 in
2018 1384 2143 1439 loco

545 1478 676 1532 fons
697 1483 756 1531 et
777 1478 935 1542 origo
950 1476 1211 1530 omnium
1233 1476 1483 1541 ponitur,
1514 1488 1649 1528 cum
1665 1475 1873 1528 dicitur
1906 1489 1920 1526 :

606 1567 659 1623 3.
694 1568 717 1599 δ
739 1569 943 1621 Caeno
968 1579 1030 1619 IN
1053 1569 1183 1618 Deo
1208 1568 1409 1619 Pares
1432 1576 1886 1619 omumornnrs.
1924 1565 2143 1617 Verum

543 1658 724 1723 prius,
743 1670 915 1723 quam
937 1655 1207 1721 incipiam
1230 1655 1301 1709 de
1323 1655 1464 1721 ipsis
1480 1667 1814 1708 sermonum
1828 1654 2141 1707 virtutibus

545 1748 857 1813 disputare,
880 1745 1021 1799 illud
1033 1758 1152 1799 non
1165 1746 1490 1811 importune
1500 1744 1982 1797 commonendum
1999 1747 2141 1809 puto

546 1837 702 1904 quod
724 1836 785 1890 in
805 1836 1047 1889 diversis
1069 1835 1337 1888 Ecclesiis
1360 1835 1552 1900 aliqua
1570 1834 1631 1887 in
1650 1834 1744 1886 his
1768 1834 1957 1888 verbis
1972 1834 2136 1886 inve-
2158 1863 2211 1939 B

543 1928 783 1981 niuntur
804 1926 1044 1991 adjecta.
1079 1928 1147 1978 In
1168 1924 1422 1978 Ecclesia
1432 1928 1629 1977 tamen
1640 1923 1795 1976 urbis
1809 1926 2006 1977 Romae
2028 1923 2138 1977 hoc

542 2029 665 2070 non
707 2014 1153 2082 deprehenditur
1193 2013 1412 2067 factum
1438 2030 1450 2063 :
1477 2013 1632 2078 quod
1664 2026 1773 2079 ego
1800 2025 1821 2049 ο
1842 2015 2139 2078 propterea

543 2119 675 2160 esse
696 2106 953 2170 arbitror,
980 2104 1134 2169 quod
1154 2116 1345 2169 neque
1368 2103 1607 2156 haeresis
1630 2102 1746 2156 ulla
1783 2101 1897 2155 illic
1930 2103 2139 2157 sumsit

544 2195 886 2250 exordium:
915 2200 975 2248 et
986 2207 1112 2247 mos
1126 2193 1268 2247 inibi
1290 2196 1555 2247 servatur
1572 2192 1865 2257 antiquus,
1909 2204 2009 2246 eos
2039 2193 2138 2257 qui

541 2286 784 2351 gratiam
808 2284 1085 2350 Baptismi
1109 2283 1434 2349 suscepturi
1471 2287 1625 2347 sunt,
1660 2282 1903 2348 publice,
1948 2282 2007 2335 id
2050 2284 2138 2334 est

538 2374 792 2429 ﬁdelium
820 2374 1031 2440 populo
1069 2373 1356 2438 audiente,
1377 2371 1711 2438 Symbolum
1755 2372 2034 2436 reddere;
2078 2376 2137 2426 et

538 2466 737 2530 utique
764 2464 1142 2530 adjectlonem
1169 2463 1346 2516 unius
1369 2463 1572 2515 saltem
1605 2462 1887 2515 sermonis
1917 2474 2133 2527 eorum,

539 2554 639 2619 qui
660 2554 1079 2619 praecesserunt
1099 2552 1159 2604 in
1181 2552 1313 2616 ﬁde,
1355 2564 1474 2604 non
1513 2551 1766 2604 admittit
1792 2551 2044 2604 auditus.
2068 2554 2137 2604 In

538 2642 762 2697 cmteris
772 2643 964 2695 autem
987 2641 1439 2706 locis,quantum
1448 2640 1686 2704 intelligi
1702 2640 1883 2704 datur,
1903 2646 2137 2705 propter

539 2732 848 2788 nonnullos
879 2731 1182 2785 hareticos
1203 2730 1401 2784 addita
1435 2729 1703 2795 quaedam
1724 2730 2006 2790 videntur,
2035 2743 2137 2795 per

539 2835 673 2889 quae
695 2821 941 2875 novellae
963 2820 1239 2873 doctrinae
1284 2832 1485 2872 sensus
1513 2821 1839 2872 crederetur
1886 2819 2133 2872 excludi.

537 2914 656 2967 Nos
685 2918 879 2967 tamen
888 2911 1051 2964 illum
1066 2910 1322 2963 ordinem
1341 2908 1653 2975 sequimur,
1678 2921 1851 2974 quem
1873 2908 1933 2961 in
1956 2908 2136 2972 Aqui-

534 3002 737 3067 lejensi
760 3001 1010 3054 Ecclesia
1035 3000 1058 3030 ⁴
1091 2999 1304 3053 lavacri
1331 3000 1515 3065 gratia
1554 2999 1936 3064 suscepimus.
1965 2998 2131 3051 Credo

533 3092 710 3160 igitur
718 3092 900 3158 primo
922 3090 1181 3145 omnium
1194 3089 1246 3158 5
1256 3087 1309 3159 6
1322 3091 1571 3156 ponitur,
1583 3090 1733 3142 sicut
1749 3088 1957 3141 Paulus
1979 3089 2135 3153 Apo-

535 3183 719 3237 stolus
748 3182 819 3235 ab
842 3182 1119 3235 Hebraeos
1143 3181 1398 3233 scribens
1418 3180 1557 3233 dicit
1581 3194 1594 3231 :
1622 3178 1842 3230 Credere
1857 3179 2005 3228 enim
2016 3179 2133 3243 pri-
2156 3185 2206 3262 ρ

533 3288 623 3325 mo
641 3272 894 3325 omnium
914 3270 1242 3321 accedentem
1268 3270 1342 3321 ad
1364 3271 1535 3320 Deum
1557 3274 1775 3335 oportet.
1801 3268 1937 3334 quia
1970 3273 2059 3329 est,
2085 3273 2131 3319 et

599 3451 617 3472 ·
648 3440 891 3494 Laudati
924 3441 1191 3495 editiores
1214 3441 1297 3490 uti
1318 3455 1384 3491 ne
1407 3446 1486 3495 :et
1506 3440 1678 3508 paulo
1695 3439 1950 3503 inferius,
1969 3434 2131 3493 cone—

538 3513 873 3564 trectandum
894 3526 996 3579 pro
1020 3513 1385 3564 tractandum.

596 3584 619 3615 δ
651 3584 917 3637 Baluzius
940 3598 1074 3637 cum
1085 3585 1597 3649 Remboldo,atque
1617 3586 1871 3649 Erasmo,
1888 3596 1997 3637 nec
2010 3596 2130 3636 non

532 3656 763 3709 duobus
786 3657 924 3709 Mss.
949 3657 1073 3710 cod.
1116 3672 1240 3708 cum
1267 3657 1472 3708 dicitur
1493 3657 1867 3722 omnipotente,
1901 3658 2129 3722 rejectis

533 3728 889 3781 intermediis
924 3729 1134 3793 verbis,
1166 3728 1332 3779 Credo
1354 3730 1418 3778 in
1439 3729 1545 3779 Deo
1571 3729 1747 3787 Patre,
1792 3729 1915 3781 sive
1958 3730 2129 3779 Deum

534 3800 929 3864 Patrem,quod
952 3800 1046 3852 alii
1062 3800 1452 3865 praeferunt,et
1467 3806 1599 3865 post
1620 3814 1685 3852 ea
1700 3801 1978 3853 dicemus.
2005 3800 2126 3854 Fele

531 3869 625 3924 lus
665 3876 881 3936 autem,
904 3876 961 3924 et
979 3872 1114 3924 olim
1163 3874 1446 3937 Barraaus,
1499 3872 1805 3937 Pamelius,
1842 3874 2127 3935 Morelius,

531 3943 867 4008 Frobenius,
892 3948 1068 4008 atque
1090 3943 1183 3996 alii
1198 3944 1502 3996 nobiscum
1512 3944 1787 3997 retinent:
1808 3949 1866 3997 et
1880 3946 2129 3998 Pamelio

532 4026 673 4068 sane
694 4014 846 4079 prior
867 4015 1034 4067 lectio
1056 4014 1154 4067 illa
1173 4016 1377 4068 mutila
1399 4016 1634 4067 omnino
1657 4016 1783 4069 visa
1802 4020 1909 4068 est.
1941 4020 2129 4070 Caete-

530 4097 663 4138 rum
687 4089 747 4137 et
769 4086 955 4150 magis
978 4087 1032 4138 ei
1055 4086 1258 4150 placet,
1283 4090 1350 4138 ut
1370 4086 1432 4138 in
1448 4087 1801 4147 accusativo,
1826 4088 1997 4137 Deum
2021 4089 2130 4137 Pa.-

533 4161 685 4219 trem,
711 4159 817 4207 etc.
841 4156 1105 4220 legantur
1120 4158 1331 4221 omnia,
1350 4159 1667 4221 praesertim
1691 4171 1823 4210 cum
1840 4159 1921 4211 sic
1936 4159 2130 4224 legant

529 4237 648 4277 non
667 4225 842 4277 modo
866 4227 1204 4290 Frobenius,
1225 4232 1282 4278 et
1303 4232 1571 4280 vetustus
1591 4241 1843 4281 excusus
1867 4230 1990 4282 cod.
2006 4231 2130 4283 Hie-

530 4308 675 4360 ron.,
703 4295 806 4348 sed
821 4299 881 4348 et
895 4297 1175 4349 vetustior
1192 4297 1380 4349 adhuc
1396 4311 1467 4348 ex
1483 4299 1665 4362 prima
1684 4300 2127 4365 editione,quam

530 4367 781 4431 primum
814 4367 1067 4420 innotuit
1089 4380 1182 4420 ars
1205 4369 1655 4433 Typographica,
1673 4383 1862 4433 quem,
1903 4373 2046 4423 vidit
2068 4374 2129 4425 in

530 4437 882 4491 Bibliotheca
934 4439 1232 4492 Tolosana.
1279 4440 1454 4492 Addit
1491 4442 1646 4504 quod
1670 4442 1777 4493 tria
1813 4442 1922 4493 alia
1975 4445 2129 4509 apud

530 4509 941 4574 Hieronymum
972 4511 1235 4576 symbola
1256 4512 1336 4563 ita
1358 4511 1587 4575 habent,
1614 4514 1672 4565 et
1695 4513 1818 4578 ipse
1848 4515 2129 4580 Hierony-

531 4593 666 4633 mus
689 4581 927 4647 Dialogo
943 4586 1140 4634 contra
1159 4583 1566 4647 Luciferianos,
1604 4590 1986 4649 praeterquam
2009 4601 2126 4640 uno

2248 584 2531 649 Propheta
2555 583 2717 635 dicit:
2732 582 2855 633 Nisi
2877 582 3227 644 credideritis,
3253 596 3364 631 ηοη
3390 581 3843 645 intelligam”

2247 674 2297 728 7.
2322 676 2393 739 9).
2408 676 2481 727 Ut
2502 687 2637 738 ergo
2653 672 3047 737 intelligentiae
3067 671 3168 723 tibi
3192 670 3387 723 aditus
3409 675 3846 736 patescat,recte

2244 765 2427 830 primo
2451 764 2708 816 omnium
2732 768 2786 814 te
2803 762 3031 813 credere
3046 761 3330 824 proﬁteris
3357 778 3368 809 :
3391 761 3527 825 quia
3542 773 3655 812 nec
3668 768 3845 812 cmare

2245 855 2375 917 quis
2392 853 2727 917 ingreditur.
2746 855 2804 904 et
2817 851 3035 915 liquido
3058 864 3125 902 ac
3148 850 3432 915 profundo
3453 863 3584 902 sese
3597 863 3727 901 com
3736 853 3847 901 mit-

2246 943 2315 995 tit
2337 944 2637 1003 elemento,
2661 941 2774 993 nisi
2796 954 2857 992 se
2878 941 3034 1005 prius
3058 941 3250 992 credat
3271 953 3442 1005 posse
3469 940 3723 999 salvari;
3750 954 3845 992 nec

2243 1033 2492 1097 agricola
2521 1033 2740 1084 semina
2765 1032 2937 1083 sulcis
2960 1031 3170 1093 obruit,
3194 1032 3252 1082 et
3282 1030 3480 1095 fruges
3527 1031 3758 1095 spargit
3792 1032 3844 1082 in

2247 1127 2471 1174 terram.
2500 1122 2611 1174 nisi
2635 1120 2937 1173 crediderit
2960 1124 3236 1173 venturos
3267 1119 3501 1183 imbres,
3527 1120 3844 1201 affuturum

2243 1224 2475 1275 quoque
2501 1210 2637 1263 solis
2658 1217 2926 1275 teporem,
2960 1211 3171 1274 quibus
3195 1214 3346 1261 terra
3367 1209 3844 1274 confota,segetes

2242 1300 2616 1365 multiplicata
2637 1300 2658 1336 ε
2679 1301 2843 1365 fruge
2867 1300 3164 1365 producat,
3192 1312 3260 1350 ac
3283 1300 3466 1352 ventis
3492 1299 3843 1364 spirantibus

2242 1391 2471 1443 nutriat.
2500 1390 2649 1441 Nihil
2671 1390 2917 1454 denique
2941 1391 3047 1453 est,
3078 1388 3236 1454 quod
3257 1389 3319 1441 in
3348 1388 3470 1441 vita
3490 1389 3612 1453 geri
3640 1389 3839 1453 possit,

2242 1481 2291 1533 si
2312 1493 2431 1533 non
2454 1478 2758 1531 credulitas
2799 1483 2933 1531 ante
2967 1478 3344 1544 praecesserit.
3370 1478 3516 1540 Quid
3541 1478 3726 1543 igitur
3748 1481 3841 1531 mi-

2240 1582 2389 1631 rum;
2431 1568 2479 1620 si
2502 1568 2840 1621 accedentes
2875 1567 2949 1619 ad
2985 1570 3192 1633 Deum,
3228 1566 3456 1619 credere
3504 1578 3615 1619 nos
3660 1568 3843 1633 primo

2241 1658 2502 1711 omnium
2524 1657 2878 1723 proﬁtemur,
2903 1669 3034 1709 cum
3047 1656 3171 1708 sine
3192 1656 3302 1709 hoc
3322 1669 3427 1709 nec
3454 1655 3594 1722 [.4L.
3618 1658 3842 1722 ne[ipsa

2242 1746 2395 1812 exigi
2410 1747 2594 1812 possit
2617 1747 2737 1799 vita
2764 1746 3107 1799 communis.
3136 1746 3275 1798 Haec
3302 1745 3428 1810 [Αι.
3453 1746 3613 1810 Hoc.]
3643 1734 3841 1799 autem

2240 1836 2449 1889 idcirco
2463 1836 2525 1888 in
2547 1835 2836 1901 principiis
2851 1834 3256 1900 pmmisimus,
3278 1834 3414 1898 quia
3433 1834 3649 1899 Pagani
3673 1836 3842 1888 nobis

2239 1925 2480 1989 objicere
2504 1925 2706 1987 solent,
2733 1924 2888 1989 quod
2918 1924 3114 1990 religio
3156 1930 3372 1985 nostra,
3408 1920 3543 1989 quia
3566 1934 3586 1963 ι
3608 1924 3841 1977 rationi-

2238 2015 2347 2066 bus
2370 2014 2580 2079 deﬁcit,
2596 2015 2658 2066 in
2682 2014 2804 2066 sola
2825 2013 3097 2066 credendi
3120 2013 3495 2079 persuasione
3516 2014 3831 2066 consisiat:

2238 2108 2296 2156 et
2317 2103 2445 2156 ideo
2467 2102 2845 2168 ostendimus,
2862 2116 2966 2155 nec
2978 2103 3090 2167 agi,
3116 2115 3220 2155 nec
3245 2104 3395 2155 stare
3410 2102 3626 2167 aliquid
3639 2114 3833 2166 posse,

2234 2194 2349 2245 nisi
2364 2194 2724 2259 praecesserit
2734 2193 2824 2244 vis
2840 2192 3387 2257 credendi.Denique
3397 2198 3454 2245 et
3466 2192 3838 2245 matrimonia

2235 2284 2671 2343 contrahuntur,
2695 2283 2829 2347 quia
2850 2283 3102 2335 creditur
3130 2295 3477 2335 successura
3491 2283 3835 2347 posteritas:

2234 2376 2293 2426 et
2313 2373 2775 2438 pueridiscendis
2790 2373 3012 2424 artibus
3030 2371 3352 2435 traduntur,
3369 2371 3505 2436 quia
3529 2371 3838 2436 magistro—

2233 2476 2365 2515 rum
2378 2464 2440 2515 in
2456 2462 2766 2528 discipulos
2785 2461 3239 2514 transfundenda
3249 2461 3499 2514 creditur
3510 2460 3839 2526 disciplina:

2234 2552 2255 2583 "
2272 2555 2329 2605 et
2355 2552 2578 2617 imperii
2598 2551 2844 2616 insignia
2875 2563 3026 2603 unus
3050 2550 3309 2616 suscipit,
3357 2549 3499 2621 dum
3522 2550 3709 2602 credit
3734 2551 3839 2601 sibi

2235 2644 2476 2709 populos
2498 2643 2757 2705 eturbes,
2777 2647 2834 2695 et
2855 2645 3140 2694 armatum
3163 2642 3335 2694 etiam
3354 2641 3674 2693 exercitum
3699 2641 3839 2706 pari-

2234 2736 2447 2785 turum.
2489 2731 2653 2794 Quod
2690 2732 2738 2783 si
2760 2731 2886 2783 haec
2911 2731 3152 2796 singula.
3182 2730 3296 2782 nisi
3327 2730 3485 2795 prius
3528 2729 3835 2783 crediderit

2233 2821 2443 2885 futura,
2468 2820 2667 2872 nullus
2690 2819 3328 2885 aggrediturzquomodo
3363 2832 3481 2871 non
3503 2819 3687 2871 multo
3710 2832 3834 2872 ma-

2234 2910 2323 2976 gis
2347 2909 2420 2961 ad
2442 2910 2794 2975 agnitionem
2817 2910 2919 2962 Dei
2941 2909 3222 2963 credendo
3268 2908 3528 2961 veniatur
3547 2910 3575 2960 ?
3589 2908 3702 2961 Sed
3749 2909 3835 2961 vi-

2233 3000 2475 3053 deamus
2499 3000 2636 3065 quid
2654 2999 2777 3065 jam
2798 2999 3069 3054 brevialis
3100 2999 3195 3052 hic
3217 3011 3405 3052 sermo
3417 2997 3675 3064 Symboli
3698 3010 3830 3065 pro-

2232 3092 2430 3155 ponat.
3269 3101 3279 3111 ·

2232 3265 2345 3337 57
2365 3268 2415 3324 4.
2441 3268 2662 3333 Caeno,
2688 3268 2891 3334 inquit,
2906 3270 2993 3320 mi
3010 3269 3136 3321 Dso
3159 3269 3359 3320 Pura
3378 3277 3830 3321 oumrorasrs.

2288 3448 2309 3471 '
2331 3441 2521 3495 Minus
2542 3446 2695 3495 recte
2720 3441 2931 3494 habere
2959 3439 3226 3494 videntur
3237 3439 3521 3493 hactenus
3554 3439 3695 3493 editi
3715 3454 3833 3493 om-

2226 3526 2334 3566 nes
2356 3529 2564 3576 navem,
2601 3527 2703 3579 pro
2728 3529 2897 3578 mare,
2940 3519 2999 3566 et
3021 3526 3158 3565 mox
3194 3514 3363 3561 vitam
3395 3524 3496 3577 pro
3530 3527 3654 3563 sese.
3714 3516 3833 3565 Im-

2227 3598 2443 3649 pressa:
2487 3587 2760 3638 lectiones
2804 3585 3151 3637 doctissimis
3206 3585 3532 3637 Editoribus
3578 3585 3739 3637 Felio
3777 3592 3833 3638 et

2227 3658 2474 3720 Baluzio,
2501 3661 2565 3710 ut
2589 3659 2729 3710 alios
2763 3658 3041 3713 omittam.
3066 3671 3138 3709 ne
3177 3657 3554 3709 innotuerunt
3573 3658 3828 3721 quidem,

2227 3732 2591 3782 Barrseanum
2610 3731 2819 3795 quippe
2833 3729 2990 3780 istud
3011 3728 3321 3792 exemplar,
3334 3741 3448 3792 quo
3466 3741 3585 3793 prae
3602 3731 3830 3782 caeteris

2228 3802 2530 3854 emendato
2550 3803 2788 3865 utimur,
2810 3801 3040 3866 penitus
3063 3802 3418 3864 ignorarunt.

2290 3875 2303 3904 ί
2328 3873 2524 3925 Maluit
2552 3873 2819 3925 Baluzius
2856 3888 2908 3922 se
2928 3878 3005 3923 ele
3039 3871 3418 3935 multiplicata,
3451 3870 3674 3935 frugem
3696 3885 3829 3923 cum

2229 3944 2409 3996 tribus
2434 3946 2570 3997 Mss.
2590 3945 2940 4008 totidemque
2961 3943 3129 3996 editis
3148 3943 3308 3995 libris
3325 3942 3822 4006 Rymboldi,Eras-

2225 4017 2306 4067 mi
2328 4022 2385 4067 et
2400 4017 2629 4068 Morelii.

2289 4096 2308 4126 ι
2340 4087 2779 4139 Interseruimus
2802 4080 2978 4150 quasi,
3016 4085 3169 4150 quod
3193 4085 3403 4148 deerat,
3427 4097 3501 4137 ex
3529 4085 3696 4138 libris
3716 4087 3830 4151 ple-

2225 4158 2420 4222 risque
2442 4159 2565 4211 aliis
2595 4159 2880 4223 omnibus,
2912 4164 2979 4211 ut
3001 4164 3059 4210 et
3080 4158 3195 4208 ideo
3215 4156 3375 4209 initio
3408 4157 3829 4222 subsequentis

2226 4230 2458 4294 periodi.

2288 4301 2310 4331 "
2335 4301 2423 4352 Al.
2448 4301 2669 4365 imperii
2684 4316 2923 4365 quoque:
2963 4306 3104 4364 tum,
3151 4301 3317 4351 credit
3339 4300 3440 4351 sibi
3482 4301 3641 4350 urbes
3664 4307 3711 4351 et
3730 4318 3831 4367 po-

2224 4373 2383 4434 pulos
2393 4377 2670 4422 armatum
2679 4374 2841 4422 etiam
2852 4374 3145 4423 exercitum
3166 4374 3448 4437 pariturae
3463 4373 3576 4424 Sed
3592 4379 3652 4425 et
3662 4373 3830 4438 paula

2226 4448 2374 4508 post,
2401 4443 2665 4493 breviatus
2707 4457 2808 4509 pro
2841 4444 3105 4506 brevialis,
3142 4444 3327 4509 legere
3359 4447 3444 4496 est
3484 4444 3641 4509 apud
3666 4445 3824 4498 alios.

2229 4528 2245 4545 ο
2289 4516 2487 4577 iQuod
2524 4516 2692 4579 paulo
2709 4516 2972 4581 superius
3008 4516 3361 4578 dicebamus,
3404 4516 3691 4568 ablativos
3728 4529 3827 4581 pro

2224 4587 2565 4639 accusativit
2580 4588 2705 4639 heic
2720 4594 2777 4640 et
2792 4588 2851 4639 in
2866 4589 3352 4651 consequentibus
3364 4588 3641 4639 continuo
3665 4588 3827 4640 resti-

532 4652 594 4703 in
615 4651 760 4715 loco,
785 4653 837 4703 S.
865 4664 1097 4716 quoque
1112 4656 1475 4716 Augustinus
1490 4656 1706 4719 ubique
1717 4657 1777 4707 in
1793 4659 2125 4710 accusativo
2142 4703 2194 4723 π
2227 4657 2459 4723 tuimus,
2480 4672 2613 4709 cum
2624 4658 2873 4710 melioris
2885 4664 3038 4710 notae
3052 4658 3313 4710 codicum
3329 4658 3687 4721 auctoritate,
3704 4663 3828 4709 tum

534 4723 729 4774 omnia
745 4703 914 4787 legat.
936 4703 1113 4776 Nobis
1128 4703 1443 4779 ecgntrario
1454 4703 1642 4779 verior
1656 4727 1715 4778 in
1734 4703 2126 4782 ablativdvisa
2142 4703 2198 4776 D
2226 4703 2510 4781 rationum
2524 4703 3690 4793 monimentisauﬁﬁéﬁ,h“u7éi33ﬁ£iii§£d
3698 4703 3827 4782 te}:

531 4797 624 4845 est
646 4793 1014 4858 lectio,quam
1036 4797 1480 4861 restituimus,et
1502 4800 1671 4862 cujus
1695 4810 1933 4851 caussas
1957 4800 2127 4865 paulo

530 4869 663 4928 post
685 4876 756 4915 ex
789 4866 1018 4918 Baluzio
1038 4866 1335 4920 addemus.

592 4946 613 4969 ο
644 4935 829 4988 Vetus
852 4936 1195 4990 Oxoniensis
1218 4939 1801 5004 Editio,Remboldus,
1830 4942 2122 5006 Erasmus,

531 5010 591 5058 et
611 5007 747 5070 tres,
772 5019 920 5071 quos
937 5010 1204 5063 Baluzius
1228 5011 1650 5074 sequitur,Mss.
1668 5026 1768 5076 pro
1793 5027 1850 5061 eo
1875 5028 1992 5072 esse,
2014 5017 2119 5065 etc.

529 5077 665 5129 Mox
680 5089 781 5141 pro
795 5093 878 5128 eos
893 5081 989 5144 qui
1003 5082 1299 5145 gratiam,d
1307 5094 1378 5132 uo
1390 5094 1421 5132 e
1434 5081 2118 5143 laudatisMss,Rembold.

529 5148 811 5200 Erasm.et
832 5150 1023 5201 Morel.
1048 5152 1200 5215 apud
1214 5151 1562 5213 eosDenique
1578 5152 1746 5203 tertio
1768 5154 1840 5204 ab
1864 5154 1973 5205 hoc
2000 5168 2131 5206 ver-

533 5229 598 5269 sa
618 5221 787 5268 unius
809 5221 1298 5285 restituimus,pro
1311 5234 1425 5283 quo
1437 5223 1699 5273 Barraeus
1719 5224 1792 5272 hu
1791 5224 2124 5287 juslegerat.

591 5288 615 5318 ⁴¹
647 5291 1183 5344 Consentitlaudaia
1206 5297 1374 5343 vetus
1398 5293 1542 5345 Edit.
1570 5295 1751 5346 Oxon.
1778 5296 1905 5355 Alii,
1932 5313 2026 5357 per
2050 5296 2129 5345 la-

528 5361 679 5409 vacri
709 5362 969 5424 gratiam.
998 5364 1129 5413 Mox
1154 5362 1214 5413 in
1238 5363 1494 5425 Apostoli
1539 5364 1704 5417 textu
1758 5367 1857 5417 ubi
1900 5367 2125 5431 dicitur,

526 5432 707 5494 primo
730 5433 1002 5495 omnium,
1028 5433 1293 5485 Baluzius
1318 5436 1564 5484 omnium
1578 5438 1971 5500 respuit,quod
1988 5451 2128 5501 pras-

530 5506 616 5554 ter
638 5504 945 5567 Barraeum,
974 5505 1303 5569 Pamelium,
1330 5511 1385 5557 et
1412 5508 1707 5559 Morelium
1721 5511 1887 5560 vetus
1900 5521 2129 5572 quoque

529 5575 585 5625 et
607 5587 760 5627 nova
780 5577 965 5627 Editio
994 5578 1179 5628 Oxon.
1224 5578 1485 5630 retinent.
1525 5582 1664 5641 Quae
1699 5581 2129 5642 subsequuntur

527 5644 746 5709 reliqua
769 5661 902 5699 cum
913 5648 1115 5699 eodem
1130 5648 1369 5712 aliisque
1395 5648 1554 5700 libris
1571 5651 1842 5701 omnibus
1877 5651 2129 5702 restitui-

527 5727 679 5787 mus,
701 5717 1030 5766 credentibus
1054 5720 1114 5766 in
1138 5734 1189 5767 se
1211 5720 1588 5785 remunerator
1624 5722 1701 5783 fit.
1739 5721 1918 5773 Graec.
1955 5742 2126 5787 μιστα-

526 5785 735 5847 ποδότης
761 5788 964 5850 γίνεται.
994 5791 1181 5841 Antea
1204 5790 1278 5841 sit
1301 5790 1513 5842 lectum
1540 5808 1553 5839 :
1579 5790 1804 5844 vocula
1843 5785 2038 5846 autem
2067 5794 2127 5848 in

532 5868 591 5907 se
622 5856 1107 5910 desiderabantur.

2224 4800 2320 4852 Ait
2342 4814 2496 4863 vero,
2523 4802 2611 4851 Sic
2643 4806 2759 4852 tres
2791 4802 2925 4852 Mss.
2951 4801 3193 4864 codices,
3221 4813 3351 4852 cum
3375 4801 3574 4852 Remb.
3602 4802 3826 4852 Erasm.

2223 4875 2282 4922 et
2304 4872 2498 4924 Morel.
2532 4877 2592 4926 et
2614 4873 2695 4923 sic
2717 4872 2777 4924 in
2815 4872 3190 4936 sequentibus
3224 4871 3501 4927 articulis.
3524 4878 3574 4921 et
3598 4872 3660 4921 in
3695 4873 3825 4921 Jesu

2225 4942 2455 5006 Christo,
2480 4948 2589 4995 etc.
2618 4942 2899 4996 Pamelius
2922 4943 3015 4994 his
3036 4944 3097 4995 in
3134 4943 3273 4995 locis
3295 4943 3699 5009 accusativum
3724 4956 3828 5007 po-

2222 5014 2355 5076 suit,
2380 5016 2505 5065 tum
2528 5014 2663 5078 quia
2693 5015 2777 5065 sic
2798 5015 3021 5066 invenit
3041 5015 3101 5066 in
3141 5014 3511 5072 Frobeniana,
3536 5018 3593 5065 et
3620 5014 3686 5066 in
3700 5014 3827 5065 aliis

2221 5083 2450 5136 duabus
2461 5086 2711 5137 vetustis
2723 5085 3087 5148 editionibus,
3101 5088 3224 5137 tum
3238 5090 3371 5150 quia
3386 5086 3468 5136 sic
3481 5085 3702 5137 habent
3722 5086 3827 5137 tria

2223 5156 2377 5219 apud
2401 5157 2794 5208 Hieronimum
2820 5158 3096 5219 symbola,
3115 5162 3173 5209 et
3197 5158 3278 5209 sic
3290 5158 3412 5221 ipse
3436 5157 3824 5220 Hieronymus

2223 5227 2285 5278 in
2312 5228 2546 5290 Dialogo
2562 5228 2839 5278 adversus
2861 5228 3267 5289 Luciferianos,
3292 5241 3404 5279 uno
3422 5228 3545 5279 loco
3562 5231 3825 5292 excepto;

2226 5298 2306 5348 sic
2318 5299 2485 5349 etiam
2499 5299 2712 5360 ubique
2725 5300 3111 5361 Augustinus.
3130 5301 3345 5351 Verum
3359 5299 3823 5351 Pameliiratones

2224 5371 2483 5433 probant,
2502 5368 2641 5420 illud
2657 5370 2888 5432 quidem
2912 5371 2970 5421 in
2994 5371 3277 5434 plerisque
3304 5371 3588 5434 Symbolis
3611 5371 3726 5421 dici
3744 5383 3826 5420 so-

2223 5441 2355 5499 lere,
2385 5441 2550 5490 Credo
2580 5457 2639 5488 ‘tn
2659 5442 2862 5491 Deum:
2895 5446 2954 5493 at
2986 5442 3221 5493 minime
3241 5444 3503 5505 probant,
3539 5442 3621 5493 sic
3652 5443 3820 5493 etiam

2224 5512 2516 5563 exstitisse
2540 5512 2599 5563 in
2629 5513 2896 5576 Symbolo
2922 5514 3188 5565 Ecclesia:
3214 5513 3616 5576 Aquilejensls.
3649 5514 3824 5573 Quin-

2224 5585 2395 5635 etiam
2412 5596 2524 5647 quo
2538 5584 2800 5634 usitatior
2813 5589 2932 5635 erat
2956 5585 3324 5636 accusativus
3348 5585 3403 5635 in
3430 5585 3735 5647 Symbolis.
3756 5597 3820 5635 eo

2225 5655 2414 5705 minus
2448 5654 2734 5718 probibile
2773 5661 2879 5719 est,
2913 5656 3187 5715 librarios,
3233 5656 3321 5707 vel
3360 5656 3595 5720 incuria,
3622 5656 3719 5708 vel
3753 5656 3815 5705 de

2222 5725 2502 5778 industria
2516 5726 2831 5779 ablativum
2846 5727 2905 5778 in
2915 5727 3023 5779 hoc
3034 5728 3300 5792 Symbolo
3325 5727 3606 5790 posuisse.
3628 5731 3706 5779 At
3724 5726 3818 5778 mi-

2224 5796 2380 5849 nime
2400 5798 2610 5849 mirum
2624 5798 2691 5860 si,
2727 5811 2860 5850 cum
2883 5800 3191 5864 reperirent
3204 5798 3544 5861 ablativum,
3558 5799 3816 5851 novitate

2223 5868 2442 5933 oﬁ’ensi,
2457 5870 2853 5923 accusativum
2877 5871 3239 5925 inseruerint.
3251 5870 3639 5933 Quamobrem
3664 5870 3790 5922 cocti
