3898 6408
78 355 192 414 341

1063 355 1627 409 COMMENTARIUS
1660 355 1734 408 IN
1769 355 2073 411 SYMBOL.
2110 359 2450 414 APOSTOL.

3298 354 3403 413 342

73 473 732 529 ΟτίθηῑαιθειΕοοιθεὶω
744 485 947 528 omnes
963 486 1108 539 pene
1134 479 1217 527 ita
1242 472 1509 526 tradunt:
1530 471 1702 526 Credo

1811 487 1878 528 ea
1915 476 2208 530 memorie
2245 476 2505 542 spiritus:
2560 475 2849 541 quomodo
2870 473 3000 529 haec
3020 485 3155 528 cum
3177 471 3405 526 diversa

69 568 143 622 in
167 579 302 621 uno
352 568 470 619 Deo
513 568 679 619 Patre
714 565 1122 631 omnipotente.
1162 566 1232 616 Et
1264 576 1495 616 rursum
1518 564 1580 616 in
1615 577 1706 617 se-

74 658 302 724 quenti
319 669 603 722 sermone,
625 655 726 708 ubi
743 668 850 708 nos
865 655 1112 708 dicimus
1129 671 1145 705 :
1162 660 1219 708 et
1233 655 1292 707 in
1327 654 1544 706 Christo
1565 657 1597 706 ,Ι
1602 667 1705 705 esu

75 749 267 801 unico
296 747 438 800 Filio
466 747 595 812 ejus
621 746 859 799 Domino
893 747 1119 798 nostro:
1158 744 1236 797 illi
1267 745 1519 808 tradunt,
1545 746 1614 796 Et
1645 744 1706 795 in

78 852 214 891 uno
253 837 505 891 Domino
547 839 744 889 nostro
780 838 811 888 J
817 848 921 887 esu
945 836 1168 888 Christo
1192 836 1362 888 unico
1385 834 1524 886 Filio
1549 834 1701 898 ejus:

79 941 283 981 unum
317 927 535 979 scilicet
557 928 743 978 Deum
765 930 823 978 et
851 938 1033 977 unum
1058 926 1386 987 Dominum,
1427 923 1701 976 secundm

77 1018 504 1071 auctoritatem
526 1016 682 1068 Pauli
720 1014 977 1081 Apostoli
1004 1014 1069 1077 (1.
1098 1015 1217 1065 Cor.
1244 1014 1314 1077 8.)
1353 1014 1700 1077 proﬁtentes.

80 1108 206 1160 Sed
231 1106 307 1160 de
319 1107 429 1159 hoc
450 1107 513 1159 in
535 1106 910 1171 sequentibus
927 1104 1031 1169 [Αι.
1047 1103 1525 1169 competentibus]
1562 1102 1703 1153 locis

78 1200 465 1262 repetemus:
508 1208 664 1248 nunc
705 1194 955 1257 interim,
1001 1194 1155 1259 quod
1186 1194 1283 1254 ait,
1320 1193 1379 1244 in
1402 1194 1518 1243 Deo
1543 1193 1705 1243 Patre

77 1280 508 1352 omnipotente,
530 1285 854 1338 videamus.
868 1287 1041 1343 Deus,
1062 1284 1403 1336 sesumdum
1420 1283 1574 1346 quod
1592 1282 1705 1346 opi-

78 1377 217 1430 nari
270 1376 377 1442 [Αι.
404 1375 706 1441 inepiuari]
755 1379 944 1440 potest
986 1375 1241 1426 humana
1272 1385 1455 1436 mens,
1479 1373 1703 1422 naturae

89 1467 295 1532 psius,
316 1466 409 1519 vel
438 1465 799 1529 substantiae,
825 1477 959 1529 quae
973 1466 1062 1516 est
1086 1477 1257 1529 super
1278 1462 1489 1525 omnia,
1508 1460 1701 1526 appel-

102 1557 231 1609 atio
275 1561 386 1609 est.
433 1557 599 1610 Pater
642 1554 664 1585 ι’
713 1555 907 1607 arcani
931 1558 989 1606 et
1017 1554 1322 1607 ineﬁ‘abilis
1362 1549 1703 1605 sacramenti

82 1645 450 1698 vocabulum
470 1646 577 1697 est.
601 1646 783 1696 Deum
798 1657 932 1696 cum
946 1644 1130 1707 audis,
1146 1639 1703 1695 substantiamintel-

81 1736 204 1800 lige
252 1735 383 1788 sine
428 1734 612 1796 initio,
644 1734 767 1787 sine
790 1733 922 1798 ﬁne,
945 1733 1280 1799 simplicem,
1306 1733 1429 1784 sine
1454 1730 1570 1783 ulla
1596 1728 1701 1781 ad-

84 1824 386 1890 mistione,
440 1823 806 1888 invisibilem,
866 1823 1278 1888 incorpoream,
1334 1819 1698 1874 ineﬁ‘abilem-
1729 1847 1780 1921 Β

83 1913 583 1975 ἱωθεῑὶωδὼὶιθω,
612 1913 673 1965 in
704 1925 820 1978 qua
841 1913 947 1979 (At.
971 1913 1103 1978 quo]
1163 1912 1308 1965 nihil
1340 1911 1696 1978 adjunctum,

85 2004 238 2057 nihil
262 2009 525 2057 creatum
544 2003 635 2055 sit.
655 2004 788 2057 Sine
808 2010 1042 2058 auctore
1066 2009 1158 2058 est
1179 2005 1333 2058 enim
1355 2004 1466 2065 ille,
1492 2004 1592 2068 qui
1614 2008 1704 2057 est

84 2093 333 2147 omnino
356 2094 616 2147 omnium
639 2088 1099 2147 auctor.’Patrem
1122 2108 1255 2148 cum
1266 2095 1450 2156 audis,
1476 2094 1601 2147 Filii
1621 2095 1703 2147 in-

85 2184 287 2250 telligo
334 2189 574 2249 patrem,
620 2184 717 2249 qui
766 2184 940 2237 Filius
963 2197 1177 2250 -supra
1220 2184 1391 2238 dictas
1417 2186 1491 2237 sit
1512 2185 1702 2250 imago

89 2274 468 2326 substantias.
487 2273 645 2326 Sicut
654 2274 810 2326 enim
820 2287 991 2327 nemo
1012 2274 1213 2326 dicitur
1222 2276 1476 2339 dominus,
1491 2276 1592 2323 nisi
1612 2278 1703 2323 ha-

90 2365 254 2426 beat,
280 2364 378 2416 vel
388 2364 836 2429 possessionem,
858 2363 948 2417 vel
964 2376 1195 2418 servum
1211 2365 1305 2417 cui
1328 2367 1638 2413 dominatur:
1657 2370 1703 2413 et

94 2454 252 2505 sicut
267 2466 441 2505 nemo
453 2453 727 2518 magister
737 2453 964 2517 dicitur,
981 2454 1091 2505 nisi
1113 2453 1453 2518 discipulum
1468 2453 1701 2515 habeat;

92 2543 175 2594 ita
215 2547 276 2595 et
300 2548 463 2607 pater
486 2542 645 2594 nullo
665 2548 832 2608 pacto
850 2528 992 2607 quis
1005 2542 1115 2595 dici
1135 2548 1342 2608 potest,
1373 2542 1484 2594 nisi
1520 2542 1703 2594 ﬁlium

89 2633 348 2685 habens.
364 2634 486 2686 Hoc
503 2632 676 2696 igitur
696 2633 821 2697 ipso
837 2632 1071 2683 nomine
1086 2633 1365 2696 quoDeus
1379 2636 1515 2681 Pater
1530 2633 1704 2692 appel-

88 2723 269 2785 latur,
293 2736 427 2775 cum
451 2724 616 2775 Patre
641 2721 755 2789 58
773 2722 983 2786 pariter
1006 2722 1321 2774 subsistere
1340 2722 1511 2773 etiam
1528 2721 1701 2772 Filius

91 2814 545 2865 demonstratur.
560 2812 853 2874 Quomodo
866 2816 1056 2865 autem
1076 2813 1178 2878 [AL
1195 2813 1353 2877 sane]
1370 2816 1525 2864 Deus
1542 2815 1704 2865 Pater

93 2903 367 2967 genuerit
403 2902 629 2967 Filium,
666 2902 798 2955 nolo
836 2903 1133 2964 discutias,
1170 2915 1275 2955 nec
1305 2902 1328 2932 ⁸
1355 2908 1408 2955 te
1424 2902 1704 2954 curiosius

92 2993 330 3055 ingeras
354 2991 415 3043 in
438 2990 719 3055 profundo
743 2991 951 3054 arcani,
977 3004 1050 3042 ne
1074 2991 1215 3042 forte
1238 2990 1377 3042 dum
1392 2991 1703 3043 inaccessae

94 3082 246 3133 lucis
292 3079 575 3144 fulgorem
611 3080 955 3145 pertinacius
990 3080 1385 3145 perscrutaris,
1426 3080 1701 3144 exiguum

1808 564 1926 617 sint
1948 567 2120 618 rebus
2144 571 2201 619 et
2222 568 2468 629 actibus,
2495 580 2675 620 unum
2697 568 2717 603 ῖ
2733 570 2924 621 tamen
2947 567 3062 620 sint
3074 567 3163 619 vel
3178 569 3406 615 substan-

1803 655 1898 717 tia,
1911 655 2001 707 vel
2017 660 2238 717 natura,
2263 660 2462 709 etcum
2486 670 2518 709 e
2542 664 2733 710 mente
2752 659 3082 723 procedant,
3103 670 3403 723 nunquam

1804 746 1997 797 tamen
2051 747 2124 798 ab
2166 747 2293 812 ipsa
2339 753 2686 811 separentur.
2724 751 2792 800 Et
2810 749 2857 801 si
2882 749 3029 813 haec,
3051 749 3323 812 quamvis
3343 748 3404 800 in

1804 836 1989 900 nobis,
2013 841 2069 888 et
2092 837 2299 888 animus
2319 842 2533 889 nostrae
2545 838 2865 890 substantia
2881 839 3217 901 habeantur,
3240 845 3401 888 tamen

1807 928 1966 976 tanto
1983 926 2147 977 nobis
2159 927 2379 978 occulta
2400 927 2680 987 videntur,
2701 933 2915 991 quanto
2934 928 3189 993 aspectui
3207 940 3403 991 corpo-

1803 1026 1900 1065 reo
1924 1015 2281 1067 invisibilia:
2322 1016 2393 1068 de
2436 1018 2809 1081 apertioribus
2832 1018 3207 1082 requiramus.
3255 1018 3403 1068 Fons

1804 1105 2091 1168 quomodo
2116 1118 2188 1155 ex
2217 1119 2279 1156 se
2302 1109 2536 1170 generat
2558 1106 2819 1169 fluvium,
2838 1119 2953 1170 quo
2976 1112 3168 1159 autem
3197 1107 3400 1171 spiritu

1803 1194 2037 1257 rapidus
2061 1194 2241 1246 fertur
2283 1196 2342 1246 in
2367 1196 2686 1247 ﬂuentum?
2710 1195 2854 1257 Quid
2879 1205 2897 1233 ε
2932 1200 3039 1257 est,
3065 1195 3219 1259 quod
3259 1195 3398 1247 dum

1802 1296 1985 1335 unum
2008 1288 2065 1335 et
2085 1284 2463 1349 inseparabile
2486 1285 2560 1336 sit
2582 1285 2799 1336 fluvius
2824 1287 2880 1337 et
2904 1285 3048 1344 fons,
3082 1290 3273 1336 tamen
3292 1298 3399 1336 nec

1802 1373 2018 1425 ﬁuvius
2044 1362 2190 1437 fons,
2214 1386 2320 1425 nec
2344 1374 2471 1425 fons
2496 1375 2707 1426 ﬁuvius
2730 1374 2989 1438 intelligi,
3011 1378 3112 1426 aut
3130 1374 3396 1439 appellari

1801 1465 2016 1527 potest:
2044 1466 2102 1515 et
2128 1467 2319 1514 tamen
2355 1464 2453 1526 qui
2478 1464 2684 1515 viderit
2715 1464 2974 1525 ﬂuvium,
3004 1466 3158 1516 videt
3194 1469 3252 1517 et
3282 1464 3398 1517 fon-

1803 1556 1917 1603 tem
1932 1556 1959 1603 ?
1981 1554 2194 1605 Exerce
2218 1557 2274 1604 te
2297 1553 2455 1617 prius
2472 1553 2530 1604 in
2552 1554 2753 1605 horum
2771 1554 3188 1619 explanatione,
3210 1559 3265 1607 et
3279 1556 3398 1607 dis-

1801 1643 1931 1694 cute
1954 1641 2003 1693 si
2032 1646 2209 1707 potes,
2230 1655 2361 1706 quae
2384 1642 2671 1695 habentur
2686 1644 2745 1695 in
2762 1645 3056 1696 manibus:
3086 1647 3291 1697 ettunc
3322 1644 3396 1697 ad

1799 1730 2006 1782 horum
2031 1730 2365 1784 sublimiora
2388 1732 2410 1762 ’³
2444 1731 2659 1784 venies.
2688 1734 2801 1784 Nec
2813 1738 3000 1797 putes,
3026 1734 3182 1798 quod
3206 1739 3261 1785 te
3278 1739 3396 1786 sta-

1799 1819 1905 1871 tim
1931 1817 2045 1889 59
2082 1821 2153 1875 de
2186 1827 2335 1874 terra
2368 1821 2677 1874 ascendere
2703 1824 2974 1877 suadeam
3000 1837 3170 1889 super
3203 1824 3395 1885 caelos,

1803 1912 1905 1965 sed
1928 1913 2086 1977 prius
2111 1914 2166 1965 te
2191 1912 2239 1963 si
2274 1911 2461 1977 placet
2489 1910 2559 1963 ad
2592 1912 2749 1965 istud
2776 1914 3221 1979 ﬁrmamentum,
3242 1915 3397 1980 quod

1801 2002 1983 2055 oculis
1998 2003 2239 2066 videtur,
2257 2004 2498 2061 educam
2509 2005 2653 2058 etibi
2677 2008 2725 2060 si
2736 2012 2913 2073 potes,
2937 2012 3207 2058 naturam
3220 2006 3397 2070 hujus

1801 2095 2046 2149 visibilis
2070 2097 2305 2150 luminis
2317 2099 2559 2161 discute,
2579 2098 2867 2164 quomodo
2883 2097 3034 2162 ignis
3051 2097 3160 2148 iste
3181 2097 3397 2145 cmlestis

1801 2190 2033 2250 generet
2066 2200 2141 2240 ex
2180 2189 2488 2253 semetipso
2513 2189 2876 2253 splendorem
2903 2187 3067 2248 lucis,
3107 2184 3398 2250 quomodo

1801 2275 1971 2327 etiam
1998 2276 2274 2342 producat
2289 2278 2393 2344 [Αἰ.
2420 2278 2696 2344 producit]
2720 2288 2989 2340 vaporem
3015 2290 3028 2326 :
3055 2277 3267 2327 etcum
3292 2274 3397 2325 tria

1803 2367 1921 2419 sint
1948 2367 2611 2428 inrebus,unumtamen
2636 2372 2771 2418 sunt
2790 2366 2847 2417 in
2885 2364 3226 2416 substantia.
3254 2365 3393 2421 Quod

1802 2460 1858 2508 et
1876 2458 1924 2508 si
1951 2457 2077 2509 haec
2102 2457 2333 2522 singula
2352 2457 2700 2521 investigare
2725 2455 2997 2521 potueris,
3027 2455 3170 2506 scito
3202 2452 3392 2504 adhuc

1802 2545 2015 2599 divina)
2043 2548 2427 2611 generationis
2456 2546 2794 2612 mysterium
2813 2548 2970 2597 tanto
2984 2557 3114 2596 esse
3131 2543 3398 2595 differen-

1803 2636 1917 2688 tius
1941 2642 1998 2689 et
2027 2637 2391 2699 eminentius,
2419 2640 2637 2701 quanto
2661 2640 2879 2687 creator
2902 2634 3178 2685 creaturis
3194 2638 3399 2697 poten-

1802 2724 1929 2789 tior,
1960 2732 2173 2790 quanto
2203 2726 2405 2777 artifex
2440 2739 2606 2790 opere
2633 2738 2737 2777 suo
2767 2724 3150 2789 praestantior,
3178 2724 3396 2787 quanto

1802 2815 1894 2868 ille
1911 2817 2010 2880 qui
2030 2818 2377 2881 semperest,
2399 2829 2464 2867 eo
2484 2815 2665 2879 quiex
2711 2813 2890 2867 nihilo
2921 2814 3094 2878 coepit
3134 2825 3265 2864 esse
3304 2824 3400 2863 no-

1801 2907 1967 2959 bilior
1990 2908 2122 2959 ‘est.
2138 2905 2468 2957 Credendus
2491 2907 2579 2956 est
2601 2916 2735 2967 ergo
2762 2906 2916 2955 Deus
2942 2915 3071 2953 esse
3087 2902 3253 2952 Pater
3266 2900 3397 2952 uni-

1802 2996 1853 3049 ci
1877 2996 1999 3047 Filii
2034 2995 2121 3046 sui
2145 2995 2371 3047 Domini
2394 2994 2595 3053 nostri,
2620 3006 2737 3045 non
2760 2990 3174 3043 discutiendus.
3196 2991 3397 3053 Neque

1802 3086 1955 3138 enim
1973 3085 2060 3137 fas
2085 3090 2173 3137 est
2196 3096 2361 3136 servo
2397 3083 2468 3135 de
2514 3082 2801 3134 natalibus
2827 3080 3045 3132 domini
3080 3080 3397 3144 disputare.

93 3171 313 3235 ipsum.
332 3168 433 3234 qui
448 3169 789 3221 mortalibus
802 3169 996 3222 divino
1012 3182 1249 3221 munere
1260 3181 1572 3221 concessus
1592 3172 1697 3231 est.
1725 3163 1773 3239 C
1800 3176 2164 3229 Contestatus
2187 3177 2276 3225 est
2296 3175 2462 3225 Pater
2483 3172 2553 3223 de
2579 3171 2755 3233 caelis,
2779 3170 2991 3234 dicens,
3005 3170 3106 3218 Hic
3130 3173 3199 3217 est
3222 3167 3394 3217 Filius

96 3259 311 3324 perdas
330 3260 645 3323 aspectum.
671 3262 787 3311 Aut
810 3259 857 3310 si
881 3264 1050 3324 putas
1072 3260 1133 3311 in
1154 3259 1265 3311 hoc
1285 3259 1443 3312 omni
1468 3258 1702 3324 indaga-

94 3348 273 3400 tionis
287 3361 492 3413 genere
507 3348 803 3413 utendum,
814 3350 973 3414 prius
994 3348 1094 3401 tibi
1109 3362 1374 3414 propone,
1392 3361 1523 3412 qua:
1536 3354 1702 3398 nostra

94 3443 235 3490 sunt
257 3452 269 3487 :
295 3450 425 3502 quae
443 3439 492 3490 si
526 3441 943 3502 consequenter
964 3438 1216 3491 valueris
1237 3438 1523 3502 expedire,
1565 3444 1702 3491 tunc

90 3541 120 3579 e
145 3527 509 3579 terrestribus
527 3527 598 3578 ad
617 3527 886 3590 caelestia,
906 3533 1012 3580 eta
1039 3527 1362 3579 visibilibus
1399 3527 1470 3579 ad
1500 3528 1702 3580 invisi-

95 3615 233 3668 bilia
260 3607 576 3681 properato.
605 3616 823 3681 Expedi
851 3617 1034 3682 primo
1065 3617 1114 3668 si
1146 3621 1312 3682 potes
1346 3629 1386 3681 °,
1412 3618 1701 3681 quomodo

92 3718 285 3771 mens,
309 3717 442 3771 quin
455 3705 605 3759 intra
617 3711 670 3758 te
684 3708 787 3764 est.
805 3712 1039 3772 generet
1050 3708 1310 3771 verbum,
1330 3710 1388 3759 et
1406 3706 1505 3771 qui
1527 3706 1602 3759 sit
1614 3706 1703 3759 in-

95 3888 196 3929 ces
228 3876 290 3929 in
312 3876 523 3941 quibus
549 3876 774 3941 legitur,
793 3876 959 3928 Credo
977 3878 1037 3926 in
1048 3877 1291 3940 Deo,etc.
1311 3914 1326 3940 ,
1351 3883 1395 3927 et
1411 3877 1473 3927 in
1487 3877 1699 3928 Christo

96 3956 204 4000 etc.
227 3988 242 4013 ,
277 3953 324 3997 et
346 3948 409 3996 in
433 3947 644 4013 Spiritu
670 3948 885 4012 Sancto,
912 3948 1183 4000 videntur
1203 3948 1343 4000 mihi
1374 3949 1698 4000 accuratius

95 4018 577 4071 consuetudinem
600 4019 864 4072 Ecclesia
879 4020 1094 4083 Aquilej
1104 4021 1257 4071 ensis
1281 4019 1507 4068 retinere
1529 4036 1697 4085 quam

96 4091 199 4155 qui
214 4091 609 4143 accusativum
620 4096 920 4156 usurpant.
934 4093 1075 4144 Haec
1089 4096 1284 4144 autem
1302 4092 1553 4155 Symboli
1573 4106 1698 4156 pro-

95 4161 403 4214 nuntiandi
435 4163 576 4215 ratio
604 4175 716 4214 non
744 4162 969 4215 videtur
1005 4170 1077 4215 ab
1094 4163 1201 4214 hac
1218 4163 1465 4214 Ecclesia
1478 4163 1698 4217 adscita

97 4234 225 4285 sine
254 4233 487 4285 consilio
512 4233 722 4295 fuisse;
744 4233 843 4287 sed
857 4239 922 4285 ut
936 4235 1110 4287 trium
1134 4246 1506 4298 personarum
1547 4234 1695 4287 divi—

96 4317 302 4358 narum
327 4304 526 4357 clarior
552 4310 705 4358 esset
726 4306 1018 4359 distinctio
1032 4308 1106 4358 ab
1120 4305 1373 4358 articulis
1404 4309 1697 4371 sequenti-

96 4377 225 4437 bus,
254 4381 494 4425 sanctam
518 4377 824 4441 Ecclesiam,
851 4381 957 4429 etc.

164 4457 199 4519 ’ί
220 4447 329 4500 Alii
357 4447 616 4501 Orientis:
642 4450 807 4501 tertio
826 4450 899 4501 ab
909 4448 1020 4501 hoc
1038 4461 1229 4513 versu,
1244 4449 1323 4498 ita
1348 4449 1432 4499 itti
1454 4452 1697 4503 tradunb
1716 4445 1774 4519 D

99 4518 337 4571 Videtur
347 4519 589 4571 Ruﬁnus
599 4520 706 4572 hac
722 4520 1155 4573 observaatione
1166 4519 1420 4571 voluisse
1436 4521 1567 4573 ildei
1578 4536 1704 4587 pro-

102 4590 375 4642 fessiones
399 4591 459 4641 in
481 4591 726 4644 Orientis
744 4592 1029 4655 Ecclesiis,
1049 4592 1339 4644 Nicaanam
1356 4594 1700 4646 etConstan-

102 4660 532 4725 tinopolitanam
558 4662 896 4728 signiﬁcare.

165 4732 187 4762 δ
218 4733 452 4785 Addunt
496 4750 617 4785 vero
640 4735 767 4787 alii:
815 4740 941 4787 tum
975 4734 1175 4799 legunt
1207 4734 1376 4798 paulo
1414 4739 1563 4799 post,
1599 4736 1697 4800 qui

102 4810 289 4854 auctor
301 4811 370 4854 est
382 4806 649 4868 omnium,
668 4819 768 4871 pro
784 4808 881 4872 qui
892 4813 962 4856 est
978 4808 1204 4856 omnino
1215 4807 1467 4855 omnium
1490 4813 1694 4858 auctor.

168 4888 187 4910 ο
219 4875 363 4927 Olim
403 4877 772 4942 supradictus:
821 4880 945 4929 tum
981 4883 1071 4942 est,
1109 4891 1209 4942 pro
1232 4878 1297 4927 sit
1321 4877 1380 4929 in
1405 4878 1528 4929 cod.
1556 4879 1699 4929 San-

102 4948 478 5013 germanensi.
512 4950 814 5014 Accepisse
826 4954 1022 5001 autem
1045 4950 1118 5000 ab
1136 4950 1241 5001 hoc
1256 4950 1444 5001 Ruﬁni
1462 4949 1584 5001 loco
1615 4950 1693 5003 vi.

104 5020 270 5070 detur
290 5018 429 5070 mihi
453 5022 666 5072 Auctor
680 5021 970 5073 Sermonis
993 5020 1066 5073 de
1089 5022 1364 5085 Tempore
1381 5020 1497 5075 181.
1522 5020 1699 5073 inter-

105 5091 159 5141 S.
185 5091 486 5154 Augustini
520 5091 720 5156 Opera.
760 5092 1045 5156 Advertite,
1085 5092 1371 5156 inquiens,
1399 5092 1545 5155 quod
1575 5106 1700 5140 cum

108 5161 201 5212 Dei
235 5161 414 5212 Patris
447 5177 647 5213 nomen
693 5164 754 5213 in
779 5164 1105 5226 confessione
1127 5163 1427 5227 conjungit,
1453 5164 1697 5224 ostendit,

106 5234 248 5299 quod
288 5248 397 5283 non
440 5239 563 5284 ante
597 5236 738 5285 Deus
782 5251 886 5285 esse
931 5236 1103 5301 capit,
1127 5241 1174 5284 et
1196 5240 1372 5300 postea
1412 5237 1589 5296 Pater,
1611 5234 1701 5284 sed

103 5306 218 5355 sine
237 5303 344 5353 ullo
367 5305 527 5355 initio
553 5311 597 5355 et
624 5306 760 5356 Deus
782 5322 991 5372 semper
1021 5312 1065 5357 et
1082 5307 1262 5357 Pater.
1282 5308 1502 5356 Patrem
1519 5311 1701 5354 autem

105 5393 225 5427 cum
246 5376 420 5437 audis,
446 5393 671 5441 agnosce
693 5381 839 5443 quod
864 5379 1035 5443 habet,
1058 5379 1256 5428 Filium
1272 5379 1529 5427 veraciter
1546 5379 1700 5441 geni-

108 5457 235 5511 tum,
252 5450 518 5510 quomodo
532 5465 794 5512 possessor
830 5450 1030 5499 dicitur
1044 5450 1141 5513 qni
1158 5450 1372 5513 aliquid
1387 5450 1637 5513 possidet,
1656 5451 1703 5497 et

108 5520 354 5570 dominus
374 5521 470 5583 qui
489 5519 662 5569 alicui
692 5522 1029 5572 dominatur.
1047 5522 1185 5571 Deus
1201 5536 1325 5583 ergo
1342 5522 1508 5570 Pater
1520 5519 1703 5568 secreti

109 5606 364 5643 sacrrmen
374 5593 414 5641 ti
436 5591 750 5643 vocabulum
764 5599 853 5656 est,
866 5594 1020 5658 cujus
1047 5608 1159 5641 vere
1183 5593 1287 5642 Fili
1295 5609 1353 5641 us
1374 5598 1448 5643 est
1478 5591 1703 5642 Verbum

168 5665 189 5694 "
220 5664 557 5716 Suﬁ‘ecimus
570 5668 633 5727 te,
656 5665 811 5729 quod
832 5665 1279 5719 desiderabatur.
1298 5677 1371 5715 ex
1384 5664 1541 5713 libris
1556 5662 1704 5726 aliis,

112 5735 204 5801 qui
250 5736 383 5790 item
414 5736 646 5801 inseras,
672 5748 773 5802 pro
789 5737 1025 5801 ingeras,
1060 5740 1119 5789 et
1157 5736 1217 5785 in
1236 5734 1506 5801 profundi
1538 5735 1705 5799 hujus

1801 3280 1950 3314 meus
1965 3264 2198 3329 dilectus,
2214 3265 2273 3313 in
2300 3263 2436 3328 quoi
2464 3259 3070 3324 mihibenecomplacui,
3090 3259 3272 3322 ipsum
3296 3272 3401 3304 au-

1803 3354 1907 3403 dite
1932 3355 2142 3418 (Matth.
2164 3353 2284 3417 17.).
2308 3355 2471 3403 Pater
2486 3351 2674 3415 ipsum
2688 3350 2823 3401 dicit
2838 3361 2968 3400 esse
2982 3346 3188 3398 Filium
3201 3358 3395 3407 suum,

1801 3448 1859 3497 et
1880 3444 2070 3509 ipsum
2099 3442 2282 3495 audiri
2307 3441 2411 3507 [AL
2442 3440 2635 3492 audire
2665 3439 2681 3504 [
2701 3440 2882 3503 jubet.
2909 3436 3087 3488 Filius
3117 3434 3397 3496 dicit,Qui

1800 3534 1937 3583 videt
1950 3549 2047 3590 me,
2067 3533 2202 3582 videt
2223 3536 2267 3580 ct
2285 3531 2622 3589 Patrem.Et,
2638 3528 2750 3593 Ego
2761 3533 2803 3577 et
2819 3528 2981 3577 Pater
2998 3539 3171 3575 unum
3189 3537 3394 3574 sumtis.

1800 3626 1887 3685 Et,
1941 3625 2054 3687 Ego
2097 3638 2133 3672 a
2154 3623 2260 3672 Deo
2282 3622 2443 3681 exivi,
2466 3624 2511 3669 et
2530 3622 2647 3669 veni
2672 3619 2730 3668 in
2754 3619 2900 3668 hunc
2920 3617 3190 3666 mundum
3216 3615 3394 3676 (Joan.

1800 3712 1887 3768 14.
1930 3713 2021 3776 9.).
2067 3712 2203 3774 Quis
2228 3713 2333 3772 est,
2369 3709 2470 3775 qui
2497 3710 2644 3762 inter
2665 3708 2773 3761 has
2798 3706 2979 3760 Patris
2995 3708 3053 3759 et
3075 3704 3199 3757 Filii
3223 3715 3397 3757 voces

1797 3895 2066 3930 arcanum
2081 3879 2295 3945 legunt.
2309 3878 2559 3928 Pamelius
2582 3876 2643 3925 in
2654 3873 2994 3940 profundum
3020 3872 3185 3937 hujus
3203 3870 3399 3921 arcani

1797 3946 2114 4004 maluisset.

1860 4032 1880 4052 '
1914 4022 2154 4075 Addunt
2181 4018 2398 4071 laudati
2420 4018 2572 4079 libri,
2597 4020 2643 4066 et
2665 4016 2927 4079 explana.

1858 4094 1876 4125 ¹
1906 4097 2089 4147 Vetus
2118 4090 2251 4145 edit.
2283 4093 2464 4144 Oxon.
2493 4094 2707 4138 tantum
2733 4088 2842 4135 sint
2862 4081 3181 4142 substantia,
3209 4081 3393 4146 priore

1796 4167 1874 4217 vel
1895 4168 2300 4232 praetermisso,
2326 4161 2479 4229 quod
2509 4166 2567 4215 et
2598 4160 2726 4213 libri
2741 4159 2840 4232 alii
2865 4158 3149 4232 ignorant.
3174 4154 3246 4205 Hi
3270 4165 3394 4232 rur-

1796 4228 1923 4291 sum
1952 4240 2054 4291 Sed
2076 4228 2402 4300 habentpro
2420 4235 2486 4284 Et
2502 4235 2565 4295 si,
2592 4238 2650 4285 et
2665 4229 2869 4283 deinde
2894 4230 2955 4277 in
2979 4228 3178 4300 anima:
3200 4230 3394 4300 nostrae

1796 4314 1917 4361 tum
1933 4315 2135 4375 quanto
2159 4316 2203 4359 et
2218 4297 2475 4373 aspectui:
2492 4304 2735 4367 denique
2749 4301 3011 4375 rapidum
3024 4299 3197 4375 fertur
3223 4297 3397 4360 ﬂuen-

1796 4370 2087 4446 tum,quod
2104 4370 2306 4444 utique
2320 4379 2514 4429 minus
2529 4377 2731 4446 placet,
2749 4384 2936 4435 neque
2954 4370 3081 4435 ipsi,
3094 4372 3254 4446 puto,
3276 4379 3396 4430 pro-

1805 4439 2042 4504 bassént
2064 4439 2724 4510 docti'ssimieditores,si
2758 4446 3085 4495 Barrtecum
3122 4439 3279 4491 hunc
3308 4449 3397 4488 co-

1804 4522 1988 4575 dicem
2011 4521 2457 4576 consuluissent.
2658 4526 2663 4531 ‘

1862 4602 1880 4632 ι
1915 4596 2213 4658 Perperam
2246 4590 2358 4652 alii,
2406 4600 2480 4641 ne
2525 4587 2677 4658 Fello
2711 4583 2943 4658 quidem
2959 4584 3224 4658 excepto,
3251 4576 3397 4658 quod

1800 4648 2039 4727 quidem:
2060 4678 2182 4712 cum
2205 4648 2401 4719 unum,
2427 4668 2535 4710 etc.
2552 4656 2845 4729 referendo
2857 4654 2927 4705 ad
2942 4654 3221 4729 ﬂuentum,
3241 4648 3393 4729 quod

1795 4720 2053 4799 proxime
2078 4732 2363 4799 prtecedit.
2389 4730 2657 4783 Baluzius
2677 4741 2737 4779 se
2758 4727 2836 4779 ait
2857 4720 3274 4799 restituissejex
3289 4720 3395 4799 cod

1796 4792 2166 4870 Sangerman,
2186 4807 2243 4856 et
2275 4803 2385 4855 alio
2409 4816 2481 4855 ex
2502 4799 2850 4853 Bibliotheca
2872 4801 3008 4861 Reg.
3055 4802 3126 4870 et
3146 4792 3396 4847 Morellio

1795 4877 2092 4941 ignorabat
2136 4868 2289 4927 enim
2327 4874 2505 4925 fuisse
2545 4870 2893 4937 jampridem
2928 4868 3083 4933 apud
3106 4868 3398 4919 Barmum

1796 4948 2056 5000 eamdem
2077 4947 2383 5000 lectionem
2407 4944 2749 5006 restitutam,
2764 4947 2965 5003 excepta
2987 4941 3139 5002 dum,
3166 4954 3255 5001 pro
3274 4949 3399 4986 cum

1796 5019 2020 5072 vocula.

1860 5090 1881 5118 "
1917 5090 2004 5141 Al.
2050 5090 2321 5140 veniemus
2351 5092 2409 5141 et
2441 5089 2742 5138 veniamus.
2775 5085 2924 5136 Tum
2948 5083 3081 5147 quia
3110 5091 3213 5146 pro
3236 5076 3399 5144 quod,

1798 5164 1855 5212 et
1874 5173 2008 5211 mox
2030 5165 2173 5225 patet
2207 5172 2308 5224 pro
2343 5160 2570 5223 videtur,
2620 5155 2843 5222 quodet
2866 5156 3037 5208 vetus
3072 5152 3219 5205 Edit.
3257 5150 3405 5203 Oxo-

1798 5232 2013 5283 niensis
2038 5232 2280 5295 praefert.

1862 5305 1874 5334 ί
1910 5305 2266 5354 Postremum
2287 5302 2395 5352 hoc
2430 5297 2500 5349 est
2525 5299 2619 5352 alii
2648 5298 2906 5351 reticent.

1858 5375 2099 5427 iCodex
2142 5372 2655 5435 Saugermanensis
2703 5373 2760 5421 et
2805 5367 3155 5420 Remboldus
3212 5368 3410 5416 tacent

1800 5447 1958 5496 mihi.
1986 5449 2048 5497 In
2074 5447 2335 5508 sequenti
2367 5443 2488 5493 loco
2516 5441 2781 5493 Baluzius
2805 5453 2877 5491 ex
2904 5440 3107 5491 eodem
3139 5437 3245 5488 Ms.
3269 5435 3407 5508 vidit

1800 5534 1901 5577 me,
1926 5518 2060 5566 vidit
2083 5522 2128 5566 ct
2152 5504 2383 5565 Patrem.
2412 5515 2672 5564 Burraius
2689 5512 2995 5575 adjiciebat
3020 5522 3228 5567 meum,
3248 5504 3408 5569 quod

1802 5589 2208 5653 expunximus,
2226 5599 2438 5652 proque
2455 5598 2519 5636 eo
2539 5584 2603 5632 Et
2626 5583 2974 5635 suﬁ‘ecimus.
2995 5583 3218 5641 Denique
3242 5591 3411 5626 emon-

1803 5661 2090 5722 davimus,
2118 5660 2228 5721 Ego
2250 5674 2283 5707 a
2308 5659 2411 5707 Deo
2434 5656 2596 5719 exivi,
2621 5656 2895 5706 librorum
2912 5652 3265 5716 reliquorum
3284 5660 3412 5701 om-

1802 5733 1966 5785 nium
1999 5732 2287 5796 suifragio,
2313 5741 2413 5794 pro
2444 5739 2561 5792 quo
2585 5729 2708 5779 erat
2728 5725 2795 5776 ab
2821 5740 2897 5786 eo,
2926 5727 3035 5777 etc.
