3898 6398
521 332 627 394 343

1539 342 1784 396 RUFINI
1831 340 2325 405 AQUILEIENSIS
2363 341 2802 395 PRESBYTER]

3722 341 3832 399 344

521 451 748 507 medius
763 463 782 486 ⁸
799 466 862 508 se
876 454 1173 510 discussor
1191 456 1507 520 interserat,
1526 461 1583 509 et
1598 456 1869 509 deitatem
1885 454 2108 508 dividat
2140 458 2196 532 Α
2224 458 2345 504 dicit
2361 472 2373 507 :
2387 456 2529 515 Quia
2541 471 2638 521 per
2650 456 2853 520 ispsum
2864 456 3049 507 saecula
3063 456 3294 506 instituit
3304 460 3351 507 et
3362 455 3545 522 ipsum
3554 457 3840 509 constituit

522 542 793 598 affectum
821 548 1057 610 separet,
1078 547 1460 599 substantiam
1483 551 1730 611 rumpat,
1750 545 2012 610 spiritum
2032 558 2119 597 se-

527 638 639 699 cet,
667 640 839 701 neget
860 648 986 688 esse
1012 648 1225 696 verum,
1246 636 1401 700 quod
1429 636 1636 688 veritas
1660 636 1836 687 dicit?
1867 638 1968 687 Est
1989 648 2118 699 ergo

527 726 688 778 Deus
718 727 878 779 Pater
904 738 1093 788 verus,
1121 729 1396 790 tanquam
1421 724 1679 779 veritatis
1704 726 2006 785 Pater,non
2028 737 2122 775 ex-

524 813 804 867 trinsecus
833 826 1052 875 creans,
1091 814 1194 867 sed
1240 826 1314 867 ex
1351 827 1419 867 eo
1443 814 1597 878 quod
1630 814 1753 879 ipse
1776 818 1883 878 est,
1912 814 2121 865 Filium

524 915 826 967 generans,
868 903 927 955 id
964 909 1055 957 est
1094 904 1260 968 quasi
1297 905 1528 969 sapiens
1564 904 1925 967 sapientiam,
1956 903 2122 966 quasi

520 992 716 1056 justus
733 992 1038 1057 justitiam,
1075 994 1243 1057 quasi
1273 993 1659 1058 sempiternus
1689 987 2117 1057 sempiternum,

524 1081 689 1145 quasi
711 1080 1051 1134 immortalis
1080 1081 1660 1146 immortalem,quasi
1672 1081 1981 1133 invisibilis
2008 1078 2120 1149 60

523 1170 1140 1237 invisibiiem,quialux
1156 1170 1672 1236 splendorem,quia
1683 1184 1847 1222 mens
1859 1171 2121 1223 verbum.

589 1258 642 1315 5.
670 1260 833 1323 Quod
845 1265 1040 1313 autem
1056 1259 1332 1325 diximus,
1349 1260 1596 1312 Orientis
1613 1259 1893 1312 Ecclesiae
1904 1260 2127 1312 tradere

525 1358 713 1402 unum
739 1348 761 1380 δ
782 1347 967 1401 Deum
991 1350 1214 1402 Patrem
1237 1349 1708 1414 omnipotentem,
1731 1352 1789 1401 et
1810 1361 1993 1401 unum
2021 1349 2128 1401 Do.

530 1439 790 1493 minum:
824 1435 933 1492 hoc
957 1449 1076 1491 non
1104 1438 1538 1503 intelligendum
1562 1439 1650 1490 est
1673 1450 1854 1490 unum
1886 1449 2126 1490 numero

526 1527 654 1592 dici,
698 1526 802 1582 sed
836 1528 1227 1581 universitate.
1268 1527 1443 1581 Verbi
1472 1528 1691 1593 gratia:
1734 1529 1789 1581 Si
1821 1527 1950 1591 quis
1974 1527 2128 1579 dicat

525 1628 711 1672 unum
737 1618 1049 1681 hominem,
1081 1622 1185 1671 aut
1217 1631 1399 1670 unum
1426 1630 1655 1682 equum,
1687 1616 1780 1669 hic
1809 1630 1992 1669 unum
2018 1629 2121 1682 pro

523 1718 766 1761 numero
787 1708 982 1773 posuit
1008 1706 1113 1774 [Αι.
1145 1707 1302 1760 hunc
1323 1706 1607 1772 posuisse]
1631 1720 1643 1756 :
1671 1707 1860 1772 potest
1881 1706 2035 1759 enim
2058 1711 2119 1759 et

525 1802 545 1827 ⁸
566 1795 712 1848 alius
748 1770 921 1849 homo
956 1770 1087 1849 esse
1122 1800 1180 1849 et
1202 1770 1423 1860 tertius,
1448 1795 1540 1848 vel
1565 1770 1768 1860 equus.
1794 1795 1902 1847 Ubi
1922 1799 2117 1849 autem
2143 1770 2199 1845 Β

525 1883 673 1938 alius
711 1883 805 1937 vel
839 1885 1041 1938 tertius
1071 1898 1191 1937 non
1217 1886 1405 1949 potest
1422 1884 1607 1948 iungi,
1627 1897 1783 1936 unus
1808 1883 1855 1935 si
1878 1883 2119 1947 dicatur,

526 1985 647 2027 non
690 1974 931 2034 numeri,
980 1972 1082 2026 sed
1118 1972 1511 2025 universitatis
1544 1976 1635 2025 est
1665 1985 1898 2025 nomen.
1940 1973 2017 2025 Ut
2051 1973 2119 2032 si,

527 2063 775 2128 exempli
797 2075 1019 2127 caussa,
1043 2062 1303 2115 dicamus
1318 2074 1499 2114 unum
1525 2060 1704 2114 solem
1724 2075 1738 2113 :
1757 2060 1850 2114 hic
1871 2075 2018 2113 unus
2042 2062 2123 2115 ita

526 2152 751 2218 dicitur,
798 2155 864 2206 ut
901 2151 995 2207 vel
1037 2151 1207 2216 alius,
1236 2151 1326 2205 vel
1364 2151 1566 2204 tertius
1596 2150 1731 2203 addi
1753 2163 1869 2204 non
1899 2152 2118 2217 possit:

526 2256 681 2297 unus
704 2248 794 2297 est
814 2241 967 2296 enim
988 2240 1090 2294 sol.
1115 2240 1293 2293 Multo
1308 2241 1494 2305 magis
1504 2253 1638 2305 ergo
1654 2242 1808 2293 Deus
1824 2253 1955 2292 cum
1968 2254 2120 2293 unus

527 2332 751 2397 dicitur,
767 2344 920 2384 unus
930 2328 1410 2391 nonnumeri,sed
1426 2329 1819 2382 universitatis
1838 2330 2121 2382 vocabulo

526 2423 913 2488 nuncupatur,
949 2420 1007 2472 id
1038 2421 1129 2473 est
1150 2419 1250 2485 qui
1276 2423 1575 2485 propterea
1598 2430 1752 2470 unus
1778 2418 1986 2471 dicitur
2014 2418 2116 2483 [Αι.

527 2510 785 2575 dicatur],
807 2509 960 2574 quod
982 2508 1129 2562 alius
1152 2520 1267 2561 non
1301 2508 1390 2560 sit.
1411 2507 1677 2561 Similiter
1704 2511 1762 2559 et
1790 2507 1861 2560 de
1874 2507 2120 2559 Domino

528 2598 922 2665 accipiendum
954 2598 977 2628 ⁴
1018 2602 1123 2659 est,
1157 2597 1313 2662 quod
1351 2610 1505 2650 unus
1539 2596 1612 2648 sit
1636 2596 1916 2649 Dominus
1946 2598 2119 2648 Jesus

529 2688 913 2754 Chritsus,per
935 2699 1108 2752 quem
1126 2689 1280 2741 Deus
1302 2688 1466 2739 Pater
1481 2686 1839 2738 dominatum
1860 2686 2121 2738 omnium

533 2779 705 2832 tenet.
739 2777 899 2831 Unde
932 2781 990 2830 et
1025 2788 1278 2841 sequens
1308 2788 1496 2828 sermo
1518 2775 1964 2840 omnipotentem
1988 2787 2119 2838 pro-

531 2867 762 2921 nuntiat
785 2874 804 2898 °
831 2867 1033 2919 Deum.
1079 2865 1454 2931 Omnipotens
1485 2868 1680 2917 autem
1707 2864 1779 2916 ab
1803 2876 1870 2916 eo
1894 2863 2121 2928 dicitur,

532 2956 688 3021 quod
710 2956 967 3010 omnium
993 2958 1183 3009 teneat
1203 2956 1580 3020 potentatum.
1595 2955 1772 3006 Tenet
1786 2958 1981 3005 autem
2000 2965 2123 3005 om-

530 3046 628 3100 nia
655 3047 821 3100 Pater
841 3059 939 3112 per
960 3046 1184 3109 Filium,
1212 3046 1363 3098 sicut
1379 3050 1437 3097 et
1458 3044 1768 3109 Apostolus
1791 3042 1958 3095 dicit:
1983 3043 2126 3102 Quia

2221 554 2483 603 ha’redcm
2514 556 2889 604 universorum
2926 556 3067 619 (Ileb.
3099 554 3223 619 12.).
3250 555 3597 608 ‘Constituit
3620 562 3821 609 autem

2219 646 2375 706 quod
2393 645 3235 711 ait,genuit,intelligitur.Quod
3253 646 3299 697 si
3315 659 3413 711 per
3423 646 3621 711 ipsum
3644 649 3835 696 saecula

2219 733 2468 785 instituit
2492 737 2668 797 Pater,
2684 741 2740 787 et
2753 736 3051 800 peripsum
3064 740 3254 787 creata
3269 737 3404 786 sunt
3416 735 3630 797 omnia,
3650 742 3699 785 et
3724 737 3831 797 ipse

2224 835 2312 908 δι
2352 840 2439 886 est
2471 835 2659 886 hares
2684 832 2962 893 omnium,
2986 844 3086 896 per
3111 832 3300 895 ipsum
3323 844 3457 896 ergo
3480 837 3538 883 et
3560 833 3833 895 potenta-

2228 930 2347 977 tum
2372 924 2629 975 omnium
2654 925 2828 973 tenet.
2855 921 2995 981 Quia
3024 922 3173 971 sicut
3206 919 3306 970 lux
3329 920 3399 971 de
3422 920 3568 979 luce,
3597 926 3661 972 et
3694 921 3832 972 veri-

2225 1020 2314 1067 tas
2337 1014 2408 1065 de
2441 1014 2699 1071 veritate,
2730 1011 2810 1063 ita
2828 1010 2898 1062 de
2922 1010 3311 1075 omnipotente
3334 1010 3709 1074 omnipotens
3732 1023 3831 1062 na-

2226 1109 2321 1156 tus
2358 1108 2464 1167 est,
2499 1107 2565 1154 ut
2608 1101 2669 1153 in
2713 1100 3054 1166 Apocalypsi
3096 1100 3335 1151 Joannis
3385 1099 3457 1151 de
3482 1100 3788 1164 Seraphim
3813 1108 3832 1138 ι

2227 1193 2502 1258 scriptum
2526 1196 2616 1243 est
2637 1206 2650 1243 :
2677 1192 2747 1242 Et
2766 1191 3009 1257 requiem
3032 1206 3143 1240 non
3182 1189 3443 1239 habebant
3465 1189 3553 1239 die
3572 1204 3640 1238 ac
3666 1194 3834 1249 nocte,

2225 1284 2469 1342 dicentes,
2505 1283 3001 1342 Sanctus,sanctus,
3026 1284 3244 1329 sanctus
3265 1279 3522 1328 dominus
3550 1278 3702 1327 Deus
3736 1293 3821 1327 sa-

2226 1380 2512 1445 baoth,qui
2536 1386 2666 1440 erat,
2691 1386 2737 1429 et
2771 1380 2868 1445 qui
2891 1383 2980 1439 est,
3005 1383 3051 1428 et
3079 1378 3177 1443 qui
3202 1383 3458 1427 venturus
3472 1381 3545 1425 cst
3566 1390 3829 1439 omnipo-

2226 1477 2337 1521 tens
2349 1473 2529 1536 (Apoc.
2549 1470 2601 1533 4,
2618 1471 2709 1533 8.).
2726 1469 3163 1534 Omnipotentes
3179 1479 3312 1531 ergo
3324 1466 3550 1529 dicitur,
3563 1466 3669 1529 qui
3689 1478 3827 1517 ven-

2226 1566 2389 1614 turus
2423 1564 2511 1612 est
2544 1574 2557 1609 :
2597 1564 2655 1611 et
2696 1559 2829 1623 quis
2852 1563 2942 1610 est
2963 1557 3109 1611 alius
3133 1556 3234 1621 qui
3265 1560 3546 1608 venturus
3568 1560 3683 1615 est,
3713 1555 3827 1605 nisi

2224 1652 2245 1682 δ
2258 1651 2517 1703 Christus
2530 1650 2705 1701 Filius
2723 1648 2823 1701 Dei
2840 1662 2853 1712 ;
2874 1648 2976 1699 His
2991 1647 3221 1699 additur
3234 1644 3500 1695 invisibili
3513 1649 3562 1695 ct
3576 1644 3833 1709 impossi-

2221 1741 2331 1791 biti.
2373 1740 2677 1791 Sciendum
2703 1738 2856 1802 quod
2879 1738 2993 1790 duo
3030 1736 3128 1788 isti
3152 1747 3446 1787 sermones
3467 1734 3528 1785 in
3557 1732 3831 1785 Ecclesia

2220 1833 2497 1884 Romanas
2535 1828 2806 1894 Symbolo
2846 1839 2961 1879 non
2999 1826 3305 1879 habentur.
3351 1824 3592 1875 Constat
3624 1827 3829 1874 autem

2219 1928 2372 1993 apud
2410 1941 2518 1980 nos
2552 1926 2795 1990 additos,
2833 1925 3125 1977 haereseos
3162 1934 3371 1974 caussa
3393 1920 3645 1983 Sabellii,
3665 1920 3823 1971 illius

2219 2018 2487 2085 profecto,
2515 2029 2648 2081 qua:
2668 2028 2702 2068 a
2724 2014 2936 2067 nostris
2961 2012 3381 2078 Patripassiana
3402 2008 3746 2076 appellatur,
3772 2007 3829 2060 id

2219 2114 2310 2161 est
2362 2120 2495 2172 qua:
2533 2112 2591 2159 et
2628 2108 2853 2158 Patrem
2894 2105 3106 2170 ipsum,
3134 2103 3226 2155 vel
3250 2114 3321 2153 ex
3346 2100 3584 2164 Virgine
3608 2103 3823 2151 natum

2217 2200 2372 2263 dicit,
2396 2200 2454 2251 et
2477 2196 2761 2251 visibilem
2785 2196 3002 2248 factum
3024 2206 3171 2256 esse,
3195 2192 3284 2245 vel
3301 2203 3541 2257 passum
3566 2189 3835 2241 affirmat

2218 2299 2278 2351 in
2301 2311 2487 2351 carne.
2512 2298 2586 2349 Ut
2609 2309 2742 2361 ergo
2763 2295 3161 2347 excluderetur
3183 2292 3309 2344 talis
3332 2290 3597 2355 impietas
3622 2286 3698 2340 de
3724 2290 3832 2339 Pa-

2219 2393 2321 2451 tre,
2353 2386 2625 2438 videntur
2653 2386 2779 2436 haec
2802 2382 3097 2436 addidisse
3118 2381 3384 2445 majores,
3400 2383 3458 2430 et
3473 2376 3833 2429 invisibilem

2218 2480 2443 2529 Patrem
2480 2481 2653 2539 atque
2692 2472 3106 2539 impassibilem
3129 2470 3369 2522 dixisse.
3406 2470 3647 2520 Constat
3670 2465 3829 2517 enim

2216 2567 2444 2629 Filium,
2476 2577 2595 2617 non
2633 2565 2859 2615 Patrem
2895 2563 3255 2614 incarnatum
3279 2559 3309 2624 ί,
3351 2562 3407 2609 et
3429 2569 3500 2609 ex
3523 2566 3698 2607 carne
3719 2566 3825 2605 na-

2216 2658 2380 2708 tum:
2428 2660 2485 2707 et
2519 2667 2592 2707 ex
2637 2652 2938 2705 nativitate
2984 2650 3188 2714 carnis,
3233 2648 3439 2700 Filium
3461 2644 3743 2696 visibilem
3764 2648 3824 2694 et

2217 2751 2549 2820 passibilem
2572 2752 2801 2803 factum.
2819 2751 3111 2813 Quantum
3129 2751 3323 2799 autem
3338 2746 3557 2810 spectat
3573 2741 3645 2793 ad
3664 2740 3823 2792 illam

2217 2841 2445 2894 deitatis
2476 2841 2857 2893 immortalem
2896 2838 3299 2897 substantiam,
3336 2846 3469 2900 qum
3496 2845 3611 2885 una
3646 2830 3701 2883 ei
3725 2841 3825 2880 ea-

2215 2939 2462 3004 demque
2486 2952 2619 2991 cum
2642 2941 2803 2991 Patre
2827 2942 2915 2990 est
2940 2951 2953 2987 :
2985 2937 3062 2988 ibi
3084 2948 3273 2999 neque
3296 2936 3476 2994 Pater,
3505 2942 3696 2994 neque
3720 2927 3817 2978 Fi‘

2225 3029 2351 3082 lius.
2370 3042 2555 3094 neque
2578 3028 2817 3094 Spiritus
2843 3031 3084 3080 Sanctus
3108 3025 3367 3090 visibilis,
3402 3027 3503 3075 aut
3524 3021 3817 3087 passibilis

530 3153 628 3204 per
684 3137 866 3203 ipsum
900 3140 1080 3186 creata
1099 3140 1227 3185 sunt
1250 3134 1459 3199 omnia,
1482 3133 1719 3184 visibilia
1739 3139 1783 3183 et
1807 3132 2123 3193 invisibilia,
2153 3141 2203 3218 ρ
2225 3126 2829 3180 creditur.Secundum
2846 3125 3236 3190 dignationem
3250 3136 3379 3175 vero
3390 3121 3578 3174 carnis
3592 3132 3825 3172 assum-

530 3228 638 3277 sive
673 3227 876 3287 throni,
910 3226 1017 3275 sive
1050 3224 1463 3285 dominationes,
1499 3224 1606 3273 sive
1633 3223 1993 3288 principatus,
2017 3223 2124 3272 sive

534 3320 807 3381 potestates
819 3313 950 3374 (Col.
968 3319 1016 3365 1.
1039 3313 1163 3377 16.).
1178 3313 1247 3366 Et
1259 3313 1467 3366 iterum
1484 3312 1556 3365 ad
1578 3312 1853 3364 Hebrmos
1871 3311 2125 3364 scribens

595 3494 614 3515 ⁸
639 3484 810 3550 Apud
832 3483 977 3536 alios
994 3483 1235 3533 medium
1262 3497 1313 3533 se
1336 3481 1705 3542 discussorem,
1739 3484 1908 3533 vetus
1929 3484 2121 3533 tamen

530 3555 673 3610 Edit.
693 3555 1037 3609 Oxoniensis
1051 3554 1318 3604 discussor
1332 3554 1554 3606 retinet.
1572 3551 1810 3617 Respuit
1829 3552 1997 3617 paulo
2017 3558 2127 3613 post

528 3627 812 3692 Baluzius,
825 3640 957 3679 cum
971 3624 1448 3690 Sangermanensi
1462 3623 1606 3686 cod.,
1622 3624 1952 3687 Remboldo,
1972 3626 2128 3675 Eras-

529 3698 960 3764 mo,atquealiis
977 3696 1318 3750 adverbium
1338 3700 1622 3761 tanquam.
1642 3696 1787 3747 Tum
1817 3698 2129 3745 restituimus

528 3783 604 3825 ex
628 3770 829 3824 eodem
852 3772 909 3823 et
928 3782 1037 3822 uos
1061 3769 1240 3834 quasi,
1258 3767 1413 3832 quod
1431 3767 1642 3830 septies
1663 3766 1812 3818 infra
1836 3767 2125 3831 repetitur,

534 3854 636 3907 pro
680 3842 816 3908 quia
849 3839 1083 3893 totidem
1112 3839 1251 3891 locis
1285 3838 1673 3899 continenter;
1706 3842 1874 3889 vetus
1896 3836 2129 3889 laudata

534 3913 679 3966 Edit.
712 3929 827 3979 qua
857 3912 1094 3977 legerat,
1132 3909 1286 3975 quod
1309 3913 1367 3961 et
1395 3908 1572 3961 ferme
1596 3909 1781 3972 magis
1805 3908 2006 3971 placet.
2034 3910 2126 3959 In-

534 3985 696 4038 terim
728 3983 993 4036 Baluzius
1021 3982 1102 4035 ita
1120 3981 1382 4034 lectionis
1401 3981 1474 4032 ab
1493 3992 1555 4032 se
1574 3981 1865 4031 restitutas
1889 3990 2130 4031 caussas

533 4056 798 4121 explicat.
823 4054 1008 4119 Quasi,
1033 4054 1132 4117 ait,
1148 4054 1366 4118 sapiens
1389 4052 1734 4117 sapientiam,
1758 4051 1815 4102 id
1840 4054 1928 4103 est
1951 4053 2015 4102 ut
2038 4062 2129 4121 sa-

531 4117 694 4192 piens
716 4117 1069 4191 sapientiam.
1095 4117 1253 4176 Idem
1281 4123 1434 4175 enim
1459 4122 1609 4175 valet
1631 4121 1788 4184 illud,
1803 4121 1962 4186 quasi
1976 4134 2042 4173 ac
2066 4117 2129 4177 ὡς

531 4197 684 4261 apud
696 4196 1191 4249 GraecosHabent
1204 4193 1396 4252 Morel.
1419 4196 1479 4245 et
1503 4192 1713 4254 Pamel,
1748 4194 1883 4257 quia
1915 4193 2129 4258 sapiens

534 4268 670 4335 quia
685 4267 882 4332 justus,
898 4271 1006 4319 etc.
1035 4265 1224 4317 Lectio
1241 4276 1414 4329 quam
1438 4265 1824 4325 restituimus,
1850 4277 1978 4315 cum
2002 4277 2130 4316 auc-

536 4340 765 4393 toritate
783 4339 955 4390 trium
973 4337 1234 4389 codicum
1247 4337 1386 4387 Mss.
1404 4339 1462 4387 et
1473 4336 1668 4387 Remb.
1693 4348 1759 4387 ac
1777 4338 1991 4387 Erasm.
2007 4336 2132 4387 niti-

539 4416 667 4465 tur:
689 4415 812 4462 tum
834 4410 906 4462 ad
932 4407 1259 4472 Theologise
1283 4407 1560 4458 rationem
1589 4407 1772 4458 multo
1796 4408 2128 4459 accuratior.

536 4484 715 4535 Nemo
731 4481 885 4533 enim
896 4480 1081 4533 nescit
1095 4492 1267 4543 quam
1284 4478 1537 4530 solemne
1554 4478 1627 4528 sit
1638 4480 1851 4530 sanctis
1865 4479 2125 4529 Patribus

537 4553 742 4605 Filium
770 4565 806 4604 a
838 4553 1096 4614 Patre,ut
1119 4549 1475 4615 splendorem
1503 4562 1573 4599 ex
1598 4549 1741 4613 luce,
1774 4550 2029 4614 genitum
2048 4550 2127 4600 di-

537 4635 682 4676 cere.
712 4623 802 4676 Sic
823 4635 942 4675 non
964 4620 1143 4673 multo
1169 4625 1299 4685 post
1319 4621 1442 4685 ipse
1471 4619 1729 4671 Rufinus.

601 4694 624 4724 ³
656 4694 1058 4757 Expunximus
1092 4707 1295 4756 verum,
1315 4690 1471 4754 quod
1518 4690 1780 4743 Barrams
1823 4703 1956 4743 cum
1999 4690 2126 4742 aliis

538 4764 832 4818 nonnullis
858 4764 1018 4815 libris
1045 4763 1435 4814 interserebat.
1477 4762 1760 4814 Pamelius
1784 4762 1919 4814 olim
1938 4761 2129 4815 delen-

534 4834 677 4889 dum
710 4835 945 4895 monuit,
964 4834 1212 4885 melioris
1237 4845 1465 4897 quoque
1493 4834 1645 4885 notie
1670 4834 1914 4897 codices,
1931 4838 1988 4886 et
2011 4847 2131 4885 ma-

530 4908 654 4972 jore
686 4918 921 4958 numero
965 4904 1330 4970 persuadent.
1400 4907 1466 4955 In
1503 4906 1878 4969 sequentibus
1918 4906 2130 4959 habent

536 4978 665 5032 libri
695 4977 945 5044 plerique
969 4977 1079 5040 alii,
1101 4978 1197 5027 hoc
1220 4975 1379 5026 modo
1406 4976 1671 5041 intelligin
1683 4977 1815 5027 dum
1833 4985 1921 5039 est,
1954 4994 2129 5028 unum

536 5065 651 5100 non
672 5064 918 5110 numero,
945 5048 1071 5108 dici,
1106 5048 1211 5108 sed,
1238 5052 1345 5099 etc.

546 5130 549 5133 '
598 5133 617 5156 ο
640 5121 839 5173 Inaliis
855 5120 1134 5181 secundus,
1150 5119 1497 5183 quibuscum
1512 5128 1645 5168 mox
1662 5118 2023 5169 restituimus
2037 5134 2128 5167 nos

537 5205 766 5257 quoque
780 5193 1015 5252 numeri,
1031 5205 1130 5256 pro
1144 5190 1387 5240 unitatis.
1406 5189 1751 5241 Oxoniensis
1766 5190 1949 5241 Edltio
1968 5199 2125 5251 vetus,

536 5280 649 5315 non
672 5265 908 5325 numeri,
942 5264 1031 5313 sed
1053 5262 1376 5312 universatis
1402 5276 1615 5321 nomen,
1640 5277 1741 5309 esse
1775 5262 2126 5325 dignoscitur.

594 5335 615 5365 "
644 5336 851 5387 Eadem
881 5341 1055 5387 vetus
1094 5335 1236 5385 Edit.
1283 5332 1623 5384 Oxoniensis
1645 5347 1749 5381 esse
1773 5332 2125 5398 arbitramur,

535 5410 658 5458 tum
687 5407 892 5471 juncta
926 5407 1096 5457 etiam
1130 5417 1297 5468 nova,
1337 5403 1461 5455 voci
1501 5404 1744 5454 Christus
1766 5404 1923 5455 addit
1957 5405 2129 5453 Filius

532 5478 629 5527 Dei
652 5479 1005 5542 omnipotens,
1033 5477 1185 5539 quod
1216 5480 1408 5527 tamen
1428 5474 1885 5525 additamentum
1898 5489 2002 5525 nec
2028 5477 2125 5525 Ba-

531 5548 717 5601 luzius
743 5549 802 5600 in
827 5549 940 5600 ullo
967 5560 1200 5613 prorsus
1226 5546 1417 5598 codice
1443 5547 1545 5597 Ms.
1583 5550 1684 5596 aut
1713 5546 1865 5597 edito
1904 5547 2121 5609 reperit.

592 5628 611 5649 °
636 5623 719 5671 lla
744 5625 801 5671 et
827 5625 996 5671 vetus
1019 5619 1239 5669 dudum
1270 5617 1501 5668 laudata
1535 5617 1747 5667 Editio:
1786 5618 1912 5669 alite
1939 5619 2120 5667 Domi-

534 5704 671 5739 num
696 5690 929 5750 habent,
961 5694 1019 5740 et
1049 5702 1202 5751 mox,
1226 5688 1292 5737 ab
1317 5703 1373 5738 eo
1411 5703 1513 5736 esse
1537 5688 1753 5746 dicitur,
1780 5689 1925 5751 quod
1946 5689 2030 5737 ille
2055 5695 2126 5738 te-

533 5766 672 5821 neat,
698 5764 805 5813 etc.
833 5763 981 5813 Tum
1006 5765 1171 5812 vetus
1192 5761 1390 5812 eadem
1418 5757 1784 5819 Oxoniensis,
1823 5760 2128 5824 Apostotica

2226 3231 2319 3290 tte,
2344 3226 2521 3279 Filius
2551 3230 2611 3278 et
2646 3226 2811 3277 visus
2842 3229 2901 3278 et
2934 3237 3144 3289 passus
3167 3228 3258 3276 est
3284 3223 3345 3275 in
3368 3232 3553 3274 carne.
3579 3218 3748 3282 Quod
3769 3220 3826 3270 et

2226 3316 2503 3381 propheta
2525 3315 2893 3382 prmdixerat,
2926 3314 3025 3368 ubi
3047 3313 3161 3366 ait:
3205 3313 3307 3363 llic
3329 3312 3467 3362 Deus
3489 3315 3688 3369 noster,
3714 3322 3825 3356 non

2224 3501 2329 3535 v0.1:
2352 3485 2616 3549 afﬁrmat,
2646 3484 2738 3535 ubi
2769 3484 2986 3545 dicitur,
3012 3483 3277 3549 quoniam
3302 3496 3399 3547 per
3420 3480 3620 3545 ipsum.
3644 3477 3824 3529 Probe

2226 3562 2441 3622 autem,
2476 3557 2526 3608 si
2554 3556 2684 3620 quis
2707 3556 2866 3621 alias,
2896 3556 2987 3608 vis
3012 3556 3170 3607 vocis
3194 3554 3551 3618 omnipotente
3566 3549 3824 3601 aRuilno

2227 3628 2561 3693 explicatur.
2594 3628 2804 3679 Eadem
2829 3632 2915 3680 est
2931 3628 2991 3679 in
3011 3629 3209 3679 Graeco
3226 3625 3514 3691 praecipua
3528 3621 3691 3673 vocis
3706 3638 3825 3671 πανο

2225 3700 2473 3766 τοκράτωρ
2497 3699 2858 3762 signiﬁcatio.
2886 3699 3126 3751 Videtur
3147 3710 3284 3749 sane
3299 3710 3334 3749 a
3356 3698 3411 3748 S.
3428 3694 3636 3766 Cyrillo
3662 3695 3822 3766 Jero—

2228 3765 2567 3835 solymitano
2603 3772 2911 3835 accepisse,
2951 3783 3123 3834 quem
3156 3769 3331 3821 velim
3369 3765 3631 3818 conferas
3659 3765 3820 3815 Cate-

2226 3841 2384 3892 chesi
2410 3842 2550 3892 VIII.
2575 3854 2708 3892 nam
2736 3844 2791 3893 et
2823 3842 2927 3893 alia
2947 3841 3213 3905 quaedam
3230 3838 3405 3891 fuisse
3423 3837 3496 3888 ab
3509 3848 3576 3888 eo
3593 3840 3824 3887 mutua-

2226 3916 2369 3975 tum,
2393 3912 2631 3964 int‘erius
2659 3913 3050 3965 ostendemus.

2289 3985 2299 4015 ‘
2324 3983 2627 4047 Pericopen
2650 3984 2800 4035 hanc
2825 3987 3147 4048 verborum,
3168 3981 3453 4036 Constituit
3473 3983 3658 4028 autem
3681 3975 3821 4042 quod

2228 4056 2323 4115 ait,
2358 4055 2541 4117 genuit
2575 4055 2912 4120 intelligitur,
2953 4069 3084 4121 qum
3125 4057 3501 4107 inBarrmano
3533 4048 3821 4114 proposito

2228 4126 2395 4177 nobis
2415 4126 2742 4189 exemplari,
2768 4133 2831 4179 ut
2846 4133 2902 4179 et
2916 4128 2975 4179 in
2989 4128 3235 4187 duabus,
3253 4138 3396 4190 quas
3414 4121 3701 4174 Pamelius
3714 4130 3823 4169 cas-

2231 4197 2385 4261 tigat,
2425 4196 2886 4261 Hieronymianis
2924 4199 3281 4251 Editionibus
3320 4196 3540 4253 deerat,
3582 4192 3823 4244 aliorum

2226 4268 2561 4319 auctoritate
2586 4269 2859 4321 librorum
2887 4271 3240 4322 suil‘ecimus.
3265 4269 3447 4321 Vetus
3459 4262 3818 4322 Oxoniensis,

2230 4338 2485 4388 ha’redem
2508 4338 2742 4388 instituit
2774 4341 2948 4402 Pater,
2970 4348 3016 4391 et
3038 4357 3133 4406 per
3155 4341 3336 4405 ipsum
3356 4342 3536 4387 creata
3558 4339 3688 4384 sunt
3712 4348 3821 4382 om-

2232 4411 2347 4471 nia,
2367 4413 2472 4460 etc.
2491 4409 2844 4463 intermediis
2870 4414 3137 4464 omnibus
3150 4408 3572 4476 pmtermissis.
3596 4408 3823 4457 Eorum-

2149 4505 2209 4579 D
2234 4480 2371 4579 demA
2386 4481 2649 4579 repetitio.
2667 4485 2983 4579 verborum]
2998 4483 3363 4579 Agtiquarios
3396 4479 3704 4579 deceperit;

2298 4563 2314 4579 .
2416 4564 2528 4579 ,...,,
2605 4566 2686 4579 ...η
2719 4567 2886 4579 MM...
2990 4571 3010 4579 η
3087 4571 3211 4579 μη
3256 4568 3328 4579 η..
3378 4562 3545 4579 mm.
3574 4561 3704 4579 ac,“

2298 4563 2314 4590 ε
2340 4555 2528 4614 Atque
2562 4553 2688 4605 heic
2719 4567 2916 4613 voces,
2949 4554 3010 4603 de
3043 4554 3351 4618 Seraphim,
3377 4562 3510 4614 quin
3531 4549 3821 4599 desidera-

2233 4624 2455 4682 bantur,
2476 4624 2891 4688 supplevimus.
2910 4628 3042 4678 Mox
3058 4625 3325 4677 Baluzius
3340 4622 3553 4675 omittit
3568 4618 3821 4674 Sabaoth,

2232 4694 2473 4747 duorum
2512 4696 2773 4748 codicum
2830 4698 2964 4749 Mss.
2991 4697 3343 4753 auctoritate,
3396 4704 3647 4756 quorum
3691 4688 3827 4741 alter

2230 4768 2403 4818 etiam
2433 4766 2573 4815 Deus
2595 4779 2806 4820 nomen
2832 4769 2983 4831 quod
3030 4767 3316 4833 praecedit,
3343 4767 3506 4817 tacet.
3538 4761 3822 4833 Pamelius

2232 4838 2367 4889 olim
2410 4837 2729 4901 reduxerat,
2769 4840 2905 4903 quia
2946 4832 3219 4904 reperitur
3262 4841 3319 4890 et
3360 4837 3422 4887 in
3460 4832 3820 4899 Apocalypsi.

2231 4909 2438 4960 Contra
2460 4908 2808 4961 Remboldus
2833 4915 2888 4961 et
2913 4912 3183 4961 Erasmus
3208 4910 3380 4962 etiam
3407 4906 3823 4969 subsequentia

2229 4980 2343 5031 duo
2368 4980 2560 5037 verba,
2595 4981 2691 5045 qui
2719 4987 2850 5041 erat,
2874 4982 3164 5039 omittunt.

2292 5050 2312 5081 ¹¹
2338 5052 2575 5104 Addunt
2607 5052 2700 5103 alii
2732 5052 2900 5102 Jesus.
2939 5054 3070 5104 Mox
3100 5052 3192 5103 alii
3214 5052 3282 5104 de
3304 5064 3457 5103 more
3478 5050 3817 5111 inuisibilem,

2231 5129 2275 5171 et
2300 5123 2683 5187 impassibilcm
2700 5125 3029 5188 prmt‘erunt.
3044 5125 3244 5175 Recole
3256 5124 3409 5187 quod
3426 5123 3691 5186 superius
3706 5124 3820 5183 ipse

2231 5194 2475 5245 Ruﬁnus
2522 5195 2708 5256 tradit,
2731 5202 2949 5260 propter
2992 5196 3283 5244 nonnullos
3324 5195 3588 5244 haereticos
3637 5194 3821 5243 addita

2232 5266 2480 5329 quantum
2509 5266 2697 5325 rideri,
2721 5283 2816 5331 per
2848 5283 2963 5331 quae
2989 5267 3197 5316 novellae
3222 5267 3473 5316 doctrinae
3495 5280 3683 5315 sensus
3716 5281 3822 5314 crc-

2230 5337 2443 5386 dcrctur
2466 5337 2699 5386 excludi.

2289 5410 2301 5448 ³
2328 5411 2541 5459 Tacent
2564 5410 3014 5469 incarnatum,ac
3040 5409 3440 5461 tantummodo
3466 5408 3523 5457 in
3551 5424 3717 5458 carne
3736 5425 3821 5456 na-

2229 5484 2343 5527 tum
2368 5480 2578 5529 habent
2604 5481 2739 5530 Mss.
2766 5480 2880 5531 duo
2910 5481 3151 5540 codices,
3177 5496 3322 5544 quos
3352 5480 3617 5531 lialuzius
3644 5481 3817 5542 sequi-

2229 5552 2336 5607 tur,
2371 5551 2877 5612 Sangermancnsis
2903 5554 2956 5601 et.
2979 5552 3208 5615 Regius,
3229 5553 3479 5614 itemque
3502 5551 3635 5602 edit.
3659 5556 3816 5603 Item-

2232 5620 2451 5677 boldus.
2497 5626 2664 5683 atque
2704 5624 2988 5673 Erasmus.
3039 5623 3321 5674 Pamelius
3359 5624 3421 5671 in
3458 5639 3640 5683 carnc,
3663 5630 3709 5672 et
3753 5638 3813 5671 cr

2228 5706 2389 5740 carne
2412 5697 2621 5751 natum,
2641 5693 2731 5743 cui
2753 5693 2926 5745 ferme
2943 5706 3093 5745 nova
3117 5694 3462 5746 Oxoniensis
3478 5694 3653 5747 editio
3677 5708 3809 5746 con-

2231 5765 2413 5813 sonat.
2443 5762 2703 5815 Morelius
2727 5764 3029 5816 nobiscum
3056 5765 3204 5816 facit.
