3898 6394
75 323 196 380 345

1069 331 1636 388 COMMENTARIUS
1669 333 1738 386 IN
1781 333 2081 388 SYMBOL.
2117 335 2453 391 APOSTOL.

3301 334 3406 392 346

68 439 443 506 reputabitur
463 440 599 493 alter
620 442 695 494 ad
715 458 856 497 eum.
872 453 889 475 ·
913 445 974 496 In
983 447 1124 498 venit
1147 463 1362 500 omnem
1379 451 1524 501 viam
1548 452 1701 502 disci—
1721 454 1783 527 Α
1803 448 1876 504 de
1891 463 2006 516 quo
2021 451 2418 516 exposuimus,
2433 450 2638 504 unicus
2653 450 2830 504 Filius
2845 448 3233 513 Dei,etnoster
3245 453 3408 502 Domi-

70 531 275 598 plinae,
313 535 360 581 et
395 530 540 582 dedit
582 547 699 583 eam
731 534 894 584 Jacob
918 551 1088 602 puero
1123 552 1238 601 suo,
1265 545 1310 590 et
1331 541 1497 590 Israel
1517 541 1699 592 dilecto

71 636 180 670 suo
208 636 228 670 :
250 627 376 686 post
414 621 521 672 haec
545 622 606 671 in
629 625 784 673 terris
807 626 952 675 visus
975 633 1061 688 est,
1080 633 1127 677 et
1155 629 1296 680 inter
1315 631 1558 682 homines
1569 646 1700 682 con-

73 717 339 762 versatus
353 717 426 761 est
447 713 705 766 (Baruch.
732 711 782 778 3,
809 713 932 780 36.).
962 719 1228 783 Sequitur
1252 723 1381 785 post
1404 721 1510 773 hoc
1535 735 1548 772 :

140 801 198 858 6.
231 803 320 854 ΕΤ
354 814 418 854 IN
439 803 702 855 Cnnrsro
724 802 745 832 δ
767 805 1115 861 JBSUUNICO
1128 821 1288 862 mmo
1302 823 1444 864 usus
1459 813 1698 864 Doumo

75 903 358 945 NOSTRO.
371 892 403 942 J
409 903 544 942 esus
559 888 671 960 62
687 898 915 952 Hebrmi
937 899 1197 954 vocabuli
1222 903 1696 964 estnomen,quod

72 984 242 1048 apud
269 997 383 1038 nos
408 987 670 1041 Salvator
693 988 917 1042 dicitur.
946 990 1208 1042 Christus
1233 1004 1268 1042 a
1299 991 1606 1044 chrismate
1638 989 1698 1042 id

74 1077 171 1125 est
212 1075 296 1126 ab
331 1077 602 1129 unctione
633 1077 965 1144 appellatur.
994 1080 1261 1145 Legimus
1283 1081 1436 1132 enim
1457 1080 1520 1133 in
1539 1079 1696 1132 libris

76 1163 303 1228 Moysi,
331 1165 487 1229 quod
511 1167 700 1219 Auses
725 1169 902 1221 Navae
937 1168 1134 1234 Filius,
1151 1183 1286 1222 cum
1300 1171 1516 1222 electus
1539 1174 1699 1222 esset

75 1250 206 1303 dux
241 1253 458 1318 populi,
493 1260 862 1309 communato
886 1258 1136 1323 nomine,
1168 1259 1239 1310 de
1263 1261 1418 1312 Ause
1441 1261 1471 1310 J
1477 1272 1580 1311 esu
1605 1271 1694 1311 co-

75 1341 471 1406 gnominatus
503 1344 594 1405 sit,
629 1357 744 1410 quo
777 1345 991 1399 scilicet
1013 1348 1411 1400 ostenderetur
1434 1348 1542 1401 hoc
1565 1360 1695 1400 esse

76 1443 328 1495 nomen,
353 1432 511 1496 quod
534 1433 886 1500 principibus
908 1439 966 1488 et
985 1436 1229 1490 ducibus
1242 1438 1589 1501 conveniret,
1601 1437 1694 1490 his

77 1520 400 1574 dumtaxat
432 1521 530 1585 qui
561 1523 804 1576 salutem
839 1526 1213 1590 sequentibus
1246 1539 1308 1579 se
1340 1527 1564 1593 populis
1596 1527 1696 1579 da-

77 1614 235 1662 rent.
285 1612 492 1674 Itaque
524 1615 582 1664 et
614 1611 708 1667 ille
741 1615 914 1667 Jesus
946 1617 1262 1682 appellatus
1293 1621 1398 1680 est,
1427 1617 1526 1682 qui
1553 1617 1695 1670 edu-

83 1705 254 1753 ctum
277 1701 354 1754 de
377 1705 528 1754 terra
549 1704 774 1769 Egypti
797 1706 1094 1770 populum,
1107 1713 1164 1760 et
1186 1709 1256 1761 de
1275 1709 1562 1761 erroribus
1581 1721 1695 1762 ere

80 1792 158 1842 mi
171 1791 488 1844 liberatum
500 1791 560 1844 in
571 1796 780 1846 terram
793 1796 1270 1861 Repromissionis
1279 1798 1526 1851 induxit.
1541 1802 1598 1848 Et
1611 1801 1695 1850 hic

80 1881 140 1932 °J
145 1893 314 1947 esus,
327 1881 430 1946 qui
449 1883 726 1946 populum
737 1884 808 1938 de
817 1885 1156 1950 ignorantiae
1170 1888 1423 1941 tenebris
1435 1891 1690 1954 eductum,

79 1974 140 2022 et
163 1970 242 2023 de
265 1973 475 2026 mundi
498 1974 784 2028 erroribus
805 1981 1158 2042 revocatum,
1173 1977 1491 2030 introduxit
1511 1978 1584 2031 ad
1607 1992 1695 2032 re—

79 2072 201 2125 gna
223 2061 527 2116 oculorum.
554 2063 818 2118 Christus
843 2077 1092 2132 quoque,
1119 2067 1210 2120 vel
1234 2067 1574 2134 pontiﬁcale,
1600 2068 1694 2122 vel

77 2150 314 2214 regium
325 2165 541 2206 nomen
551 2159 656 2207 est.
680 2157 824 2207 Nam
839 2156 998 2220 prius
1010 2161 1070 2210 et
1076 2157 1379 2223 pontiﬁces
1401 2161 1693 2224 unguento

79 2239 425 2295 chrismatis
458 2245 940 2298 consecrabantur
973 2250 1030 2298 et
1061 2258 1244 2312 reges.
1279 2247 1388 2299 Sed
1411 2247 1492 2299 illi
1512 2247 1692 2302 veluti

81 2329 367 2383 mortales
379 2335 439 2384 et
449 2333 867 2398 corruptibiles,
883 2337 1180 2400 unguento
1191 2336 1446 2389 materiae
1463 2349 1696 2402 corrup-

83 2419 266 2470 tibilis
291 2421 661 2485 ungebantur
683 2437 696 2474 :
722 2422 816 2476 hic
839 2436 972 2476 vero
997 2426 1204 2477 Sancto
1229 2425 1440 2490 Spiritu
1474 2437 1688 2490 perun-

84 2513 220 2560 ctus
254 2509 522 2562 Christus
554 2511 817 2574 el‘ticitur,
843 2513 996 2566 sicut
1018 2513 1306 2580 Scriptura
1327 2514 1398 2566 de
1423 2527 1490 2568 eo
1513 2515 1652 2567 dicit
1678 2529 1692 2567 :

87 2599 261 2655 Quem
282 2599 450 2648 unxit
467 2600 629 2650 Pater
677 2601 889 2666 Spiritu
913 2603 1111 2654 Sancto
1133 2603 1294 2654 misso
1319 2603 1380 2653 de
1399 2603 1538 2654 caelis
1559 2603 1691 2666 (Act.

89 2685 216 2749 10.).
269 2687 340 2740 Et
381 2689 581 2740 Esaias
616 2690 1102 2758 praeﬂguraverat,
1131 2692 1329 2746 dicens
1351 2706 1423 2746 ex
1446 2706 1693 2759 persona

87 2775 216 2827 Filii
243 2789 256 2826 :
285 2777 526 2842 Spiritus
547 2778 772 2830 Domini
789 2795 950 2846 super
969 2796 1054 2832 me
1080 2786 1328 2847 :propter
1352 2782 1499 2848 quod
1528 2784 1694 2834 unxit

91 2865 565 2931 me,evangelizare
587 2869 734 2918 misit
755 2884 839 2919 me
859 2869 1191 2936 pauperibus
1213 2871 1380 2934 (Esai.
1407 2871 1530 2936 61.).
1552 2872 1696 2934 Quia

95 2965 236 3017 ergo
247 2956 628 3022 ostendimus,
642 2959 776 3022 quid
791 2959 1167 3025 sitJesus,qui
1182 2960 1456 3026 populum
1469 2963 1694 3025 salvet,et

94 3043 240 3106 quid
264 3044 340 3098 sit
354 3045 633 3111 Christus,
647 3047 745 3112 qui
759 3049 1012 3114 pontifex
1024 3049 1210 3102 factus
1226 3051 1302 3102 sit
1315 3050 1376 3102 in
1387 3055 1688 3111 mternum,

1799 551 1910 592 nus
1936 539 2027 592 sit.
2055 542 2136 593 Ne
2160 541 2302 593 forte
2326 545 2512 607 putes,
2529 539 2682 605 quod
2706 540 2961 594 humana
2983 539 3095 593 ista
3119 541 3400 596 vocabula

1799 631 2086 680 terrenum
2111 633 2166 681 te
2188 629 2401 693 aliquid
2413 629 2674 693 doceant,
2686 628 2814 681 ideo
2827 629 3392 696 subjungit,unicum

1798 717 1952 770 hunc
1983 731 2112 770 esse
2147 718 2356 770 Filium
2391 717 2494 770 Del
2537 717 2846 770 Dominum
2894 723 3180 771 nostrum.
3237 721 3398 772 Unus

1798 807 1952 858 enim
1996 806 2068 858 de
2101 819 2218 859 uno
2252 807 2524 869 nascitur,
2563 808 2699 872 quia
2723 812 2779 860 et
2805 807 3074 872 splendor
3101 805 3406 877 63'unus

1797 901 1887 948 est
1907 895 2068 960 lucis,
2095 898 2151 948 et
2174 909 2353 948 unum
2378 901 2470 949 est
2486 899 2724 950 verbum
2749 897 2932 949 cordis
2951 913 2963 950 :
2980 911 3088 950 nec
3111 899 3172 950 in
3195 909 3396 950 nume-

1796 997 1925 1037 rum
1961 985 2238 1050 pluralem
2274 985 2475 1039 defluit
2523 985 2855 1051 incorporea
2877 987 3188 1052 generatio,
3212 999 3318 1040 nec
3339 987 3401 1038 in

1795 1073 2136 1127 divisionem
2160 1075 2330 1138 cadit,
2356 1075 2454 1127 ubi
2479 1075 2574 1139 qui
2597 1076 2870 1139 nascitur,
2885 1088 3247 1142 nequaquam
3259 1089 3293 1128 a
3304 1087 3398 1141 ge-

1793 1168 2030 1217 nerante
2052 1170 2365 1230 separatur.
2379 1164 2596 1218 Unicus
2609 1169 2716 1230 est,
2731 1169 2796 1218 ut
2809 1166 2986 1218 menti
2997 1180 3194 1229 sensus,
3214 1171 3269 1216 ut
3298 1180 3403 1216 cor-

1794 1253 1852 1305 di
1864 1253 2124 1318 verbum,
2151 1258 2214 1306 ut
2236 1253 2366 1307 forti
2391 1254 2594 1318 virtus,
2625 1259 2694 1307 ut
2727 1255 3006 1316 sapientia
3021 1255 3254 1316 sapienti.
3273 1237 3396 1305 ﬁam

1795 1342 1945 1395 sicut
1959 1343 2116 1396 solus
2139 1343 2369 1409 sapiens
2391 1345 2552 1396 Pater
2565 1344 2640 1397 ab
2653 1345 2929 1410 Apostolo
2941 1344 3146 1397 dicitur
3171 1347 3240 1394 ita
3251 1350 3298 1393 et
3329 1359 3402 1394 so-

1791 1431 1885 1485 lus
1905 1432 2078 1484 Filius
2092 1433 2372 1498 sapientia
2380 1434 2730 1486 nominatur.
2744 1435 2958 1488 Unicus
2975 1447 3112 1499 ergo
3123 1434 3300 1486 Filius
3311 1437 3400 1487 est

1791 1523 1993 1574 etcum
2011 1521 2085 1574 sit
2094 1521 2290 1586 gloria.
2305 1523 2772 1588 sempiternilate,
2788 1524 3016 1584 virtute,
3031 1535 3230 1589 regno,
3244 1524 3397 1588 pote-

1792 1613 1942 1663 state
1983 1611 2092 1663 hoc
2129 1611 2284 1676 quod
2325 1613 2490 1664 Pater
2523 1615 2613 1664 est
2645 1631 2656 1662 :
2701 1613 2890 1664 omnia
2913 1617 3106 1665 tamen
3129 1612 3256 1664 haec
3278 1624 3392 1664 non

1797 1700 1922 1753 sine
1945 1705 2197 1764 auctore,
2223 1701 2238 1730 '
2263 1700 2414 1754 sicut
2436 1703 2620 1767 Pater,
2634 1701 2736 1754 sed
2754 1716 2825 1754 ex
2841 1703 3004 1754 Patre
3018 1707 3294 1766 tanquam
3307 1701 3396 1752 Fi-

1723 1821 1778 1896 Β
1797 1789 1910 1842 lius
1934 1789 2062 1896 sine
2086 1789 2266 1852 initio,
2307 1793 2364 1890 et
2386 1791 2624 1892 mqualis
2660 1791 2834 1844 habet
2861 1807 2874 1843 :
2901 1804 3150 1856 cumque
3174 1791 3251 1844 sit
3272 1790 3396 1896 ipse

1796 1877 2056 1931 omnium
2088 1883 2280 1946 caput,
2312 1879 2498 1944 ipsius
2523 1884 2720 1934 tamen
2755 1886 2926 1947 caput
2959 1883 3124 1934 Pater
3155 1885 3263 1933 est.
3306 1879 3397 1933 Sic

1793 1967 1946 2020 enim
1971 1969 2248 2034 scriptum
2271 1975 2362 2023 est
2385 1985 2397 2022 :
2423 1971 2567 2031 Quia
2589 1976 2752 2036 caput
2779 1971 2979 2022 Christi
3002 1971 3144 2022 Deus
3178 1975 3266 2022 est.

1852 2057 1904 2111 7.
1943 2056 2150 2110 Filium
2189 2072 2326 2112 sane
2371 2073 2502 2112 cum
2537 2060 2724 2117 audis,
2758 2059 2893 2114 nolo
2924 2059 2946 2090 δ
2985 2060 3390 2126 cogitationem

1791 2145 2036 2199 carnalis
2069 2147 2388 2202 nativitatis
2423 2161 2710 2212 assumas,
2745 2149 2848 2202 sed
2871 2152 3164 2202 memento
3187 2148 3298 2202 hoc
3321 2148 3392 2201 de

1791 2233 2119 2300 incorporea
2164 2237 2276 2290 dici
2308 2239 2632 2291 substantia
2669 2243 2726 2292 et
2756 2243 2980 2290 natura;
3017 2237 3309 2304 simplicis.
3335 2237 3392 2291 Si

1791 2323 1944 2376 enim
1973 2329 2040 2378 ut
2065 2337 2238 2391 supra
2255 2327 2376 2392 jam
2399 2327 2676 2392 diximus,
2701 2327 2792 2380 vel
2822 2327 2884 2379 in
2911 2339 2978 2380 eo
3002 2326 3158 2391 quod
3182 2340 3279 2379 cor
3299 2339 3390 2392 ge-

1789 2417 1954 2465 nerat
1986 2415 2249 2477 verbum,
2276 2415 2368 2469 vel
2392 2429 2554 2468 mens
2577 2429 2836 2478 sensum,
2862 2417 2954 2469 vel
2970 2415 3072 2468 lux
3083 2429 3151 2468 ex
3168 2429 3228 2468 se
3240 2415 3388 2482 parit

1791 2501 2167 2570 splendorem,
2193 2504 2334 2556 nihil
2356 2505 2568 2558 horum
2591 2507 2914 2570 requiritur,
2939 2517 3046 2558 nec
3067 2504 3184 2557 ulla
3205 2505 3266 2557 in
3291 2505 3388 2557 tali

1789 2592 2154 2657 generatione
2186 2593 2460 2658 fragilitas
2497 2595 2810 2660 cogitatur;
2847 2599 3060 2660 quanto
3093 2594 3292 2659 purius
3329 2598 3390 2647 et

1793 2681 2072 2734 sacratius
2105 2683 2177 2736 de
2219 2683 2426 2737 horum
2459 2686 2718 2738 omnium
2753 2690 3004 2738 creatore
3037 2683 3390 2737 censendum

1791 2773 1883 2821 est
1898 2774 1922 2820 Ρ
1944 2771 2051 2824 Sed
2077 2772 2321 2826 fortasse
2345 2774 2646 2840 dicas,ista
2670 2788 2843 2840 quam
2859 2773 3392 2828 memoras-insub-

1791 2861 2046 2913 stantiva
2064 2866 2154 2914 est
2171 2865 2493 2927 generatio:
2516 2877 2706 2928 neque
2725 2864 2880 2916 enim
2896 2864 3003 2918 lux
3012 2865 3382 2912 substantivum

1791 2946 1926 3002 facit
1947 2951 2324 3016 splendorem,
2338 2959 2440 3008 aut
2450 2967 2554 3012 .cor
2569 2953 3000 3007 substantivum
3010 2954 3248 3017 generat
3261 2963 3390 3004 ver-

1793 3036 1934 3091 bum
1959 3055 1973 3092 :
2009 3041 2188 3095 Filius
2209 3049 2407 3096 autem
2430 3044 2530 3096 Dei
2555 3043 2974 3096 subtantialiter
2995 3041 3273 3094 asseritur
3293 3051 3391 3105 ge-

93 3095 255 3186 liunc
275 3147 352 3187 ex
374 3095 965 3201 conseqdeiitibusﬁe
977 3151 1090 3204 quo
1106 3139 1370 3193 dicantur
1391 3140 1520 3205 ista,
1535 3095 1688 3192 vide:
1719 3095 1768 3171 (ἶ
1795 3134 2048 3184 neratus.
2091 3131 2181 3184 Ad
2220 3133 2330 3185 hoc
2357 3133 2463 3198 [Αι.
2489 3133 2636 3198 haec]
2663 3133 2842 3198 primo
2865 3131 3122 3184 omnium
3146 3128 3285 3182 illud
3308 3127 3390 3180 di-

91 3235 246 3276 mus.
264 3223 286 3254 ⁴
299 3225 476 3278 Unico
488 3226 646 3291 Filio,
658 3226 861 3292 inquit,
875 3229 1003 3294 ejus
1017 3230 1256 3282 Domino
1266 3233 1480 3282 nostro.
1494 3233 1583 3280 Per
1598 3233 1692 3280 hoc

85 3312 259 3366 docet
269 3326 396 3379 nos,
412 3315 546 3380 quia
557 3318 585 3368 J
590 3329 726 3370 esus
739 3317 867 3383 iste,
885 3319 957 3371 de
969 3331 1086 3384 quo
1102 3319 1376 3384 diximus,
1391 3325 1450 3374 et
1463 3321 1690 3372 Christus
1729 3347 1744 3364 .

154 3494 172 3514 ·
195 3485 540 3540 Amavimus
583 3489 720 3542 hinc
763 3491 860 3555 qui
893 3503 1250 3556 pronomem,
1275 3491 1422 3544 sacri
1447 3493 1684 3550 Textus.

86 3555 480 3624 librorumque
513 3561 753 3614 aliorum
776 3563 1127 3615 auctoritate.
1155 3563 1490 3628 Insequenti
1519 3566 1690 3618 versi-

89 3629 236 3704 culo,
263 3643 364 3695 pro
382 3633 527 3704 inter
553 3633 812 3695 homines,
843 3647 916 3686 ex
953 3635 1151 3688 Graeco
1183 3631 1232 3686 ἐν
1269 3646 1367 3694 τοῖς
1403 3633 1682 3704 ἀνθρώποις,

91 3699 188 3751 alii
209 3717 338 3751 cum
370 3703 680 3755 hominibus
700 3705 1030 3770 praeferunt.

154 3772 412 3826 l“Morem
457 3775 583 3828 aliis
627 3776 953 3830 Editoribus
997 3778 1286 3842 gerimus,
1332 3778 1432 3842 qui
1475 3778 1685 3831 Christi

91 3855 304 3896 nomen
330 3847 546 3898 nomini
567 3849 705 3899 Jesu
729 3855 1095 3913 prmponunt,
1122 3849 1258 3912 quia
1280 3851 1337 3900 et
1360 3850 1516 3914 prius
1541 3844 1685 3902 illud

95 3916 340 3968 Ruﬁnus
363 3918 622 3982 explicat.
648 3921 832 3972 Antea
853 3924 973 3972 erat
996 3921 1056 3969 in
1067 3921 1248 3970 Jesum
1265 3920 1559 3984 Christum,
1575 3925 1681 3974 etc.

89 3987 156 4040 in
176 3990 483 4042 accusandi
507 3990 676 4043 etiam
699 4004 865 4054 casu,
893 3995 956 4043 ut
977 3991 1118 4044 alias
1142 3991 1492 4044 monuimus.

153 4071 174 4094 °
195 4059 434 4114 Addunt
461 4062 554 4114 alii
586 4063 802 4122 dicitur,
837 4068 895 4116 et
924 4076 1060 4115 mox
1095 4069 1384 4124 evocatum,
1417 4076 1516 4128 pro
1539 4079 1682 4114 revo-

90 4134 292 4182 catum.
331 4133 622 4197 Sapienter
642 4135 1030 4200 Hieronymus
1054 4137 1372 4188 Comment.
1397 4135 1456 4186 in
1483 4136 1680 4188 Matth.

89 4214 212 4266 cap.
239 4202 320 4258 16.
352 4205 596 4256 Christus
617 4221 900 4256 commune
922 4207 1206 4270 dignitatis
1227 4213 1298 4256 est
1321 4223 1518 4256 nomen
1531 4208 1684 4257 Jesus

85 4274 373 4338 proprium
401 4275 717 4326 vocabulum
740 4278 1055 4329 Saluatoris.
1082 4277 1243 4329 Adde
1267 4277 1682 4343 Chrysologum

89 4344 280 4396 Ruﬁni
326 4348 585 4412 vestigiis
627 4348 942 4402 haerentem
983 4349 1159 4400 Serm.
1195 4347 1282 4403 59.
1307 4349 1387 4399 Ab
1411 4351 1679 4410 unctione,

87 4416 184 4476 ait,
213 4416 472 4482 Christus,
500 4420 635 4484 quia
657 4426 703 4469 et
725 4420 1059 4484 unctio,quae
1079 4435 1175 4484 per
1195 4421 1372 4484 Reges,
1387 4421 1682 4485 Prophetas

90 4493 135 4536 et
166 4487 465 4538 Sacerdotes
507 4491 636 4540 olim
681 4496 992 4542 cucurrerat
1037 4491 1100 4540 in
1143 4494 1400 4554 figuram,
1441 4492 1502 4539 in
1535 4493 1682 4540 hunc

89 4560 274 4623 Regem
309 4561 544 4624 Regum,
592 4563 930 4613 Sacerdotem
975 4563 1342 4623 Sacerdotum,
1396 4564 1683 4628 Propheta-

85 4645 212 4679 rum
235 4631 577 4695 Prophetam,
603 4639 710 4683 tota
731 4649 783 4684 se
805 4633 1145 4700 plenitudine
1173 4634 1400 4699 spiritus
1423 4633 1682 4683 divinita-

92 4703 158 4752 tis
182 4701 385 4766 effudit.

151 4772 173 4802 ⁴
196 4773 458 4825 Baluzius
489 4773 558 4823 Et
589 4773 652 4823 in
679 4775 859 4836 unico,
886 4779 993 4828 etc.
1020 4775 1198 4828 Nobis
1219 4774 1553 4837 ablativum,
1579 4787 1680 4839 pro

91 4846 413 4897 accusativo
435 4845 799 4910 rescripsisse
823 4847 965 4899 satis
989 4846 1112 4898 fuit.
1140 4848 1288 4900 Tum
1311 4859 1446 4901 vero
1470 4847 1574 4897 Per
1585 4847 1681 4896 hoc

91 4915 538 4981 emendavimus,
563 4930 663 4982 pro
687 4930 804 4982 quo
828 4922 951 4970 erat
973 4919 1094 4968 Post
1119 4919 1234 4971 hoc.

153 4999 172 5021 ο
195 4988 374 5039 Antea
395 4989 581 5048 unius,
607 4989 763 5054 quod
799 4994 860 5042 et
884 4989 1168 5042 Pamelius
1191 4989 1412 5054 pridem
1436 4988 1682 5053 castiga-

95 5063 250 5110 verat
271 5072 340 5110 ex
361 5060 486 5112 aliis
513 5060 688 5124 libris,
713 5060 810 5125 qui
835 5061 1008 5114 etiam
1032 5060 1272 5114 inferius
1298 5061 1490 5121 verba,
1521 5065 1580 5108 ut
1602 5075 1682 5109 sa-

92 5131 291 5195 pientia
342 5132 595 5196 sapienti,
627 5137 974 5198 praeponunt
1005 5131 1134 5197 illis,
1158 5139 1218 5184 ut
1261 5132 1412 5185 cordi
1445 5131 1680 5190 verbum,

95 5207 197 5254 etc.

155 5273 174 5308 ί
204 5274 582 5327 Restituimus
626 5287 699 5327 ex
730 5275 858 5328 aliis
897 5275 1184 5341 plerisque
1208 5276 1478 5328 omnibus
1500 5274 1678 5338 libris,

93 5347 222 5395 sicut
243 5347 415 5411 Pater,
453 5359 555 5411 pro
589 5359 704 5412 quo
727 5349 896 5399 antea
921 5351 1057 5410 erat,
1081 5353 1209 5398 sunt
1229 5348 1390 5398 Patre
1414 5366 1426 5398 :
1455 5347 1683 5400 suffeci-

97 5431 222 5468 mus
245 5430 472 5482 quoque
497 5431 635 5488 mox
661 5419 852 5482 verba,
886 5418 1003 5468 sine
1027 5419 1187 5470 initio
1209 5424 1256 5470 et
1286 5418 1525 5484 aqualis,
1549 5429 1682 5482 qua

95 5489 576 5542 desiderabantur.
611 5491 828 5542 Caetera
858 5489 931 5542 ad
964 5491 1144 5543 linem
1181 5505 1367 5556 usque
1413 5491 1682 5543 sectionis

103 5567 297 5614 vexata
317 5563 568 5614 multum
592 5563 664 5614 ab
689 5561 1013 5614 Editoribus
1039 5568 1193 5615 sunt.
1209 5563 1383 5616 Nobis
1395 5575 1528 5614 cum
1540 5563 1683 5614 bene

102 5633 232 5684 satis
273 5634 482 5686 habere
527 5638 727 5686 nostra
756 5634 884 5686 haec
920 5633 1087 5686 lectio
1124 5635 1412 5698 videatur,
1443 5637 1685 5698 excepta

103 5716 312 5769 quoque
331 5717 367 5756 a
389 5705 619 5756 Barcaeo
643 5703 811 5756 fuerit
833 5715 905 5756 ex
917 5705 1339 5769 antiquissimo,
1353 5709 1528 5770 atque
1539 5705 1680 5769 opti-

106 5788 206 5830 mm
225 5782 373 5831 notae
399 5777 509 5829 Ms.
533 5781 756 5830 mutare
779 5775 919 5828 nihil
943 5775 1176 5840 placuit,
1204 5779 1271 5831 ut
1293 5777 1482 5842 siquid
1505 5777 1682 5830 refor-

1793 3221 1998 3284 cimus,
2029 3222 2044 3256 ι
2071 3235 2204 3274 cum
2227 3223 2397 3275 etiam
2421 3223 2482 3275 in
2505 3223 2728 3276 cmteris
2741 3223 3094 3287 proferantur
3105 3218 3386 3284 exempla,

1787 3325 1902 3366 non
1938 3326 2038 3379 per
2074 3313 2266 3366 omnia
2303 3319 2498 3368 tamen
2519 3309 2650 3383 '64
2691 3311 3122 3365 similitudinem
3157 3319 3388 3362 servare

1785 3485 2062 3538 mandum
2074 3484 2296 3538 erudito
2329 3485 2549 3538 Lectori
2577 3483 2878 3544 videbitur,
2905 3483 3033 3547 ejus
3049 3479 3266 3546 judicio
3290 3491 3383 3532 re-

1783 3559 2129 3623 linquamus.
2176 3557 2444 3610 Baluzius
2481 3557 2675 3620 itaque
2715 3555 2870 3619 legit,
2911 3561 3112 3604 etcum
3159 3553 3228 3602 sit
3277 3551 3388 3615 ipse

1783 3630 2032 3678 omnium
2046 3635 2224 3694 caput,
2251 3629 2424 3694 ipsius
2447 3633 2628 3678 tamen
2651 3634 2838 3678 auctor
2855 3631 2924 3677 est
2937 3627 3112 3685 Pater,
3131 3637 3388 3686 generan-

1785 3701 1851 3750 do
1885 3702 2000 3750 sine
2037 3701 2230 3750 initio:
2277 3701 2411 3764 quia
2455 3717 2548 3750 nec
2577 3701 2738 3750 Pater
2770 3699 3016 3763 praecedit
3041 3697 3263 3756 Filium,
3292 3707 3388 3742 nec

1782 3773 1954 3824 Filius
1987 3774 2232 3836 sequitur
2263 3773 2478 3822 Patrem
2505 3773 2568 3822 in
2590 3772 2840 3836 faciendo
2865 3770 3026 3835 quasi
3049 3767 3385 3832 adoptivum,

1780 3845 1917 3894 sicut
1961 3859 2076 3894 nos.
2123 3843 2327 3893 Filium
2369 3859 2500 3893 sane
2540 3859 2666 3893 cum
2716 3843 2896 3902 audis,
2931 3846 3036 3893 etc.
3065 3842 3132 3891 Et
3159 3837 3386 3890 codices

1783 3915 2012 3980 quidem
2032 3915 2170 3967 Mss.
2184 3919 2358 3978 atque
2381 3915 2562 3967 editos
2588 3915 2956 3978 [ldejussores
2972 3912 3218 3974 adlegat,
3237 3919 3386 3980 quos

1782 3979 1944 4060 sequi
1973 3986 2248 4046 maluerit,
2269 3998 2444 4060 quam
2469 3985 3195 4060 Pamelium,_qui_[naucam
3209 3979 3387 4060 etim-

1780 4059 2086 4123 perfectam
2127 4059 2468 4111 sententiam
2507 4057 2853 4121 adposuerit.
2902 4056 3008 4107 Hic
3047 4057 3242 4106 autem
3298 4056 3382 4101 sic

1780 4130 2048 4196 praefert:
2088 4146 2212 4182 cum
2245 4131 2314 4180 sit
2350 4131 2460 4194 ipse
2501 4129 2751 4178 omnium
2795 4132 2972 4193 caput,
3009 4125 3181 4190 ipsius
3205 4128 3386 4172 tamen

1780 4207 1941 4268 caput
1985 4207 2056 4252 est
2098 4203 2274 4253 Pater.
2316 4201 2405 4253 Sic
2437 4200 2585 4250 enim
2621 4200 2883 4264 scriptum
2924 4203 3012 4258 est,
3056 4196 3198 4268 Quia
3221 4197 3384 4268 caput

1783 4265 1986 4324 Christi
2009 4275 2148 4324 Deus
2171 4289 2185 4323 :
2210 4274 2380 4339 ipsius
2401 4277 2580 4322 tamen
2604 4278 2792 4321 auctor
2815 4276 2887 4320 est
2920 4267 3226 4339 generando
3267 4265 3385 4339 sine

1779 4345 1955 4395 initio.
1987 4346 2131 4405 Quia
2165 4335 2256 4394 nec
2285 4345 2466 4405 Pater,
2505 4344 2745 4396 Θιο.κατὰ
2771 4344 2893 4400 λέξιν
2923 4353 3054 4392 cum
3078 4337 3250 4390 modo
3270 4335 3385 4388 lau-

1778 4415 1947 4468 datis.
1974 4419 2114 4478 Qnaa
2141 4417 2266 4478 plus
2289 4415 2484 4477 habet,
2508 4428 2569 4466 se
2597 4415 2838 4486 testatur
2853 4411 3128 4486 adiecisse
3143 4406 3386 4486 exdua-

1781 4486 1889 4537 bus
1913 4486 2258 4538 editionibus
2282 4479 3192 4549 Hieronymiauisantiquis,haud
3209 4478 3384 4549 dubie

1705 4569 1761 4643 D
1783 4570 2082 4643 germane.
2113 4547 2590 4643 εξγξξξθιιξιῖεέλίιν
2611 4560 2804 4643 me?
2841 4553 3013 4643 ερῑξξφ
3040 4547 3385 4643 Βρίὲἓιξξέἒῑ

1782 4628 1915 4680 mile
1951 4628 2088 4692 quid
2120 4627 2536 4693 adjiciendum,
2573 4641 2800 4690 cumque
2835 4625 3006 4676 Filius
3033 4623 3100 4672 sit
3133 4621 3386 4671 omnium

1782 4705 1970 4749 auctor
1992 4713 2004 4750 :
2022 4704 2081 4752 et
2091 4699 2294 4751 deinde
2313 4699 2435 4762 subj
2445 4697 2798 4762 ungendum.
2814 4697 2984 4762 ipsius
2998 4702 3179 4745 tamen
3192 4697 3380 4744 auctor

1780 4776 1851 4820 est
1872 4771 2055 4832 Pater,
2087 4777 2194 4824 etc.
2235 4783 2422 4834 usque
2444 4770 2517 4822 ad
2547 4770 2707 4830 illud,
2731 4769 2935 4820 Filium
2957 4782 3106 4831 sane,
3131 4771 3240 4818 etc.
3269 4765 3382 4816 No-

1781 4842 1870 4893 bis
1892 4855 2024 4906 quse
2040 4847 2246 4908 praeter
2266 4843 2603 4906 impressam
2625 4841 2929 4895 lectionem
2952 4836 3382 4902 adsuunt,glos-

1781 4919 2002 4966 semata
2047 4915 2291 4968 studiosi
2341 4914 2591 4979 alicujus
2637 4913 2908 4966 videntur
2939 4911 3012 4965 ad
3035 4909 3164 4963 libri
3185 4908 3382 4962 album

1779 4985 2067 5044 adnotata,
2101 4999 2173 5036 ex
2198 4999 2379 5050 eoque
2405 4986 2464 5037 in
2493 4989 2717 5038 textum
2739 4985 2984 5036 intrusa.

1841 5066 1859 5096 ι
1882 5059 2068 5109 Antea
2091 5062 2210 5108 erat
2237 5047 2656 5120 generationem,
2685 5069 2784 5119 pro
2811 5055 3202 5120 cogitationem,
3228 5047 3381 5114 quod

1778 5126 1906 5180 libri
1939 5128 2036 5180 alii
2069 5128 2187 5192 pari
2221 5141 2518 5180 consensu
2549 5127 2876 5191 praeferunt.
2911 5128 3043 5178 Mox
3079 5125 3250 5176 etiam
3277 5123 3380 5170 hac

1778 5198 1994 5252 habent
2015 5211 2116 5264 pro
2149 5199 2265 5255 hoc,
2290 5203 2349 5250 et
2371 5204 2580 5248 natura
2611 5199 2862 5263 simplici,
2892 5210 2992 5262 pro
3017 5203 3226 5246 natura:
3248 5193 3380 5243 sim-

1819 5269 1952 5322 licis.

1776 5287 1970 5393 “toil;
2001 5338 2458 5400 emendavimus,
2485 5350 2586 5403 pro
2611 5351 2726 5402 quo
2749 5342 2868 5390 erat
2890 5336 3272 5396 insubstantia,
3299 5335 3380 5398 ty-

1778 5413 2159 5478 pothetarum,
2185 5413 2250 5461 ut
2272 5410 2516 5470 videtur,
2543 5408 2776 5471 mendo;
2799 5421 2935 5460 nam
2959 5405 3380 5478 etinsubstanti-

1779 5476 1904 5536 itam
1939 5481 2232 5533 scintillam
2266 5485 2311 5530 et
2333 5478 2788 5529 insubstantivum
2813 5480 2958 5530 nihil
2979 5479 3216 5530 inferius
3241 5476 3378 5528 dicit

1777 5565 2044 5616 Ruﬁnus.
2071 5563 2199 5614 Mox
2221 5561 2423 5626 profert
2449 5559 2574 5610 libri
2599 5559 2693 5611 alii
2715 5559 2932 5611 habent
2955 5573 3055 5625 pro
3077 5558 3228 5624 facit.

1841 5636 1856 5668 ί
1886 5634 2014 5697 Alii,
2053 5633 2196 5699 quod
2233 5647 2356 5682 cum
2387 5631 2550 5680 etiam
2582 5631 2643 5679 in
2681 5632 2874 5681 caeteris
2904 5631 3058 5681 rebus
3090 5628 3376 5696 proferun-

1780 5711 1870 5755 tur
1890 5706 2152 5770 escempla,
2173 5719 2282 5754 non
2297 5719 2392 5769 per
2405 5703 2596 5752 omnia
2609 5702 3041 5766 similitudinem,
3055 5705 3162 5753 etc.
3177 5699 3375 5752 Istius-

1779 5777 1936 5830 modi
1969 5775 2231 5841 exempla
2256 5775 2584 5827 accuratum
2605 5785 2851 5828 examen
2873 5773 3101 5828 ferendo
3117 5785 3235 5826 non
3245 5783 3374 5825 esse
