3898 6394
527 351 632 407 347
1552 352 1797 405 RUFINI
1839 352 2333 416 AQUILEIENSIS
2366 351 2809 406 PRESBYTERI
3731 344 3831 402 348

522 477 771 542 possunt
793 474 875 530 rei
890 474 1064 542 illius,
1083 475 1176 529 cui
1194 475 1450 542 prabere
1470 479 1748 540 putantur
1760 475 2113 540 exemplum:
2140 470 2197 545 Α
2229 473 2315 545 7|
2356 477 2387 510 ι
2411 476 2530 529 sine
2553 475 2810 541 exemplo
2831 478 2921 529 est
2943 473 2966 506 ⁸
2987 473 3278 529 divinitas.
3308 472 3457 527 Tum
3481 470 3663 527 etiam
3691 470 3830 526 illud

526 561 628 614 sed
639 562 812 615 unius
835 562 1074 628 alicujus
1096 562 1285 627 partis,
1305 574 1404 627 pro
1420 574 1535 626 qua
1547 562 1815 614 videntur
1827 568 2108 626 assumta,
2210 566 2495 629 addimus,
2523 567 2658 631 quia
2680 566 2871 619 omnis
2901 568 3168 619 creatura
3185 577 3258 617 ex
3274 563 3454 616 nihilo
3474 566 3591 615 est.
3615 561 3676 612 Si
3700 566 3833 631 e339

521 652 949 703 similitudinem
966 654 1176 703 tenent.
1205 651 1374 703 Verbi
1387 652 1584 716 gratia,
1605 656 1671 703 ut
1694 665 1825 704 cum
1846 652 1903 704 in
1926 655 2112 705 Evan—
2160 658 2179 733 ί
2210 656 3207 733 insubstantigascintillaguagignis
3219 656 3851 727 est,e_ir_se_creaturam._

524 740 671 805 gelio
691 740 898 792 dicitur
927 755 940 790 :
975 739 1162 790 Simile
1185 745 1257 788 est
1278 755 1508 803 regnum
1542 740 1791 790 caelorum
1829 741 2111 807 fermento,
2162 731 2179 815 1
2210 731 2345 811 {Tum
2362 760 2434 799 ex
2453 731 2630 815 nihilo
2648 746 2793 815 facta
2809 751 2923 811 est,
2935 746 3210 810 gigniuet
3226 743 3625 805 conditionem
3647 741 3828 809 inhoc

525 829 670 892 quod
717 829 988 878 abscondit
1032 829 1229 878 mulier
1278 829 1342 878 in
1404 829 1605 893 farinae
1652 831 1916 879 mensuris
1946 830 2115 880 tribus
2165 829 2181 902 ι
2213 840 2403 889 servat
2419 837 2653 902 originis
2678 849 2802 891 sum
2827 850 2839 887 :
2868 848 2970 887 cur
2991 844 3010 864 ο
3038 834 3190 885 illius
3215 836 3450 887 aeternas
3487 829 3643 882 lucis
3680 831 3826 880 sub-

528 918 735 980 (Matth.
776 916 937 981 13.).·
1003 917 1429 982 Numquidnam
1481 920 1815 983 putabimus
1873 932 2114 983 regnum
2216 928 2443 991 stantia,
2463 939 2594 990 quae
2615 938 2839 989 semper
2856 925 2976 985 fuit,
3004 924 3137 987 quia
3153 921 3663 973 insubstantivum
3693 919 3751 969 in
3769 931 3826 969 se

520 1007 794 1058 caalorum
814 1020 911 1071 per
933 1007 1127 1060 omnia
1151 1008 1335 1059 simile
1361 1021 1488 1059 esse
1532 1008 1829 1072 fermento,
1864 1012 1930 1061 ut
1973 1010 2115 1061 sub-
2168 1007 2177 1076 Ι
2215 1016 2566 1067 nihilhabuit
2582 1014 3099 1067 substantivumex
3113 1024 3175 1063 se
3195 1010 3561 1076 splendorem
3574 1009 3827 1073 proferre

520 1096 730 1146 stantia
760 1096 855 1147 illa
876 1096 955 1148 ita
989 1097 1286 1161 palpabilis
1305 1098 1378 1148 sit
1401 1109 1468 1148 ac
1500 1097 1735 1161 fragilis,
1772 1100 1834 1150 ut
1870 1102 1927 1150 et
1954 1098 2118 1150 acida
2152 1096 2177 1179 ‘l
2215 1118 2332 1157 non
2355 1105 2572 1169 potuit?
2595 1106 2663 1155 Et
2684 1104 2809 1155 ideo
2826 1108 2977 1155 recte
2996 1103 3204 1154 unicus
3230 1101 3436 1152 dicitur
3463 1098 3678 1149 Filius.
3703 1097 3829 1148 Uni-

520 1183 643 1235 fleri
668 1186 852 1248 possit
871 1190 930 1249 et
966 1190 1235 1250 corrupta
1269 1191 1292 1236 Ρ
1319 1188 1428 1238 Sed
1450 1187 1522 1238 ad
1554 1188 1661 1239 hoc
1710 1188 1897 1240 solum
1927 1200 2117 1239 exem-
2156 1190 2181 1261 ll
2219 1207 2322 1246 cus
2346 1194 2499 1245 enim
2522 1193 2542 1228 ί
2564 1198 2622 1245 et
2654 1194 2810 1244 solus
2835 1197 2942 1256 est,
2968 1192 3067 1256 qui
3089 1193 3166 1243 ita
3185 1195 3357 1242 natus
3381 1192 3487 1249 est,
3521 1200 3635 1240 nec
3668 1198 3825 1239 com-

520 1218 643 1235 υυη
669 1218 852 1248 Fuga“!
871 1218 930 1249 υν
966 1218 1235 1250 υυιιυινυα
1269 1218 1280 1236 δ
1319 1218 1428 1238 υσυ-
1450 1218 1522 1238 GU
1554 1218 1661 1239 HUU
1710 1218 1897 1240 ῧυιυηυέι
1927 1218 2117 1239 UAVIU‘
2219 1218 2322 1246 UUS
2346 1218 2499 1245 υωω
2522 1218 2536 1228 ⁸
2564 1218 2622 1245 Ub
2654 1218 2810 1244 δυιιιδ
2835 1218 2942 1256 cap,
2968 1218 3067 1256 qui
3089 1218 3166 1243 Iba.
3186 1218 3357 1242 ιιαυυδ
3381 1218 3487 1249 σου,
3521 1218 3635 1240 μῦν
3668 1218 3820 1239 κανω-

520 1273 1415 1339 plumistudvideturassumi,ut
1444 1278 1841 1329 ostenderetur
1860 1290 1931 1329 ex
1944 1291 2121 1342 parva
2218 1283 2568 1347 parationem
2581 1284 2831 1347 aliquam
2846 1278 3431 1346 potesthabere,quod
3445 1277 3695 1329 unicum
3711 1281 3820 1326 est:

520 1361 920 1403 nrmdimtinnn
963 1364 1115 1403 νωδὴί
1155 1365 1249 1403 ﬁni
1290 1365 1575 1403 humana:
1599 1371 1822 1403 manum
1861 1366 1988 1403 ΠΛρί
2021 1366 2120 1403 for-
2219 1387 2322 1403 non
2342 1373 2766 1403 eimi‘ifnr‘innm
2784 1372 2837 1403 in
2856 1370 3173 1403 anhctnniin
3190 1381 3317 1403 nnm
3340 1365 3575 1403 fantur-ia
3598 1365 3693 1403 ΓΔΙ
3733 1365 3820 1403 ἴλη.

518 1361 920 1425 praedicatione
963 1364 1120 1415 verbi
1153 1365 1253 1416 Dei
1290 1365 1575 1417 humanas
1599 1371 1823 1418 mentes
1861 1366 1993 1418 fidei
2019 1366 2120 1418 fer-
2170 1361 2183 1403 ι
2219 1387 2324 1423 nec
2341 1370 3322 1424 similitudineminsubstantiacum
3340 1365 3575 1418 iacturis
3598 1365 3709 1431 [At
3732 1365 3833 1415 fac-

522 1452 715 1502 mento
745 1464 909 1515 posse
942 1450 1311 1505 l’coalescere.
1339 1454 1602 1507 Similiter
1634 1457 1692 1507 et
1716 1467 1850 1506 cum
1882 1455 2117 1506 dicitur:
2219 1462 2312 1527 iis]
2356 1462 2475 1513 suis
2507 1462 2714 1514 habere
2748 1466 2937 1525 potest.
2959 1460 3071 1523 ille,
3096 1458 3195 1523 qui
3218 1458 3394 1509 factor
3415 1458 3507 1508 est
3530 1454 3826 1507 omnium.

523 1538 710 1589 Simile
727 1544 797 1589 est
822 1555 1049 1605 regnum
1066 1542 1315 1592 caelorum
1360 1544 1461 1593 reti
1486 1544 1646 1593 misso
1676 1544 1738 1593 ίη
1776 1559 1944 1605 mare,
1976 1538 2122 1609 ᾴιιοά
2222 1553 2328 1603 Hic
2351 1557 2441 1604 est
2464 1564 2597 1615 ergo
2621 1551 2880 1602 Christus
2902 1551 2933 1601 J
2939 1562 3077 1601 esus
3100 1548 3254 1599 filius
3271 1547 3479 1598 unicus
3494 1544 3732 1609 Dei,qui
3749 1548 3831 1596 est

521 1642 589 1678 eae
612 1630 766 1678 omni
787 1645 973 1694 genere
991 1631 1228 1696 piscium
1250 1631 1513 1683 abstrahit
1546 1632 1653 1699 [Αι.
1698 1634 1953 1699 attrahit]
1984 1634 2119 1684 Ibid.
2223 1646 2281 1694 et,
2304 1642 2581 1693 Dominus
2604 1643 2818 1692 noster.
2843 1638 3057 1691 Unicus
3078 1642 3138 1690 et
3159 1636 3233 1689 ad
3254 1635 3439 1687 ﬁlium
3465 1633 3665 1686 referri
3689 1638 3751 1685 et
3763 1632 3831 1683 ad

524 1715 652 1780 33.).
676 1719 747 1769 Et
758 1718 820 1770 in
838 1718 1219 1784 hocnunquid
1241 1722 1564 1786 putandum
1587 1728 1694 1787 est,
1712 1723 1865 1787 quod
1890 1727 2123 1776 natura

2229 1730 2534 1784 Dominum
2549 1730 2753 1795 potest.
2778 1728 2993 1781 Unicus
3012 1731 3132 1779 est!
3156 1726 3309 1778 enim
3331 1730 3389 1778 et
3415 1723 3768 1785 vereFilius,
3779 1727 3832 1775 et

523 1805 639 1867 lini,
658 1819 773 1870 quo
796 1809 912 1860 rete
937 1816 955 1837 ο
973 1821 1292 1875 operemur,
1315 1822 1381 1862 ac
1402 1810 1577 1864 nodis
1623 1813 1838 1876 quibus
1876 1812 2121 1866 maculae
2144 1792 2201 1869 Β
2227 1834 2379 1874 unus
2425 1792 2704 1872 Dominus
2738 1820 2908 1871 Jesus
2936 1817 3211 1870 Christus.
3238 1815 3439 1868 Castori
3460 1813 3682 1879 quippe
3707 1813 3831 1871 filii,

3596 626 3873 644 ’,μ’-’-

524 1900 852 1960 nectuntur,
864 1897 1025 1962 regni
1035 1898 1307 1952 caelorum
1319 1900 1643 1953 substantia
1659 1914 1758 1966 per
1777 1902 1970 1954 omnia
1985 1914 2123 1955 con-

524 1984 732 2035 feratur
757 1988 781 2033 ?
804 1985 909 2039 Sed
934 1985 1008 2039 ad
1030 1987 1139 2039 hoc
1167 1988 1352 2041 solum
1373 1989 1865 2043 videturassumta
1892 2003 2121 2057 compa-

526 2073 687 2132 ratio,
723 2077 787 2126 ut
815 2074 1227 2141 ostenderetur,
1253 2078 1389 2142 quia
1416 2080 1567 2131 sicut
1588 2085 1707 2132 rete
1735 2079 1807 2132 de
1835 2079 2122 2145 profundo

524 2162 698 2213 maris
718 2162 906 2227 pisces
917 2164 1150 2218 adducit
1163 2166 1236 2218 ad
1247 2166 1408 2220 littus
1425 2182 1436 2218 :
1449 2168 1528 2220 ita
1543 2169 1613 2221 de
1631 2168 1913 2234 profundo
1929 2170 2123 2222 saeculi

525 2250 702 2315 hujus
724 2265 913 2306 errore
931 2254 1203 2309 humanm
1225 2257 1436 2311 animm
1454 2259 1613 2323 regni
1629 2258 1904 2311 cmlorum
1920 2260 2123 2325 praedi-

525 2340 743 2394 catione
764 2342 1095 2401 liberantur.
1109 2348 1193 2398 Ex
1212 2347 1422 2410 quibus
1450 2352 1694 2412 constat,
1720 2349 1982 2414 exempla
2000 2359 2125 2403 non

523 2428 581 2481 in
597 2430 869 2483 omnibus
887 2432 999 2495 his,
1020 2446 1267 2497 quorum
1292 2436 1552 2501 exempla
1565 2442 1717 2499 sunt,
1735 2451 1861 2490 esse
1882 2438 2120 2491 similia:

521 2516 730 2582 alioqui
743 2520 791 2570 si
803 2520 1003 2573 eadem
1027 2526 1223 2575 essent
1246 2526 1456 2585 omnia,
1475 2526 1595 2589 jam
1618 2539 1736 2578 non
1752 2527 2014 2591 exempla
2038 2527 2124 2578 di-

522 2611 802 2671 cerentur,
829 2609 929 2660 sed
951 2610 1095 2675 ipsa
1110 2612 1302 2676 potius
1326 2627 1435 2677 res,
1463 2615 1532 2666 de
1567 2615 1779 2679 quibus
1816 2616 2022 2681 agitur,
2047 2615 2126 2668 vi-

524 2695 812 2748 derentur.
825 2699 1044 2752 Deinde
1056 2701 1229 2753 etiam
1240 2702 1376 2753 illud
1389 2704 1698 2755 dicendum
1711 2706 1816 2769 est,
1828 2705 1983 2769 quod
2000 2704 2123 2757 nul-

522 2783 579 2836 la
606 2790 865 2839 creatura
878 2787 1007 2840 talis
1036 2802 1164 2842 esse
1198 2794 1403 2855 potest,
1431 2792 1616 2856 qualis
1643 2796 1861 2845 creator
1884 2794 2041 2857 ejus:
2069 2797 2128 2846 et

523 2872 652 2925 ideo
676 2875 826 2929 sicut
846 2877 972 2929 sine
996 2880 1250 2945 exemplo
1267 2885 1356 2933 est
1376 2881 1574 2934 divina
1596 2882 1937 2946 substantia,
1960 2882 2041 2933 ita
2069 2886 2127 2935 et

520 2990 863 3056 jampridem
885 2994 1197 3049 declaravit
1232 2998 1286 3051 S.
1312 2998 1656 3063 Alexander,
1683 2999 1781 3063 qui
1806 2999 2005 3050 Arium
2022 2999 2126 3064 pri-

522 3075 654 3143 mus
666 3066 1030 3143 anathemate
1054 3069 1311 3143 perculit.
1331 3073 1475 3123 Eum
1490 3071 1701 3124 videsis
1712 3071 1866 3137 apud
1878 3072 2130 3124 Theodo-

523 3138 697 3185 ritum
720 3138 867 3188 Hist.
894 3139 1106 3191 Eccles.
1138 3141 1237 3192 lib.
1270 3154 1350 3193 1v.

584 3229 609 3257 ι
632 3208 796 3279 ῌααᾱ
831 3216 981 3262 recte
1005 3216 1126 3263 erat
1159 3213 1387 3265 duobus
1413 3213 1605 3265 verbis
1634 3214 1786 3264 Num
1822 3214 2119 3279 quidnam:

524 3276 597 3357 al.
620 3277 927 3357 Numquid.
959 3283 1173 3357 Deinde
1195 3286 1270 3334 sic
1300 3284 1581 3349 voculam,
1609 3298 1739 3349 qua:
1775 3276 1984 3348 deerat,
2015 3284 2127 3336 suf-

529 3345 788 3430 ieCimus.
811 3353 939 3402 Mox
966 3354 1041 3402 ita
1055 3356 1389 3430 adverbium
1407 3345 1748 3408 Oxoniensis
1760 3358 1940 3408 editor
1961 3345 2124 3407 tacet.

529 3420 784 3483 Denique
813 3431 1072 3489 corrupta
1099 3426 1363 3491 legimus,
1390 3442 1488 3493 pro
1513 3434 1846 3493 corruptata.
1872 3429 2010 3489 Quae
2037 3440 2128 3478 se-

527 3495 784 3562 quuntur
807 3493 965 3545 effert
989 3496 1254 3548 Baluzius
1272 3500 1380 3549 sub
1417 3498 1803 3562 interrogandi
1843 3501 1994 3562 nota,
2038 3499 2127 3547 An

530 3561 711 3611 adhoc
731 3563 904 3613 solum
931 3568 1237 3632 exemptum
1266 3569 1406 3618 istud
1432 3561 1652 3619 videtur
1670 3561 1991 3631 assumtum,
2017 3574 2124 3622 etc.

532 3635 941 3716 cutmqliloreli‘o,
968 3639 1286 3716 Remboldo
1312 3646 1485 3705 atque
1509 3644 1760 3693 Erasmo.

596 3704 618 3733 δ
642 3706 842 3758 Editor
864 3709 1209 3764 Oxoniensis
1237 3704 1452 3777 recens,
1492 3728 1809 3776 coaceseere;
1835 3726 1976 3766 mox
1998 3713 2125 3775 cod,

530 3776 926 3844 Saugerman.,
952 3784 1097 3831 retia:
1118 3784 1306 3834 missae.

596 3857 614 3876 ε
647 3850 838 3901 Minus
875 3852 1077 3917 placet,
1116 3856 1270 3919 quod
1306 3854 1399 3907 alii
1422 3865 1623 3907 omnes
1650 3855 1859 3908 habent
1881 3860 2122 3921 aptatur,

536 3930 635 3991 pro
658 3935 975 3985 operamur:
1006 3926 1151 3978 male
1171 3932 1365 3979 autem
1381 3928 1614 3978 omnino
1631 3932 1739 3990 est,
1766 3927 1919 3991 quod
1936 3942 2123 3976 nassuo

537 3989 613 4049 tae,
655 4004 794 4043 mox
836 3995 1052 4048 habent
1089 4009 1194 4062 pro
1232 3999 1472 4049 maculae.
1522 4000 1677 4050 Betis
1727 3989 1969 4051 macula:
2011 3999 2126 4051 illm

531 4066 688 4142 sunt,
706 4076 869 4142 quas
892 4068 1086 4142 italice
1114 4070 1307 4142 maglie
1332 4082 1605 4121 vocamus
1661 4070 1818 4121 Dixit
1841 4074 1898 4122 et
1932 4070 2125 4121 Cicero

529 4133 812 4211 reticulum
825 4138 1053 4211 minutis
1065 4141 1305 4189 maculis.
1320 4144 1386 4192 In
1399 4143 1777 4203 sequentibus
1788 4142 2000 4193 iterum
2014 4154 2041 4192 S
2051 4142 2125 4191 ub

531 4207 912 4270 interrogandi
938 4215 1073 4261 nota
1094 4212 1378 4274 Baluzius,
1398 4212 1485 4261 An
1505 4212 1578 4261 ad
1600 4213 1697 4262 hoc
1718 4214 1909 4276 solum,
1934 4216 2036 4264 etc.
2059 4215 2127 4265 Et

532 4286 670 4358 {nos
684 4290 815 4328 cum
833 4280 1311 4358 Sangermanensi
1332 4283 1551 4358 codicet
1566 4284 1756 4346 educit,
1770 4297 1871 4349 pro
1882 4285 2121 4349 adducit,

536 4347 777 4419 Leviora
797 4349 905 4402 alia
929 4354 1198 4414 quaedam
1221 4355 1597 4419 praeterimus.

598 4417 621 4447 ¹¹
652 4421 739 4472 Ita
758 4425 1098 4476 vetustiores
1120 4417 1332 4478 habent
1355 4426 1813 4490 Hieronymianm
1826 4427 2120 4479 editiones.

535 4489 821 4544 Pamelius
856 4508 989 4547 cum
1022 4497 1148 4549 aliis
1186 4498 1378 4547 divina
1407 4489 1675 4562 majestas,
1700 4499 1966 4551 Baluzius
1991 4512 2122 4550 cum

536 4562 906 4641 Saugerman.
927 4568 1148 4641 codicet
1167 4574 1224 4622 et
1240 4575 1433 4622 vetere
1449 4570 1582 4621 edit.
1603 4571 1908 4622 Oxoniensi
1934 4572 2126 4620 divina

533 4636 792 4754 ἓὶιέῗὲιαε
822 4640 1132 4704 rescripsit,
1170 4644 1221 4692 et
1254 4643 1398 4692 Tune
1421 4654 1522 4706 pro
1570 4642 1704 4691 Tum
1736 4643 1890 4706 quod
1926 4645 2126 4695 subse-

707 4719 747 4754 r.

536 4714 747 4767 quitur.

598 4783 617 4804 ⁶
641 4776 921 4849 Baluzius,
970 4782 1092 4833 sive
1128 4784 1228 4847 qui
1258 4787 1383 4844 ejus
1411 4784 1799 4849 Cyprianicam
1822 4784 2125 4837 editionem

534 4847 851 4920 Monachus
909 4852 1312 4907 Benedictinus
1362 4847 1641 4920 vulgavit,
1690 4872 1788 4905 cur
1840 4857 2124 4920 voculam,

534 4916 694 4969 nullo
732 4921 1080 4987 suffragante
1099 4926 1201 4977 Ms.
1233 4930 1336 4978 aut
1364 4916 1513 4978 edito
1539 4916 1700 4990 libro,
1730 4929 2028 4991 expunxit,
2053 4916 2125 4979 ad

534 4995 789 5078 eoqueet
800 4999 1000 5078 notam
1020 4997 1404 5078 interrogandi
1421 4999 1672 5078 sustulit,
1697 5011 1871 5063 quam
1891 5000 2125 5078 quidem

531 5069 591 5135 in
630 5069 1107 5127 sangermanensi
1147 5072 1251 5122 Ms.
1296 5069 1495 5122 haberi
1534 5070 1614 5121 ait
1666 5084 1853 5135 neque
1889 5072 1947 5123 in
1990 5071 2120 5123 edit.

532 5133 832 5187 Remboldi
861 5142 1031 5202 atque
1067 5142 1305 5194 Erasmi.
1344 5145 1561 5205 Nempe
1598 5156 1731 5195 cum
1761 5133 2125 5207 subsequens

532 5209 840 5287 contextus
892 5210 1078 5287 ferret,
1124 5213 1581 5287 insubstanlivum
1606 5230 1745 5265 exse
1790 5214 2127 5279 splendorem

528 5283 891 5357 pro/errenon
907 5283 1100 5357 potuil,
1125 5284 1317 5357 visum
1332 5284 1441 5337 hoc
1462 5290 1552 5336 est
1570 5285 1700 5337 ﬁdei
1717 5290 1775 5337 et
1792 5285 1979 5357 Rufini
1992 5297 2129 5357 sen-

533 5349 730 5426 tentia:
760 5354 1126 5426 contrarium.
1152 5355 1269 5407 Hoc
1293 5357 1464 5415 enim,
1490 5358 1584 5418 ait,
1612 5358 1670 5409 in
1702 5357 1824 5408 loco
1852 5356 2129 5408 refellitur

529 5417 922 5491 insubstantiva
941 5426 1210 5484 generatio
1234 5440 1339 5478 nec
1360 5427 1674 5491 quidquam
1691 5426 1845 5478 aliud
1871 5427 2129 5490 disputat

530 5487 791 5561 39311118,
826 5493 937 5544 lliSi
976 5495 1146 5547 lilium
1178 5511 1303 5549 esse
1338 5487 1729 5547 substantivum
1765 5487 2123 5561 splendorem,

526 5559 915 5613 substantivum
940 5566 1605 5630 Vcrbum,subslantialiter
1615 5559 1944 5633 generatum,
1960 5568 2128 5633 longe

2152 4531 2203 4604 Ι)

2217 1911 2350 1962 licet
2364 1909 2463 1961 filii
2488 1906 3100 1972 dicantur,adoptionis
3120 1909 3316 1957 tamen
3327 1904 3512 1969 gratia
3524 1902 3826 1961 dicuntur,

2218 2011 2337 2052 non
2360 1998 2598 2052 veritate
2620 1999 2862 2050 natum.
2882 1998 2951 2048 Et
2973 1995 3023 2047 si
3034 1994 3305 2046 dicuntur
3326 1991 3830 2055 aliiDomini,con-

2220 2100 2384 2141 cessa
2417 2091 2612 2140 tamen
2641 2099 2763 2139 non
2792 2085 3047 2151 ingenita
3077 2087 3363 2149 potestate
3395 2082 3690 2134 dicuntur.
3717 2081 3833 2131 Hic

2220 2190 2355 2231 vero
2376 2177 2532 2229 solus
2555 2181 2644 2229 est
2664 2176 2873 2227 unicus
2897 2174 3094 2236 Filius,
3119 2178 3179 2226 et
3200 2172 3359 2225 solus
3383 2171 3598 2224 unicus
3624 2169 3826 2222 Domi-

2217 2278 2329 2319 nus
2353 2281 2366 2317 :
2394 2266 2540 2318 sicut
2562 2271 2620 2318 et
2643 2265 2953 2330 Apostolus
2975 2264 3055 2316 ait
3077 2278 3090 2313 :
3110 2262 3131 2293 ¹¹
3148 2263 3214 2312 Et
3233 2276 3373 2311 unus
3385 2260 3824 2311 DominusJesus

2223 2357 2484 2416 Christus,
2503 2371 2596 2417 per
2626 2369 2782 2419 quem
2802 2354 2992 2404 omnia
3016 2353 3228 2417 (Ephcs.
3254 2351 3305 2405 4.
3331 2349 3422 2413 6.).
3440 2350 3573 2402 Ideo
3590 2349 3820 2415 [Al.Igi.

2223 2446 2332 2509 tur]
2351 2448 2726 2511 posteaquam
2750 2444 3075 2509 propositus
3099 2441 3236 2494 ordo
3260 2440 3391 2492 fidei
3414 2438 3703 2492 ineffabile
3732 2452 3827 2489 sa-

2220 2540 2578 2587 cramentum
2602 2533 2723 2584 Filii
2746 2532 2816 2584 de
2841 2535 3003 2583 Patre
3024 2530 3342 2583 nativitatis
3354 2528 3644 2594 exposuit,
3668 2540 3825 2579 nunc

2221 2625 2294 2676 ad
2305 2625 2579 2676 humanm
2592 2623 2792 2674 salutis
2806 2621 3192 2685 dignationem
3208 2618 3816 2683 dispensationemque

2223 2713 2517 2765 descendit
2541 2726 2553 2761 :
2587 2717 2643 2764 et
2665 2712 2821 2763 hunc
2833 2724 3004 2775 quem
3022 2721 3195 2774 supra
3205 2708 3348 2760 dixit
3363 2707 3600 2759 unicum
3610 2706 3820 2758 Filium

2221 2802 2343 2865 Dei,
2370 2806 2428 2854 et
2452 2803 2760 2853 Dominum
2779 2805 3041 2852 nostrum
3064 2812 3220 2850 nunc
3244 2797 3404 2849 dicit.

2285 2888 2451 2951 9.QUl
2465 2900 2661 2941 unus
2679 2901 2789 2942 EST
2806 2902 2882 2941 ne
2897 2899 3134 2941 SPIRITU
3149 2897 3379 2941 saucro
3396 2882 3445 2953 7
3458 2883 3509 2953 2
3527 2885 3826 2937 BXMABIA

2225 3006 2386 3057 aliter
2414 3020 2480 3057 ac
2503 3007 2564 3057 in
2586 3006 3019 3070 exemplisque:
3036 3017 3106 3055 ex
3122 3004 3292 3055 rebus
3304 3002 3517 3055 creatis
3529 3003 3824 3066 petuntur.

2230 3078 2463 3129 Sublata
2512 3078 2685 3142 igitur
2728 3093 2825 3127 cur
2875 3076 3106 3132 vocula.
3153 3080 3325 3138 atque
3359 3074 3823 3136 interrogatione,

2149 3162 2202 3236 ρ
2229 3148 3032 3236 ςεῖιιὲιψυφηεξιὲῖξθξφξηιί
3051 3145 3823 3236 saevaesaevaeres;

2227 3220 2303 3272 At
2339 3234 2526 3284 neque
2561 3221 2640 3271 ibi
2669 3219 2947 3272 mendum
2977 3220 3165 3277 cubat,
3200 3230 3389 3281 neque
3422 3217 3519 3268 illa
3556 3216 3823 3267 Auctoris

2228 3304 2390 3343 mens
2414 3298 2520 3344 est.
2564 3293 2897 3354 Praestabat,
2924 3290 3079 3354 quod
3104 3289 3311 3341 deinde
3338 3288 3607 3341 laudatus
3631 3288 3826 3338 Editor

2229 3364 2572 3427 suspicatur,
2598 3363 2986 3411 substantivum
3016 3364 3219 3425 legere,
3245 3372 3340 3421 pro
3366 3358 3825 3408 insubstantivum

2228 3435 2443 3487 scilicet
2458 3450 2524 3484 ex
2543 3450 2594 3483 se
2609 3435 2961 3499 splendorem,
2981 3438 3088 3485 etc.
3116 3435 3403 3496 expuncta
3423 3431 3824 3483 tantummodo

2226 3504 2289 3555 in
2307 3506 2526 3569 vocula,
2545 3519 2719 3569 quam
2729 3505 3108 3571 praecedentis
3128 3504 3285 3557 verbi
3303 3503 3565 3567 ejusdem
3583 3514 3822 3553 recursu

2226 3579 2492 3642 deceptos
2529 3577 2789 3629 librarios
2834 3576 3144 3640 addidisse,
3192 3575 3518 3641 perspicum
3551 3578 3655 3626 est.
3701 3574 3814 3626 Nos

2225 3650 2305 3703 ita
2328 3650 2515 3701 locum
2540 3649 2922 3700 restituimus.

2290 3720 2305 3750 ί
2338 3721 2531 3773 Editor
2547 3720 2886 3773 Oxoniensis
2910 3734 2966 3769 eo
2989 3718 3160 3769 solum
3196 3722 3285 3777 est,
3311 3721 3437 3770 tum
3474 3717 3533 3769 et
3550 3716 3819 3768 Baluzius

2227 3794 2323 3857 qui
2364 3799 2526 3842 natus
2566 3793 2651 3841 sit.
2685 3792 2957 3854 Intellige,
3005 3795 3072 3843 ut
3107 3790 3344 3842 inferius
3380 3802 3441 3841 se
3472 3790 3691 3841 Auctor
3722 3802 3820 3839 ex-

2225 3865 2414 3930 plicat,
2439 3866 2503 3914 de
2522 3865 2679 3915 Patre
2702 3864 3054 3913 nativitatem.
3082 3864 3167 3914 Ex
3192 3861 3396 3913 iisdem
3423 3860 3589 3912 tertio
3614 3860 3690 3912 ab
3714 3860 3817 3911 hoc

2227 3949 2398 3989 versu
2418 3947 2630 3987 nomen
2652 3936 2818 3999 ﬁlius,
2844 3934 2996 3998 quod
3027 3934 3221 3985 deerat
3245 3932 3599 3984 sufl‘ecimus.

2289 4017 2306 4045 ⁸
2335 4007 2526 4069 Iidem,
2558 4006 2708 4056 Unus
2736 4012 2805 4055 est
2828 4005 2994 4068 ﬁlius,
3021 4020 3136 4053 vere
3162 4004 3337 4067 filius:
3371 4004 3585 4067 quibus
3609 4015 3744 4054 cum
3767 4006 3821 4053 et

2224 4090 2331 4129 nos
2379 4078 2622 4129 alterum
2658 4092 2791 4138 vere,
2829 4076 2983 4140 quod
3023 4075 3412 4138 subsequitur,
3458 4074 3813 4138 supplemus.

2223 4149 2491 4200 Vicissim
2508 4149 2585 4199 illi
2603 4147 2755 4212 quod
2775 4148 2955 4211 primo
2972 4146 3217 4198 occurrit
3232 4146 3335 4209 ﬁlii
3354 4150 3563 4206 tacent,
3584 4148 3646 4196 et
3666 4142 3816 4208 quod

2221 4221 2361 4273 item
2373 4222 2554 4285 primo
2566 4219 2809 4271 occurrit
2824 4225 2999 4268 tamen
3018 4219 3078 4269 in
3090 4224 3301 4267 tantum
3318 4220 3562 4275 mutant,
3580 4216 3820 4267 alterum

2222 4294 2474 4343 reticent.
2519 4292 2687 4342 Porro
2721 4296 2916 4342 autem
2948 4291 3072 4341 haec
3104 4290 3275 4340 etiam
3302 4288 3579 4352 accipisse
3611 4288 3688 4338 ab
3718 4290 3819 4351 Cy-

2223 4363 2345 4414 rillo
2371 4374 2496 4414 suo.
2521 4361 3269 4425 Jerosolymitanoinquam,
3294 4359 3538 4410 Rufinus
3564 4358 3811 4419 videtur,

2224 4435 2336 4488 Υἱὸν
2362 4434 2415 4486 δὲ
2445 4426 2639 4486 ἆκοὺων
2673 4433 2774 4497 (ait
2796 4434 2887 4484 ille
2912 4431 3137 4484 Calech.
3169 4430 3294 4505 ΧΙ.)
3333 4428 3637 4505 μὴῗνομξσῃς
3668 4432 3818 4505 θετὸγ,

2227 4509 2351 4558 ἀλλὰ
2391 4507 2592 4571 φυσικὸν
2630 4506 2755 4567 υἱὸν,
2802 4505 2906 4555 υἱὸν
2954 4507 3210 4569 μονογενῆ,
3260 4498 3466 4571 ἆδελφρν
3520 4498 3694 4571 ἑτέρον-
3731 4498 3818 4552 οὗι

2227 4568 2421 4644 ἔχοντὼ
2480 4578 2556 4626 διὰ
2596 4584 2747 4644 κτοῦτο
2800 4577 2891 4640 γὰρ
2934 4568 3151 4644 ualet-rat
3201 4568 3482 4638 μονογενὴς,
3528 4570 3635 4644 ὅτι⁸
3658 4568 3722 4628 εἷς
3766 4574 3818 4622 τὸ

2224 4639 2306 4711 τῆς
2335 4648 2554 4709 Θεότητος
2586 4643 2773 4711 ἀξίωμα
2805 4639 2891 4698 ita!
2921 4641 3007 4707 τὴν
3040 4640 3096 4695 ἐκ
3128 4647 3317 4710 Ila-cpe;
3354 4646 3578 4709 γέννησιν
3614 4639 3820 4708 ἀδελφὸν

2224 4715 2313 4772 οὐκ
2342 4722 2462 4787 ἔχει,
2483 4739 2530 4771 κ.
2562 4738 2606 4770 τ.
2631 4723 2677 4770 λ.
2709 4718 2909 4767 Filium
2928 4731 3051 4766 cum
3072 4717 3250 4774 audis,
3269 4730 3334 4764 ne
3348 4715 3667 4778 adoptivum
3690 4716 3822 4764 aris-

2226 4784 2401 4854 times,
2431 4790 2522 4839 sed
2545 4788 2851 4838 naturalem
2876 4788 3074 4851 ﬁlium,
3111 4786 3295 4849 filium
3328 4785 3694 4847 unigenitum,
3720 4784 3814 4847 qui

2222 4861 2453 4924 fratrem
2478 4860 2651 4910 alium
2675 4874 2786 4908 non
2817 4858 2986 4910 habet.
3012 4858 3299 4921 Propterea
3327 4856 3474 4905 enim
3497 4855 3816 4919 unigenitus

2222 4932 2394 4991 audit,
2421 4932 2556 4995 quia
2578 4932 2683 4979 sive
2702 4928 3021 4992 dignitatem
3045 4927 3349 4977 divinitatis
3366 4931 3555 4990 spectes
3571 4926 3683 4975 sive
3705 4926 3818 4988 ejus

2222 5016 2291 5054 ea:
2335 5004 2493 5052 Patre
2525 5002 2877 5063 nativitatem,
2911 5001 3162 5064 fratrem,
3194 5000 3299 5047 sive
3335 4997 3568 5046 similem
3599 4996 3817 5045 nullum

2223 5072 2390 5125 habet.
2418 5075 2487 5124 Et
2524 5085 2757 5123 sursum
2780 5083 2941 5123 num.
2967 5071 3062 5122 IV.
3099 5069 3235 5120 Cum
3263 5069 3463 5119 Filium
3489 5067 3599 5116 dici
3632 5068 3812 5127 audis,

2223 5160 2335 5194 non
2363 5144 2656 5208 improprie
2670 5148 2717 5191 et
2730 5141 3027 5192 catachresi
3041 5140 3286 5197 quadam
3300 5141 3379 5189 ita
3399 5138 3667 5203 appellari
3684 5139 3823 5187 exis-

2224 5217 2391 5277 times,
2420 5218 2506 5264 sed
2528 5229 2715 5264 verum
2740 5228 2844 5265 esse
2866 5214 3064 5279 ﬁlium,
3085 5212 3264 5277 ﬁlium
3288 5211 3602 5262 naturalem
3649 5210 3817 5260 intel-

2225 5287 2341 5349 lige,
2378 5288 2485 5338 etc.

2284 5357 2307 5387 δ
2332 5358 2678 5420 Prseponunt
2691 5354 2863 5406 iidem
2880 5366 2952 5406 ex
2971 5355 3243 5418 Apostolo
3268 5352 3459 5415 verba,
3485 5350 3635 5401 Unus
3652 5351 3810 5400 Pater

2224 5429 2377 5485 Deus,
2397 5433 2503 5479 etc.
2520 5428 2645 5477 Mox
2663 5430 2721 5477 et
2736 5425 3063 5477 eorumdem
3080 5437 3369 5476 consensu
3384 5428 3443 5475 et
3458 5435 3565 5475 nos
3583 5423 3645 5471 de
3655 5420 3811 5471 Patre

2223 5500 2540 5561 nativitatis,
2586 5498 2943 5550 restituimus
2975 5509 3077 5561 pro
3109 5509 3223 5562 quo
3258 5499 3376 5548 erat
3425 5495 3487 5545 de
3532 5495 3810 5545 nativitate

2223 5571 2422 5620 Patris.

593 5661 744 5730 *ΑΗὶο
782 5666 835 5712 in
869 5668 1091 5730 editione,
1121 5671 1427 5718 Vallarsiana
1461 5684 1612 5730 quam
1646 5669 1949 5730 recudimus,
1983 5671 2147 5729 gravis
2177 5684 2313 5717 error
2337 5669 2728 5729 typographicus
2754 5670 2809 5716 in
2835 5667 3078 5717 numeris
3108 5668 3340 5715 foliorum
3365 5665 3599 5726 irrepsit:
3627 5667 3803 5713 omissa

530 5728 649 5795 ςιιπξι
684 5740 861 5787 nempe
890 5731 1011 5787 folia
1046 5729 1131 5792 65,
1163 5731 1250 5795 66,
1276 5730 1360 5792 67,
1388 5728 1567 5794 68ί69
1592 5738 1639 5779 et
1665 5729 1750 5791 70,
1785 5745 1899 5779 cum
1942 5728 2104 5780 tamen
2153 5734 2207 5780 in
2246 5728 2410 5780 indice
2447 5732 2614 5779 Rufini
2640 5733 2882 5791 Operibus
2906 5733 3129 5791 subjecto
3150 5731 3210 5778 ad
3235 5730 3550 5795 supradictos
3583 5740 3813 5795 numeros

530 5784 680 5858 lector
702 5784 836 5858 saepe
855 5784 1131 5858 revocetur:
1148 5784 1250 5858 Nos
1267 5784 1329 5843 ne
1350 5784 1647 5856 paginarum
1669 5784 1792 5842 ordo
1813 5796 2198 5858 subverteretur,
2214 5796 2438 5843 eamdem
2461 5784 2695 5842 lacunam
2705 5794 2933 5841 consulto
2953 5784 3229 5855 servantes,
3247 5784 3547 5858 supradicti}
3568 5792 3815 5850 numeris,

529 5848 723 5908 quoties
745 5848 798 5900 in
823 5854 990 5902 indice
1015 5857 1251 5916 appellati
1275 5848 1517 5917 suritfeos
1538 5858 1890 5907 substituimus
1911 5858 2001 5918 qui
2023 5848 2227 5907 illorum
2252 5860 2306 5906 in
2336 5863 2468 5906 textu
2495 5858 2658 5905 locum
2683 5861 2944 5917 occupant.

3511 5854 3650 5901 Enn.
