  <div class='ocr_page' id='page_1' title='image "/cluster/home/n/w/nwhite01/storage/ocr_20150623/21/umn.319510024773153/178.png"; bbox 0 0 3898 6394; ppageno 0'>
   <div class='ocr_carea' id='block_1_1' title="bbox 84 369 207 426">
    <p class='ocr_par' dir='ltr' id='par_1_1' title="bbox 84 369 207 426">
     <span class='ocr_line' id='line_1_1' title="bbox 84 369 207 426; baseline 0 0"><span class='ocrx_word' id='word_1_1' title='bbox 84 369 207 426; x_wconf 81' lang='grc'><strong>349</strong></span> 
     </span>
    </p>
   </div>
   <div class='ocr_carea' id='block_1_2' title="bbox 1080 368 2459 426">
    <p class='ocr_par' dir='ltr' id='par_1_2' title="bbox 1080 368 2459 426">
     <span class='ocr_line' id='line_1_2' title="bbox 1080 368 2459 426; baseline -0.001 -1"><span class='ocrx_word' id='word_1_2' title='bbox 1080 368 1640 426; x_wconf 81' lang='lat' dir='ltr'><strong>COMMENTARIUS</strong></span> <span class='ocrx_word' id='word_1_3' title='bbox 1671 368 1745 419; x_wconf 89' lang='lat' dir='ltr'><strong>IN</strong></span> <span class='ocrx_word' id='word_1_4' title='bbox 1781 368 2083 423; x_wconf 85' lang='lat' dir='ltr'><strong>SYMBOL.</strong></span> <span class='ocrx_word' id='word_1_5' title='bbox 2119 370 2459 424; x_wconf 89' lang='lat' dir='ltr'><strong>APOSTOL.</strong></span> 
     </span>
    </p>
   </div>
   <div class='ocr_carea' id='block_1_3' title="bbox 3311 372 3416 433">
    <p class='ocr_par' dir='ltr' id='par_1_3' title="bbox 3311 372 3416 433">
     <span class='ocr_line' id='line_1_3' title="bbox 3311 372 3416 433; baseline 0.019 -3"><span class='ocrx_word' id='word_1_6' title='bbox 3311 372 3416 433; x_wconf 82' lang='lat'><strong>350</strong></span> 
     </span>
    </p>
   </div>
   <div class='ocr_carea' id='block_1_4' title="bbox 86 481 3413 558">
    <p class='ocr_par' dir='ltr' id='par_1_4' title="bbox 86 481 3413 558">
     <span class='ocr_line' id='line_1_4' title="bbox 86 481 3413 558; baseline 0.001 -23"><span class='ocrx_word' id='word_1_7' title='bbox 86 485 1101 551; x_wconf 66' lang='lat' dir='ltr'><strong>mame.Hmcjaminterhomines</strong></span> <span class='ocrx_word' id='word_1_8' title='bbox 1115 484 1562 554; x_wconf 73' lang='lat' dir='ltr'><strong>dispensationis</strong></span> <span class='ocrx_word' id='word_1_9' title='bbox 1574 486 1715 537; x_wconf 80' lang='lat' dir='ltr'><strong>nati—</strong></span> <span class='ocrx_word' id='word_1_10' title='bbox 1740 484 1797 558; x_wconf 79' lang='grc' dir='ltr'><strong>Α</strong></span> <span class='ocrx_word' id='word_1_11' title='bbox 1818 484 1886 534; x_wconf 92' lang='lat' dir='ltr'><strong>ut</strong></span> <span class='ocrx_word' id='word_1_12' title='bbox 1926 486 1984 534; x_wconf 90' lang='lat' dir='ltr'><strong>et</strong></span> <span class='ocrx_word' id='word_1_13' title='bbox 2028 487 2338 548; x_wconf 88' lang='lat' dir='ltr'><strong>conceptus</strong></span> <span class='ocrx_word' id='word_1_14' title='bbox 2374 481 2628 547; x_wconf 80' lang='lat' dir='ltr'><strong>Virginis</strong></span> <span class='ocrx_word' id='word_1_15' title='bbox 2666 482 3069 546; x_wconf 87' lang='lat' dir='ltr'><strong>sanetiﬂcetur,</strong></span> <span class='ocrx_word' id='word_1_16' title='bbox 3108 488 3168 539; x_wconf 92' lang='lat' dir='ltr'><strong>et</strong></span> <span class='ocrx_word' id='word_1_17' title='bbox 3197 487 3413 552; x_wconf 84' lang='lat' dir='ltr'><strong>partus.</strong></span> 
     </span>
    </p>
   </div>
   <div class='ocr_carea' id='block_1_5' title="bbox 82 574 1713 645">
    <p class='ocr_par' dir='ltr' id='par_1_5' title="bbox 82 574 1713 645">
     <span class='ocr_line' id='line_1_5' title="bbox 82 574 1713 645; baseline 0.004 -19"><span class='ocrx_word' id='word_1_18' title='bbox 82 574 259 627; x_wconf 84' lang='lat' dir='ltr'><strong>vitas</strong></span> <span class='ocrx_word' id='word_1_19' title='bbox 277 575 491 638; x_wconf 83' lang='lat' dir='ltr'><strong>est,illa</strong></span> <span class='ocrx_word' id='word_1_20' title='bbox 501 575 714 629; x_wconf 80' lang='lat' dir='ltr'><strong>divinae</strong></span> <span class='ocrx_word' id='word_1_21' title='bbox 726 577 1069 631; x_wconf 77' lang='lat' dir='ltr'><strong>substantiae</strong></span> <span class='ocrx_word' id='word_1_22' title='bbox 1081 595 1095 627; x_wconf 90' lang='lat'><em>:</em></span> <span class='ocrx_word' id='word_1_23' title='bbox 1108 579 1233 632; x_wconf 55' lang='lat' dir='ltr'><strong>hac</strong></span> <span class='ocrx_word' id='word_1_24' title='bbox 1250 579 1594 645; x_wconf 78' lang='lat' dir='ltr'><strong>dignationis</strong></span> <span class='ocrx_word' id='word_1_25' title='bbox 1607 587 1713 641; x_wconf 90' lang='lat' dir='ltr'><strong>est,</strong></span> 
     </span>
    </p>
   </div>
   <div class='ocr_carea' id='block_1_6' title="bbox 78 664 1718 735">
    <p class='ocr_par' dir='ltr' id='par_1_6' title="bbox 78 664 1718 735">
     <span class='ocr_line' id='line_1_6' title="bbox 78 664 1718 735; baseline 0.005 -20"><span class='ocrx_word' id='word_1_26' title='bbox 78 664 188 716; x_wconf 86' lang='lat' dir='ltr'><strong>illa</strong></span> <span class='ocrx_word' id='word_1_27' title='bbox 214 670 480 718; x_wconf 63' lang='lat' dir='ltr'><strong>naturae.</strong></span> <span class='ocrx_word' id='word_1_28' title='bbox 532 668 614 719; x_wconf 91' lang='lat' dir='ltr'><strong>De</strong></span> <span class='ocrx_word' id='word_1_29' title='bbox 639 667 849 732; x_wconf 81' lang='lat' dir='ltr'><strong>Spiritu</strong></span> <span class='ocrx_word' id='word_1_30' title='bbox 871 670 1078 721; x_wconf 89' lang='lat' dir='ltr'><strong>Sancto</strong></span> <span class='ocrx_word' id='word_1_31' title='bbox 1102 682 1177 722; x_wconf 84' lang='lat' dir='ltr'><strong>ex</strong></span> <span class='ocrx_word' id='word_1_32' title='bbox 1199 670 1432 735; x_wconf 78' lang='lat' dir='ltr'><strong>Virgine</strong></span> <span class='ocrx_word' id='word_1_33' title='bbox 1465 670 1718 723; x_wconf 89' lang='lat' dir='ltr'><strong>nascitur</strong></span> 
     </span>
    </p>
   </div>
   <div class='ocr_carea' id='block_1_7' title="bbox 77 755 1717 823">
    <p class='ocr_par' dir='ltr' id='par_1_7' title="bbox 77 755 1717 823">
     <span class='ocr_line' id='line_1_7' title="bbox 77 755 1717 823; baseline 0.004 -17"><span class='ocrx_word' id='word_1_34' title='bbox 77 759 145 806; x_wconf 88' lang='lat' dir='ltr'><strong>et</strong></span> <span class='ocrx_word' id='word_1_35' title='bbox 174 755 318 819; x_wconf 86' lang='lat' dir='ltr'><strong>jam</strong></span> <span class='ocrx_word' id='word_1_36' title='bbox 347 755 407 807; x_wconf 89' lang='lat' dir='ltr'><strong>in</strong></span> <span class='ocrx_word' id='word_1_37' title='bbox 437 755 549 808; x_wconf 90' lang='lat' dir='ltr'><strong>hoc</strong></span> <span class='ocrx_word' id='word_1_38' title='bbox 585 756 709 808; x_wconf 90' lang='lat' dir='ltr'><strong>loco</strong></span> <span class='ocrx_word' id='word_1_39' title='bbox 742 756 1013 809; x_wconf 77' lang='lat' dir='ltr'><strong>mundior</strong></span> <span class='ocrx_word' id='word_1_40' title='bbox 1043 758 1276 811; x_wconf 90' lang='lat' dir='ltr'><strong>auditus</strong></span> <span class='ocrx_word' id='word_1_41' title='bbox 1317 761 1624 823; x_wconf 77' lang='lat' dir='ltr'><strong>requiritur</strong></span> <span class='ocrx_word' id='word_1_42' title='bbox 1659 766 1717 813; x_wconf 88' lang='lat' dir='ltr'><strong>et</strong></span> 
     </span>
    </p>
   </div>
   <div class='ocr_carea' id='block_1_8' title="bbox 78 844 1714 912">
    <p class='ocr_par' dir='ltr' id='par_1_8' title="bbox 78 844 1714 912">
     <span class='ocr_line' id='line_1_8' title="bbox 78 844 1714 912; baseline 0.005 -18"><span class='ocrx_word' id='word_1_43' title='bbox 78 844 301 909; x_wconf 87' lang='lat' dir='ltr'><strong>purior</strong></span> <span class='ocrx_word' id='word_1_44' title='bbox 329 857 557 896; x_wconf 88' lang='lat' dir='ltr'><strong>sensus.</strong></span> <span class='ocrx_word' id='word_1_45' title='bbox 584 855 602 875; x_wconf 89' lang='grc'><strong>·</strong></span> <span class='ocrx_word' id='word_1_46' title='bbox 627 846 775 898; x_wconf 85' lang='lat' dir='ltr'><strong>Huic</strong></span> <span class='ocrx_word' id='word_1_47' title='bbox 799 847 971 911; x_wconf 89' lang='lat' dir='ltr'><strong>enim,</strong></span> <span class='ocrx_word' id='word_1_48' title='bbox 1003 860 1175 912; x_wconf 87' lang='lat' dir='ltr'><strong>quem</strong></span> <span class='ocrx_word' id='word_1_49' title='bbox 1207 849 1431 901; x_wconf 90' lang='lat' dir='ltr'><strong>dudum</strong></span> <span class='ocrx_word' id='word_1_50' title='bbox 1456 850 1527 903; x_wconf 89' lang='lat' dir='ltr'><strong>de</strong></span> <span class='ocrx_word' id='word_1_51' title='bbox 1553 852 1714 902; x_wconf 87' lang='lat' dir='ltr'><strong>Patre</strong></span> 
     </span>
    </p>
   </div>
   <div class='ocr_carea' id='block_1_9' title="bbox 80 934 1713 1004">
    <p class='ocr_par' dir='ltr' id='par_1_9' title="bbox 80 934 1713 1004">
     <span class='ocr_line' id='line_1_9' title="bbox 80 934 1713 1004; baseline 0.005 -19"><span class='ocrx_word' id='word_1_52' title='bbox 80 938 313 986; x_wconf 85' lang='lat' dir='ltr'><strong>natum</strong></span> <span class='ocrx_word' id='word_1_53' title='bbox 354 934 714 988; x_wconf 84' lang='lat' dir='ltr'><strong>ineil‘abiliter</strong></span> <span class='ocrx_word' id='word_1_54' title='bbox 748 936 1012 1000; x_wconf 76' lang='lat' dir='ltr'><strong>didicisti,</strong></span> <span class='ocrx_word' id='word_1_55' title='bbox 1039 951 1194 990; x_wconf 90' lang='lat' dir='ltr'><strong>nunc</strong></span> <span class='ocrx_word' id='word_1_56' title='bbox 1217 952 1251 991; x_wconf 89' lang='lat' dir='ltr'><strong>a</strong></span> <span class='ocrx_word' id='word_1_57' title='bbox 1276 940 1483 1004; x_wconf 84' lang='lat' dir='ltr'><strong>Spiritu</strong></span> <span class='ocrx_word' id='word_1_58' title='bbox 1508 942 1713 993; x_wconf 77' lang='lat' dir='ltr'><strong>Sancto</strong></span> 
     </span>
    </p>
   </div>
   <div class='ocr_carea' id='block_1_10' title="bbox 77 1024 1712 1093">
    <p class='ocr_par' dir='ltr' id='par_1_10' title="bbox 77 1024 1712 1093">
     <span class='ocr_line' id='line_1_10' title="bbox 77 1024 1712 1093; baseline 0.004 -18"><span class='ocrx_word' id='word_1_59' title='bbox 77 1024 387 1088; x_wconf 83' lang='lat' dir='ltr'><strong>templum</strong></span> <span class='ocrx_word' id='word_1_60' title='bbox 400 1024 743 1077; x_wconf 89' lang='lat' dir='ltr'><strong>fabricatum</strong></span> <span class='ocrx_word' id='word_1_61' title='bbox 756 1025 905 1077; x_wconf 86' lang='lat' dir='ltr'><strong>intra</strong></span> <span class='ocrx_word' id='word_1_62' title='bbox 918 1032 1135 1079; x_wconf 84' lang='lat' dir='ltr'><strong>secreta</strong></span> <span class='ocrx_word' id='word_1_63' title='bbox 1150 1028 1294 1080; x_wconf 82' lang='lat' dir='ltr'><strong>uteri</strong></span> <span class='ocrx_word' id='word_1_64' title='bbox 1312 1029 1606 1093; x_wconf 82' lang='lat' dir='ltr'><strong>virginalis</strong></span> <span class='ocrx_word' id='word_1_65' title='bbox 1624 1031 1712 1082; x_wconf 90' lang='lat' dir='ltr'><strong>in-</strong></span> 
     </span>
    </p>
   </div>
   <div class='ocr_carea' id='block_1_11' title="bbox 81 1113 1712 1177">
    <p class='ocr_par' dir='ltr' id='par_1_11' title="bbox 81 1113 1712 1177">
     <span class='ocr_line' id='line_1_11' title="bbox 81 1113 1712 1177; baseline 0.002 -12"><span class='ocrx_word' id='word_1_66' title='bbox 81 1113 329 1177; x_wconf 77' lang='lat' dir='ltr'><strong>telligo:</strong></span> <span class='ocrx_word' id='word_1_67' title='bbox 354 1115 411 1165; x_wconf 92' lang='lat' dir='ltr'><strong>et</strong></span> <span class='ocrx_word' id='word_1_68' title='bbox 430 1114 581 1165; x_wconf 87' lang='lat' dir='ltr'><strong>sicut</strong></span> <span class='ocrx_word' id='word_1_69' title='bbox 599 1114 659 1165; x_wconf 90' lang='lat' dir='ltr'><strong>in</strong></span> <span class='ocrx_word' id='word_1_70' title='bbox 673 1114 1125 1167; x_wconf 83' lang='lat' dir='ltr'><strong>sanctificatione</strong></span> <span class='ocrx_word' id='word_1_71' title='bbox 1139 1117 1330 1168; x_wconf 90' lang='lat' dir='ltr'><strong>Sancti</strong></span> <span class='ocrx_word' id='word_1_72' title='bbox 1343 1120 1556 1177; x_wconf 84' lang='lat' dir='ltr'><strong>Spiritus</strong></span> <span class='ocrx_word' id='word_1_73' title='bbox 1568 1122 1712 1168; x_wconf 84' lang='lat' dir='ltr'><strong>nulla</strong></span> 
     </span>
    </p>
   </div>
   <div class='ocr_carea' id='block_1_12' title="bbox 81 1202 1711 1270">
    <p class='ocr_par' dir='ltr' id='par_1_12' title="bbox 81 1202 1711 1270">
     <span class='ocr_line' id='line_1_12' title="bbox 81 1202 1711 1270; baseline 0.004 -17"><span class='ocrx_word' id='word_1_74' title='bbox 81 1202 414 1255; x_wconf 70' lang='lat' dir='ltr'><strong>sentiendo.</strong></span> <span class='ocrx_word' id='word_1_75' title='bbox 438 1207 524 1254; x_wconf 90' lang='lat' dir='ltr'><strong>est</strong></span> <span class='ocrx_word' id='word_1_76' title='bbox 550 1203 845 1267; x_wconf 84' lang='lat' dir='ltr'><strong>fragilitas,</strong></span> <span class='ocrx_word' id='word_1_77' title='bbox 871 1204 950 1255; x_wconf 89' lang='lat' dir='ltr'><strong>ita</strong></span> <span class='ocrx_word' id='word_1_78' title='bbox 965 1206 1021 1256; x_wconf 90' lang='lat' dir='ltr'><strong>et</strong></span> <span class='ocrx_word' id='word_1_79' title='bbox 1034 1205 1092 1257; x_wconf 93' lang='lat' dir='ltr'><strong>in</strong></span> <span class='ocrx_word' id='word_1_80' title='bbox 1107 1211 1271 1270; x_wconf 88' lang='lat' dir='ltr'><strong>partu</strong></span> <span class='ocrx_word' id='word_1_81' title='bbox 1288 1207 1539 1270; x_wconf 81' lang='lat' dir='ltr'><strong>Virginis</strong></span> <span class='ocrx_word' id='word_1_82' title='bbox 1553 1208 1711 1260; x_wconf 87' lang='lat' dir='ltr'><strong>nulla</strong></span> 
     </span>
    </p>
   </div>
   <div class='ocr_carea' id='block_1_13' title="bbox 79 1290 1707 1358">
    <p class='ocr_par' dir='ltr' id='par_1_13' title="bbox 79 1290 1707 1358">
     <span class='ocr_line' id='line_1_13' title="bbox 79 1290 1707 1358; baseline 0.004 -15"><span class='ocrx_word' id='word_1_83' title='bbox 79 1290 476 1355; x_wconf 84' lang='lat' dir='ltr'><strong>intelligenda</strong></span> <span class='ocrx_word' id='word_1_84' title='bbox 497 1297 589 1345; x_wconf 88' lang='lat' dir='ltr'><strong>est</strong></span> <span class='ocrx_word' id='word_1_85' title='bbox 611 1293 914 1358; x_wconf 90' lang='lat' dir='ltr'><strong>corruptio.</strong></span> <span class='ocrx_word' id='word_1_86' title='bbox 942 1296 1139 1347; x_wconf 89' lang='lat' dir='ltr'><strong>Novus</strong></span> <span class='ocrx_word' id='word_1_87' title='bbox 1164 1296 1319 1347; x_wconf 92' lang='lat' dir='ltr'><strong>enim</strong></span> <span class='ocrx_word' id='word_1_88' title='bbox 1342 1296 1476 1348; x_wconf 91' lang='lat' dir='ltr'><strong>huic</strong></span> <span class='ocrx_word' id='word_1_89' title='bbox 1494 1296 1707 1349; x_wconf 70' lang='lat' dir='ltr'><strong>saaculo</strong></span> 
     </span>
    </p>
   </div>
   <div class='ocr_carea' id='block_1_14' title="bbox 81 1381 1708 1447">
    <p class='ocr_par' dir='ltr' id='par_1_14' title="bbox 81 1381 1708 1447">
     <span class='ocr_line' id='line_1_14' title="bbox 81 1381 1708 1447; baseline 0.003 -15"><span class='ocrx_word' id='word_1_90' title='bbox 81 1381 276 1433; x_wconf 87' lang='lat' dir='ltr'><strong>datus</strong></span> <span class='ocrx_word' id='word_1_91' title='bbox 301 1385 397 1434; x_wconf 89' lang='lat' dir='ltr'><strong>est</strong></span> <span class='ocrx_word' id='word_1_92' title='bbox 418 1381 512 1434; x_wconf 90' lang='lat' dir='ltr'><strong>hic</strong></span> <span class='ocrx_word' id='word_1_93' title='bbox 528 1385 745 1447; x_wconf 87' lang='lat' dir='ltr'><strong>partus,</strong></span> <span class='ocrx_word' id='word_1_94' title='bbox 760 1383 1179 1436; x_wconf 88' lang='lat' dir='ltr'><strong>necimmerito.</strong></span> <span class='ocrx_word' id='word_1_95' title='bbox 1198 1385 1541 1447; x_wconf 88' lang='lat' dir='ltr'><strong>Quienimin</strong></span> <span class='ocrx_word' id='word_1_96' title='bbox 1552 1386 1708 1438; x_wconf 81' lang='lat' dir='ltr'><strong>caelis</strong></span> 
     </span>
    </p>
   </div>
   <div class='ocr_carea' id='block_1_15' title="bbox 84 1470 1708 1536">
    <p class='ocr_par' dir='ltr' id='par_1_15' title="bbox 84 1470 1708 1536">
     <span class='ocr_line' id='line_1_15' title="bbox 84 1470 1708 1536; baseline 0.004 -15"><span class='ocrx_word' id='word_1_97' title='bbox 84 1470 320 1522; x_wconf 83' lang='lat' dir='ltr'><strong>unicus</strong></span> <span class='ocrx_word' id='word_1_98' title='bbox 346 1470 524 1522; x_wconf 87' lang='lat' dir='ltr'><strong>Filius</strong></span> <span class='ocrx_word' id='word_1_99' title='bbox 551 1475 658 1532; x_wconf 89' lang='lat' dir='ltr'><strong>est,</strong></span> <span class='ocrx_word' id='word_1_100' title='bbox 684 1478 1105 1536; x_wconf 85' lang='lat' dir='ltr'><strong>consequenter</strong></span> <span class='ocrx_word' id='word_1_101' title='bbox 1129 1476 1183 1525; x_wconf 90' lang='lat' dir='ltr'><strong>et</strong></span> <span class='ocrx_word' id='word_1_102' title='bbox 1204 1474 1264 1525; x_wconf 89' lang='lat' dir='ltr'><strong>in</strong></span> <span class='ocrx_word' id='word_1_103' title='bbox 1284 1480 1435 1527; x_wconf 84' lang='lat' dir='ltr'><strong>terra</strong></span> <span class='ocrx_word' id='word_1_104' title='bbox 1456 1476 1664 1527; x_wconf 90' lang='lat' dir='ltr'><strong>unicus</strong></span> <span class='ocrx_word' id='word_1_105' title='bbox 1686 1476 1708 1505; x_wconf 74' lang='grc' dir='ltr'>ι’</span> 
     </span>
    </p>
   </div>
   <div class='ocr_carea' id='block_1_16' title="bbox 78 1560 1708 1624">
    <p class='ocr_par' dir='ltr' id='par_1_16' title="bbox 78 1560 1708 1624">
     <span class='ocr_line' id='line_1_16' title="bbox 78 1560 1708 1624; baseline 0.004 -14"><span class='ocrx_word' id='word_1_106' title='bbox 78 1564 199 1624; x_wconf 89' lang='lat' dir='ltr'><strong>est,</strong></span> <span class='ocrx_word' id='word_1_107' title='bbox 228 1565 292 1611; x_wconf 91' lang='lat' dir='ltr'><strong>et</strong></span> <span class='ocrx_word' id='word_1_108' title='bbox 308 1560 480 1612; x_wconf 88' lang='lat' dir='ltr'><strong>unice</strong></span> <span class='ocrx_word' id='word_1_109' title='bbox 491 1562 768 1614; x_wconf 89' lang='lat' dir='ltr'><strong>nascitur.</strong></span> <span class='ocrx_word' id='word_1_110' title='bbox 790 1563 934 1614; x_wconf 84' lang='lat' dir='ltr'><strong>Nota</strong></span> <span class='ocrx_word' id='word_1_111' title='bbox 949 1566 1085 1614; x_wconf 89' lang='lat' dir='ltr'><strong>sunt</strong></span> <span class='ocrx_word' id='word_1_112' title='bbox 1097 1564 1368 1616; x_wconf 88' lang='lat' dir='ltr'><strong>omnibus</strong></span> <span class='ocrx_word' id='word_1_113' title='bbox 1380 1569 1437 1616; x_wconf 91' lang='lat' dir='ltr'><strong>et</strong></span> <span class='ocrx_word' id='word_1_114' title='bbox 1449 1564 1508 1615; x_wconf 89' lang='lat' dir='ltr'><strong>in</strong></span> <span class='ocrx_word' id='word_1_115' title='bbox 1520 1567 1708 1617; x_wconf 87' lang='lat' dir='ltr'><strong>Evan-</strong></span> 
     </span>
    </p>
   </div>
   <div class='ocr_carea' id='block_1_17' title="bbox 77 1647 1706 1718">
    <p class='ocr_par' dir='ltr' id='par_1_17' title="bbox 77 1647 1706 1718">
     <span class='ocr_line' id='line_1_17' title="bbox 77 1647 1706 1718; baseline 0.004 -18"><span class='ocrx_word' id='word_1_116' title='bbox 77 1648 259 1712; x_wconf 85' lang='lat' dir='ltr'><strong>geliis</strong></span> <span class='ocrx_word' id='word_1_117' title='bbox 299 1647 610 1702; x_wconf 85' lang='lat' dir='ltr'><strong>decantata</strong></span> <span class='ocrx_word' id='word_1_118' title='bbox 635 1650 705 1702; x_wconf 91' lang='lat' dir='ltr'><strong>de</strong></span> <span class='ocrx_word' id='word_1_119' title='bbox 739 1650 848 1703; x_wconf 93' lang='lat' dir='ltr'><strong>hoc</strong></span> <span class='ocrx_word' id='word_1_120' title='bbox 882 1651 1092 1717; x_wconf 89' lang='lat' dir='ltr'><strong>scripta</strong></span> <span class='ocrx_word' id='word_1_121' title='bbox 1121 1653 1545 1717; x_wconf 84' lang='lat' dir='ltr'><strong>prophetarum,</strong></span> <span class='ocrx_word' id='word_1_122' title='bbox 1572 1666 1706 1718; x_wconf 71' lang='lat' dir='ltr'><strong>quae</strong></span> 
     </span>
    </p>
   </div>
   <div class='ocr_carea' id='block_1_18' title="bbox 83 1737 1701 1806">
    <p class='ocr_par' dir='ltr' id='par_1_18' title="bbox 83 1737 1701 1806">
     <span class='ocr_line' id='line_1_18' title="bbox 83 1737 1701 1806; baseline 0.003 -18"><span class='ocrx_word' id='word_1_123' title='bbox 83 1738 323 1798; x_wconf 89' lang='lat' dir='ltr'><strong>dicunt,</strong></span> <span class='ocrx_word' id='word_1_124' title='bbox 351 1737 505 1801; x_wconf 91' lang='lat' dir='ltr'><strong>quod</strong></span> <span class='ocrx_word' id='word_1_125' title='bbox 537 1739 698 1804; x_wconf 86' lang='lat' dir='ltr'><strong>Virgo</strong></span> <span class='ocrx_word' id='word_1_126' title='bbox 722 1741 1058 1805; x_wconf 83' lang='lat' dir='ltr'><strong>concipiet,et</strong></span> <span class='ocrx_word' id='word_1_127' title='bbox 1080 1742 1255 1806; x_wconf 84' lang='lat' dir='ltr'><strong>pariet</strong></span> <span class='ocrx_word' id='word_1_128' title='bbox 1277 1741 1460 1805; x_wconf 76' lang='lat' dir='ltr'><strong>ﬁlium</strong></span> <span class='ocrx_word' id='word_1_129' title='bbox 1471 1742 1701 1806; x_wconf 88' lang='lat' dir='ltr'><strong>(Esai.7.</strong></span> 
     </span>
    </p>
   </div>
   <div class='ocr_carea' id='block_1_19' title="bbox 1881 570 3416 640">
    <p class='ocr_par' dir='ltr' id='par_1_19' title="bbox 1881 570 3416 640">
     <span class='ocr_line' id='line_1_19' title="bbox 1881 570 3416 640; baseline 0.001 -14"><span class='ocrx_word' id='word_1_130' title='bbox 1881 570 1967 626; x_wconf 89' lang='grc'><strong>11.</strong></span> <span class='ocrx_word' id='word_1_131' title='bbox 2010 573 2226 625; x_wconf 89' lang='lat' dir='ltr'><strong>Verum</strong></span> <span class='ocrx_word' id='word_1_132' title='bbox 2268 573 2395 625; x_wconf 59' lang='lat' dir='ltr'><strong>hac</strong></span> <span class='ocrx_word' id='word_1_133' title='bbox 2439 573 2575 636; x_wconf 88' lang='lat' dir='ltr'><strong>quia</strong></span> <span class='ocrx_word' id='word_1_134' title='bbox 2615 586 2688 624; x_wconf 82' lang='lat' dir='ltr'><strong>ex</strong></span> <span class='ocrx_word' id='word_1_135' title='bbox 2722 573 3026 639; x_wconf 89' lang='lat' dir='ltr'><strong>Scripturis</strong></span> <span class='ocrx_word' id='word_1_136' title='bbox 3070 575 3416 640; x_wconf 89' lang='lat' dir='ltr'><strong>propheticis</strong></span> 
     </span>
    </p>
   </div>
   <div class='ocr_carea' id='block_1_20' title="bbox 1815 662 3417 728">
    <p class='ocr_par' dir='ltr' id='par_1_20' title="bbox 1815 662 3417 728">
     <span class='ocr_line' id='line_1_20' title="bbox 1815 662 3417 728; baseline 0.002 -15"><span class='ocrx_word' id='word_1_137' title='bbox 1815 666 2170 724; x_wconf 88' lang='lat' dir='ltr'><strong>asseruntur,</strong></span> <span class='ocrx_word' id='word_1_138' title='bbox 2204 668 2448 726; x_wconf 89' lang='lat' dir='ltr'><strong>possunt</strong></span> <span class='ocrx_word' id='word_1_139' title='bbox 2474 662 2615 714; x_wconf 87' lang='lat' dir='ltr'><strong>forte</strong></span> <span class='ocrx_word' id='word_1_140' title='bbox 2638 663 2893 726; x_wconf 73' lang='lat' dir='ltr'><strong>Judteos,</strong></span> <span class='ocrx_word' id='word_1_141' title='bbox 2919 665 3189 728; x_wconf 88' lang='lat' dir='ltr'><strong>quamvis</strong></span> <span class='ocrx_word' id='word_1_142' title='bbox 3203 666 3321 717; x_wconf 88' lang='lat' dir='ltr'><strong>sint</strong></span> <span class='ocrx_word' id='word_1_143' title='bbox 3336 666 3417 717; x_wconf 90' lang='lat' dir='ltr'><strong>in-</strong></span> 
     </span>
    </p>
   </div>
   <div class='ocr_carea' id='block_1_21' title="bbox 1814 752 3418 819">
    <p class='ocr_par' dir='ltr' id='par_1_21' title="bbox 1814 752 3418 819">
     <span class='ocr_line' id='line_1_21' title="bbox 1814 752 3418 819; baseline 0.002 -16"><span class='ocrx_word' id='word_1_144' title='bbox 1814 752 2012 804; x_wconf 80' lang='lat' dir='ltr'><strong>ﬁdeles</strong></span> <span class='ocrx_word' id='word_1_145' title='bbox 2036 755 2092 803; x_wconf 90' lang='lat' dir='ltr'><strong>et</strong></span> <span class='ocrx_word' id='word_1_146' title='bbox 2115 752 2406 809; x_wconf 84' lang='lat' dir='ltr'><strong>increduli,</strong></span> <span class='ocrx_word' id='word_1_147' title='bbox 2435 752 2745 804; x_wconf 85' lang='lat' dir='ltr'><strong>confutare.</strong></span> <span class='ocrx_word' id='word_1_148' title='bbox 2774 753 2882 805; x_wconf 90' lang='lat' dir='ltr'><strong>Sed</strong></span> <span class='ocrx_word' id='word_1_149' title='bbox 2907 754 3111 819; x_wconf 83' lang='lat' dir='ltr'><strong>pagani</strong></span> <span class='ocrx_word' id='word_1_150' title='bbox 3133 755 3321 806; x_wconf 89' lang='lat' dir='ltr'><strong>solent</strong></span> <span class='ocrx_word' id='word_1_151' title='bbox 3341 755 3418 807; x_wconf 88' lang='lat' dir='ltr'><strong>ir-</strong></span> 
     </span>
    </p>
   </div>
   <div class='ocr_carea' id='block_1_22' title="bbox 1814 842 3418 909">
    <p class='ocr_par' dir='ltr' id='par_1_22' title="bbox 1814 842 3418 909">
     <span class='ocr_line' id='line_1_22' title="bbox 1814 842 3418 909; baseline 0.002 -17"><span class='ocrx_word' id='word_1_152' title='bbox 1814 842 1994 893; x_wconf 86' lang='lat' dir='ltr'><strong>ridere</strong></span> <span class='ocrx_word' id='word_1_153' title='bbox 2018 854 2142 900; x_wconf 89' lang='lat' dir='ltr'><strong>nos,</strong></span> <span class='ocrx_word' id='word_1_154' title='bbox 2169 854 2301 893; x_wconf 92' lang='lat' dir='ltr'><strong>cum</strong></span> <span class='ocrx_word' id='word_1_155' title='bbox 2332 842 2577 894; x_wconf 90' lang='lat' dir='ltr'><strong>audiunt</strong></span> <span class='ocrx_word' id='word_1_156' title='bbox 2598 843 2894 907; x_wconf 79' lang='lat' dir='ltr'><strong>praedicari</strong></span> <span class='ocrx_word' id='word_1_157' title='bbox 2918 856 2952 894; x_wconf 87' lang='lat' dir='ltr'><strong>a</strong></span> <span class='ocrx_word' id='word_1_158' title='bbox 2974 844 3141 895; x_wconf 91' lang='lat' dir='ltr'><strong>nobis</strong></span> <span class='ocrx_word' id='word_1_159' title='bbox 3168 845 3418 909; x_wconf 84' lang='lat' dir='ltr'><strong>Virginis</strong></span> 
     </span>
    </p>
   </div>
   <div class='ocr_carea' id='block_1_23' title="bbox 1812 930 3416 996">
    <p class='ocr_par' dir='ltr' id='par_1_23' title="bbox 1812 930 3416 996">
     <span class='ocr_line' id='line_1_23' title="bbox 1812 930 3416 996; baseline 0.001 -14"><span class='ocrx_word' id='word_1_160' title='bbox 1812 936 2065 995; x_wconf 85' lang='lat' dir='ltr'><strong>partum:</strong></span> <span class='ocrx_word' id='word_1_161' title='bbox 2082 936 2271 996; x_wconf 81' lang='lat' dir='ltr'><strong>proter</strong></span> <span class='ocrx_word' id='word_1_162' title='bbox 2293 930 2445 994; x_wconf 87' lang='lat' dir='ltr'><strong>quod</strong></span> <span class='ocrx_word' id='word_1_163' title='bbox 2471 932 2669 995; x_wconf 84' lang='lat' dir='ltr'><strong>paucis</strong></span> <span class='ocrx_word' id='word_1_164' title='bbox 2694 945 2891 982; x_wconf 88' lang='lat' dir='ltr'><strong>eorum</strong></span> <span class='ocrx_word' id='word_1_165' title='bbox 2904 933 3416 985; x_wconf 86' lang='lat' dir='ltr'><strong>obtrectationibus</strong></span> 
     </span>
    </p>
   </div>
   <div class='ocr_carea' id='block_1_24' title="bbox 1810 1020 3412 1087">
    <p class='ocr_par' dir='ltr' id='par_1_24' title="bbox 1810 1020 3412 1087">
     <span class='ocr_line' id='line_1_24' title="bbox 1810 1020 3412 1087; baseline -0.001 -16"><span class='ocrx_word' id='word_1_166' title='bbox 1810 1020 2275 1084; x_wconf 88' lang='lat' dir='ltr'><strong>respondendum</strong></span> <span class='ocrx_word' id='word_1_167' title='bbox 2301 1025 2407 1071; x_wconf 88' lang='lat' dir='ltr'><strong>est.</strong></span> <span class='ocrx_word' id='word_1_168' title='bbox 2423 1020 2620 1071; x_wconf 84' lang='lat' dir='ltr'><strong>Omnis</strong></span> <span class='ocrx_word' id='word_1_169' title='bbox 2636 1024 2833 1084; x_wconf 66' lang='lat' dir='ltr'><strong>pirtus</strong></span> <span class='ocrx_word' id='word_1_170' title='bbox 2847 1035 2918 1071; x_wconf 85' lang='lat' dir='ltr'><strong>ex</strong></span> <span class='ocrx_word' id='word_1_171' title='bbox 2938 1021 3197 1085; x_wconf 87' lang='lat' dir='ltr'><strong>tribus(ut</strong></span> <span class='ocrx_word' id='word_1_172' title='bbox 3215 1022 3412 1087; x_wconf 84' lang='lat' dir='ltr'><strong>opinor)</strong></span> 
     </span>
    </p>
   </div>
   <div class='ocr_carea' id='block_1_25' title="bbox 1812 1109 3410 1175">
    <p class='ocr_par' dir='ltr' id='par_1_25' title="bbox 1812 1109 3410 1175">
     <span class='ocr_line' id='line_1_25' title="bbox 1812 1109 3410 1175; baseline 0.001 -15"><span class='ocrx_word' id='word_1_173' title='bbox 1812 1114 2038 1161; x_wconf 87' lang='lat' dir='ltr'><strong>constat</strong></span> <span class='ocrx_word' id='word_1_174' title='bbox 2063 1148 2077 1173; x_wconf 92' lang='lat'><strong>,</strong></span> <span class='ocrx_word' id='word_1_175' title='bbox 2099 1110 2146 1160; x_wconf 91' lang='lat' dir='ltr'><strong>si</strong></span> <span class='ocrx_word' id='word_1_176' title='bbox 2170 1109 2384 1161; x_wconf 65' lang='lat' dir='ltr'><strong>adulta:</strong></span> <span class='ocrx_word' id='word_1_177' title='bbox 2408 1109 2597 1161; x_wconf 61' lang='lat' dir='ltr'><strong>aetatis</strong></span> <span class='ocrx_word' id='word_1_178' title='bbox 2621 1110 2695 1161; x_wconf 88' lang='lat' dir='ltr'><strong>sit</strong></span> <span class='ocrx_word' id='word_1_179' title='bbox 2718 1110 2940 1173; x_wconf 85' lang='lat' dir='ltr'><strong>femina,</strong></span> <span class='ocrx_word' id='word_1_180' title='bbox 2960 1111 3007 1162; x_wconf 92' lang='lat' dir='ltr'><strong>si</strong></span> <span class='ocrx_word' id='word_1_181' title='bbox 3026 1111 3211 1163; x_wconf 91' lang='lat' dir='ltr'><strong>virum</strong></span> <span class='ocrx_word' id='word_1_182' title='bbox 3224 1111 3410 1175; x_wconf 86' lang='lat' dir='ltr'><strong>adeat,</strong></span> 
     </span>
    </p>
   </div>
   <div class='ocr_carea' id='block_1_26' title="bbox 1812 1189 3414 1243">
    <p class='ocr_par' dir='ltr' id='par_1_26' title="bbox 1812 1189 3414 1243">
     <span class='ocr_line' id='line_1_26' title="bbox 1812 1189 3414 1243; baseline 0.001 -2"><span class='ocrx_word' id='word_1_183' title='bbox 1812 1190 1860 1241; x_wconf 90' lang='lat' dir='ltr'><strong>si</strong></span> <span class='ocrx_word' id='word_1_184' title='bbox 1888 1202 2008 1240; x_wconf 88' lang='lat' dir='ltr'><strong>non</strong></span> <span class='ocrx_word' id='word_1_185' title='bbox 2040 1189 2114 1241; x_wconf 92' lang='lat' dir='ltr'><strong>sit</strong></span> <span class='ocrx_word' id='word_1_186' title='bbox 2137 1198 2155 1219; x_wconf 83' lang='lat'><strong><em>°</em></strong></span> <span class='ocrx_word' id='word_1_187' title='bbox 2177 1189 2326 1240; x_wconf 88' lang='lat' dir='ltr'><strong>illius</strong></span> <span class='ocrx_word' id='word_1_188' title='bbox 2352 1189 2531 1241; x_wconf 89' lang='lat' dir='ltr'><strong>vulva</strong></span> <span class='ocrx_word' id='word_1_189' title='bbox 2552 1190 2692 1242; x_wconf 88' lang='lat' dir='ltr'><strong>vitio</strong></span> <span class='ocrx_word' id='word_1_190' title='bbox 2716 1190 3031 1242; x_wconf 84' lang='lat' dir='ltr'><strong>sterilitatis</strong></span> <span class='ocrx_word' id='word_1_191' title='bbox 3056 1192 3306 1243; x_wconf 89' lang='lat' dir='ltr'><strong>occlusa.</strong></span> <span class='ocrx_word' id='word_1_192' title='bbox 3331 1193 3414 1243; x_wconf 85' lang='lat' dir='ltr'><strong>Ex</strong></span> 
     </span>
    </p>
   </div>
   <div class='ocr_carea' id='block_1_27' title="bbox 1807 1279 3416 1344">
    <p class='ocr_par' dir='ltr' id='par_1_27' title="bbox 1807 1279 3416 1344">
     <span class='ocr_line' id='line_1_27' title="bbox 1807 1279 3416 1344; baseline 0.001 -13"><span class='ocrx_word' id='word_1_193' title='bbox 1807 1279 1900 1331; x_wconf 87' lang='lat' dir='ltr'><strong>his</strong></span> <span class='ocrx_word' id='word_1_194' title='bbox 1942 1279 2127 1330; x_wconf 90' lang='lat' dir='ltr'><strong>tribus</strong></span> <span class='ocrx_word' id='word_1_195' title='bbox 2159 1279 2221 1329; x_wconf 89' lang='lat' dir='ltr'><strong>in</strong></span> <span class='ocrx_word' id='word_1_196' title='bbox 2255 1279 2363 1330; x_wconf 91' lang='lat' dir='ltr'><strong>hoc</strong></span> <span class='ocrx_word' id='word_1_197' title='bbox 2397 1283 2584 1343; x_wconf 86' lang='lat' dir='ltr'><strong>partu,</strong></span> <span class='ocrx_word' id='word_1_198' title='bbox 2621 1292 2796 1343; x_wconf 89' lang='lat' dir='ltr'><strong>quem</strong></span> <span class='ocrx_word' id='word_1_199' title='bbox 2821 1280 3199 1344; x_wconf 85' lang='lat' dir='ltr'><strong>predicamus,</strong></span> <span class='ocrx_word' id='word_1_200' title='bbox 3233 1293 3416 1334; x_wconf 89' lang='lat' dir='ltr'><strong>unum</strong></span> 
     </span>
    </p>
   </div>
   <div class='ocr_carea' id='block_1_28' title="bbox 1808 1367 3418 1434">
    <p class='ocr_par' dir='ltr' id='par_1_28' title="bbox 1808 1367 3418 1434">
     <span class='ocr_line' id='line_1_28' title="bbox 1808 1367 3418 1434; baseline 0.001 -14"><span class='ocrx_word' id='word_1_201' title='bbox 1808 1367 2008 1429; x_wconf 88' lang='lat' dir='ltr'><strong>defuit,</strong></span> <span class='ocrx_word' id='word_1_202' title='bbox 2042 1368 2130 1420; x_wconf 90' lang='lat' dir='ltr'><strong>vir</strong></span> <span class='ocrx_word' id='word_1_203' title='bbox 2144 1367 2385 1420; x_wconf 89' lang='lat' dir='ltr'><strong>scilicet:</strong></span> <span class='ocrx_word' id='word_1_204' title='bbox 2401 1369 2621 1421; x_wconf 90' lang='lat' dir='ltr'><strong>ethanc</strong></span> <span class='ocrx_word' id='word_1_205' title='bbox 2633 1374 2852 1434; x_wconf 87' lang='lat' dir='ltr'><strong>partem</strong></span> <span class='ocrx_word' id='word_1_206' title='bbox 2868 1370 3005 1433; x_wconf 85' lang='lat' dir='ltr'><strong>(quia</strong></span> <span class='ocrx_word' id='word_1_207' title='bbox 3019 1372 3109 1431; x_wconf 85' lang='lat' dir='ltr'><strong>qui</strong></span> <span class='ocrx_word' id='word_1_208' title='bbox 3122 1373 3418 1421; x_wconf 82' lang='lat' dir='ltr'><strong>nascebatur</strong></span> 
     </span>
    </p>
   </div>
   <div class='ocr_carea' id='block_1_29' title="bbox 1807 1458 3415 1525">
    <p class='ocr_par' dir='ltr' id='par_1_29' title="bbox 1807 1458 3415 1525">
     <span class='ocr_line' id='line_1_29' title="bbox 1807 1458 3415 1525; baseline 0.002 -16"><span class='ocrx_word' id='word_1_209' title='bbox 1807 1471 1922 1509; x_wconf 90' lang='lat' dir='ltr'><strong>non</strong></span> <span class='ocrx_word' id='word_1_210' title='bbox 1944 1460 2066 1509; x_wconf 84' lang='lat' dir='ltr'><strong>erat</strong></span> <span class='ocrx_word' id='word_1_211' title='bbox 2096 1461 2355 1509; x_wconf 90' lang='lat' dir='ltr'><strong>terrenus</strong></span> <span class='ocrx_word' id='word_1_212' title='bbox 2380 1458 2572 1515; x_wconf 89' lang='lat' dir='ltr'><strong>homo,</strong></span> <span class='ocrx_word' id='word_1_213' title='bbox 2601 1459 2701 1510; x_wconf 86' lang='lat' dir='ltr'><strong>sed</strong></span> <span class='ocrx_word' id='word_1_214' title='bbox 2728 1460 2996 1522; x_wconf 61' lang='lat' dir='ltr'><strong>caelestis)</strong></span> <span class='ocrx_word' id='word_1_215' title='bbox 3028 1473 3127 1524; x_wconf 93' lang='lat' dir='ltr'><strong>per</strong></span> <span class='ocrx_word' id='word_1_216' title='bbox 3152 1461 3415 1525; x_wconf 86' lang='lat' dir='ltr'><strong>spiritum</strong></span> 
     </span>
    </p>
   </div>
   <div class='ocr_carea' id='block_1_30' title="bbox 1803 1547 3413 1613">
    <p class='ocr_par' dir='ltr' id='par_1_30' title="bbox 1803 1547 3413 1613">
     <span class='ocr_line' id='line_1_30' title="bbox 1803 1547 3413 1613; baseline -0.001 -13"><span class='ocrx_word' id='word_1_217' title='bbox 1803 1547 2095 1600; x_wconf 80' lang='lat' dir='ltr'><strong>caelestem</strong></span> <span class='ocrx_word' id='word_1_218' title='bbox 2120 1547 2387 1610; x_wconf 89' lang='lat' dir='ltr'><strong>dicimus,</strong></span> <span class='ocrx_word' id='word_1_219' title='bbox 2415 1547 2574 1600; x_wconf 85' lang='lat' dir='ltr'><strong>salva</strong></span> <span class='ocrx_word' id='word_1_220' title='bbox 2605 1548 3256 1613; x_wconf 82' lang='lat' dir='ltr'><strong>Virginisincorruptioue,</strong></span> <span class='ocrx_word' id='word_1_221' title='bbox 3287 1565 3413 1599; x_wconf 91' lang='lat' dir='ltr'><strong>com-</strong></span> 
     </span>
    </p>
   </div>
   <div class='ocr_carea' id='block_1_31' title="bbox 1804 1636 3414 1707">
    <p class='ocr_par' dir='ltr' id='par_1_31' title="bbox 1804 1636 3414 1707">
     <span class='ocr_line' id='line_1_31' title="bbox 1804 1636 3414 1707; baseline 0.002 -19"><span class='ocrx_word' id='word_1_222' title='bbox 1804 1636 2033 1702; x_wconf 89' lang='lat' dir='ltr'><strong>pletam.</strong></span> <span class='ocrx_word' id='word_1_223' title='bbox 2046 1637 2501 1707; x_wconf 60' lang='lat' dir='ltr'><strong>unid</strong></span> <span class='ocrx_word' id='word_1_224' title='bbox 2520 1637 2739 1707; x_wconf 10' lang='lat' dir='ltr'><strong>mirum,</strong></span> <span class='ocrx_word' id='word_1_225' title='bbox 2763 1637 3002 1703; x_wconf 75' lang='lat' dir='ltr'><strong>videtur,</strong></span> <span class='ocrx_word' id='word_1_226' title='bbox 3021 1638 3069 1690; x_wconf 89' lang='lat' dir='ltr'><strong>si</strong></span> <span class='ocrx_word' id='word_1_227' title='bbox 3095 1639 3256 1707; x_wconf 90' lang='lat' dir='ltr'><strong>virgo</strong></span> <span class='ocrx_word' id='word_1_228' title='bbox 3280 1652 3414 1703; x_wconf 78' lang='lat' dir='ltr'><strong>con-</strong></span> 
     </span>
    </p>
   </div>
   <div class='ocr_carea' id='block_1_32' title="bbox 1804 1725 3408 1801">
    <p class='ocr_par' dir='ltr' id='par_1_32' title="bbox 1804 1725 3408 1801">
     <span class='ocr_line' id='line_1_32' title="bbox 1804 1725 3408 1801; baseline -0.001 -22"><span class='ocrx_word' id='word_1_229' title='bbox 1804 1727 2035 1801; x_wconf 77' lang='lat' dir='ltr'><strong>ceperit,</strong></span> <span class='ocrx_word' id='word_1_230' title='bbox 2047 1739 2183 1801; x_wconf 79' lang='lat' dir='ltr'><strong>cum</strong></span> <span class='ocrx_word' id='word_1_231' title='bbox 2200 1725 2449 1799; x_wconf 71' lang='lat' dir='ltr'><strong>prieptis</strong></span> <span class='ocrx_word' id='word_1_232' title='bbox 2463 1739 2648 1798; x_wconf 76' lang='lat' dir='ltr'><strong>avem,</strong></span> <span class='ocrx_word' id='word_1_233' title='bbox 2666 1739 2849 1795; x_wconf 19' lang='lat' dir='ltr'><strong>quam,</strong></span> <span class='ocrx_word' id='word_1_234' title='bbox 2862 1727 3197 1791; x_wconf 70' lang='lat' dir='ltr'><strong>Phoenicem</strong></span> <span class='ocrx_word' id='word_1_235' title='bbox 3215 1734 3408 1787; x_wconf 76' lang='lat' dir='ltr'><strong>vocant,</strong></span> 
     </span>
    </p>
   </div>
   <div class='ocr_carea' id='block_1_33' title="bbox 81 1800 3400 1894">
    <p class='ocr_par' dir='ltr' id='par_1_33' title="bbox 81 1800 3400 1894">
     <span class='ocr_line' id='line_1_33' title="bbox 81 1800 3400 1894; baseline 0.002 -17"><span class='ocrx_word' id='word_1_236' title='bbox 81 1827 351 1891; x_wconf 71' lang='lat' dir='ltr'><strong>14.).Sed</strong></span> <span class='ocrx_word' id='word_1_237' title='bbox 367 1800 834 1894; x_wconf 39' lang='lat' dir='ltr'><strong>etpartus&#39;ipsius</strong></span> <span class='ocrx_word' id='word_1_238' title='bbox 852 1800 1168 1882; x_wconf 81' lang='lat' dir='ltr'><strong>mirabilem</strong></span> <span class='ocrx_word' id='word_1_239' title='bbox 1197 1800 1436 1883; x_wconf 84' lang='lat' dir='ltr'><strong>modum</strong></span> <span class='ocrx_word' id='word_1_240' title='bbox 1451 1800 1707 1885; x_wconf 64' lang='lat' dir='ltr'><strong>Ezechiel</strong></span> <span class='ocrx_word' id='word_1_241' title='bbox 1730 1805 1783 1880; x_wconf 84' lang='lat' dir='ltr'><strong>B</strong></span> <span class='ocrx_word' id='word_1_242' title='bbox 1812 1800 2130 1891; x_wconf 52' lang='lat' dir='ltr'><strong>ifi’iiihtﬁm</strong></span> <span class='ocrx_word' id='word_1_243' title='bbox 2161 1817 2287 1868; x_wconf 72' lang='lat' dir='ltr'><strong>Sine</strong></span> <span class='ocrx_word' id='word_1_244' title='bbox 2312 1817 2767 1887; x_wconf 62' lang='lat' dir='ltr'><strong>conjusseasoi.</strong></span> <span class='ocrx_word' id='word_1_245' title='bbox 2788 1816 2889 1879; x_wconf 37' lang='lat' dir='ltr'><strong>V01.</strong></span> <span class='ocrx_word' id='word_1_246' title='bbox 2904 1818 3129 1873; x_wconf 59' lang='grc' dir='ltr'><strong>τευθιδοῖ</strong></span> <span class='ocrx_word' id='word_1_247' title='bbox 3154 1819 3400 1879; x_wconf 54' lang='lat' dir='ltr'><strong>Constet:</strong></span> 
     </span>
    </p>
   </div>
   <div class='ocr_carea' id='block_1_34' title="bbox 82 1916 1715 1984">
    <p class='ocr_par' dir='ltr' id='par_1_34' title="bbox 82 1916 1715 1984">
     <span class='ocr_line' id='line_1_34' title="bbox 82 1916 1715 1984; baseline 0.001 -16"><span class='ocrx_word' id='word_1_248' title='bbox 82 1917 383 1981; x_wconf 84' lang='lat' dir='ltr'><strong>Propheta</strong></span> <span class='ocrx_word' id='word_1_249' title='bbox 397 1920 535 1970; x_wconf 89' lang='lat' dir='ltr'><strong>ante</strong></span> <span class='ocrx_word' id='word_1_250' title='bbox 553 1916 927 1982; x_wconf 87' lang='lat' dir='ltr'><strong>formaverat,</strong></span> <span class='ocrx_word' id='word_1_251' title='bbox 948 1919 1184 1971; x_wconf 88' lang='lat' dir='ltr'><strong>Mariam</strong></span> <span class='ocrx_word' id='word_1_252' title='bbox 1201 1919 1514 1984; x_wconf 83' lang='lat' dir='ltr'><strong>ﬁguraliter</strong></span> <span class='ocrx_word' id='word_1_253' title='bbox 1525 1927 1715 1982; x_wconf 86' lang='lat' dir='ltr'><strong>portam</strong></span> 
     </span>
    </p>
   </div>
   <div class='ocr_carea' id='block_1_35' title="bbox 82 2005 1716 2076">
    <p class='ocr_par' dir='ltr' id='par_1_35' title="bbox 82 2005 1716 2076">
     <span class='ocr_line' id='line_1_35' title="bbox 82 2005 1716 2076; baseline 0.002 -19"><span class='ocrx_word' id='word_1_254' title='bbox 82 2006 331 2058; x_wconf 90' lang='lat' dir='ltr'><strong>Domini</strong></span> <span class='ocrx_word' id='word_1_255' title='bbox 345 2005 671 2070; x_wconf 90' lang='lat' dir='ltr'><strong>nominans,</strong></span> <span class='ocrx_word' id='word_1_256' title='bbox 678 2020 781 2072; x_wconf 91' lang='lat' dir='ltr'><strong>per</strong></span> <span class='ocrx_word' id='word_1_257' title='bbox 802 2019 977 2071; x_wconf 91' lang='lat' dir='ltr'><strong>quam</strong></span> <span class='ocrx_word' id='word_1_258' title='bbox 991 2007 1204 2060; x_wconf 91' lang='lat' dir='ltr'><strong>scilicet</strong></span> <span class='ocrx_word' id='word_1_259' title='bbox 1214 2009 1491 2062; x_wconf 86' lang='lat' dir='ltr'><strong>Dominus</strong></span> <span class='ocrx_word' id='word_1_260' title='bbox 1501 2010 1716 2076; x_wconf 83' lang='lat' dir='ltr'><strong>ingres.</strong></span> 
     </span>
    </p>
   </div>
   <div class='ocr_carea' id='block_1_36' title="bbox 81 2095 1717 2165">
    <p class='ocr_par' dir='ltr' id='par_1_36' title="bbox 81 2095 1717 2165">
     <span class='ocr_line' id='line_1_36' title="bbox 81 2095 1717 2165; baseline 0.002 -19"><span class='ocrx_word' id='word_1_261' title='bbox 81 2108 191 2146; x_wconf 87' lang='lat' dir='ltr'><strong>sus</strong></span> <span class='ocrx_word' id='word_1_262' title='bbox 204 2096 302 2146; x_wconf 88' lang='lat' dir='ltr'><strong>est</strong></span> <span class='ocrx_word' id='word_1_263' title='bbox 316 2095 624 2147; x_wconf 90' lang='lat' dir='ltr'><strong>mundum.</strong></span> <span class='ocrx_word' id='word_1_264' title='bbox 644 2096 795 2148; x_wconf 82' lang='lat' dir='ltr'><strong>Dicit</strong></span> <span class='ocrx_word' id='word_1_265' title='bbox 808 2109 943 2162; x_wconf 89' lang='lat' dir='ltr'><strong>ergo</strong></span> <span class='ocrx_word' id='word_1_266' title='bbox 956 2100 1051 2147; x_wconf 89' lang='lat' dir='ltr'><strong>hoc</strong></span> <span class='ocrx_word' id='word_1_267' title='bbox 1068 2099 1403 2149; x_wconf 76' lang='lat' dir='ltr'><strong>modozPorta</strong></span> <span class='ocrx_word' id='word_1_268' title='bbox 1418 2106 1592 2150; x_wconf 84' lang='lat' dir='ltr'><strong>autem</strong></span> <span class='ocrx_word' id='word_1_269' title='bbox 1601 2116 1717 2165; x_wconf 75' lang='lat' dir='ltr'><strong>quas</strong></span> 
     </span>
    </p>
   </div>
   <div class='ocr_carea' id='block_1_37' title="bbox 79 2183 1720 2256">
    <p class='ocr_par' dir='ltr' id='par_1_37' title="bbox 79 2183 1720 2256">
     <span class='ocr_line' id='line_1_37' title="bbox 79 2183 1720 2256; baseline 0.005 -24"><span class='ocrx_word' id='word_1_270' title='bbox 79 2185 307 2249; x_wconf 82' lang='lat' dir='ltr'><strong>respicit</strong></span> <span class='ocrx_word' id='word_1_271' title='bbox 348 2183 423 2233; x_wconf 84' lang='lat' dir='ltr'><strong>ad</strong></span> <span class='ocrx_word' id='word_1_272' title='bbox 454 2184 720 2235; x_wconf 80' lang='lat' dir='ltr'><strong>Orientem</strong></span> <span class='ocrx_word' id='word_1_273' title='bbox 770 2186 955 2236; x_wconf 78' lang='lat' dir='ltr'><strong>clausa</strong></span> <span class='ocrx_word' id='word_1_274' title='bbox 991 2188 1109 2252; x_wconf 86' lang='lat' dir='ltr'><strong>erit,</strong></span> <span class='ocrx_word' id='word_1_275' title='bbox 1141 2191 1187 2236; x_wconf 86' lang='lat' dir='ltr'><strong>et</strong></span> <span class='ocrx_word' id='word_1_276' title='bbox 1211 2205 1319 2239; x_wconf 87' lang='lat' dir='ltr'><strong>non</strong></span> <span class='ocrx_word' id='word_1_277' title='bbox 1378 2192 1669 2256; x_wconf 80' lang='lat' dir='ltr'><strong>aperietur,</strong></span> <span class='ocrx_word' id='word_1_278' title='bbox 1693 2208 1720 2242; x_wconf 86' lang='lat' dir='ltr'><strong>e</strong></span> 
     </span>
    </p>
   </div>
   <div class='ocr_carea' id='block_1_38' title="bbox 80 2273 1704 2341">
    <p class='ocr_par' dir='ltr' id='par_1_38' title="bbox 80 2273 1704 2341">
     <span class='ocr_line' id='line_1_38' title="bbox 80 2273 1704 2341; baseline 0.006 -19"><span class='ocrx_word' id='word_1_279' title='bbox 80 2288 246 2323; x_wconf 80' lang='lat' dir='ltr'><strong>nemo</strong></span> <span class='ocrx_word' id='word_1_280' title='bbox 278 2273 531 2323; x_wconf 74' lang='lat' dir='ltr'><strong>transibit</strong></span> <span class='ocrx_word' id='word_1_281' title='bbox 562 2290 660 2339; x_wconf 85' lang='lat' dir='ltr'><strong>per</strong></span> <span class='ocrx_word' id='word_1_282' title='bbox 682 2289 829 2327; x_wconf 88' lang='lat' dir='ltr'><strong>eam:</strong></span> <span class='ocrx_word' id='word_1_283' title='bbox 864 2277 1133 2341; x_wconf 87' lang='lat' dir='ltr'><strong>quoniam</strong></span> <span class='ocrx_word' id='word_1_284' title='bbox 1166 2278 1437 2329; x_wconf 76' lang='lat' dir='ltr'><strong>Dominus</strong></span> <span class='ocrx_word' id='word_1_285' title='bbox 1458 2281 1599 2330; x_wconf 83' lang='lat' dir='ltr'><strong>Deus</strong></span> <span class='ocrx_word' id='word_1_286' title='bbox 1624 2282 1704 2330; x_wconf 87' lang='lat' dir='ltr'><strong>Is-</strong></span> 
     </span>
    </p>
   </div>
   <div class='ocr_carea' id='block_1_39' title="bbox 84 2362 1715 2435">
    <p class='ocr_par' dir='ltr' id='par_1_39' title="bbox 84 2362 1715 2435">
     <span class='ocr_line' id='line_1_39' title="bbox 84 2362 1715 2435; baseline 0.007 -24"><span class='ocrx_word' id='word_1_287' title='bbox 84 2362 203 2412; x_wconf 79' lang='lat' dir='ltr'><strong>rael</strong></span> <span class='ocrx_word' id='word_1_288' title='bbox 229 2362 487 2413; x_wconf 79' lang='lat' dir='ltr'><strong>transibit</strong></span> <span class='ocrx_word' id='word_1_289' title='bbox 508 2379 605 2428; x_wconf 84' lang='lat' dir='ltr'><strong>per</strong></span> <span class='ocrx_word' id='word_1_290' title='bbox 627 2370 827 2425; x_wconf 83' lang='lat' dir='ltr'><strong>eam,ct</strong></span> <span class='ocrx_word' id='word_1_291' title='bbox 848 2366 1043 2417; x_wconf 81' lang='lat' dir='ltr'><strong>clausa</strong></span> <span class='ocrx_word' id='word_1_292' title='bbox 1064 2370 1165 2417; x_wconf 82' lang='lat' dir='ltr'><strong>erit</strong></span> <span class='ocrx_word' id='word_1_293' title='bbox 1188 2369 1400 2433; x_wconf 78' lang='lat' dir='ltr'><strong>(Ezech.</strong></span> <span class='ocrx_word' id='word_1_294' title='bbox 1422 2369 1546 2435; x_wconf 72' lang='lat'><strong>44.).</strong></span> <span class='ocrx_word' id='word_1_295' title='bbox 1567 2369 1715 2435; x_wconf 88' lang='lat' dir='ltr'><strong>Quid</strong></span> 
     </span>
    </p>
   </div>
   <div class='ocr_carea' id='block_1_40' title="bbox 85 2452 1716 2526">
    <p class='ocr_par' dir='ltr' id='par_1_40' title="bbox 85 2452 1716 2526">
     <span class='ocr_line' id='line_1_40' title="bbox 85 2452 1716 2526; baseline 0.007 -24"><span class='ocrx_word' id='word_1_296' title='bbox 85 2457 213 2504; x_wconf 85' lang='lat' dir='ltr'><strong>tam</strong></span> <span class='ocrx_word' id='word_1_297' title='bbox 236 2452 480 2504; x_wconf 87' lang='lat' dir='ltr'><strong>evidens</strong></span> <span class='ocrx_word' id='word_1_298' title='bbox 502 2452 574 2505; x_wconf 90' lang='lat' dir='ltr'><strong>de</strong></span> <span class='ocrx_word' id='word_1_299' title='bbox 601 2466 778 2505; x_wconf 89' lang='lat' dir='ltr'><strong>conse</strong></span> <span class='ocrx_word' id='word_1_300' title='bbox 798 2455 1061 2510; x_wconf 87' lang='lat' dir='ltr'><strong>rvatione</strong></span> <span class='ocrx_word' id='word_1_301' title='bbox 1076 2458 1328 2523; x_wconf 87' lang='lat' dir='ltr'><strong>Virginis</strong></span> <span class='ocrx_word' id='word_1_302' title='bbox 1346 2459 1454 2512; x_wconf 92' lang='lat' dir='ltr'><strong>dici</strong></span> <span class='ocrx_word' id='word_1_303' title='bbox 1465 2466 1716 2526; x_wconf 80' lang='lat' dir='ltr'><strong>poterat?</strong></span> 
     </span>
    </p>
   </div>
   <div class='ocr_carea' id='block_1_41' title="bbox 86 2542 1716 2614">
    <p class='ocr_par' dir='ltr' id='par_1_41' title="bbox 86 2542 1716 2614">
     <span class='ocr_line' id='line_1_41' title="bbox 86 2542 1716 2614; baseline 0.006 -20"><span class='ocrx_word' id='word_1_304' title='bbox 86 2542 308 2594; x_wconf 88' lang='lat' dir='ltr'><strong>Clausa</strong></span> <span class='ocrx_word' id='word_1_305' title='bbox 328 2543 437 2594; x_wconf 78' lang='lat' dir='ltr'><strong>fuit</strong></span> <span class='ocrx_word' id='word_1_306' title='bbox 458 2555 526 2595; x_wconf 90' lang='lat' dir='ltr'><strong>ea</strong></span> <span class='ocrx_word' id='word_1_307' title='bbox 547 2542 896 2608; x_wconf 88' lang='lat' dir='ltr'><strong>virginitatis</strong></span> <span class='ocrx_word' id='word_1_308' title='bbox 911 2552 1102 2611; x_wconf 88' lang='lat' dir='ltr'><strong>porta:</strong></span> <span class='ocrx_word' id='word_1_309' title='bbox 1128 2560 1227 2612; x_wconf 91' lang='lat' dir='ltr'><strong>per</strong></span> <span class='ocrx_word' id='word_1_310' title='bbox 1256 2548 1446 2614; x_wconf 89' lang='lat' dir='ltr'><strong>ipsam</strong></span> <span class='ocrx_word' id='word_1_311' title='bbox 1476 2551 1716 2604; x_wconf 87' lang='lat' dir='ltr'><strong>intravit</strong></span> 
     </span>
    </p>
   </div>
   <div class='ocr_carea' id='block_1_42' title="bbox 90 2630 1713 2704">
    <p class='ocr_par' dir='ltr' id='par_1_42' title="bbox 90 2630 1713 2704">
     <span class='ocr_line' id='line_1_42' title="bbox 90 2630 1713 2704; baseline 0.01 -26"><span class='ocrx_word' id='word_1_312' title='bbox 90 2630 199 2695; x_wconf 77' lang='grc' dir='ltr'><strong>[Αἰ.</strong></span> <span class='ocrx_word' id='word_1_313' title='bbox 220 2631 499 2697; x_wconf 87' lang='lat' dir='ltr'><strong>introivit]</strong></span> <span class='ocrx_word' id='word_1_314' title='bbox 516 2633 793 2685; x_wconf 90' lang='lat' dir='ltr'><strong>Dominus</strong></span> <span class='ocrx_word' id='word_1_315' title='bbox 823 2637 979 2687; x_wconf 91' lang='lat' dir='ltr'><strong>Deus</strong></span> <span class='ocrx_word' id='word_1_316' title='bbox 1005 2637 1184 2689; x_wconf 90' lang='lat' dir='ltr'><strong>Israel</strong></span> <span class='ocrx_word' id='word_1_317' title='bbox 1199 2647 1236 2703; x_wconf 74' lang='grc' dir='ltr'><strong>ε,</strong></span> <span class='ocrx_word' id='word_1_318' title='bbox 1249 2640 1544 2704; x_wconf 90' lang='lat' dir='ltr'><strong>peripsam</strong></span> <span class='ocrx_word' id='word_1_319' title='bbox 1557 2641 1713 2694; x_wconf 91' lang='lat' dir='ltr'><strong>hunc</strong></span> 
     </span>
    </p>
   </div>
   <div class='ocr_carea' id='block_1_43' title="bbox 87 2720 1711 2792">
    <p class='ocr_par' dir='ltr' id='par_1_43' title="bbox 87 2720 1711 2792">
     <span class='ocr_line' id='line_1_43' title="bbox 87 2720 1711 2792; baseline 0.007 -22"><span class='ocrx_word' id='word_1_320' title='bbox 87 2720 385 2772; x_wconf 90' lang='lat' dir='ltr'><strong>mundum</strong></span> <span class='ocrx_word' id='word_1_321' title='bbox 408 2721 479 2773; x_wconf 92' lang='lat' dir='ltr'><strong>de</strong></span> <span class='ocrx_word' id='word_1_322' title='bbox 502 2724 667 2774; x_wconf 88' lang='lat' dir='ltr'><strong>utero</strong></span> <span class='ocrx_word' id='word_1_323' title='bbox 692 2723 941 2789; x_wconf 84' lang='lat' dir='ltr'><strong>Virginis</strong></span> <span class='ocrx_word' id='word_1_324' title='bbox 968 2728 1342 2792; x_wconf 86' lang='lat' dir='ltr'><strong>processit,et</strong></span> <span class='ocrx_word' id='word_1_325' title='bbox 1357 2728 1415 2780; x_wconf 89' lang='lat' dir='ltr'><strong>in</strong></span> <span class='ocrx_word' id='word_1_326' title='bbox 1429 2734 1711 2782; x_wconf 66' lang='lat' dir='ltr'><strong>aeternum</strong></span> 
     </span>
    </p>
   </div>
   <div class='ocr_carea' id='block_1_44' title="bbox 87 2811 1705 2883">
    <p class='ocr_par' dir='ltr' id='par_1_44' title="bbox 87 2811 1705 2883">
     <span class='ocr_line' id='line_1_44' title="bbox 87 2811 1705 2883; baseline 0.007 -23"><span class='ocrx_word' id='word_1_327' title='bbox 87 2811 513 2874; x_wconf 81' lang='lat' dir='ltr'><strong>portaVirginis</strong></span> <span class='ocrx_word' id='word_1_328' title='bbox 527 2811 741 2875; x_wconf 88' lang='lat' dir='ltr'><strong>clausa,</strong></span> <span class='ocrx_word' id='word_1_329' title='bbox 762 2819 991 2866; x_wconf 88' lang='lat' dir='ltr'><strong>servata</strong></span> <span class='ocrx_word' id='word_1_330' title='bbox 1006 2815 1357 2882; x_wconf 86' lang='lat' dir='ltr'><strong>virginitate,</strong></span> <span class='ocrx_word' id='word_1_331' title='bbox 1374 2821 1705 2883; x_wconf 87' lang='lat' dir='ltr'><strong>permansit-</strong></span> 
     </span>
    </p>
   </div>
   <div class='ocr_carea' id='block_1_45' title="bbox 91 2898 1712 2967">
    <p class='ocr_par' dir='ltr' id='par_1_45' title="bbox 91 2898 1712 2967">
     <span class='ocr_line' id='line_1_45' title="bbox 91 2898 1712 2967; baseline 0.007 -17"><span class='ocrx_word' id='word_1_332' title='bbox 91 2900 277 2964; x_wconf 86' lang='lat' dir='ltr'><strong>Igitur</strong></span> <span class='ocrx_word' id='word_1_333' title='bbox 309 2898 422 2967; x_wconf 85' lang='lat'><strong>73</strong></span> <span class='ocrx_word' id='word_1_334' title='bbox 450 2901 694 2953; x_wconf 89' lang='lat' dir='ltr'><strong>Sanctus</strong></span> <span class='ocrx_word' id='word_1_335' title='bbox 724 2902 967 2967; x_wconf 86' lang='lat' dir='ltr'><strong>Spiritus</strong></span> <span class='ocrx_word' id='word_1_336' title='bbox 990 2904 1232 2957; x_wconf 88' lang='lat' dir='ltr'><strong>refertur</strong></span> <span class='ocrx_word' id='word_1_337' title='bbox 1256 2906 1567 2961; x_wconf 72' lang='lat' dir='ltr'><strong>dominicze</strong></span> <span class='ocrx_word' id='word_1_338' title='bbox 1588 2922 1712 2963; x_wconf 89' lang='lat' dir='ltr'><strong>car-</strong></span> 
     </span>
    </p>
   </div>
   <div class='ocr_carea' id='block_1_46' title="bbox 93 2988 1711 3061">
    <p class='ocr_par' dir='ltr' id='par_1_46' title="bbox 93 2988 1711 3061">
     <span class='ocr_line' id='line_1_46' title="bbox 93 2988 1711 3061; baseline 0.007 -20"><span class='ocrx_word' id='word_1_339' title='bbox 93 2990 212 3053; x_wconf 89' lang='lat' dir='ltr'><strong>nis,</strong></span> <span class='ocrx_word' id='word_1_340' title='bbox 245 2995 305 3042; x_wconf 91' lang='lat' dir='ltr'><strong>et</strong></span> <span class='ocrx_word' id='word_1_341' title='bbox 342 2988 541 3055; x_wconf 91' lang='lat' dir='ltr'><strong>templi</strong></span> <span class='ocrx_word' id='word_1_342' title='bbox 569 2990 697 3053; x_wconf 87' lang='lat' dir='ltr'><strong>ejus</strong></span> <span class='ocrx_word' id='word_1_343' title='bbox 721 2997 956 3045; x_wconf 88' lang='lat' dir='ltr'><strong>creator.</strong></span> <span class='ocrx_word' id='word_1_344' title='bbox 985 2994 1175 3060; x_wconf 90' lang='lat' dir='ltr'><strong>Incipe</strong></span> <span class='ocrx_word' id='word_1_345' title='bbox 1194 2996 1316 3061; x_wconf 90' lang='lat' dir='ltr'><strong>jam</strong></span> <span class='ocrx_word' id='word_1_346' title='bbox 1340 2997 1477 3051; x_wconf 89' lang='lat' dir='ltr'><strong>hinc</strong></span> <span class='ocrx_word' id='word_1_347' title='bbox 1500 3000 1711 3053; x_wconf 89' lang='lat' dir='ltr'><strong>intelli-</strong></span> 
     </span>
    </p>
   </div>
   <div class='ocr_carea' id='block_1_47' title="bbox 96 3080 1708 3148">
    <p class='ocr_par' dir='ltr' id='par_1_47' title="bbox 96 3080 1708 3148">
     <span class='ocr_line' id='line_1_47' title="bbox 96 3080 1708 3148; baseline 0.007 -17"><span class='ocrx_word' id='word_1_348' title='bbox 96 3092 234 3143; x_wconf 85' lang='lat' dir='ltr'><strong>gere</strong></span> <span class='ocrx_word' id='word_1_349' title='bbox 264 3080 438 3132; x_wconf 89' lang='lat' dir='ltr'><strong>etiam</strong></span> <span class='ocrx_word' id='word_1_350' title='bbox 460 3081 704 3146; x_wconf 88' lang='lat' dir='ltr'><strong>Spiritus</strong></span> <span class='ocrx_word' id='word_1_351' title='bbox 730 3083 921 3135; x_wconf 89' lang='lat' dir='ltr'><strong>Sancti</strong></span> <span class='ocrx_word' id='word_1_352' title='bbox 938 3084 1316 3148; x_wconf 86' lang='lat' dir='ltr'><strong>majestatem.</strong></span> <span class='ocrx_word' id='word_1_353' title='bbox 1338 3088 1708 3143; x_wconf 89' lang='lat' dir='ltr'><strong>Contestatur</strong></span> 
     </span>
    </p>
   </div>
   <div class='ocr_carea' id='block_1_48' title="bbox 1816 1904 3414 1987">
    <p class='ocr_par' dir='ltr' id='par_1_48' title="bbox 1816 1904 3414 1987">
     <span class='ocr_line' id='line_1_48' title="bbox 1816 1904 3414 1987; baseline 0 -28"><span class='ocrx_word' id='word_1_354' title='bbox 1816 1910 1887 1959; x_wconf 89' lang='lat' dir='ltr'><strong>ut</strong></span> <span class='ocrx_word' id='word_1_355' title='bbox 1906 1919 2132 1987; x_wconf 75' lang='lat' dir='ltr'><strong>semper</strong></span> <span class='ocrx_word' id='word_1_356' title='bbox 2156 1904 2269 1974; x_wconf 73' lang='lat'><strong>74</strong></span> <span class='ocrx_word' id='word_1_357' title='bbox 2296 1918 2413 1961; x_wconf 87' lang='lat' dir='ltr'><strong>una</strong></span> <span class='ocrx_word' id='word_1_358' title='bbox 2434 1906 2529 1969; x_wconf 87' lang='lat' dir='ltr'><strong>sit,</strong></span> <span class='ocrx_word' id='word_1_359' title='bbox 2554 1912 2612 1959; x_wconf 87' lang='lat' dir='ltr'><strong>et</strong></span> <span class='ocrx_word' id='word_1_360' title='bbox 2636 1919 2862 1972; x_wconf 89' lang='lat' dir='ltr'><strong>semper</strong></span> <span class='ocrx_word' id='word_1_361' title='bbox 2882 1907 2990 1959; x_wconf 87' lang='lat' dir='ltr'><strong>sibi</strong></span> <span class='ocrx_word' id='word_1_362' title='bbox 3014 1905 3245 1972; x_wconf 85' lang='lat' dir='ltr'><strong>ipsi[Al.</strong></span> <span class='ocrx_word' id='word_1_363' title='bbox 3269 1906 3414 1984; x_wconf 77' lang='lat' dir='ltr'><strong>ipsa)</strong></span> 
     </span>
    </p>
   </div>
   <div class='ocr_carea' id='block_1_49' title="bbox 1815 1984 3414 2063">
    <p class='ocr_par' dir='ltr' id='par_1_49' title="bbox 1815 1984 3414 2063">
     <span class='ocr_line' id='line_1_49' title="bbox 1815 1984 3414 2063; baseline 0.001 -16"><span class='ocrx_word' id='word_1_364' title='bbox 1815 1984 2125 2063; x_wconf 70' lang='lat' dir='ltr'><strong>nascendo,</strong></span> <span class='ocrx_word' id='word_1_365' title='bbox 2148 1996 2241 2050; x_wconf 87' lang='lat' dir='ltr'><strong>vel</strong></span> <span class='ocrx_word' id='word_1_366' title='bbox 2262 1996 2616 2049; x_wconf 86' lang='lat' dir='ltr'><strong>renascendo</strong></span> <span class='ocrx_word' id='word_1_367' title='bbox 2636 1995 2950 2049; x_wconf 81' lang='lat' dir='ltr'><strong>succedat?</strong></span> <span class='ocrx_word' id='word_1_368' title='bbox 2973 1998 3127 2061; x_wconf 87' lang='lat' dir='ltr'><strong>Apes</strong></span> <span class='ocrx_word' id='word_1_369' title='bbox 3144 2001 3295 2049; x_wconf 88' lang='lat' dir='ltr'><strong>certe</strong></span> <span class='ocrx_word' id='word_1_370' title='bbox 3312 2008 3414 2048; x_wconf 80' lang='lat' dir='ltr'><strong>ne-</strong></span> 
     </span>
    </p>
   </div>
   <div class='ocr_carea' id='block_1_50' title="bbox 1817 2082 3405 2150">
    <p class='ocr_par' dir='ltr' id='par_1_50' title="bbox 1817 2082 3405 2150">
     <span class='ocr_line' id='line_1_50' title="bbox 1817 2082 3405 2150; baseline 0 -13"><span class='ocrx_word' id='word_1_371' title='bbox 1817 2082 1964 2137; x_wconf 86' lang='lat' dir='ltr'><strong>scire</strong></span> <span class='ocrx_word' id='word_1_372' title='bbox 1995 2086 2276 2150; x_wconf 87' lang='lat' dir='ltr'><strong>conjugia,</strong></span> <span class='ocrx_word' id='word_1_373' title='bbox 2300 2098 2407 2137; x_wconf 90' lang='lat' dir='ltr'><strong>nec</strong></span> <span class='ocrx_word' id='word_1_374' title='bbox 2447 2084 2622 2138; x_wconf 77' lang='lat' dir='ltr'><strong>fcetus</strong></span> <span class='ocrx_word' id='word_1_375' title='bbox 2653 2085 2889 2137; x_wconf 80' lang='lat' dir='ltr'><strong>nixibus</strong></span> <span class='ocrx_word' id='word_1_376' title='bbox 2921 2084 3105 2149; x_wconf 87' lang='lat' dir='ltr'><strong>edere,</strong></span> <span class='ocrx_word' id='word_1_377' title='bbox 3131 2085 3405 2137; x_wconf 90' lang='lat' dir='ltr'><strong>omnibus</strong></span> 
     </span>
    </p>
   </div>
   <div class='ocr_carea' id='block_1_51' title="bbox 1814 2173 3409 2239">
    <p class='ocr_par' dir='ltr' id='par_1_51' title="bbox 1814 2173 3409 2239">
     <span class='ocr_line' id='line_1_51' title="bbox 1814 2173 3409 2239; baseline -0.001 -13"><span class='ocrx_word' id='word_1_378' title='bbox 1814 2173 2004 2239; x_wconf 86' lang='lat' dir='ltr'><strong>palam</strong></span> <span class='ocrx_word' id='word_1_379' title='bbox 2033 2179 2137 2226; x_wconf 91' lang='lat' dir='ltr'><strong>est.</strong></span> <span class='ocrx_word' id='word_1_380' title='bbox 2164 2174 2274 2227; x_wconf 91' lang='lat' dir='ltr'><strong>Sed</strong></span> <span class='ocrx_word' id='word_1_381' title='bbox 2297 2178 2356 2226; x_wconf 91' lang='lat' dir='ltr'><strong>et</strong></span> <span class='ocrx_word' id='word_1_382' title='bbox 2377 2174 2487 2226; x_wconf 90' lang='lat' dir='ltr'><strong>alia</strong></span> <span class='ocrx_word' id='word_1_383' title='bbox 2512 2173 2752 2226; x_wconf 87' lang='lat' dir='ltr'><strong>nonulla</strong></span> <span class='ocrx_word' id='word_1_384' title='bbox 2773 2174 3276 2238; x_wconf 86' lang='lat' dir='ltr'><strong>deprehenduntur</strong></span> <span class='ocrx_word' id='word_1_385' title='bbox 3299 2174 3409 2225; x_wconf 91' lang='lat' dir='ltr'><strong>sub</strong></span> 
     </span>
    </p>
   </div>
   <div class='ocr_carea' id='block_1_52' title="bbox 1815 2262 3411 2328">
    <p class='ocr_par' dir='ltr' id='par_1_52' title="bbox 1815 2262 3411 2328">
     <span class='ocr_line' id='line_1_52' title="bbox 1815 2262 3411 2328; baseline 0 -13"><span class='ocrx_word' id='word_1_386' title='bbox 1815 2263 2180 2328; x_wconf 74' lang='lat' dir='ltr'><strong>&#39;hujusmodi</strong></span> <span class='ocrx_word' id='word_1_387' title='bbox 2223 2268 2377 2315; x_wconf 89' lang='lat' dir='ltr'><strong>sorte</strong></span> <span class='ocrx_word' id='word_1_388' title='bbox 2419 2262 2714 2315; x_wconf 87' lang='lat' dir='ltr'><strong>nascendi.</strong></span> <span class='ocrx_word' id='word_1_389' title='bbox 2762 2264 2884 2314; x_wconf 91' lang='lat' dir='ltr'><strong>Hoc</strong></span> <span class='ocrx_word' id='word_1_390' title='bbox 2918 2275 3054 2327; x_wconf 86' lang='lat' dir='ltr'><strong>ergo</strong></span> <span class='ocrx_word' id='word_1_391' title='bbox 3083 2262 3411 2315; x_wconf 89' lang='lat' dir='ltr'><strong>incredibile</strong></span> 
     </span>
    </p>
   </div>
   <div class='ocr_carea' id='block_1_53' title="bbox 1814 2351 3413 2416">
    <p class='ocr_par' dir='ltr' id='par_1_53' title="bbox 1814 2351 3413 2416">
     <span class='ocr_line' id='line_1_53' title="bbox 1814 2351 3413 2416; baseline -0.001 -11"><span class='ocrx_word' id='word_1_392' title='bbox 1814 2352 2103 2405; x_wconf 87' lang='lat' dir='ltr'><strong>videbitur</strong></span> <span class='ocrx_word' id='word_1_393' title='bbox 2113 2352 2309 2405; x_wconf 84' lang='lat' dir='ltr'><strong>divina</strong></span> <span class='ocrx_word' id='word_1_394' title='bbox 2320 2352 2528 2404; x_wconf 89' lang='lat' dir='ltr'><strong>virtute</strong></span> <span class='ocrx_word' id='word_1_395' title='bbox 2542 2352 2613 2403; x_wconf 88' lang='lat' dir='ltr'><strong>ad</strong></span> <span class='ocrx_word' id='word_1_396' title='bbox 2629 2351 2801 2404; x_wconf 90' lang='lat' dir='ltr'><strong>totius</strong></span> <span class='ocrx_word' id='word_1_397' title='bbox 2814 2351 3014 2403; x_wconf 90' lang='lat' dir='ltr'><strong>mundi</strong></span> <span class='ocrx_word' id='word_1_398' title='bbox 3026 2351 3413 2416; x_wconf 83' lang='lat' dir='ltr'><strong>reintegratio-</strong></span> 
     </span>
    </p>
   </div>
   <div class='ocr_carea' id='block_1_54' title="bbox 1812 2440 3409 2506">
    <p class='ocr_par' dir='ltr' id='par_1_54' title="bbox 1812 2440 3409 2506">
     <span class='ocr_line' id='line_1_54' title="bbox 1812 2440 3409 2506; baseline -0.001 -12"><span class='ocrx_word' id='word_1_399' title='bbox 1812 2454 1950 2494; x_wconf 90' lang='lat' dir='ltr'><strong>nem</strong></span> <span class='ocrx_word' id='word_1_400' title='bbox 1973 2441 2300 2506; x_wconf 87' lang='lat' dir='ltr'><strong>factum,cuj</strong></span> <span class='ocrx_word' id='word_1_401' title='bbox 2308 2454 2380 2493; x_wconf 93' lang='lat' dir='ltr'><strong>us</strong></span> <span class='ocrx_word' id='word_1_402' title='bbox 2398 2441 2661 2506; x_wconf 88' lang='lat' dir='ltr'><strong>exempla</strong></span> <span class='ocrx_word' id='word_1_403' title='bbox 2681 2442 2850 2492; x_wconf 88' lang='lat' dir='ltr'><strong>etiam</strong></span> <span class='ocrx_word' id='word_1_404' title='bbox 2866 2440 2927 2492; x_wconf 93' lang='lat' dir='ltr'><strong>in</strong></span> <span class='ocrx_word' id='word_1_405' title='bbox 2947 2440 3283 2493; x_wconf 89' lang='lat' dir='ltr'><strong>animalium</strong></span> <span class='ocrx_word' id='word_1_406' title='bbox 3301 2452 3409 2492; x_wconf 91' lang='lat' dir='ltr'><strong>na-</strong></span> 
     </span>
    </p>
   </div>
   <div class='ocr_carea' id='block_1_55' title="bbox 1812 2529 3407 2593">
    <p class='ocr_par' dir='ltr' id='par_1_55' title="bbox 1812 2529 3407 2593">
     <span class='ocr_line' id='line_1_55' title="bbox 1812 2529 3407 2593; baseline -0.001 -12"><span class='ocrx_word' id='word_1_407' title='bbox 1812 2531 2037 2582; x_wconf 87' lang='lat' dir='ltr'><strong>tivitate</strong></span> <span class='ocrx_word' id='word_1_408' title='bbox 2049 2534 2364 2582; x_wconf 91' lang='lat' dir='ltr'><strong>cernuntur</strong></span> <span class='ocrx_word' id='word_1_409' title='bbox 2377 2532 2403 2580; x_wconf 65' lang='grc' dir='ltr'><strong>*ἲ</strong></span> <span class='ocrx_word' id='word_1_410' title='bbox 2415 2533 2483 2582; x_wconf 87' lang='grc' dir='ltr'>Ει</span> <span class='ocrx_word' id='word_1_411' title='bbox 2496 2533 2684 2582; x_wconf 79' lang='lat' dir='ltr'><strong>tamen</strong></span> <span class='ocrx_word' id='word_1_412' title='bbox 2699 2529 2923 2581; x_wconf 90' lang='lat' dir='ltr'><strong>mirand</strong></span> <span class='ocrx_word' id='word_1_413' title='bbox 2931 2543 3027 2580; x_wconf 92' lang='lat' dir='ltr'><strong>um</strong></span> <span class='ocrx_word' id='word_1_414' title='bbox 3042 2534 3129 2581; x_wconf 91' lang='lat' dir='ltr'><strong>est</strong></span> <span class='ocrx_word' id='word_1_415' title='bbox 3144 2531 3205 2593; x_wconf 85' lang='grc' dir='ltr'><strong>[Α</strong></span> <span class='ocrx_word' id='word_1_416' title='bbox 3215 2530 3247 2580; x_wconf 87' lang='grc' dir='ltr'>ι.</span> <span class='ocrx_word' id='word_1_417' title='bbox 3267 2534 3407 2579; x_wconf 84' lang='lat' dir='ltr'><strong>tace-</strong></span> 
     </span>
    </p>
   </div>
   <div class='ocr_carea' id='block_1_56' title="bbox 1812 2618 3406 2683">
    <p class='ocr_par' dir='ltr' id='par_1_56' title="bbox 1812 2618 3406 2683">
     <span class='ocr_line' id='line_1_56' title="bbox 1812 2618 3406 2683; baseline 0.001 -15"><span class='ocrx_word' id='word_1_418' title='bbox 1812 2625 1903 2669; x_wconf 87' lang='lat' dir='ltr'><strong>tur</strong></span> <span class='ocrx_word' id='word_1_419' title='bbox 1939 2619 2066 2683; x_wconf 87' lang='lat' dir='ltr'><strong>est],</strong></span> <span class='ocrx_word' id='word_1_420' title='bbox 2104 2632 2207 2670; x_wconf 90' lang='lat' dir='ltr'><strong>cur</strong></span> <span class='ocrx_word' id='word_1_421' title='bbox 2242 2619 2351 2671; x_wconf 93' lang='lat' dir='ltr'><strong>hoc</strong></span> <span class='ocrx_word' id='word_1_422' title='bbox 2383 2619 2704 2671; x_wconf 87' lang='lat' dir='ltr'><strong>Gentilibus</strong></span> <span class='ocrx_word' id='word_1_423' title='bbox 2740 2618 3093 2683; x_wconf 86' lang='lat' dir='ltr'><strong>impossibile</strong></span> <span class='ocrx_word' id='word_1_424' title='bbox 3127 2619 3406 2678; x_wconf 89' lang='lat' dir='ltr'><strong>videatur,</strong></span> 
     </span>
    </p>
   </div>
   <div class='ocr_carea' id='block_1_57' title="bbox 1812 2707 3403 2772">
    <p class='ocr_par' dir='ltr' id='par_1_57' title="bbox 1812 2707 3403 2772">
     <span class='ocr_line' id='line_1_57' title="bbox 1812 2707 3403 2772; baseline 0 -14"><span class='ocrx_word' id='word_1_425' title='bbox 1812 2709 1912 2772; x_wconf 84' lang='lat' dir='ltr'><strong>qui</strong></span> <span class='ocrx_word' id='word_1_426' title='bbox 1941 2708 2183 2760; x_wconf 89' lang='lat' dir='ltr'><strong>credunt</strong></span> <span class='ocrx_word' id='word_1_427' title='bbox 2196 2708 2505 2760; x_wconf 80' lang='lat' dir='ltr'><strong>Minervam</strong></span> <span class='ocrx_word' id='word_1_428' title='bbox 2522 2720 2688 2759; x_wconf 90' lang='lat' dir='ltr'><strong>suam</strong></span> <span class='ocrx_word' id='word_1_429' title='bbox 2704 2707 2775 2759; x_wconf 93' lang='lat' dir='ltr'><strong>de</strong></span> <span class='ocrx_word' id='word_1_430' title='bbox 2787 2709 3018 2760; x_wconf 87' lang='lat' dir='ltr'><strong>cerebro</strong></span> <span class='ocrx_word' id='word_1_431' title='bbox 3035 2709 3067 2759; x_wconf 87' lang='lat' dir='ltr'><strong>J</strong></span> <span class='ocrx_word' id='word_1_432' title='bbox 3073 2707 3198 2759; x_wconf 90' lang='lat' dir='ltr'><strong>ovis</strong></span> <span class='ocrx_word' id='word_1_433' title='bbox 3210 2708 3403 2758; x_wconf 90' lang='lat' dir='ltr'><strong>natam</strong></span> 
     </span>
    </p>
   </div>
   <div class='ocr_carea' id='block_1_58' title="bbox 1812 2796 3405 2860">
    <p class='ocr_par' dir='ltr' id='par_1_58' title="bbox 1812 2796 3405 2860">
     <span class='ocr_line' id='line_1_58' title="bbox 1812 2796 3405 2860; baseline -0.001 -12"><span class='ocrx_word' id='word_1_434' title='bbox 1812 2796 1960 2860; x_wconf 88' lang='lat' dir='ltr'><strong>Quid</strong></span> <span class='ocrx_word' id='word_1_435' title='bbox 2013 2796 2086 2848; x_wconf 89' lang='lat' dir='ltr'><strong>ad</strong></span> <span class='ocrx_word' id='word_1_436' title='bbox 2131 2797 2482 2849; x_wconf 89' lang='lat' dir='ltr'><strong>credendum</strong></span> <span class='ocrx_word' id='word_1_437' title='bbox 2523 2797 2842 2856; x_wconf 79' lang='lat' dir='ltr'><strong>difﬁcilius,</strong></span> <span class='ocrx_word' id='word_1_438' title='bbox 2885 2801 2989 2848; x_wconf 90' lang='lat' dir='ltr'><strong>aut</strong></span> <span class='ocrx_word' id='word_1_439' title='bbox 3036 2796 3176 2860; x_wconf 90' lang='lat' dir='ltr'><strong>quid</strong></span> <span class='ocrx_word' id='word_1_440' title='bbox 3222 2796 3405 2859; x_wconf 78' lang='lat' dir='ltr'><strong>magis</strong></span> 
     </span>
    </p>
   </div>
   <div class='ocr_carea' id='block_1_59' title="bbox 1811 2885 3403 2947">
    <p class='ocr_par' dir='ltr' id='par_1_59' title="bbox 1811 2885 3403 2947">
     <span class='ocr_line' id='line_1_59' title="bbox 1811 2885 3403 2947; baseline 0 -10"><span class='ocrx_word' id='word_1_441' title='bbox 1811 2890 2010 2939; x_wconf 88' lang='lat' dir='ltr'><strong>contra</strong></span> <span class='ocrx_word' id='word_1_442' title='bbox 2050 2890 2321 2938; x_wconf 86' lang='lat' dir='ltr'><strong>naturam</strong></span> <span class='ocrx_word' id='word_1_443' title='bbox 2364 2886 2500 2939; x_wconf 84' lang='lat' dir='ltr'><strong>est?</strong></span> <span class='ocrx_word' id='word_1_444' title='bbox 2546 2887 2652 2938; x_wconf 88' lang='lat' dir='ltr'><strong>Hic</strong></span> <span class='ocrx_word' id='word_1_445' title='bbox 2696 2886 2909 2938; x_wconf 88' lang='lat' dir='ltr'><strong>femina</strong></span> <span class='ocrx_word' id='word_1_446' title='bbox 2933 2890 3037 2947; x_wconf 88' lang='lat' dir='ltr'><strong>est,</strong></span> <span class='ocrx_word' id='word_1_447' title='bbox 3063 2885 3156 2937; x_wconf 93' lang='lat' dir='ltr'><strong>hic</strong></span> <span class='ocrx_word' id='word_1_448' title='bbox 3178 2889 3403 2937; x_wconf 77' lang='lat' dir='ltr'><strong>naturae</strong></span> 
     </span>
    </p>
   </div>
   <div class='ocr_carea' id='block_1_60' title="bbox 1810 2974 3404 3040">
    <p class='ocr_par' dir='ltr' id='par_1_60' title="bbox 1810 2974 3404 3040">
     <span class='ocr_line' id='line_1_60' title="bbox 1810 2974 3404 3040; baseline -0.003 -12"><span class='ocrx_word' id='word_1_449' title='bbox 1810 2975 1949 3029; x_wconf 91' lang='lat' dir='ltr'><strong>ordo</strong></span> <span class='ocrx_word' id='word_1_450' title='bbox 2001 2980 2281 3040; x_wconf 90' lang='lat' dir='ltr'><strong>servatur,</strong></span> <span class='ocrx_word' id='word_1_451' title='bbox 2324 2976 2417 3028; x_wconf 90' lang='lat' dir='ltr'><strong>hic</strong></span> <span class='ocrx_word' id='word_1_452' title='bbox 2447 2980 2777 3040; x_wconf 87' lang='lat' dir='ltr'><strong>conceptus,</strong></span> <span class='ocrx_word' id='word_1_453' title='bbox 2816 2975 2909 3026; x_wconf 92' lang='lat' dir='ltr'><strong>hic</strong></span> <span class='ocrx_word' id='word_1_454' title='bbox 2940 2974 3045 3038; x_wconf 83' lang='grc' dir='ltr'><strong>[Αι.</strong></span> <span class='ocrx_word' id='word_1_455' title='bbox 3084 2974 3160 3037; x_wconf 90' lang='lat' dir='ltr'><strong>et]</strong></span> <span class='ocrx_word' id='word_1_456' title='bbox 3203 2977 3404 3038; x_wconf 88' lang='lat' dir='ltr'><strong>partus</strong></span> 
     </span>
    </p>
   </div>
   <div class='ocr_carea' id='block_1_61' title="bbox 1808 3063 3403 3130">
    <p class='ocr_par' dir='ltr' id='par_1_61' title="bbox 1808 3063 3403 3130">
     <span class='ocr_line' id='line_1_61' title="bbox 1808 3063 3403 3130; baseline -0.004 -12"><span class='ocrx_word' id='word_1_457' title='bbox 1808 3066 2161 3130; x_wconf 83' lang='lat' dir='ltr'><strong>temporibus</strong></span> <span class='ocrx_word' id='word_1_458' title='bbox 2173 3065 2294 3117; x_wconf 89' lang='lat' dir='ltr'><strong>suis</strong></span> <span class='ocrx_word' id='word_1_459' title='bbox 2310 3065 2512 3117; x_wconf 87' lang='lat' dir='ltr'><strong>editur:</strong></span> <span class='ocrx_word' id='word_1_460' title='bbox 2521 3065 2617 3117; x_wconf 92' lang='lat' dir='ltr'><strong>ubi</strong></span> <span class='ocrx_word' id='word_1_461' title='bbox 2632 3077 2921 3128; x_wconf 85' lang='lat' dir='ltr'><strong>nusquam</strong></span> <span class='ocrx_word' id='word_1_462' title='bbox 2933 3063 3219 3117; x_wconf 89' lang='lat' dir='ltr'><strong>femineus</strong></span> <span class='ocrx_word' id='word_1_463' title='bbox 3233 3078 3403 3126; x_wconf 83' lang='lat' dir='ltr'><strong>sexus,</strong></span> 
     </span>
    </p>
   </div>
   <div class='ocr_carea' id='block_1_62' title="bbox 98 3152 3408 3251">
    <p class='ocr_par' dir='ltr' id='par_1_62' title="bbox 98 3152 3408 3251">
     <span class='ocr_line' id='line_1_62' title="bbox 98 3152 3408 3251; baseline 0.005 -32"><span class='ocrx_word' id='word_1_464' title='bbox 98 3168 259 3220; x_wconf 91' lang='lat' dir='ltr'><strong>enim</strong></span> <span class='ocrx_word' id='word_1_465' title='bbox 297 3173 356 3221; x_wconf 91' lang='lat' dir='ltr'><strong>et</strong></span> <span class='ocrx_word' id='word_1_466' title='bbox 384 3171 764 3235; x_wconf 88' lang='lat' dir='ltr'><strong>Evangelicus</strong></span> <span class='ocrx_word' id='word_1_467' title='bbox 798 3184 984 3224; x_wconf 89' lang='lat' dir='ltr'><strong>sermo</strong></span> <span class='ocrx_word' id='word_1_468' title='bbox 1017 3173 1087 3225; x_wconf 92' lang='lat' dir='ltr'><strong>de</strong></span> <span class='ocrx_word' id='word_1_469' title='bbox 1109 3174 1253 3239; x_wconf 90' lang='lat' dir='ltr'><strong>ipso,</strong></span> <span class='ocrx_word' id='word_1_470' title='bbox 1280 3177 1433 3240; x_wconf 90' lang='lat' dir='ltr'><strong>quod</strong></span> <span class='ocrx_word' id='word_1_471' title='bbox 1457 3191 1591 3230; x_wconf 90' lang='lat' dir='ltr'><strong>cum</strong></span> <span class='ocrx_word' id='word_1_472' title='bbox 1612 3180 1697 3231; x_wconf 88' lang='lat' dir='ltr'><strong>lo-</strong></span> <span class='ocrx_word' id='word_1_473' title='bbox 1721 3177 1766 3251; x_wconf 73' lang='grc' dir='ltr'><strong>ρ</strong></span> <span class='ocrx_word' id='word_1_474' title='bbox 1805 3154 1908 3206; x_wconf 69' lang='lat' dir='ltr'><strong>sed</strong></span> <span class='ocrx_word' id='word_1_475' title='bbox 1932 3154 2197 3251; x_wconf 50' lang='grc' dir='ltr'><strong>νίῖξοιυῗ</strong></span> <span class='ocrx_word' id='word_1_476' title='bbox 2219 3159 2277 3251; x_wconf 61' lang='lat' dir='ltr'><strong>et}</strong></span> <span class='ocrx_word' id='word_1_477' title='bbox 2306 3154 2772 3251; x_wconf 37' lang='lat' dir='ltr'><strong>Pinge?“</strong></span> <span class='ocrx_word' id='word_1_478' title='bbox 2794 3154 3003 3215; x_wconf 58' lang='lat' dir='ltr'><strong>credit’</strong></span> <span class='ocrx_word' id='word_1_479' title='bbox 3036 3166 3138 3251; x_wconf 53' lang='grc' dir='ltr'><strong>ΨΥ</strong></span> <span class='ocrx_word' id='word_1_480' title='bbox 3162 3153 3276 3251; x_wconf 42' lang='lat' dir='ltr'><strong>is?</strong></span> <span class='ocrx_word' id='word_1_481' title='bbox 3294 3152 3408 3251; x_wconf 39' lang='lat' dir='ltr'><strong>mi?</strong></span> 
     </span>
    </p>
   </div>
   <div class='ocr_carea' id='block_1_63' title="bbox 105 3257 1700 3333">
    <p class='ocr_par' dir='ltr' id='par_1_63' title="bbox 105 3257 1700 3333">
     <span class='ocr_line' id='line_1_63' title="bbox 105 3257 1700 3333; baseline 0.007 -24"><span class='ocrx_word' id='word_1_482' title='bbox 105 3257 311 3321; x_wconf 89' lang='lat' dir='ltr'><strong>quenti</strong></span> <span class='ocrx_word' id='word_1_483' title='bbox 335 3259 555 3324; x_wconf 89' lang='lat' dir='ltr'><strong>Angelo</strong></span> <span class='ocrx_word' id='word_1_484' title='bbox 579 3259 651 3312; x_wconf 88' lang='lat' dir='ltr'><strong>ad</strong></span> <span class='ocrx_word' id='word_1_485' title='bbox 674 3260 985 3325; x_wconf 87' lang='lat' dir='ltr'><strong>Virginem,</strong></span> <span class='ocrx_word' id='word_1_486' title='bbox 1017 3266 1076 3314; x_wconf 92' lang='lat' dir='ltr'><strong>et</strong></span> <span class='ocrx_word' id='word_1_487' title='bbox 1096 3263 1327 3329; x_wconf 91' lang='lat' dir='ltr'><strong>dicenti,</strong></span> <span class='ocrx_word' id='word_1_488' title='bbox 1354 3267 1498 3327; x_wconf 87' lang='lat' dir='ltr'><strong>Quia</strong></span> <span class='ocrx_word' id='word_1_489' title='bbox 1515 3271 1700 3333; x_wconf 81' lang='lat' dir='ltr'><strong>paries</strong></span> 
     </span>
    </p>
   </div>
   <div class='ocr_carea' id='block_1_64' title="bbox 102 3346 1703 3415">
    <p class='ocr_par' dir='ltr' id='par_1_64' title="bbox 102 3346 1703 3415">
     <span class='ocr_line' id='line_1_64' title="bbox 102 3346 1703 3415; baseline 0.009 -20"><span class='ocrx_word' id='word_1_490' title='bbox 102 3347 311 3410; x_wconf 80' lang='lat' dir='ltr'><strong>ﬁlium,</strong></span> <span class='ocrx_word' id='word_1_491' title='bbox 332 3352 378 3397; x_wconf 83' lang='lat' dir='ltr'><strong>et</strong></span> <span class='ocrx_word' id='word_1_492' title='bbox 394 3346 599 3398; x_wconf 79' lang='lat' dir='ltr'><strong>vocabis</strong></span> <span class='ocrx_word' id='word_1_493' title='bbox 621 3364 818 3400; x_wconf 85' lang='lat' dir='ltr'><strong>nomen</strong></span> <span class='ocrx_word' id='word_1_494' title='bbox 839 3350 954 3415; x_wconf 84' lang='lat' dir='ltr'><strong>ejus</strong></span> <span class='ocrx_word' id='word_1_495' title='bbox 980 3351 1199 3403; x_wconf 81' lang='lat' dir='ltr'><strong>Jcsum:</strong></span> <span class='ocrx_word' id='word_1_496' title='bbox 1228 3354 1315 3404; x_wconf 84' lang='lat' dir='ltr'><strong>hic</strong></span> <span class='ocrx_word' id='word_1_497' title='bbox 1333 3357 1703 3409; x_wconf 83' lang='lat' dir='ltr'><strong>enimsatvum</strong></span> 
     </span>
    </p>
   </div>
   <div class='ocr_carea' id='block_1_65' title="bbox 101 3437 1702 3508">
    <p class='ocr_par' dir='ltr' id='par_1_65' title="bbox 101 3437 1702 3508">
     <span class='ocr_line' id='line_1_65' title="bbox 101 3437 1702 3508; baseline 0.01 -23"><span class='ocrx_word' id='word_1_498' title='bbox 101 3437 266 3499; x_wconf 82' lang='lat' dir='ltr'><strong>faciet</strong></span> <span class='ocrx_word' id='word_1_499' title='bbox 311 3438 581 3503; x_wconf 83' lang='lat' dir='ltr'><strong>populum</strong></span> <span class='ocrx_word' id='word_1_500' title='bbox 616 3455 652 3489; x_wconf 90' lang='lat' dir='ltr'><strong>a</strong></span> <span class='ocrx_word' id='word_1_501' title='bbox 680 3441 906 3504; x_wconf 78' lang='lat' dir='ltr'><strong>peccatis</strong></span> <span class='ocrx_word' id='word_1_502' title='bbox 939 3442 1053 3490; x_wconf 86' lang='lat' dir='ltr'><strong>suis</strong></span> <span class='ocrx_word' id='word_1_503' title='bbox 1088 3442 1253 3506; x_wconf 87' lang='lat' dir='ltr'><strong>(Matt.</strong></span> <span class='ocrx_word' id='word_1_504' title='bbox 1289 3444 1382 3508; x_wconf 87' lang='grc'>1.),</span> <span class='ocrx_word' id='word_1_505' title='bbox 1407 3445 1428 3475; x_wconf 71' lang='grc'><em>⁸</em></span> <span class='ocrx_word' id='word_1_506' title='bbox 1454 3446 1552 3499; x_wconf 90' lang='lat' dir='ltr'><strong>illa</strong></span> <span class='ocrx_word' id='word_1_507' title='bbox 1582 3461 1702 3501; x_wconf 83' lang='lat' dir='ltr'><strong>res-</strong></span> 
     </span>
    </p>
   </div>
   <div class='ocr_carea' id='block_1_66' title="bbox 103 3526 1703 3597">
    <p class='ocr_par' dir='ltr' id='par_1_66' title="bbox 103 3526 1703 3597">
     <span class='ocr_line' id='line_1_66' title="bbox 103 3526 1703 3597; baseline 0.006 -19"><span class='ocrx_word' id='word_1_508' title='bbox 103 3526 427 3591; x_wconf 89' lang='lat' dir='ltr'><strong>pondisset,</strong></span> <span class='ocrx_word' id='word_1_509' title='bbox 465 3529 740 3587; x_wconf 85' lang='lat' dir='ltr'><strong>Quomodo</strong></span> <span class='ocrx_word' id='word_1_510' title='bbox 767 3531 855 3593; x_wconf 77' lang='lat' dir='ltr'><strong>fiet</strong></span> <span class='ocrx_word' id='word_1_511' title='bbox 897 3531 1061 3591; x_wconf 82' lang='lat' dir='ltr'><strong>istud,</strong></span> <span class='ocrx_word' id='word_1_512' title='bbox 1098 3534 1363 3597; x_wconf 85' lang='lat' dir='ltr'><strong>quoniam</strong></span> <span class='ocrx_word' id='word_1_513' title='bbox 1385 3536 1568 3585; x_wconf 84' lang='lat' dir='ltr'><strong>virum</strong></span> <span class='ocrx_word' id='word_1_514' title='bbox 1587 3552 1703 3587; x_wconf 84' lang='lat' dir='ltr'><strong>non</strong></span> 
     </span>
    </p>
   </div>
   <div class='ocr_carea' id='block_1_67' title="bbox 101 3616 1701 3690">
    <p class='ocr_par' dir='ltr' id='par_1_67' title="bbox 101 3616 1701 3690">
     <span class='ocr_line' id='line_1_67' title="bbox 101 3616 1701 3690; baseline 0.007 -26"><span class='ocrx_word' id='word_1_515' title='bbox 101 3631 356 3680; x_wconf 86' lang='lat' dir='ltr'><strong>cognosco</strong></span> <span class='ocrx_word' id='word_1_516' title='bbox 382 3616 525 3680; x_wconf 86' lang='lat' dir='ltr'><strong>(Luc.</strong></span> <span class='ocrx_word' id='word_1_517' title='bbox 550 3616 602 3672; x_wconf 86' lang='grc'><strong>1.</strong></span> <span class='ocrx_word' id='word_1_518' title='bbox 627 3616 718 3680; x_wconf 89' lang='lat'><strong>3.).</strong></span> <span class='ocrx_word' id='word_1_519' title='bbox 760 3620 830 3669; x_wconf 85' lang='lat' dir='ltr'><strong>Et</strong></span> <span class='ocrx_word' id='word_1_520' title='bbox 848 3618 1059 3672; x_wconf 75' lang='lat' dir='ltr'><strong>dixerit</strong></span> <span class='ocrx_word' id='word_1_521' title='bbox 1080 3622 1338 3686; x_wconf 83' lang='lat' dir='ltr'><strong>Angelus</strong></span> <span class='ocrx_word' id='word_1_522' title='bbox 1361 3624 1430 3688; x_wconf 89' lang='lat' dir='ltr'><strong>ei,</strong></span> <span class='ocrx_word' id='word_1_523' title='bbox 1459 3625 1701 3690; x_wconf 79' lang='lat' dir='ltr'><strong>Spiritus</strong></span> 
     </span>
    </p>
   </div>
   <div class='ocr_carea' id='block_1_68' title="bbox 106 3706 1702 3772">
    <p class='ocr_par' dir='ltr' id='par_1_68' title="bbox 106 3706 1702 3772">
     <span class='ocr_line' id='line_1_68' title="bbox 106 3706 1702 3772; baseline 0.006 -16"><span class='ocrx_word' id='word_1_524' title='bbox 106 3706 342 3757; x_wconf 82' lang='lat' dir='ltr'><strong>Sanctus</strong></span> <span class='ocrx_word' id='word_1_525' title='bbox 364 3707 534 3756; x_wconf 78' lang='lat' dir='ltr'><strong>veniet</strong></span> <span class='ocrx_word' id='word_1_526' title='bbox 555 3722 715 3772; x_wconf 81' lang='lat' dir='ltr'><strong>super</strong></span> <span class='ocrx_word' id='word_1_527' title='bbox 737 3713 799 3769; x_wconf 87' lang='lat' dir='ltr'><strong>te,</strong></span> <span class='ocrx_word' id='word_1_528' title='bbox 821 3713 866 3758; x_wconf 85' lang='lat' dir='ltr'><strong>et</strong></span> <span class='ocrx_word' id='word_1_529' title='bbox 895 3710 1064 3760; x_wconf 83' lang='lat' dir='ltr'><strong>virtus</strong></span> <span class='ocrx_word' id='word_1_530' title='bbox 1086 3711 1339 3762; x_wconf 81' lang='lat' dir='ltr'><strong>altissimi</strong></span> <span class='ocrx_word' id='word_1_531' title='bbox 1367 3713 1702 3765; x_wconf 85' lang='lat' dir='ltr'><strong>obumbrabit</strong></span> 
     </span>
    </p>
   </div>
   <div class='ocr_carea' id='block_1_69' title="bbox 106 3793 1703 3863">
    <p class='ocr_par' dir='ltr' id='par_1_69' title="bbox 106 3793 1703 3863">
     <span class='ocr_line' id='line_1_69' title="bbox 106 3793 1703 3863; baseline 0.006 -19"><span class='ocrx_word' id='word_1_532' title='bbox 106 3793 201 3845; x_wconf 86' lang='lat' dir='ltr'><strong>tibi</strong></span> <span class='ocrx_word' id='word_1_533' title='bbox 227 3810 243 3844; x_wconf 92' lang='lat'><strong><em>:</em></strong></span> <span class='ocrx_word' id='word_1_534' title='bbox 264 3799 311 3844; x_wconf 85' lang='lat' dir='ltr'><strong>et</strong></span> <span class='ocrx_word' id='word_1_535' title='bbox 332 3794 450 3845; x_wconf 83' lang='lat' dir='ltr'><strong>ideo</strong></span> <span class='ocrx_word' id='word_1_536' title='bbox 467 3797 611 3859; x_wconf 85' lang='lat' dir='ltr'><strong>quod</strong></span> <span class='ocrx_word' id='word_1_537' title='bbox 621 3802 945 3848; x_wconf 76' lang='lat' dir='ltr'><strong>nasceturea:</strong></span> <span class='ocrx_word' id='word_1_538' title='bbox 963 3803 1007 3849; x_wconf 83' lang='lat' dir='ltr'><strong>lc</strong></span> <span class='ocrx_word' id='word_1_539' title='bbox 1024 3799 1306 3863; x_wconf 82' lang='lat' dir='ltr'><strong>Sanctum,</strong></span> <span class='ocrx_word' id='word_1_540' title='bbox 1320 3802 1594 3852; x_wconf 84' lang='lat' dir='ltr'><strong>vocabitur</strong></span> <span class='ocrx_word' id='word_1_541' title='bbox 1611 3806 1703 3854; x_wconf 86' lang='lat' dir='ltr'><strong>Fi-</strong></span> 
     </span>
    </p>
   </div>
   <div class='ocr_carea' id='block_1_70' title="bbox 106 3883 1701 3952">
    <p class='ocr_par' dir='ltr' id='par_1_70' title="bbox 106 3883 1701 3952">
     <span class='ocr_line' id='line_1_70' title="bbox 106 3883 1701 3952; baseline 0.007 -18"><span class='ocrx_word' id='word_1_542' title='bbox 106 3883 211 3935; x_wconf 84' lang='lat' dir='ltr'><strong>lius</strong></span> <span class='ocrx_word' id='word_1_543' title='bbox 233 3884 329 3933; x_wconf 89' lang='lat' dir='ltr'><strong>Dei</strong></span> <span class='ocrx_word' id='word_1_544' title='bbox 338 3884 500 3937; x_wconf 89' lang='lat' dir='ltr'><strong>.Vide</strong></span> <span class='ocrx_word' id='word_1_545' title='bbox 510 3898 644 3951; x_wconf 85' lang='lat' dir='ltr'><strong>ergo</strong></span> <span class='ocrx_word' id='word_1_546' title='bbox 657 3893 1055 3952; x_wconf 87' lang='lat' dir='ltr'><strong>cooperantem</strong></span> <span class='ocrx_word' id='word_1_547' title='bbox 1076 3890 1184 3941; x_wconf 90' lang='lat' dir='ltr'><strong>sibi</strong></span> <span class='ocrx_word' id='word_1_548' title='bbox 1196 3890 1443 3943; x_wconf 90' lang='lat' dir='ltr'><strong>invicem</strong></span> <span class='ocrx_word' id='word_1_549' title='bbox 1457 3893 1701 3946; x_wconf 87' lang='lat' dir='ltr'><strong>Trinita-</strong></span> 
     </span>
    </p>
   </div>
   <div class='ocr_carea' id='block_1_71' title="bbox 107 3973 1697 4048">
    <p class='ocr_par' dir='ltr' id='par_1_71' title="bbox 107 3973 1697 4048">
     <span class='ocr_line' id='line_1_71' title="bbox 107 3973 1697 4048; baseline 0.007 -24"><span class='ocrx_word' id='word_1_550' title='bbox 107 3974 241 4025; x_wconf 88' lang='lat' dir='ltr'><strong>tem.</strong></span> <span class='ocrx_word' id='word_1_551' title='bbox 255 3973 493 4039; x_wconf 87' lang='lat' dir='ltr'><strong>Spiritus</strong></span> <span class='ocrx_word' id='word_1_552' title='bbox 516 3975 759 4028; x_wconf 89' lang='lat' dir='ltr'><strong>Sanctus</strong></span> <span class='ocrx_word' id='word_1_553' title='bbox 773 3977 964 4029; x_wconf 89' lang='lat' dir='ltr'><strong>venire</strong></span> <span class='ocrx_word' id='word_1_554' title='bbox 976 3978 1183 4031; x_wconf 89' lang='lat' dir='ltr'><strong>dicitur</strong></span> <span class='ocrx_word' id='word_1_555' title='bbox 1198 3992 1370 4044; x_wconf 87' lang='lat' dir='ltr'><strong>super</strong></span> <span class='ocrx_word' id='word_1_556' title='bbox 1386 3982 1697 4048; x_wconf 86' lang='lat' dir='ltr'><strong>Virginem,</strong></span> 
     </span>
    </p>
   </div>
   <div class='ocr_carea' id='block_1_72' title="bbox 103 4064 1701 4130">
    <p class='ocr_par' dir='ltr' id='par_1_72' title="bbox 103 4064 1701 4130">
     <span class='ocr_line' id='line_1_72' title="bbox 103 4064 1701 4130; baseline 0.006 -15"><span class='ocrx_word' id='word_1_557' title='bbox 103 4069 162 4116; x_wconf 92' lang='lat' dir='ltr'><strong>et</strong></span> <span class='ocrx_word' id='word_1_558' title='bbox 173 4064 356 4117; x_wconf 84' lang='lat' dir='ltr'><strong>virtus</strong></span> <span class='ocrx_word' id='word_1_559' title='bbox 372 4064 655 4127; x_wconf 86' lang='lat' dir='ltr'><strong>altissimi,</strong></span> <span class='ocrx_word' id='word_1_560' title='bbox 669 4067 1017 4120; x_wconf 89' lang='lat' dir='ltr'><strong>obumbrare</strong></span> <span class='ocrx_word' id='word_1_561' title='bbox 1032 4069 1101 4120; x_wconf 91' lang='lat' dir='ltr'><strong>ei.</strong></span> <span class='ocrx_word' id='word_1_562' title='bbox 1121 4069 1263 4130; x_wconf 71' lang='lat' dir='ltr'><strong>Qum</strong></span> <span class='ocrx_word' id='word_1_563' title='bbox 1280 4075 1368 4122; x_wconf 90' lang='lat' dir='ltr'><strong>est</strong></span> <span class='ocrx_word' id='word_1_564' title='bbox 1384 4074 1577 4124; x_wconf 88' lang='lat' dir='ltr'><strong>autem</strong></span> <span class='ocrx_word' id='word_1_565' title='bbox 1590 4073 1701 4124; x_wconf 87' lang='lat' dir='ltr'><strong>vir-</strong></span> 
     </span>
    </p>
   </div>
   <div class='ocr_carea' id='block_1_73' title="bbox 103 4147 1703 4224">
    <p class='ocr_par' dir='ltr' id='par_1_73' title="bbox 103 4147 1703 4224">
     <span class='ocr_line' id='line_1_73' title="bbox 103 4147 1703 4224; baseline 0.006 -21"><span class='ocrx_word' id='word_1_566' title='bbox 103 4156 202 4205; x_wconf 84' lang='lat' dir='ltr'><strong>tus</strong></span> <span class='ocrx_word' id='word_1_567' title='bbox 223 4151 622 4213; x_wconf 89' lang='lat' dir='ltr'><strong>altissimi,nisi</strong></span> <span class='ocrx_word' id='word_1_568' title='bbox 637 4154 760 4220; x_wconf 91' lang='lat' dir='ltr'><strong>ipse</strong></span> <span class='ocrx_word' id='word_1_569' title='bbox 772 4156 1050 4221; x_wconf 90' lang='lat' dir='ltr'><strong>Christus,</strong></span> <span class='ocrx_word' id='word_1_570' title='bbox 1067 4158 1166 4222; x_wconf 88' lang='lat' dir='ltr'><strong>qui</strong></span> <span class='ocrx_word' id='word_1_571' title='bbox 1182 4162 1273 4210; x_wconf 90' lang='lat' dir='ltr'><strong>est</strong></span> <span class='ocrx_word' id='word_1_572' title='bbox 1290 4147 1387 4210; x_wconf 89' lang='lat' dir='ltr'><strong>Dei</strong></span> <span class='ocrx_word' id='word_1_573' title='bbox 1402 4159 1703 4224; x_wconf 77' lang='lat' dir='ltr'><strong>[ALDomi-</strong></span> 
     </span>
    </p>
   </div>
   <div class='ocr_carea' id='block_1_74' title="bbox 105 4242 1700 4309">
    <p class='ocr_par' dir='ltr' id='par_1_74' title="bbox 105 4242 1700 4309">
     <span class='ocr_line' id='line_1_74' title="bbox 105 4242 1700 4309; baseline 0.004 -15"><span class='ocrx_word' id='word_1_574' title='bbox 105 4242 187 4307; x_wconf 89' lang='lat' dir='ltr'><strong>ni]</strong></span> <span class='ocrx_word' id='word_1_575' title='bbox 209 4242 389 4295; x_wconf 88' lang='lat' dir='ltr'><strong>virtus</strong></span> <span class='ocrx_word' id='word_1_576' title='bbox 401 4247 459 4295; x_wconf 91' lang='lat' dir='ltr'><strong>et</strong></span> <span class='ocrx_word' id='word_1_577' title='bbox 468 4243 571 4296; x_wconf 91' lang='lat' dir='ltr'><strong>Dei</strong></span> <span class='ocrx_word' id='word_1_578' title='bbox 584 4245 898 4309; x_wconf 81' lang='lat' dir='ltr'><strong>sapientia?</strong></span> <span class='ocrx_word' id='word_1_579' title='bbox 910 4247 1089 4309; x_wconf 89' lang='lat' dir='ltr'><strong>Cujus</strong></span> <span class='ocrx_word' id='word_1_580' title='bbox 1101 4251 1292 4299; x_wconf 90' lang='lat' dir='ltr'><strong>autem</strong></span> <span class='ocrx_word' id='word_1_581' title='bbox 1307 4248 1435 4301; x_wconf 67' lang='lat' dir='ltr'><strong>haec</strong></span> <span class='ocrx_word' id='word_1_582' title='bbox 1451 4252 1612 4299; x_wconf 86' lang='lat' dir='ltr'><strong>virtus</strong></span> <span class='ocrx_word' id='word_1_583' title='bbox 1627 4257 1700 4300; x_wconf 83' lang='lat' dir='ltr'><strong>est</strong></span> 
     </span>
    </p>
   </div>
   <div class='ocr_carea' id='block_1_75' title="bbox 106 4330 1703 4403">
    <p class='ocr_par' dir='ltr' id='par_1_75' title="bbox 106 4330 1703 4403">
     <span class='ocr_line' id='line_1_75' title="bbox 106 4330 1703 4403; baseline 0.006 -23"><span class='ocrx_word' id='word_1_584' title='bbox 106 4330 211 4396; x_wconf 80' lang='grc' dir='ltr'><strong>[Αι.</strong></span> <span class='ocrx_word' id='word_1_585' title='bbox 227 4336 427 4380; x_wconf 81' lang='lat' dir='ltr'><strong>tacetur</strong></span> <span class='ocrx_word' id='word_1_586' title='bbox 445 4331 578 4396; x_wconf 83' lang='lat' dir='ltr'><strong>est]?</strong></span> <span class='ocrx_word' id='word_1_587' title='bbox 600 4332 884 4385; x_wconf 86' lang='lat' dir='ltr'><strong>Altissimi</strong></span> <span class='ocrx_word' id='word_1_588' title='bbox 907 4334 1111 4399; x_wconf 89' lang='lat' dir='ltr'><strong>inquit.</strong></span> <span class='ocrx_word' id='word_1_589' title='bbox 1137 4336 1318 4388; x_wconf 87' lang='lat' dir='ltr'><strong>Adest</strong></span> <span class='ocrx_word' id='word_1_590' title='bbox 1340 4350 1474 4403; x_wconf 86' lang='lat' dir='ltr'><strong>ergo</strong></span> <span class='ocrx_word' id='word_1_591' title='bbox 1497 4339 1703 4391; x_wconf 88' lang='lat' dir='ltr'><strong>altissi-</strong></span> 
     </span>
    </p>
   </div>
   <div class='ocr_carea' id='block_1_76' title="bbox 109 4419 1696 4491">
    <p class='ocr_par' dir='ltr' id='par_1_76' title="bbox 109 4419 1696 4491">
     <span class='ocr_line' id='line_1_76' title="bbox 109 4419 1696 4491; baseline 0.006 -20"><span class='ocrx_word' id='word_1_592' title='bbox 109 4432 258 4484; x_wconf 87' lang='lat' dir='ltr'><strong>mus,</strong></span> <span class='ocrx_word' id='word_1_593' title='bbox 280 4420 444 4472; x_wconf 86' lang='lat' dir='ltr'><strong>adest</strong></span> <span class='ocrx_word' id='word_1_594' title='bbox 467 4424 524 4473; x_wconf 91' lang='lat' dir='ltr'><strong>et</strong></span> <span class='ocrx_word' id='word_1_595' title='bbox 548 4421 731 4474; x_wconf 88' lang='lat' dir='ltr'><strong>virtus</strong></span> <span class='ocrx_word' id='word_1_596' title='bbox 753 4419 1201 4480; x_wconf 78' lang='lat' dir='ltr'><strong>altissimi,adest</strong></span> <span class='ocrx_word' id='word_1_597' title='bbox 1224 4429 1279 4477; x_wconf 90' lang='lat' dir='ltr'><strong>et</strong></span> <span class='ocrx_word' id='word_1_598' title='bbox 1299 4427 1542 4491; x_wconf 85' lang='lat' dir='ltr'><strong>Spiritus</strong></span> <span class='ocrx_word' id='word_1_599' title='bbox 1558 4428 1696 4480; x_wconf 89' lang='lat' dir='ltr'><strong>San-</strong></span> 
     </span>
    </p>
   </div>
   <div class='ocr_carea' id='block_1_77' title="bbox 1799 3242 3404 3309">
    <p class='ocr_par' dir='ltr' id='par_1_77' title="bbox 1799 3242 3404 3309">
     <span class='ocr_line' id='line_1_77' title="bbox 1799 3242 3404 3309; baseline 0 -15"><span class='ocrx_word' id='word_1_600' title='bbox 1799 3247 1958 3296; x_wconf 89' lang='lat' dir='ltr'><strong>ratur</strong></span> <span class='ocrx_word' id='word_1_601' title='bbox 1981 3244 2085 3308; x_wconf 86' lang='grc' dir='ltr'><strong>[Αι.</strong></span> <span class='ocrx_word' id='word_1_602' title='bbox 2114 3243 2407 3307; x_wconf 86' lang='lat' dir='ltr'><strong>miretur]?</strong></span> <span class='ocrx_word' id='word_1_603' title='bbox 2442 3244 2551 3296; x_wconf 89' lang='lat' dir='ltr'><strong>Sed</strong></span> <span class='ocrx_word' id='word_1_604' title='bbox 2586 3249 2644 3297; x_wconf 91' lang='lat' dir='ltr'><strong>et</strong></span> <span class='ocrx_word' id='word_1_605' title='bbox 2667 3244 2935 3296; x_wconf 88' lang='lat' dir='ltr'><strong>Liberum</strong></span> <span class='ocrx_word' id='word_1_606' title='bbox 2958 3245 3180 3309; x_wconf 87' lang='lat' dir='ltr'><strong>patrem</strong></span> <span class='ocrx_word' id='word_1_607' title='bbox 3202 3242 3404 3294; x_wconf 89' lang='lat' dir='ltr'><strong>dicunt</strong></span> 
     </span>
    </p>
   </div>
   <div class='ocr_carea' id='block_1_78' title="bbox 1799 3332 3404 3398">
    <p class='ocr_par' dir='ltr' id='par_1_78' title="bbox 1799 3332 3404 3398">
     <span class='ocr_line' id='line_1_78' title="bbox 1799 3332 3404 3398; baseline -0.002 -13"><span class='ocrx_word' id='word_1_608' title='bbox 1799 3333 1872 3386; x_wconf 90' lang='lat' dir='ltr'><strong>de</strong></span> <span class='ocrx_word' id='word_1_609' title='bbox 1894 3333 2106 3385; x_wconf 85' lang='lat' dir='ltr'><strong>femore</strong></span> <span class='ocrx_word' id='word_1_610' title='bbox 2128 3334 2253 3398; x_wconf 90' lang='lat' dir='ltr'><strong>ejus</strong></span> <span class='ocrx_word' id='word_1_611' title='bbox 2275 3338 2496 3385; x_wconf 89' lang='lat' dir='ltr'><strong>natum.</strong></span> <span class='ocrx_word' id='word_1_612' title='bbox 2524 3336 2669 3386; x_wconf 88' lang='lat' dir='ltr'><strong>Ecce</strong></span> <span class='ocrx_word' id='word_1_613' title='bbox 2698 3333 2854 3385; x_wconf 86' lang='lat' dir='ltr'><strong>aliud</strong></span> <span class='ocrx_word' id='word_1_614' title='bbox 2873 3332 3118 3396; x_wconf 88' lang='lat' dir='ltr'><strong>portenti</strong></span> <span class='ocrx_word' id='word_1_615' title='bbox 3130 3335 3404 3397; x_wconf 88' lang='lat' dir='ltr'><strong>genus,et</strong></span> 
     </span>
    </p>
   </div>
   <div class='ocr_carea' id='block_1_79' title="bbox 1800 3421 3406 3489">
    <p class='ocr_par' dir='ltr' id='par_1_79' title="bbox 1800 3421 3406 3489">
     <span class='ocr_line' id='line_1_79' title="bbox 1800 3421 3406 3489; baseline -0.002 -14"><span class='ocrx_word' id='word_1_616' title='bbox 1800 3427 1996 3475; x_wconf 88' lang='lat' dir='ltr'><strong>tamen</strong></span> <span class='ocrx_word' id='word_1_617' title='bbox 2010 3423 2275 3475; x_wconf 88' lang='lat' dir='ltr'><strong>creditur.</strong></span> <span class='ocrx_word' id='word_1_618' title='bbox 2296 3424 2577 3476; x_wconf 90' lang='lat' dir='ltr'><strong>Venerem</strong></span> <span class='ocrx_word' id='word_1_619' title='bbox 2595 3436 2843 3488; x_wconf 89' lang='lat' dir='ltr'><strong>quoque,</strong></span> <span class='ocrx_word' id='word_1_620' title='bbox 2861 3436 3036 3488; x_wconf 89' lang='lat' dir='ltr'><strong>quam</strong></span> <span class='ocrx_word' id='word_1_621' title='bbox 3052 3421 3406 3489; x_wconf 74' lang='lat' dir='ltr'><strong>Aphroditen</strong></span> 
     </span>
    </p>
   </div>
   <div class='ocr_carea' id='block_1_80' title="bbox 1800 3512 3404 3577">
    <p class='ocr_par' dir='ltr' id='par_1_80' title="bbox 1800 3512 3404 3577">
     <span class='ocr_line' id='line_1_80' title="bbox 1800 3512 3404 3577; baseline -0.002 -12"><span class='ocrx_word' id='word_1_622' title='bbox 1800 3517 2029 3575; x_wconf 89' lang='lat' dir='ltr'><strong>vocant,</strong></span> <span class='ocrx_word' id='word_1_623' title='bbox 2060 3512 2131 3565; x_wconf 93' lang='lat' dir='ltr'><strong>de</strong></span> <span class='ocrx_word' id='word_1_624' title='bbox 2157 3525 2364 3577; x_wconf 89' lang='lat' dir='ltr'><strong>spuma</strong></span> <span class='ocrx_word' id='word_1_625' title='bbox 2395 3514 2588 3576; x_wconf 85' lang='lat' dir='ltr'><strong>maris,</strong></span> <span class='ocrx_word' id='word_1_626' title='bbox 2623 3514 2769 3565; x_wconf 89' lang='lat' dir='ltr'><strong>sicut</strong></span> <span class='ocrx_word' id='word_1_627' title='bbox 2792 3514 2849 3566; x_wconf 90' lang='lat' dir='ltr'><strong>et</strong></span> <span class='ocrx_word' id='word_1_628' title='bbox 2872 3512 3062 3565; x_wconf 87' lang='lat' dir='ltr'><strong>omnis</strong></span> <span class='ocrx_word' id='word_1_629' title='bbox 3095 3513 3221 3576; x_wconf 89' lang='lat' dir='ltr'><strong>ejus</strong></span> <span class='ocrx_word' id='word_1_630' title='bbox 3246 3524 3404 3563; x_wconf 91' lang='lat' dir='ltr'><strong>com-</strong></span> 
     </span>
    </p>
   </div>
   <div class='ocr_carea' id='block_1_81' title="bbox 1798 3601 3400 3668">
    <p class='ocr_par' dir='ltr' id='par_1_81' title="bbox 1798 3601 3400 3668">
     <span class='ocr_line' id='line_1_81' title="bbox 1798 3601 3400 3668; baseline -0.002 -13"><span class='ocrx_word' id='word_1_631' title='bbox 1798 3603 2007 3667; x_wconf 90' lang='lat' dir='ltr'><strong>positio</strong></span> <span class='ocrx_word' id='word_1_632' title='bbox 2043 3601 2313 3661; x_wconf 89' lang='lat' dir='ltr'><strong>ostendit,</strong></span> <span class='ocrx_word' id='word_1_633' title='bbox 2347 3602 2590 3654; x_wconf 89' lang='lat' dir='ltr'><strong>credunt</strong></span> <span class='ocrx_word' id='word_1_634' title='bbox 2619 3615 2748 3654; x_wconf 89' lang='lat' dir='ltr'><strong>esse</strong></span> <span class='ocrx_word' id='word_1_635' title='bbox 2783 3603 3157 3668; x_wconf 86' lang='lat' dir='ltr'><strong>progenitam.</strong></span> <span class='ocrx_word' id='word_1_636' title='bbox 3188 3603 3267 3653; x_wconf 88' lang='lat' dir='ltr'><strong>De</strong></span> <span class='ocrx_word' id='word_1_637' title='bbox 3289 3612 3400 3652; x_wconf 93' lang='lat' dir='ltr'><strong>ovo</strong></span> 
     </span>
    </p>
   </div>
   <div class='ocr_carea' id='block_1_82' title="bbox 1799 3690 3402 3756">
    <p class='ocr_par' dir='ltr' id='par_1_82' title="bbox 1799 3690 3402 3756">
     <span class='ocr_line' id='line_1_82' title="bbox 1799 3690 3402 3756; baseline -0.001 -13"><span class='ocrx_word' id='word_1_638' title='bbox 1799 3697 2002 3744; x_wconf 85' lang='lat' dir='ltr'><strong>natum</strong></span> <span class='ocrx_word' id='word_1_639' title='bbox 2028 3693 2132 3744; x_wconf 89' lang='lat' dir='ltr'><strong>Cas</strong></span> <span class='ocrx_word' id='word_1_640' title='bbox 2140 3696 2320 3744; x_wconf 90' lang='lat' dir='ltr'><strong>torem</strong></span> <span class='ocrx_word' id='word_1_641' title='bbox 2336 3693 2739 3756; x_wconf 87' lang='lat' dir='ltr'><strong>Pollucemque</strong></span> <span class='ocrx_word' id='word_1_642' title='bbox 2752 3693 3106 3751; x_wconf 83' lang='lat' dir='ltr'><strong>confirmant,</strong></span> <span class='ocrx_word' id='word_1_643' title='bbox 3125 3695 3183 3743; x_wconf 89' lang='lat' dir='ltr'><strong>et</strong></span> <span class='ocrx_word' id='word_1_644' title='bbox 3198 3704 3271 3743; x_wconf 84' lang='lat' dir='ltr'><strong>ex</strong></span> <span class='ocrx_word' id='word_1_645' title='bbox 3288 3690 3402 3743; x_wconf 90' lang='lat' dir='ltr'><strong>for-</strong></span> 
     </span>
    </p>
   </div>
   <div class='ocr_carea' id='block_1_83' title="bbox 1797 3779 3396 3847">
    <p class='ocr_par' dir='ltr' id='par_1_83' title="bbox 1797 3779 3396 3847">
     <span class='ocr_line' id='line_1_83' title="bbox 1797 3779 3396 3847; baseline -0.001 -15"><span class='ocrx_word' id='word_1_646' title='bbox 1797 3781 1950 3833; x_wconf 89' lang='lat' dir='ltr'><strong>mica</strong></span> <span class='ocrx_word' id='word_1_647' title='bbox 1970 3781 2077 3845; x_wconf 86' lang='grc' dir='ltr'><strong>[Αι.</strong></span> <span class='ocrx_word' id='word_1_648' title='bbox 2106 3780 2378 3845; x_wconf 86' lang='lat' dir='ltr'><strong>formicis]</strong></span> <span class='ocrx_word' id='word_1_649' title='bbox 2408 3781 2796 3847; x_wconf 85' lang='lat' dir='ltr'><strong>Myrmidones</strong></span> <span class='ocrx_word' id='word_1_650' title='bbox 2824 3799 2835 3829; x_wconf 90' lang='lat'><strong>:</strong></span> <span class='ocrx_word' id='word_1_651' title='bbox 2862 3786 2921 3833; x_wconf 92' lang='lat' dir='ltr'><strong>et</strong></span> <span class='ocrx_word' id='word_1_652' title='bbox 2939 3779 3215 3833; x_wconf 85' lang='lat' dir='ltr'><strong>aliamille</strong></span> <span class='ocrx_word' id='word_1_653' title='bbox 3238 3782 3396 3843; x_wconf 89' lang='lat' dir='ltr'><strong>sunt,</strong></span> 
     </span>
    </p>
   </div>
   <div class='ocr_carea' id='block_1_84' title="bbox 1799 3869 3402 3934">
    <p class='ocr_par' dir='ltr' id='par_1_84' title="bbox 1799 3869 3402 3934">
     <span class='ocr_line' id='line_1_84' title="bbox 1799 3869 3402 3934; baseline 0 -14"><span class='ocrx_word' id='word_1_654' title='bbox 1799 3882 1933 3934; x_wconf 67' lang='lat' dir='ltr'><strong>quae</strong></span> <span class='ocrx_word' id='word_1_655' title='bbox 1968 3870 2234 3933; x_wconf 89' lang='lat' dir='ltr'><strong>quamvis</strong></span> <span class='ocrx_word' id='word_1_656' title='bbox 2270 3880 2287 3909; x_wconf 72' lang='grc' dir='ltr'>κ</span> <span class='ocrx_word' id='word_1_657' title='bbox 2319 3876 2519 3922; x_wconf 89' lang='lat' dir='ltr'><strong>contra</strong></span> <span class='ocrx_word' id='word_1_658' title='bbox 2553 3876 2820 3922; x_wconf 88' lang='lat' dir='ltr'><strong>naturam</strong></span> <span class='ocrx_word' id='word_1_659' title='bbox 2863 3882 3054 3922; x_wconf 89' lang='lat' dir='ltr'><strong>rerum</strong></span> <span class='ocrx_word' id='word_1_660' title='bbox 3092 3869 3402 3932; x_wconf 88' lang='lat' dir='ltr'><strong>venientia,</strong></span> 
     </span>
    </p>
   </div>
   <div class='ocr_carea' id='block_1_85' title="bbox 1797 3957 3403 4024">
    <p class='ocr_par' dir='ltr' id='par_1_85' title="bbox 1797 3957 3403 4024">
     <span class='ocr_line' id='line_1_85' title="bbox 1797 3957 3403 4024; baseline -0.001 -13"><span class='ocrx_word' id='word_1_661' title='bbox 1797 3958 1938 4024; x_wconf 89' lang='lat' dir='ltr'><strong>ipsis</strong></span> <span class='ocrx_word' id='word_1_662' title='bbox 1974 3963 2164 4010; x_wconf 89' lang='lat' dir='ltr'><strong>tamen</strong></span> <span class='ocrx_word' id='word_1_663' title='bbox 2203 3963 2341 4010; x_wconf 91' lang='lat' dir='ltr'><strong>sunt</strong></span> <span class='ocrx_word' id='word_1_664' title='bbox 2374 3960 2502 4012; x_wconf 89' lang='lat' dir='ltr'><strong>visa</strong></span> <span class='ocrx_word' id='word_1_665' title='bbox 2540 3958 2840 4019; x_wconf 76' lang='lat' dir='ltr'><strong>credibilia,</strong></span> <span class='ocrx_word' id='word_1_666' title='bbox 2867 3962 2935 4009; x_wconf 92' lang='lat' dir='ltr'><strong>ut</strong></span> <span class='ocrx_word' id='word_1_667' title='bbox 2956 3957 3317 4010; x_wconf 86' lang='lat' dir='ltr'><strong>Deucalionis</strong></span> <span class='ocrx_word' id='word_1_668' title='bbox 3343 3962 3403 4010; x_wconf 88' lang='lat' dir='ltr'><strong>et</strong></span> 
     </span>
    </p>
   </div>
   <div class='ocr_carea' id='block_1_86' title="bbox 1798 4046 3395 4113">
    <p class='ocr_par' dir='ltr' id='par_1_86' title="bbox 1798 4046 3395 4113">
     <span class='ocr_line' id='line_1_86' title="bbox 1798 4046 3395 4113; baseline -0.001 -14"><span class='ocrx_word' id='word_1_669' title='bbox 1798 4047 2030 4112; x_wconf 67' lang='lat' dir='ltr'><strong>Pyrrhae</strong></span> <span class='ocrx_word' id='word_1_670' title='bbox 2053 4046 2273 4112; x_wconf 88' lang='lat' dir='ltr'><strong>lapides</strong></span> <span class='ocrx_word' id='word_1_671' title='bbox 2292 4049 2498 4113; x_wconf 88' lang='lat' dir='ltr'><strong>jactos,</strong></span> <span class='ocrx_word' id='word_1_672' title='bbox 2525 4053 2582 4099; x_wconf 90' lang='lat' dir='ltr'><strong>et</strong></span> <span class='ocrx_word' id='word_1_673' title='bbox 2602 4047 2900 4097; x_wconf 89' lang='lat' dir='ltr'><strong>hominum</strong></span> <span class='ocrx_word' id='word_1_674' title='bbox 2922 4058 2997 4098; x_wconf 83' lang='lat' dir='ltr'><strong>ex</strong></span> <span class='ocrx_word' id='word_1_675' title='bbox 3022 4046 3114 4098; x_wconf 90' lang='lat' dir='ltr'><strong>his</strong></span> <span class='ocrx_word' id='word_1_676' title='bbox 3139 4050 3395 4110; x_wconf 88' lang='lat' dir='ltr'><strong>segetem</strong></span> 
     </span>
    </p>
   </div>
   <div class='ocr_carea' id='block_1_87' title="bbox 1797 4133 3397 4200">
    <p class='ocr_par' dir='ltr' id='par_1_87' title="bbox 1797 4133 3397 4200">
     <span class='ocr_line' id='line_1_87' title="bbox 1797 4133 3397 4200; baseline -0.001 -12"><span class='ocrx_word' id='word_1_677' title='bbox 1797 4140 2011 4189; x_wconf 87' lang='lat' dir='ltr'><strong>natam.</strong></span> <span class='ocrx_word' id='word_1_678' title='bbox 2036 4139 2108 4189; x_wconf 90' lang='lat' dir='ltr'><strong>Et</strong></span> <span class='ocrx_word' id='word_1_679' title='bbox 2131 4149 2264 4188; x_wconf 90' lang='lat' dir='ltr'><strong>cum</strong></span> <span class='ocrx_word' id='word_1_680' title='bbox 2287 4137 2413 4189; x_wconf 81' lang='lat' dir='ltr'><strong>haec</strong></span> <span class='ocrx_word' id='word_1_681' title='bbox 2442 4140 2527 4188; x_wconf 90' lang='lat' dir='ltr'><strong>tot</strong></span> <span class='ocrx_word' id='word_1_682' title='bbox 2541 4140 2599 4188; x_wconf 90' lang='lat' dir='ltr'><strong>et</strong></span> <span class='ocrx_word' id='word_1_683' title='bbox 2613 4135 2724 4187; x_wconf 89' lang='lat' dir='ltr'><strong>alia</strong></span> <span class='ocrx_word' id='word_1_684' title='bbox 2739 4135 3012 4200; x_wconf 81' lang='lat' dir='ltr'><strong>figmenta</strong></span> <span class='ocrx_word' id='word_1_685' title='bbox 3034 4133 3397 4198; x_wconf 90' lang='lat' dir='ltr'><strong>crediderint,</strong></span> 
     </span>
    </p>
   </div>
   <div class='ocr_carea' id='block_1_88' title="bbox 1798 4224 3398 4292">
    <p class='ocr_par' dir='ltr' id='par_1_88' title="bbox 1798 4224 3398 4292">
     <span class='ocr_line' id='line_1_88' title="bbox 1798 4224 3398 4292; baseline -0.004 -13"><span class='ocrx_word' id='word_1_686' title='bbox 1798 4240 1981 4279; x_wconf 88' lang='lat' dir='ltr'><strong>unum</strong></span> <span class='ocrx_word' id='word_1_687' title='bbox 1998 4228 2080 4279; x_wconf 91' lang='lat' dir='ltr'><strong>eis</strong></span> <span class='ocrx_word' id='word_1_688' title='bbox 2094 4225 2449 4292; x_wconf 89' lang='lat' dir='ltr'><strong>impossibile</strong></span> <span class='ocrx_word' id='word_1_689' title='bbox 2468 4225 2696 4278; x_wconf 90' lang='lat' dir='ltr'><strong>videtur</strong></span> <span class='ocrx_word' id='word_1_690' title='bbox 2707 4225 2861 4290; x_wconf 92' lang='lat' dir='ltr'><strong>quod</strong></span> <span class='ocrx_word' id='word_1_691' title='bbox 2873 4224 3175 4277; x_wconf 89' lang='lat' dir='ltr'><strong>adolecens</strong></span> <span class='ocrx_word' id='word_1_692' title='bbox 3188 4226 3398 4284; x_wconf 82' lang='lat' dir='ltr'><strong>femina,</strong></span> 
     </span>
    </p>
   </div>
   <div class='ocr_carea' id='block_1_89' title="bbox 1799 4314 3398 4383">
    <p class='ocr_par' dir='ltr' id='par_1_89' title="bbox 1799 4314 3398 4383">
     <span class='ocr_line' id='line_1_89' title="bbox 1799 4314 3398 4383; baseline -0.003 -14"><span class='ocrx_word' id='word_1_693' title='bbox 1799 4317 2063 4370; x_wconf 88' lang='lat' dir='ltr'><strong>divinum</strong></span> <span class='ocrx_word' id='word_1_694' title='bbox 2096 4329 2352 4383; x_wconf 90' lang='lat' dir='ltr'><strong>germen,</strong></span> <span class='ocrx_word' id='word_1_695' title='bbox 2385 4330 2504 4369; x_wconf 91' lang='lat' dir='ltr'><strong>non</strong></span> <span class='ocrx_word' id='word_1_696' title='bbox 2543 4316 2792 4368; x_wconf 87' lang='lat' dir='ltr'><strong>hominis</strong></span> <span class='ocrx_word' id='word_1_697' title='bbox 2830 4315 2986 4378; x_wconf 91' lang='lat' dir='ltr'><strong>vitio,</strong></span> <span class='ocrx_word' id='word_1_698' title='bbox 3013 4314 3113 4367; x_wconf 91' lang='lat' dir='ltr'><strong>sed</strong></span> <span class='ocrx_word' id='word_1_699' title='bbox 3134 4315 3249 4367; x_wconf 89' lang='lat' dir='ltr'><strong>Deo</strong></span> <span class='ocrx_word' id='word_1_700' title='bbox 3280 4314 3398 4378; x_wconf 88' lang='lat' dir='ltr'><strong>spi-</strong></span> 
     </span>
    </p>
   </div>
   <div class='ocr_carea' id='block_1_90' title="bbox 1796 4402 3400 4472">
    <p class='ocr_par' dir='ltr' id='par_1_90' title="bbox 1796 4402 3400 4472">
     <span class='ocr_line' id='line_1_90' title="bbox 1796 4402 3400 4472; baseline -0.003 -13"><span class='ocrx_word' id='word_1_701' title='bbox 1796 4409 1959 4459; x_wconf 88' lang='lat' dir='ltr'><strong>rante</strong></span> <span class='ocrx_word' id='word_1_702' title='bbox 1990 4407 2327 4472; x_wconf 88' lang='lat' dir='ltr'><strong>conceperit.</strong></span> <span class='ocrx_word' id='word_1_703' title='bbox 2363 4407 2469 4470; x_wconf 87' lang='lat' dir='ltr'><strong>Qui</strong></span> <span class='ocrx_word' id='word_1_704' title='bbox 2504 4406 2705 4470; x_wconf 90' lang='lat' dir='ltr'><strong>utique</strong></span> <span class='ocrx_word' id='word_1_705' title='bbox 2740 4405 2786 4456; x_wconf 83' lang='lat' dir='ltr'><strong>si</strong></span> <span class='ocrx_word' id='word_1_706' title='bbox 2815 4404 2889 4456; x_wconf 85' lang='lat' dir='ltr'><strong>ad</strong></span> <span class='ocrx_word' id='word_1_707' title='bbox 2914 4402 3263 4455; x_wconf 90' lang='lat' dir='ltr'><strong>credendum</strong></span> <span class='ocrx_word' id='word_1_708' title='bbox 3288 4402 3400 4454; x_wconf 83' lang='lat' dir='ltr'><strong>dif—</strong></span> 
     </span>
    </p>
   </div>
   <div class='ocr_carea' id='block_1_91' title="bbox 111 4468 3401 4582">
    <p class='ocr_par' dir='ltr' id='par_1_91' title="bbox 111 4468 3401 4582">
     <span class='ocr_line' id='line_1_91' title="bbox 111 4468 3401 4582; baseline 0.002 -47"><span class='ocrx_word' id='word_1_709' title='bbox 284 4468 533 4562; x_wconf 45' lang='grc' dir='ltr'><strong>ἕέξεξὶ</strong></span> <span class='ocrx_word' id='word_1_710' title='bbox 1716 4468 1772 4537; x_wconf 84' lang='lat' dir='ltr'><strong>D</strong></span> <span class='ocrx_word' id='word_1_711' title='bbox 1803 4495 1984 4547; x_wconf 86' lang='lat' dir='ltr'><strong>ﬂciles</strong></span> <span class='ocrx_word' id='word_1_712' title='bbox 2009 4468 2302 4555; x_wconf 42' lang='lat' dir='ltr'><strong>sunt,—illis</strong></span> <span class='ocrx_word' id='word_1_713' title='bbox 2330 4468 2414 4545; x_wconf 85' lang='lat' dir='ltr'><strong>tot</strong></span> <span class='ocrx_word' id='word_1_714' title='bbox 2438 4498 2497 4545; x_wconf 91' lang='lat' dir='ltr'><strong>et</strong></span> <span class='ocrx_word' id='word_1_715' title='bbox 2520 4468 2639 4545; x_wconf 80' lang='lat' dir='ltr'><strong>tam</strong></span> <span class='ocrx_word' id='word_1_716' title='bbox 2653 4492 2917 4557; x_wconf 89' lang='lat' dir='ltr'><strong>turpibus</strong></span> <span class='ocrx_word' id='word_1_717' title='bbox 2931 4490 3401 4582; x_wconf 34' lang='lat' dir='ltr'><strong>monstris-iidem</strong></span> 
     </span>
    </p>
   </div>
   <div class='ocr_carea' id='block_1_92' title="bbox 112 4599 1700 4669">
    <p class='ocr_par' dir='ltr' id='par_1_92' title="bbox 112 4599 1700 4669">
     <span class='ocr_line' id='line_1_92' title="bbox 112 4599 1700 4669; baseline 0.006 -22"><span class='ocrx_word' id='word_1_718' title='bbox 112 4610 325 4663; x_wconf 81' lang='lat' dir='ltr'><strong>parens,</strong></span> <span class='ocrx_word' id='word_1_719' title='bbox 340 4599 634 4651; x_wconf 87' lang='lat' dir='ltr'><strong>vacabulis</strong></span> <span class='ocrx_word' id='word_1_720' title='bbox 645 4601 871 4665; x_wconf 88' lang='lat' dir='ltr'><strong>personi</strong></span> <span class='ocrx_word' id='word_1_721' title='bbox 879 4614 1022 4665; x_wconf 91' lang='lat' dir='ltr'><strong>sque</strong></span> <span class='ocrx_word' id='word_1_722' title='bbox 1035 4601 1430 4664; x_wconf 87' lang='lat' dir='ltr'><strong>discreta,inse</strong></span> <span class='ocrx_word' id='word_1_723' title='bbox 1435 4604 1700 4669; x_wconf 79' lang='lat' dir='ltr'><strong>parabilis</strong></span> 
     </span>
    </p>
   </div>
   <div class='ocr_carea' id='block_1_93' title="bbox 120 4688 1701 4755">
    <p class='ocr_par' dir='ltr' id='par_1_93' title="bbox 120 4688 1701 4755">
     <span class='ocr_line' id='line_1_93' title="bbox 120 4688 1701 4755; baseline 0.005 -16"><span class='ocrx_word' id='word_1_724' title='bbox 120 4700 250 4739; x_wconf 87' lang='lat' dir='ltr'><strong>vero</strong></span> <span class='ocrx_word' id='word_1_725' title='bbox 283 4688 609 4741; x_wconf 87' lang='lat' dir='ltr'><strong>substantia</strong></span> <span class='ocrx_word' id='word_1_726' title='bbox 645 4688 905 4754; x_wconf 85' lang='lat' dir='ltr'><strong>deitatis;</strong></span> <span class='ocrx_word' id='word_1_727' title='bbox 949 4696 1008 4742; x_wconf 91' lang='lat' dir='ltr'><strong>et</strong></span> <span class='ocrx_word' id='word_1_728' title='bbox 1038 4692 1305 4755; x_wconf 87' lang='lat' dir='ltr'><strong>quamvis</strong></span> <span class='ocrx_word' id='word_1_729' title='bbox 1339 4693 1500 4745; x_wconf 91' lang='lat' dir='ltr'><strong>solus</strong></span> <span class='ocrx_word' id='word_1_730' title='bbox 1525 4694 1701 4747; x_wconf 87' lang='lat' dir='ltr'><strong>Filius</strong></span> 
     </span>
    </p>
   </div>
   <div class='ocr_carea' id='block_1_94' title="bbox 114 4778 1704 4843">
    <p class='ocr_par' dir='ltr' id='par_1_94' title="bbox 114 4778 1704 4843">
     <span class='ocr_line' id='line_1_94' title="bbox 114 4778 1704 4843; baseline 0.003 -15"><span class='ocrx_word' id='word_1_731' title='bbox 114 4781 376 4829; x_wconf 81' lang='lat' dir='ltr'><strong>nascatur</strong></span> <span class='ocrx_word' id='word_1_732' title='bbox 416 4790 491 4829; x_wconf 80' lang='lat' dir='ltr'><strong>ex</strong></span> <span class='ocrx_word' id='word_1_733' title='bbox 536 4778 787 4843; x_wconf 86' lang='lat' dir='ltr'><strong>Virgine,</strong></span> <span class='ocrx_word' id='word_1_734' title='bbox 837 4778 1006 4833; x_wconf 88' lang='lat' dir='ltr'><strong>adest</strong></span> <span class='ocrx_word' id='word_1_735' title='bbox 1042 4784 1236 4833; x_wconf 88' lang='lat' dir='ltr'><strong>tamen</strong></span> <span class='ocrx_word' id='word_1_736' title='bbox 1282 4781 1476 4832; x_wconf 72' lang='lat' dir='ltr'><strong>[Alias</strong></span> <span class='ocrx_word' id='word_1_737' title='bbox 1500 4787 1704 4833; x_wconf 79' lang='lat' dir='ltr'><strong>tacetur</strong></span> 
     </span>
    </p>
   </div>
   <div class='ocr_carea' id='block_1_95' title="bbox 115 4866 1702 4936">
    <p class='ocr_par' dir='ltr' id='par_1_95' title="bbox 115 4866 1702 4936">
     <span class='ocr_line' id='line_1_95' title="bbox 115 4866 1702 4936; baseline 0.004 -18"><span class='ocrx_word' id='word_1_738' title='bbox 115 4867 320 4930; x_wconf 87' lang='lat' dir='ltr'><strong>tamen]</strong></span> <span class='ocrx_word' id='word_1_739' title='bbox 358 4869 415 4919; x_wconf 87' lang='lat' dir='ltr'><strong>et</strong></span> <span class='ocrx_word' id='word_1_740' title='bbox 454 4866 772 4921; x_wconf 82' lang='lat' dir='ltr'><strong>altissimus</strong></span> <span class='ocrx_word' id='word_1_741' title='bbox 802 4884 816 4921; x_wconf 91' lang='lat'><strong>:</strong></span> <span class='ocrx_word' id='word_1_742' title='bbox 854 4868 1020 4922; x_wconf 88' lang='lat' dir='ltr'><strong>adest</strong></span> <span class='ocrx_word' id='word_1_743' title='bbox 1051 4874 1110 4924; x_wconf 89' lang='lat' dir='ltr'><strong>et</strong></span> <span class='ocrx_word' id='word_1_744' title='bbox 1147 4870 1391 4936; x_wconf 90' lang='lat' dir='ltr'><strong>Spiritus</strong></span> <span class='ocrx_word' id='word_1_745' title='bbox 1433 4874 1702 4936; x_wconf 89' lang='lat' dir='ltr'><strong>Sanctus,</strong></span> 
     </span>
    </p>
   </div>
   <div class='ocr_carea' id='block_1_96' title="bbox 176 5035 1704 5105">
    <p class='ocr_par' dir='ltr' id='par_1_96' title="bbox 176 5035 1704 5105">
     <span class='ocr_line' id='line_1_96' title="bbox 176 5035 1704 5105; baseline 0.003 -17"><span class='ocrx_word' id='word_1_746' title='bbox 176 5044 193 5065; x_wconf 79' lang='grc'><strong><em>⁸</em></strong></span> <span class='ocrx_word' id='word_1_747' title='bbox 221 5037 401 5088; x_wconf 89' lang='lat' dir='ltr'><strong>Antea</strong></span> <span class='ocrx_word' id='word_1_748' title='bbox 440 5035 599 5086; x_wconf 86' lang='lat' dir='ltr'><strong>Hunc</strong></span> <span class='ocrx_word' id='word_1_749' title='bbox 637 5040 775 5101; x_wconf 89' lang='lat' dir='ltr'><strong>erat,</strong></span> <span class='ocrx_word' id='word_1_750' title='bbox 813 5040 873 5089; x_wconf 91' lang='lat' dir='ltr'><strong>et</strong></span> <span class='ocrx_word' id='word_1_751' title='bbox 902 5050 1041 5090; x_wconf 81' lang='lat' dir='ltr'><strong>mox</strong></span> <span class='ocrx_word' id='word_1_752' title='bbox 1072 5039 1217 5101; x_wconf 83' lang='lat' dir='ltr'><strong>huic,</strong></span> <span class='ocrx_word' id='word_1_753' title='bbox 1251 5052 1353 5105; x_wconf 91' lang='lat' dir='ltr'><strong>pro</strong></span> <span class='ocrx_word' id='word_1_754' title='bbox 1392 5055 1562 5091; x_wconf 86' lang='lat' dir='ltr'><strong>nunc.</strong></span> <span class='ocrx_word' id='word_1_755' title='bbox 1620 5043 1704 5093; x_wconf 91' lang='lat' dir='ltr'><strong>Ita</strong></span> 
     </span>
    </p>
   </div>
   <div class='ocr_carea' id='block_1_97' title="bbox 117 5107 1703 5176">
    <p class='ocr_par' dir='ltr' id='par_1_97' title="bbox 117 5107 1703 5176">
     <span class='ocr_line' id='line_1_97' title="bbox 117 5107 1703 5176; baseline 0.003 -16"><span class='ocrx_word' id='word_1_756' title='bbox 117 5107 368 5160; x_wconf 85' lang='lat' dir='ltr'><strong>Baluzius</strong></span> <span class='ocrx_word' id='word_1_757' title='bbox 414 5112 545 5171; x_wconf 91' lang='lat' dir='ltr'><strong>post</strong></span> <span class='ocrx_word' id='word_1_758' title='bbox 578 5107 893 5160; x_wconf 88' lang='lat' dir='ltr'><strong>Pamelium</strong></span> <span class='ocrx_word' id='word_1_759' title='bbox 925 5110 1191 5162; x_wconf 89' lang='lat' dir='ltr'><strong>restituit.</strong></span> <span class='ocrx_word' id='word_1_760' title='bbox 1218 5113 1337 5176; x_wconf 86' lang='lat' dir='ltr'><strong>Ego</strong></span> <span class='ocrx_word' id='word_1_761' title='bbox 1367 5112 1703 5164; x_wconf 90' lang='lat' dir='ltr'><strong>maluissem</strong></span> 
     </span>
    </p>
   </div>
   <div class='ocr_carea' id='block_1_98' title="bbox 119 5179 1703 5248">
    <p class='ocr_par' dir='ltr' id='par_1_98' title="bbox 119 5179 1703 5248">
     <span class='ocr_line' id='line_1_98' title="bbox 119 5179 1703 5248; baseline 0.003 -17"><span class='ocrx_word' id='word_1_762' title='bbox 119 5180 350 5243; x_wconf 87' lang='lat' dir='ltr'><strong>priorem</strong></span> <span class='ocrx_word' id='word_1_763' title='bbox 386 5179 669 5232; x_wconf 78' lang='lat' dir='ltr'><strong>duntaxat</strong></span> <span class='ocrx_word' id='word_1_764' title='bbox 706 5192 907 5233; x_wconf 87' lang='lat' dir='ltr'><strong>vocem</strong></span> <span class='ocrx_word' id='word_1_765' title='bbox 940 5182 1165 5245; x_wconf 87' lang='lat' dir='ltr'><strong>tentari,</strong></span> <span class='ocrx_word' id='word_1_766' title='bbox 1204 5185 1261 5235; x_wconf 89' lang='lat' dir='ltr'><strong>et</strong></span> <span class='ocrx_word' id='word_1_767' title='bbox 1292 5182 1457 5233; x_wconf 86' lang='lat' dir='ltr'><strong>Nunc</strong></span> <span class='ocrx_word' id='word_1_768' title='bbox 1485 5183 1566 5235; x_wconf 92' lang='lat' dir='ltr'><strong>ibi</strong></span> <span class='ocrx_word' id='word_1_769' title='bbox 1602 5196 1703 5248; x_wconf 90' lang='lat' dir='ltr'><strong>pro</strong></span> 
     </span>
    </p>
   </div>
   <div class='ocr_carea' id='block_1_99' title="bbox 120 5250 542 5302">
    <p class='ocr_par' dir='ltr' id='par_1_99' title="bbox 120 5250 542 5302">
     <span class='ocr_line' id='line_1_99' title="bbox 120 5250 542 5302; baseline 0.005 -3"><span class='ocrx_word' id='word_1_770' title='bbox 120 5251 269 5299; x_wconf 84' lang='lat' dir='ltr'><strong>llunc</strong></span> <span class='ocrx_word' id='word_1_771' title='bbox 292 5250 542 5302; x_wconf 73' lang='lat' dir='ltr'><strong>rescribi.</strong></span> 
     </span>
    </p>
   </div>
   <div class='ocr_carea' id='block_1_100' title="bbox 178 5339 1705 5405">
    <p class='ocr_par' dir='ltr' id='par_1_100' title="bbox 178 5339 1705 5405">
     <span class='ocr_line' id='line_1_100' title="bbox 178 5339 1705 5405; baseline 0.003 -15"><span class='ocrx_word' id='word_1_772' title='bbox 178 5340 381 5390; x_wconf 75' lang='lat' dir='ltr'><strong>bTacet</strong></span> <span class='ocrx_word' id='word_1_773' title='bbox 411 5340 565 5391; x_wconf 92' lang='lat' dir='ltr'><strong>idem</strong></span> <span class='ocrx_word' id='word_1_774' title='bbox 606 5339 694 5389; x_wconf 86' lang='lat' dir='ltr'><strong>hic</strong></span> <span class='ocrx_word' id='word_1_775' title='bbox 725 5339 1008 5403; x_wconf 89' lang='lat' dir='ltr'><strong>voculam,</strong></span> <span class='ocrx_word' id='word_1_776' title='bbox 1049 5345 1191 5404; x_wconf 90' lang='lat' dir='ltr'><strong>tum,</strong></span> <span class='ocrx_word' id='word_1_777' title='bbox 1235 5342 1438 5405; x_wconf 89' lang='lat' dir='ltr'><strong>juncto</strong></span> <span class='ocrx_word' id='word_1_778' title='bbox 1476 5341 1705 5396; x_wconf 79' lang='lat' dir='ltr'><strong>Editors</strong></span> 
     </span>
    </p>
   </div>
   <div class='ocr_carea' id='block_1_101' title="bbox 120 5410 1705 5477">
    <p class='ocr_par' dir='ltr' id='par_1_101' title="bbox 120 5410 1705 5477">
     <span class='ocr_line' id='line_1_101' title="bbox 120 5410 1705 5477; baseline 0.002 -15"><span class='ocrx_word' id='word_1_779' title='bbox 120 5411 419 5462; x_wconf 81' lang='lat' dir='ltr'><strong>Oxoniensi</strong></span> <span class='ocrx_word' id='word_1_780' title='bbox 453 5415 626 5474; x_wconf 81' lang='lat' dir='ltr'><strong>atque</strong></span> <span class='ocrx_word' id='word_1_781' title='bbox 654 5411 799 5475; x_wconf 87' lang='lat' dir='ltr'><strong>aliis,</strong></span> <span class='ocrx_word' id='word_1_782' title='bbox 832 5410 963 5477; x_wconf 90' lang='lat' dir='ltr'><strong>plus</strong></span> <span class='ocrx_word' id='word_1_783' title='bbox 998 5413 1189 5475; x_wconf 89' lang='lat' dir='ltr'><strong>habet,</strong></span> <span class='ocrx_word' id='word_1_784' title='bbox 1229 5413 1291 5462; x_wconf 85' lang='lat' dir='ltr'><strong>in</strong></span> <span class='ocrx_word' id='word_1_785' title='bbox 1324 5418 1474 5464; x_wconf 84' lang='lat' dir='ltr'><strong>terra</strong></span> <span class='ocrx_word' id='word_1_786' title='bbox 1506 5414 1705 5465; x_wconf 82' lang='lat' dir='ltr'><strong>unicus</strong></span> 
     </span>
    </p>
   </div>
   <div class='ocr_carea' id='block_1_102' title="bbox 120 5483 919 5547">
    <p class='ocr_par' dir='ltr' id='par_1_102' title="bbox 120 5483 919 5547">
     <span class='ocr_line' id='line_1_102' title="bbox 120 5483 919 5547; baseline 0.005 -15"><span class='ocrx_word' id='word_1_787' title='bbox 120 5483 256 5546; x_wconf 77' lang='lat' dir='ltr'><strong>filius</strong></span> <span class='ocrx_word' id='word_1_788' title='bbox 277 5487 360 5543; x_wconf 80' lang='lat' dir='ltr'><strong>est,</strong></span> <span class='ocrx_word' id='word_1_789' title='bbox 387 5484 521 5547; x_wconf 84' lang='lat' dir='ltr'><strong>quia</strong></span> <span class='ocrx_word' id='word_1_790' title='bbox 543 5488 588 5532; x_wconf 88' lang='lat' dir='ltr'><strong>et</strong></span> <span class='ocrx_word' id='word_1_791' title='bbox 611 5484 784 5546; x_wconf 83' lang='lat' dir='ltr'><strong>unice,</strong></span> <span class='ocrx_word' id='word_1_792' title='bbox 810 5486 919 5535; x_wconf 81' lang='lat' dir='ltr'><strong>etc.</strong></span> 
     </span>
    </p>
   </div>
   <div class='ocr_carea' id='block_1_103' title="bbox 178 5572 1703 5639">
    <p class='ocr_par' dir='ltr' id='par_1_103' title="bbox 178 5572 1703 5639">
     <span class='ocr_line' id='line_1_103' title="bbox 178 5572 1703 5639; baseline 0.002 -16"><span class='ocrx_word' id='word_1_793' title='bbox 178 5581 195 5601; x_wconf 91' lang='grc'><strong>·</strong></span> <span class='ocrx_word' id='word_1_794' title='bbox 216 5572 445 5623; x_wconf 82' lang='lat' dir='ltr'><strong>Addunt</strong></span> <span class='ocrx_word' id='word_1_795' title='bbox 476 5573 585 5636; x_wconf 81' lang='lat' dir='ltr'><strong>ipse</strong></span> <span class='ocrx_word' id='word_1_796' title='bbox 620 5572 855 5636; x_wconf 89' lang='lat' dir='ltr'><strong>quidam</strong></span> <span class='ocrx_word' id='word_1_797' title='bbox 892 5585 1023 5625; x_wconf 91' lang='lat' dir='ltr'><strong>cum</strong></span> <span class='ocrx_word' id='word_1_798' title='bbox 1058 5574 1307 5639; x_wconf 87' lang='lat' dir='ltr'><strong>Baluzio,</strong></span> <span class='ocrx_word' id='word_1_799' title='bbox 1341 5574 1442 5638; x_wconf 89' lang='lat' dir='ltr'><strong>qui</strong></span> <span class='ocrx_word' id='word_1_800' title='bbox 1477 5577 1534 5626; x_wconf 91' lang='lat' dir='ltr'><strong>et</strong></span> <span class='ocrx_word' id='word_1_801' title='bbox 1567 5587 1703 5627; x_wconf 82' lang='lat' dir='ltr'><strong>mox</strong></span> 
     </span>
    </p>
   </div>
   <div class='ocr_carea' id='block_1_104' title="bbox 122 5645 1696 5711">
    <p class='ocr_par' dir='ltr' id='par_1_104' title="bbox 122 5645 1696 5711">
     <span class='ocr_line' id='line_1_104' title="bbox 122 5645 1696 5711; baseline 0.004 -19"><span class='ocrx_word' id='word_1_802' title='bbox 122 5645 514 5707; x_wconf 78' lang='lat' dir='ltr'><strong>consecratione,</strong></span> <span class='ocrx_word' id='word_1_803' title='bbox 539 5656 639 5708; x_wconf 85' lang='lat' dir='ltr'><strong>pro</strong></span> <span class='ocrx_word' id='word_1_804' title='bbox 663 5646 1059 5694; x_wconf 77' lang='lat' dir='ltr'><strong>conservatione</strong></span> <span class='ocrx_word' id='word_1_805' title='bbox 1079 5658 1144 5696; x_wconf 79' lang='lat' dir='ltr'><strong>ex</strong></span> <span class='ocrx_word' id='word_1_806' title='bbox 1160 5645 1354 5697; x_wconf 87' lang='lat' dir='ltr'><strong>codice</strong></span> <span class='ocrx_word' id='word_1_807' title='bbox 1370 5648 1696 5711; x_wconf 81' lang='lat' dir='ltr'><strong>Sangerma-</strong></span> 
     </span>
    </p>
   </div>
   <div class='ocr_carea' id='block_1_105' title="bbox 122 5714 1705 5779">
    <p class='ocr_par' dir='ltr' id='par_1_105' title="bbox 122 5714 1705 5779">
     <span class='ocr_line' id='line_1_105' title="bbox 122 5714 1705 5779; baseline 0.002 -12"><span class='ocrx_word' id='word_1_808' title='bbox 122 5716 274 5768; x_wconf 86' lang='lat' dir='ltr'><strong>nensi</strong></span> <span class='ocrx_word' id='word_1_809' title='bbox 314 5715 597 5779; x_wconf 85' lang='lat' dir='ltr'><strong>editisque</strong></span> <span class='ocrx_word' id='word_1_810' title='bbox 645 5715 771 5768; x_wconf 88' lang='lat' dir='ltr'><strong>aliis</strong></span> <span class='ocrx_word' id='word_1_811' title='bbox 806 5714 965 5768; x_wconf 88' lang='lat' dir='ltr'><strong>libris</strong></span> <span class='ocrx_word' id='word_1_812' title='bbox 987 5717 1208 5769; x_wconf 88' lang='lat' dir='ltr'><strong>maluit.</strong></span> <span class='ocrx_word' id='word_1_813' title='bbox 1236 5718 1547 5770; x_wconf 87' lang='lat' dir='ltr'><strong>Nobiscum</strong></span> <span class='ocrx_word' id='word_1_814' title='bbox 1572 5719 1705 5770; x_wconf 87' lang='lat' dir='ltr'><strong>Bar-</strong></span> 
     </span>
    </p>
   </div>
   <div class='ocr_carea' id='block_1_106' title="bbox 1799 4579 3395 4661">
    <p class='ocr_par' dir='ltr' id='par_1_106' title="bbox 1799 4579 3395 4661">
     <span class='ocr_line' id='line_1_106' title="bbox 1799 4579 3395 4661; baseline -0.003 -25"><span class='ocrx_word' id='word_1_815' title='bbox 1799 4596 2166 4648; x_wconf 87' lang='lat' dir='ltr'><strong>nequaquam</strong></span> <span class='ocrx_word' id='word_1_816' title='bbox 2190 4582 2591 4635; x_wconf 87' lang='lat' dir='ltr'><strong>commendare</strong></span> <span class='ocrx_word' id='word_1_817' title='bbox 2613 4581 2943 4661; x_wconf 78' lang='lat' dir='ltr'><strong>debuerant.</strong></span> <span class='ocrx_word' id='word_1_818' title='bbox 2970 4580 3027 4633; x_wconf 92' lang='lat' dir='ltr'><strong>Si</strong></span> <span class='ocrx_word' id='word_1_819' title='bbox 3051 4592 3186 4633; x_wconf 83' lang='lat' dir='ltr'><strong>vero</strong></span> <span class='ocrx_word' id='word_1_820' title='bbox 3198 4579 3395 4632; x_wconf 88' lang='lat' dir='ltr'><strong>faciles</strong></span> 
     </span>
    </p>
   </div>
   <div class='ocr_carea' id='block_1_107' title="bbox 1802 4670 3400 4736">
    <p class='ocr_par' dir='ltr' id='par_1_107' title="bbox 1802 4670 3400 4736">
     <span class='ocr_line' id='line_1_107' title="bbox 1802 4670 3400 4736; baseline -0.003 -11"><span class='ocrx_word' id='word_1_821' title='bbox 1802 4677 1941 4725; x_wconf 88' lang='lat' dir='ltr'><strong>sunt</strong></span> <span class='ocrx_word' id='word_1_822' title='bbox 1976 4673 2049 4725; x_wconf 88' lang='lat' dir='ltr'><strong>ad</strong></span> <span class='ocrx_word' id='word_1_823' title='bbox 2080 4673 2448 4734; x_wconf 80' lang='lat' dir='ltr'><strong>credendum,</strong></span> <span class='ocrx_word' id='word_1_824' title='bbox 2491 4670 2675 4723; x_wconf 91' lang='lat' dir='ltr'><strong>multo</strong></span> <span class='ocrx_word' id='word_1_825' title='bbox 2698 4670 3016 4736; x_wconf 87' lang='lat' dir='ltr'><strong>promptius</strong></span> <span class='ocrx_word' id='word_1_826' title='bbox 3043 4670 3171 4722; x_wconf 59' lang='lat' dir='ltr'><strong>haec</strong></span> <span class='ocrx_word' id='word_1_827' title='bbox 3200 4672 3400 4722; x_wconf 86' lang='lat' dir='ltr'><strong>nostra</strong></span> 
     </span>
    </p>
   </div>
   <div class='ocr_carea' id='block_1_108' title="bbox 1803 4760 3395 4827">
    <p class='ocr_par' dir='ltr' id='par_1_108' title="bbox 1803 4760 3395 4827">
     <span class='ocr_line' id='line_1_108' title="bbox 1803 4760 3395 4827; baseline -0.002 -11"><span class='ocrx_word' id='word_1_828' title='bbox 1803 4767 1922 4816; x_wconf 89' lang='lat' dir='ltr'><strong>tam</strong></span> <span class='ocrx_word' id='word_1_829' title='bbox 1958 4764 2205 4815; x_wconf 88' lang='lat' dir='ltr'><strong>honesta</strong></span> <span class='ocrx_word' id='word_1_830' title='bbox 2228 4767 2284 4816; x_wconf 86' lang='lat' dir='ltr'><strong>et</strong></span> <span class='ocrx_word' id='word_1_831' title='bbox 2307 4768 2422 4816; x_wconf 89' lang='lat' dir='ltr'><strong>tam</strong></span> <span class='ocrx_word' id='word_1_832' title='bbox 2451 4767 2650 4815; x_wconf 87' lang='lat' dir='ltr'><strong>sancta</strong></span> <span class='ocrx_word' id='word_1_833' title='bbox 2668 4763 2933 4827; x_wconf 87' lang='lat' dir='ltr'><strong>recipere,</strong></span> <span class='ocrx_word' id='word_1_834' title='bbox 2963 4773 3138 4826; x_wconf 87' lang='lat' dir='ltr'><strong>quam</strong></span> <span class='ocrx_word' id='word_1_835' title='bbox 3159 4760 3255 4814; x_wconf 87' lang='lat' dir='ltr'><strong>illa</strong></span> <span class='ocrx_word' id='word_1_836' title='bbox 3277 4765 3395 4815; x_wconf 87' lang='lat' dir='ltr'><strong>tam</strong></span> 
     </span>
    </p>
   </div>
   <div class='ocr_carea' id='block_1_109' title="bbox 1799 4851 3072 4917">
    <p class='ocr_par' dir='ltr' id='par_1_109' title="bbox 1799 4851 3072 4917">
     <span class='ocr_line' id='line_1_109' title="bbox 1799 4851 3072 4917; baseline -0.002 -13"><span class='ocrx_word' id='word_1_837' title='bbox 1799 4851 2038 4917; x_wconf 87' lang='lat' dir='ltr'><strong>indigna</strong></span> <span class='ocrx_word' id='word_1_838' title='bbox 2060 4857 2117 4905; x_wconf 91' lang='lat' dir='ltr'><strong>et</strong></span> <span class='ocrx_word' id='word_1_839' title='bbox 2147 4858 2265 4904; x_wconf 89' lang='lat' dir='ltr'><strong>tam</strong></span> <span class='ocrx_word' id='word_1_840' title='bbox 2288 4853 2446 4905; x_wconf 62' lang='lat' dir='ltr'><strong>foeda</strong></span> <span class='ocrx_word' id='word_1_841' title='bbox 2466 4853 2693 4906; x_wconf 88' lang='lat' dir='ltr'><strong>credere</strong></span> <span class='ocrx_word' id='word_1_842' title='bbox 2721 4852 3072 4904; x_wconf 89' lang='lat' dir='ltr'><strong>debuissent.</strong></span> 
     </span>
    </p>
   </div>
   <div class='ocr_carea' id='block_1_110' title="bbox 1800 5019 3222 5087">
    <p class='ocr_par' dir='ltr' id='par_1_110' title="bbox 1800 5019 3222 5087">
     <span class='ocr_line' id='line_1_110' title="bbox 1800 5019 3222 5087; baseline -0.002 -12"><span class='ocrx_word' id='word_1_843' title='bbox 1800 5035 1973 5083; x_wconf 72' lang='lat' dir='ltr'><strong>mus,</strong></span> <span class='ocrx_word' id='word_1_844' title='bbox 1999 5021 2333 5087; x_wconf 90' lang='lat' dir='ltr'><strong>Frobenius,</strong></span> <span class='ocrx_word' id='word_1_845' title='bbox 2360 5023 2645 5076; x_wconf 89' lang='lat' dir='ltr'><strong>Pamelius</strong></span> <span class='ocrx_word' id='word_1_846' title='bbox 2664 5027 2841 5087; x_wconf 91' lang='lat' dir='ltr'><strong>atque</strong></span> <span class='ocrx_word' id='word_1_847' title='bbox 2863 5021 2958 5075; x_wconf 89' lang='lat' dir='ltr'><strong>alii</strong></span> <span class='ocrx_word' id='word_1_848' title='bbox 2988 5019 3222 5074; x_wconf 86' lang='lat' dir='ltr'><strong>faciunt.</strong></span> 
     </span>
    </p>
   </div>
   <div class='ocr_carea' id='block_1_111' title="bbox 1865 5108 3388 5177">
    <p class='ocr_par' dir='ltr' id='par_1_111' title="bbox 1865 5108 3388 5177">
     <span class='ocr_line' id='line_1_111' title="bbox 1865 5108 3388 5177; baseline 0 -16"><span class='ocrx_word' id='word_1_849' title='bbox 1865 5111 1886 5140; x_wconf 69' lang='grc' dir='ltr'><em>δ</em></span> <span class='ocrx_word' id='word_1_850' title='bbox 1921 5111 2110 5177; x_wconf 85' lang='lat' dir='ltr'><strong>Minus</strong></span> <span class='ocrx_word' id='word_1_851' title='bbox 2150 5115 2306 5162; x_wconf 86' lang='lat' dir='ltr'><strong>recte</strong></span> <span class='ocrx_word' id='word_1_852' title='bbox 2347 5114 2485 5172; x_wconf 89' lang='lat' dir='ltr'><strong>erat,</strong></span> <span class='ocrx_word' id='word_1_853' title='bbox 2530 5112 2685 5162; x_wconf 83' lang='lat' dir='ltr'><strong>illam</strong></span> <span class='ocrx_word' id='word_1_854' title='bbox 2720 5111 3070 5177; x_wconf 75' lang='lat' dir='ltr'><strong>respondisse.</strong></span> <span class='ocrx_word' id='word_1_855' title='bbox 3108 5110 3243 5163; x_wconf 79' lang='lat' dir='ltr'><strong>Mox</strong></span> <span class='ocrx_word' id='word_1_856' title='bbox 3276 5108 3388 5170; x_wconf 85' lang='lat' dir='ltr'><strong>alii,</strong></span> 
     </span>
    </p>
   </div>
   <div class='ocr_carea' id='block_1_112' title="bbox 1803 5180 2842 5247">
    <p class='ocr_par' dir='ltr' id='par_1_112' title="bbox 1803 5180 2842 5247">
     <span class='ocr_line' id='line_1_112' title="bbox 1803 5180 2842 5247; baseline 0.002 -15"><span class='ocrx_word' id='word_1_857' title='bbox 1803 5182 1999 5233; x_wconf 75' lang='lat' dir='ltr'><strong>dixerit</strong></span> <span class='ocrx_word' id='word_1_858' title='bbox 2025 5180 2261 5246; x_wconf 84' lang='lat' dir='ltr'><strong>Angelus</strong></span> <span class='ocrx_word' id='word_1_859' title='bbox 2283 5182 2395 5243; x_wconf 82' lang='lat' dir='ltr'><strong>Dei,</strong></span> <span class='ocrx_word' id='word_1_860' title='bbox 2425 5195 2525 5247; x_wconf 85' lang='lat' dir='ltr'><strong>pro</strong></span> <span class='ocrx_word' id='word_1_861' title='bbox 2555 5183 2603 5231; x_wconf 86' lang='lat' dir='ltr'><strong>ei</strong></span> <span class='ocrx_word' id='word_1_862' title='bbox 2624 5183 2842 5247; x_wconf 82' lang='lat' dir='ltr'><strong>legunt.</strong></span> 
     </span>
    </p>
   </div>
   <div class='ocr_carea' id='block_1_113' title="bbox 1866 5270 3392 5332">
    <p class='ocr_par' dir='ltr' id='par_1_113' title="bbox 1866 5270 3392 5332">
     <span class='ocr_line' id='line_1_113' title="bbox 1866 5270 3392 5332; baseline -0.003 -10"><span class='ocrx_word' id='word_1_863' title='bbox 1866 5270 2557 5332; x_wconf 83' lang='lat' dir='ltr'><strong>°Desiderantur,Baluzio</strong></span> <span class='ocrx_word' id='word_1_864' title='bbox 2582 5271 2745 5331; x_wconf 90' lang='lat' dir='ltr'><strong>teste,</strong></span> <span class='ocrx_word' id='word_1_865' title='bbox 2760 5271 2874 5322; x_wconf 90' lang='lat' dir='ltr'><strong>duo</strong></span> <span class='ocrx_word' id='word_1_866' title='bbox 2895 5271 3022 5321; x_wconf 65' lang='lat' dir='ltr'><strong>haec</strong></span> <span class='ocrx_word' id='word_1_867' title='bbox 3047 5271 3221 5323; x_wconf 87' lang='lat' dir='ltr'><strong>verba</strong></span> <span class='ocrx_word' id='word_1_868' title='bbox 3247 5270 3392 5320; x_wconf 77' lang='lat' dir='ltr'><strong>illius</strong></span> 
     </span>
    </p>
   </div>
   <div class='ocr_carea' id='block_1_114' title="bbox 1802 5342 3392 5408">
    <p class='ocr_par' dir='ltr' id='par_1_114' title="bbox 1802 5342 3392 5408">
     <span class='ocr_line' id='line_1_114' title="bbox 1802 5342 3392 5408; baseline 0.001 -15"><span class='ocrx_word' id='word_1_869' title='bbox 1802 5343 1961 5393; x_wconf 75' lang='lat' dir='ltr'><strong>vulva</strong></span> <span class='ocrx_word' id='word_1_870' title='bbox 1979 5343 2039 5395; x_wconf 87' lang='lat' dir='ltr'><strong>in</strong></span> <span class='ocrx_word' id='word_1_871' title='bbox 2054 5342 2183 5394; x_wconf 91' lang='lat' dir='ltr'><strong>cod.</strong></span> <span class='ocrx_word' id='word_1_872' title='bbox 2203 5342 2701 5405; x_wconf 89' lang='lat' dir='ltr'><strong>Sangermanensi,</strong></span> <span class='ocrx_word' id='word_1_873' title='bbox 2719 5342 3053 5404; x_wconf 81' lang='lat' dir='ltr'><strong>Remboldo,</strong></span> <span class='ocrx_word' id='word_1_874' title='bbox 3066 5347 3239 5408; x_wconf 88' lang='lat' dir='ltr'><strong>atque</strong></span> <span class='ocrx_word' id='word_1_875' title='bbox 3256 5344 3392 5394; x_wconf 89' lang='lat' dir='ltr'><strong>Era-</strong></span> 
     </span>
    </p>
   </div>
   <div class='ocr_carea' id='block_1_115' title="bbox 1804 5428 1948 5468">
    <p class='ocr_par' dir='ltr' id='par_1_115' title="bbox 1804 5428 1948 5468">
     <span class='ocr_line' id='line_1_115' title="bbox 1804 5428 1948 5468; baseline -0.007 0"><span class='ocrx_word' id='word_1_876' title='bbox 1804 5428 1948 5468; x_wconf 78' lang='lat' dir='ltr'><strong>SIDO.</strong></span> 
     </span>
    </p>
   </div>
   <div class='ocr_carea' id='block_1_116' title="bbox 1866 5492 2675 5557">
    <p class='ocr_par' dir='ltr' id='par_1_116' title="bbox 1866 5492 2675 5557">
     <span class='ocr_line' id='line_1_116' title="bbox 1866 5492 2675 5557; baseline -0.006 -9"><span class='ocrx_word' id='word_1_877' title='bbox 1866 5496 1883 5525; x_wconf 81' lang='lat'><em>&#39;</em></span> <span class='ocrx_word' id='word_1_878' title='bbox 1903 5498 1968 5547; x_wconf 88' lang='lat' dir='ltr'><strong>In</strong></span> <span class='ocrx_word' id='word_1_879' title='bbox 1990 5494 2114 5547; x_wconf 84' lang='lat' dir='ltr'><strong>aliis</strong></span> <span class='ocrx_word' id='word_1_880' title='bbox 2140 5493 2298 5546; x_wconf 88' lang='lat' dir='ltr'><strong>libris</strong></span> <span class='ocrx_word' id='word_1_881' title='bbox 2321 5494 2419 5555; x_wconf 84' lang='lat' dir='ltr'><strong>uti,</strong></span> <span class='ocrx_word' id='word_1_882' title='bbox 2446 5505 2545 5557; x_wconf 88' lang='lat' dir='ltr'><strong>pro</strong></span> <span class='ocrx_word' id='word_1_883' title='bbox 2562 5492 2675 5543; x_wconf 88' lang='lat' dir='ltr'><strong>sub.</strong></span> 
     </span>
    </p>
   </div>
   <div class='ocr_carea' id='block_1_117' title="bbox 1867 5570 3387 5637">
    <p class='ocr_par' dir='ltr' id='par_1_117' title="bbox 1867 5570 3387 5637">
     <span class='ocr_line' id='line_1_117' title="bbox 1867 5570 3387 5637; baseline -0.004 -11"><span class='ocrx_word' id='word_1_884' title='bbox 1867 5586 1885 5614; x_wconf 74' lang='grc' dir='ltr'><strong>ι</strong></span> <span class='ocrx_word' id='word_1_885' title='bbox 1907 5577 2119 5628; x_wconf 89' lang='lat' dir='ltr'><strong>Tacent</strong></span> <span class='ocrx_word' id='word_1_886' title='bbox 2140 5575 2293 5626; x_wconf 91' lang='lat' dir='ltr'><strong>idem</strong></span> <span class='ocrx_word' id='word_1_887' title='bbox 2318 5574 2443 5625; x_wconf 87' lang='lat' dir='ltr'><strong>heic</strong></span> <span class='ocrx_word' id='word_1_888' title='bbox 2465 5573 2713 5637; x_wconf 79' lang='lat' dir='ltr'><strong>quamvis</strong></span> <span class='ocrx_word' id='word_1_889' title='bbox 2737 5586 2748 5622; x_wconf 92' lang='lat'>:</span> <span class='ocrx_word' id='word_1_890' title='bbox 2779 5571 2942 5623; x_wconf 88' lang='lat' dir='ltr'><strong>tertio</strong></span> <span class='ocrx_word' id='word_1_891' title='bbox 2965 5575 3160 5622; x_wconf 87' lang='lat' dir='ltr'><strong>autem</strong></span> <span class='ocrx_word' id='word_1_892' title='bbox 3182 5571 3256 5622; x_wconf 90' lang='lat' dir='ltr'><strong>ab</strong></span> <span class='ocrx_word' id='word_1_893' title='bbox 3279 5570 3387 5621; x_wconf 90' lang='lat' dir='ltr'><strong>hoc</strong></span> 
     </span>
    </p>
   </div>
   <div class='ocr_carea' id='block_1_118' title="bbox 1803 5641 3391 5711">
    <p class='ocr_par' dir='ltr' id='par_1_118' title="bbox 1803 5641 3391 5711">
     <span class='ocr_line' id='line_1_118' title="bbox 1803 5641 3391 5711; baseline -0.005 -12"><span class='ocrx_word' id='word_1_894' title='bbox 1803 5660 1972 5699; x_wconf 87' lang='lat' dir='ltr'><strong>versu</strong></span> <span class='ocrx_word' id='word_1_895' title='bbox 2007 5648 2135 5711; x_wconf 88' lang='lat' dir='ltr'><strong>plus</strong></span> <span class='ocrx_word' id='word_1_896' title='bbox 2173 5648 2401 5710; x_wconf 85' lang='lat' dir='ltr'><strong>habent,</strong></span> <span class='ocrx_word' id='word_1_897' title='bbox 2444 5659 2617 5693; x_wconf 86' lang='lat' dir='ltr'><strong>unum</strong></span> <span class='ocrx_word' id='word_1_898' title='bbox 2654 5646 2726 5692; x_wconf 84' lang='lat' dir='ltr'><strong>eis</strong></span> <span class='ocrx_word' id='word_1_899' title='bbox 2759 5641 3098 5707; x_wconf 74' lang='lat' dir='ltr'><strong>impossibile,</strong></span> <span class='ocrx_word' id='word_1_900' title='bbox 3123 5645 3229 5693; x_wconf 91' lang='lat' dir='ltr'><strong>etc.</strong></span> <span class='ocrx_word' id='word_1_901' title='bbox 3258 5642 3391 5691; x_wconf 82' lang='lat' dir='ltr'><strong>Mox</strong></span> 
     </span>
    </p>
   </div>
   <div class='ocr_carea' id='block_1_119' title="bbox 1804 5713 3388 5781">
    <p class='ocr_par' dir='ltr' id='par_1_119' title="bbox 1804 5713 3388 5781">
     <span class='ocr_line' id='line_1_119' title="bbox 1804 5713 3388 5781; baseline -0.004 -11"><span class='ocrx_word' id='word_1_902' title='bbox 1804 5718 1900 5770; x_wconf 86' lang='lat' dir='ltr'><strong>alii</strong></span> <span class='ocrx_word' id='word_1_903' title='bbox 1936 5730 2071 5770; x_wconf 91' lang='lat' dir='ltr'><strong>cum</strong></span> <span class='ocrx_word' id='word_1_904' title='bbox 2100 5718 2361 5781; x_wconf 88' lang='lat' dir='ltr'><strong>Pamelio,</strong></span> <span class='ocrx_word' id='word_1_905' title='bbox 2396 5716 2716 5781; x_wconf 85' lang='lat' dir='ltr'><strong>inspirante,</strong></span> <span class='ocrx_word' id='word_1_906' title='bbox 2754 5726 2855 5779; x_wconf 91' lang='lat' dir='ltr'><strong>pro</strong></span> <span class='ocrx_word' id='word_1_907' title='bbox 2892 5714 3133 5779; x_wconf 80' lang='lat' dir='ltr'><strong>spirante</strong></span> <span class='ocrx_word' id='word_1_908' title='bbox 3156 5713 3388 5766; x_wconf 86' lang='lat' dir='ltr'><strong>habent.</strong></span> 
     </span>
    </p>
   </div>
  </div>
