3898 6404
535 343 633 401 351

1554 342 1799 395 RUFINI
1837 341 2325 405 AQUILEIENSIS
2360 340 2799 395 PRESBYTERI

3741 330 3843 388 332

592 458 661 515 1‘2
696 457 806 512 Sed
841 466 859 489 ·
881 456 1083 513 dicunt
1109 456 1384 520 fortassis,
1411 456 1548 521 quia
1571 455 1845 522 possibile
1871 455 1920 507 si
1944 456 2127 509 fuerat
2145 460 2199 532 Α
2228 458 2414 525 possis
2439 458 2643 521 dicere,
2673 469 2776 509 cur
2798 456 3071 508 obsemna
3089 451 3423 506 condiderit.
3463 452 3536 505 Et
3572 450 3707 504 ideo
3741 450 3847 503 ob-

530 550 668 613 Deo,
710 554 774 602 ut
808 550 967 615 virgo
1005 548 1340 612 conciperet,
1366 547 1635 612 possibile
1661 547 1829 599 etiam
1853 547 2038 598 fuerat
2062 550 2127 598 ut

529 644 780 704 pareret:
808 638 908 690 sed
925 638 1224 702 indignum
1240 639 1323 688 eis
1342 636 1537 699 videri,
1558 640 1620 688 ut
1648 640 1808 688 tanta
1829 636 1924 690 illa
1945 637 2125 700 maje-

531 733 650 779 stas
671 740 771 792 per
799 727 1075 792 genitales
1101 726 1328 777 feminas
1354 726 1623 777 transiret
1650 726 1671 753 ’³
1693 738 1961 789 egressus
1989 740 2000 775 :
2028 724 2126 777 ubi

529 818 794 883 quamvis
826 816 984 868 nulla
1003 816 1165 867 fuerit
1189 829 1259 867 ex
1288 816 1393 867 viri
1418 815 1818 867 commistione
1842 816 2122 877 contagio,

530 905 635 957 fuit
660 911 851 957 tamen
877 903 987 973 75
1015 906 1195 971 ipsius
1211 905 1490 969 puerperii
1508 906 1797 956 obscaenas
1810 904 2126 956 attrectatio

528 994 617 1045 nis
641 994 865 1058 injuria.
893 996 998 1046 Pro
1016 1006 1130 1058 quo
1154 994 1442 1059 paulisper
1456 994 1538 1045 eis
1556 994 1873 1045 secundum
1891 1006 2127 1045 sensum

529 1096 700 1135 suum
744 1083 1218 1148 reSpondeamus.
1266 1083 1321 1134 Si
1365 1083 1495 1146 quis
1526 1082 1716 1135 videat
1740 1082 2043 1148 parvulum
2069 1082 2129 1134 in

528 1170 808 1235 profundo
833 1173 983 1224 caani
1018 1171 1224 1233 necari,
1246 1176 1303 1224 et
1325 1173 1447 1236 ipse
1465 1185 1598 1223 cum
1615 1172 1788 1223 sitvir
1803 1185 2052 1236 magnus
2071 1174 2128 1224 et

531 1265 754 1325 potens,
779 1267 1101 1313 extremum
1118 1270 1134 1290 ε
1160 1262 1242 1325 (ut
1264 1261 1343 1313 ita
1355 1261 1613 1324 dixerim)
1634 1261 1988 1325 ingrediatur
2010 1275 2129 1313 caa-

532 1364 692 1411 num,
719 1356 781 1402 ut
801 1351 1103 1415 parvulum
1127 1350 1328 1403 liberet
1360 1351 1716 1415 morientem,
1743 1350 2068 1415 pollutusne
2096 1364 2130 1402 a

533 1443 588 1491 te
612 1440 974 1491 accusabitur
991 1439 1085 1491 hic
1110 1440 1212 1501 vir,
1237 1439 1336 1502 qui
1359 1438 1657 1504 paululum
1686 1440 1985 1492 calcaverit
2003 1438 2131 1504 luti,

529 1541 603 1582 an
633 1533 699 1581 ut
732 1529 1053 1581 misericors
1075 1528 1424 1593 laudabitur,
1449 1529 1602 1593 quod
1628 1530 1805 1582 vitam
1828 1530 2131 1581 contulerit

530 1618 806 1672 morituro
820 1626 843 1668 Ρ
869 1617 978 1671 Sed
1002 1618 1127 1671 haec
1142 1619 1315 1671 etiam
1333 1619 1403 1671 de
1421 1619 1711 1670 communi
1727 1619 1959 1671 homine
1976 1619 2130 1671 dicta

535 1708 670 1761 sint.
688 1707 1009 1760 Redeamus
1020 1720 1176 1759 nunc
1191 1708 1261 1759 ad
1280 1712 1545 1760 naturam
1560 1709 1705 1772 ejus,
1722 1710 1820 1773 qui
1831 1714 2005 1761 natus
2022 1715 2127 1761 est.

536 1799 827 1859 Quantum
856 1801 1024 1862 putas
1046 1801 1251 1850 natura
1276 1798 1412 1849 solis
1434 1797 1528 1849 illo
1553 1798 1780 1851 interior
1801 1803 1892 1850 est
1907 1804 1931 1850 ε’
1956 1811 2132 1863 quan-

534 1891 658 1939 tum
681 1891 940 1939 creatura
963 1886 1087 1938 sine
1106 1886 1279 1938 dubio
1302 1889 1807 1939 creatorelntuere
1829 1900 1987 1939 nunc
2012 1888 2051 1950 τι,
2080 1888 2130 1939 si

540 1975 678 2027 solis
699 1975 892 2027 radius
917 1976 977 2027 in
999 1976 1149 2028 omni
1173 1974 1418 2041 alicujus
1436 1976 1769 2040 voraginem
1781 1976 2135 2040 demittatur,

534 2065 934 2129 nunquidnam
967 2064 1183 2130 aliquid
1221 2066 1354 2117 inde
1380 2066 1709 2131 pollutionis
1732 2067 2013 2131 acquirit?
2034 2070 2137 2118 aut

537 2154 942 2207 obscmnorum
963 2154 1284 2217 illustratio,
1322 2155 1457 2207 solis
1487 2155 1715 2207 ducitur
1743 2156 1803 2208 in
1826 2156 2093 2221 injuriam
2111 2158 2137 2207 εὶ

537 2243 695 2307 Ignis
719 2256 946 2307 quoque
969 2248 1186 2307 quanto
1209 2248 1415 2296 natura
1435 2249 1523 2296 est
1546 2244 1776 2297 inferior
1803 2244 1892 2296 his
1916 2244 1987 2296 de
2013 2244 2129 2308 qui-

537 2332 647 2384 bus
677 2344 863 2385 sermo
886 2337 1008 2384 est?
1039 2335 1109 2384 Et
1136 2333 1293 2385 nulla
1315 2332 1570 2396 materia,
1611 2334 1702 2386 vel
1726 2334 2018 2396 obscaena,
2044 2332 2137 2384 vel

537 2422 720 2486 turpis
764 2423 1019 2475 adhibita
1054 2422 1123 2486 ei,
1158 2423 1352 2486 ignem
1380 2424 1655 2488 polluisse
1693 2423 1960 2475 creditur.
1989 2424 2131 2475 Cum

537 2511 642 2576 [AL
678 2512 806 2563 add.
845 2512 1001 2577 ergo]
1035 2513 1161 2565 haec
1202 2513 1282 2564 ita
1318 2526 1446 2565 esse
1468 2513 1529 2565 in
1551 2514 1724 2565 rebus
1746 2512 2136 2565 materialibus

534 2604 777 2665 constet,
813 2603 876 2653 tu
912 2603 973 2653 in
994 2600 1090 2653 illa
1114 2603 1559 2667 supereminenti
1597 2605 1652 2654 et
1676 2602 2002 2667 incorperea
2028 2615 2136 2654 na-

537 2692 683 2752 tura,
717 2702 849 2753 qum
882 2704 1052 2755 super
1074 2704 1307 2743 omnem
1334 2691 1548 2755 ignem,
1574 2696 1632 2743 et
1657 2705 1829 2756 super
1854 2705 2023 2743 omne
2044 2691 2135 2743 1η-

540 2791 673 2831 men
717 2784 823 2839 est,
858 2780 1185 2844 pollutionis
1220 2780 1431 2845 aliquid
1464 2786 1631 2845 putas
1664 2793 1730 2832 ae
1760 2781 1864 2845 [AL
1890 2782 2007 2845 aut]
2032 2782 2137 2833 ob-

540 2869 856 2921 scaenitatis
873 2869 1142 2922 incidere?
1159 2872 1306 2921 Tum
1322 2871 1529 2922 deinde
1542 2871 1711 2922 etiam
1729 2871 1798 2921 ad
1816 2870 1919 2935 [AL
1939 2876 2138 2919 tacetur

541 2958 632 3023 ad)
671 2958 811 3010 illud
845 2959 1097 3011 adverte.
1132 2961 1247 3011 Nos
1271 2960 1564 3011 hominem
1599 2973 1633 3011 a
1652 2961 1766 3011 Deo
1791 2963 2041 3011 creatum
2066 2960 2136 3011 de

536 3053 705 3101 terrea
729 3048 864 3100 limo
888 3049 1154 3101 dicimus.
1175 3049 1335 3110 Quod
1353 3050 1401 3100 si
1416 3050 1764 3101 obscoenitas
1782 3051 1895 3101 Deo
1908 3055 2135 3114 reputa-

2230 560 2425 600 scaena
2457 548 2583 601 haec
2620 561 2765 608 esse,
2800 558 2916 598 non
2953 549 3180 613 natura,
3206 543 3306 596 sed
3329 543 3712 595 observentia
3743 540 3845 591 do-

2227 638 2361 689 cuit.
2404 637 2686 691 Caeterum
2716 637 2907 689 omnia
2926 648 3059 700 quae
3084 638 3220 686 sunt
3243 634 3301 685 in
3330 645 3594 698 corpore,
3620 644 3694 684 ex
3724 644 3841 682 uno

2227 728 2546 792 eodemque
2573 728 2691 779 luto
2721 723 2833 795 76
2864 728 3120 785 formata,
3134 724 3338 775 usibus
3365 726 3600 774 tantum
3624 726 3683 772 et
3707 719 3840 771 offi-

2228 818 2329 868 ciis
2352 816 2713 869 naturalibus
2738 816 3147 879 distinguntur.

2291 906 2398 958 Sed
2421 919 2526 957 nec
2550 916 2568 935 °
2592 906 2731 957 illud
2767 905 2999 969 quidem
3022 903 3381 955 absolutione
3413 913 3622 954 vacare
3662 900 3843 963 hujus

2228 996 2563 1060 quaestionis
2576 992 3086 1058 omittamus,quod
3102 992 3428 1045 substantia
3444 991 3711 1055 Dei,quzn
3730 1001 3846 1040 om-

2228 1085 2364 1137 nino
2401 1088 2490 1137 est
2516 1084 2863 1149 incorporea,
2889 1082 3065 1135 inseri
3094 1082 3449 1146 corporibus,
3482 1080 3578 1134 vel
3611 1080 3744 1144 capi
3776 1079 3844 1129 ab

2228 1175 2309 1226 eis
2344 1174 2725 1239 principaliter
2768 1186 2886 1225 non
2930 1176 3136 1238 potest,
3182 1171 3293 1224 nisi
3317 1170 3509 1234 aliqua
3532 1169 3613 1222 sit
3650 1168 3845 1220 media

2229 1264 2557 1315 substantia
2574 1262 2904 1327 spiritualis,
2924 1274 3057 1326 quas
3070 1273 3250 1326 capax
3262 1260 3441 1312 divini
3453 1259 3613 1324 spirit
3626 1271 3701 1309 us
3714 1270 3849 1322 pos-

2232 1354 2307 1404 sit
2330 1366 2475 1404 esse.
2508 1352 2679 1404 Verbi
2704 1352 2905 1417 gratia,
2936 1356 3004 1403 ut
3026 1350 3074 1403 si
3086 1350 3365 1411 dicamus,
3389 1348 3490 1401 lux
3502 1348 3846 1411 omniaqui-

2233 1444 2365 1495 dem
2389 1444 2647 1495 membra
2670 1442 2918 1507 corporis
2940 1440 3223 1493 illustrare
3253 1442 3459 1505 potest,
3493 1451 3530 1490 a
3555 1437 3730 1489 nullo
3756 1441 3844 1487 ta-

2231 1546 2367 1585 men
2406 1544 2602 1583 eorum
2637 1530 2748 1583 nisi
2771 1542 2806 1582 a
2836 1529 2956 1583 solo
2982 1528 3147 1581 oculo
3171 1528 3295 1593 capi
3317 1530 3522 1593 potest.
3551 1527 3732 1579 Solus
3757 1531 3843 1576 est

2231 1624 2387 1675 enim
2410 1621 2611 1673 oculus
2635 1620 2736 1685 qui
2766 1632 2945 1684 capax
2966 1624 3053 1671 est.
3083 1619 3186 1684 [AL
3215 1617 3306 1684 sit]
3336 1617 3499 1669 lucis.
3528 1619 3599 1668 Et
3625 1615 3643 1644 τ
3665 1615 3844 1667 Filius

2230 1724 2365 1777 ergo
2389 1711 2489 1763 Dei
2513 1711 2770 1762 nascitur
2793 1722 2867 1761 ex
2902 1709 3149 1773 Virgine,
3178 1720 3296 1759 non
3320 1705 3715 1772 principaliter
3734 1704 3839 1755 soli

2238 1800 2393 1853 carni
2433 1800 2705 1861 sociatus,
2745 1801 2848 1851 sed
2885 1798 3078 1850 anima
3112 1798 3260 1849 inter
3279 1808 3508 1849 carnem
3530 1797 3843 1857 Deumque

2238 1891 2429 1942 media
2450 1893 2782 1954 generatus.
2813 1888 3021 1940 Anima
3043 1900 3177 1951 ergo
3213 1886 3418 1946 media,
3451 1886 3508 1937 et
3530 1885 3591 1936 in
3617 1889 3843 1936 secreta

2238 1980 2590 2032 rationabilis
2613 1978 2848 2044 spiritus
2877 1990 3005 2030 arce
3030 1978 3280 2029 Verbum
3296 1975 3397 2028 Dei
3413 1974 3695 2039 capiente,
3711 1975 3841 2025 abs-

2238 2082 2347 2134 que
2372 2069 2487 2121 ulla
2510 2081 2685 2133 quam
2703 2066 3013 2132 suspicaris
3035 2065 3261 2131 injuria,
3288 2068 3445 2117 Deus
3461 2068 3552 2116 est
3570 2068 3760 2115 natus
3774 2075 3843 2114 ex

2238 2158 2488 2222 Virgine.
2529 2160 2598 2210 Et
2641 2157 2770 2209 ideo
2805 2155 2950 2208 nihil
2971 2155 3050 2207 ibi
3080 2157 3241 2218 turpe
3266 2152 3585 2219 putandum
3604 2156 3719 2214 est,
3748 2151 3844 2203 ubi

2239 2246 2616 2299 sanctificatio
2642 2246 2875 2310 spiritus
2898 2245 3101 2307 inerat,
3118 2248 3176 2295 et
3203 2243 3559 2305 anima,qua3
3583 2244 3710 2293 erat
3742 2239 3842 2292 Dei

2238 2349 2441 2401 capax,
2465 2336 2747 2401 particeps
2778 2335 2954 2387 ﬂebat
2982 2334 3155 2386 etiam
3178 2331 3386 2384 carnis.
3414 2330 3564 2382 Nihil
3584 2330 3668 2382 ibi
3689 2339 3708 2368 τ
3732 2330 3842 2382 du-

2238 2438 2333 2478 cas
2366 2425 2734 2490 immssibile,
2773 2424 2872 2476 ubi
2908 2423 3105 2475 aderat
3136 2422 3321 2474 virtus
3353 2419 3637 2472 altissimi.
3683 2417 3838 2469 Nihil

2237 2515 2309 2567 de
2338 2515 2589 2567 humana
2620 2513 2921 2578 fragilitate
2949 2512 3185 2577 cogites,
3210 2510 3306 2562 ubi
3332 2508 3625 2574 plenitudo
3649 2507 3843 2560 inerat

2237 2604 2571 2655 divitinatis.

2304 2693 2378 2747 14.
2402 2695 2769 2746 Cnucmixus
2788 2702 2899 2743 SUB
2918 2692 3143 2742 Pomm
3158 2690 3473 2749 PlLATO,ET
3486 2697 3836 2740 SBPLULTUS

2239 2795 2572 2835 DRSCENDIT
2597 2796 2675 2835 AD
2701 2782 2722 2811 δ
2746 2766 3025 2833 issam“.
3064 2783 3242 2833 Docet
3265 2778 3575 2843 Apostolus
3599 2778 3836 2839 Paulus,

2237 2872 2587 2923 illuminatos
2619 2886 2746 2923 esse
2776 2872 2982 2923 debere
3005 2868 3589 2923 oculoscordisnostri
3620 2869 3838 2933 (Ephes.

2239 2963 2327 3026 1.),
2362 2962 2433 3012 ad
2470 2961 2920 3025 intelligendum,
2970 2973 3102 3025 quae
3140 2960 3187 3011 si
3225 2958 3486 3019 altitudo,
3511 2957 3759 3010 latitudo
3788 2962 3839 3009 et

2241 3050 2590 3115 profundum
2637 3051 2787 3113 (Ibid.
2835 3050 2924 3113 3.).
2960 3049 3217 3101 Altitudo
3240 3061 3374 3112 ergo
3400 3052 3456 3099 et
3482 3047 3751 3110 latitudo,
3787 3048 3839 3098 et

539 3142 635 3190 tur
658 3151 800 3203 opus
817 3152 987 3190 suum
1005 3140 1337 3203 requirenti,
1359 3138 1543 3192 multo
1567 3140 1750 3205 magis
1777 3140 1826 3191 ei
1851 3139 2135 3204 reputabi-
2164 3099 2213 3174 C
2243 3139 2608 3204 profundum,
2636 3140 2941 3205 descriptio
2953 3139 3139 3191 crucis
3161 3146 3244 3190 est
3262 3139 3599 3201 :cujuseam
3618 3141 3838 3201 partem

536 3232 631 3279 tur
672 3241 819 3291 opus
856 3229 1013 3280 istud
1046 3230 1117 3280 ab
1151 3229 1309 3280 initio
1349 3228 1667 3280 fabricanti.
1698 3232 1766 3280 Et
1788 3231 2138 3293 snperﬂuum

537 3317 627 3369 est
662 3316 876 3379 dicere,
913 3330 1013 3368 cur
1057 3331 1154 3382 per
1185 3319 1459 3369 obscaena
1505 3318 1804 3379 transierit,
1851 3331 1984 3369 eum
2021 3330 2139 3369 non

597 3496 614 3516 ·
642 3485 748 3536 Alii
771 3486 962 3544 dicent;
987 3491 1044 3538 et
1064 3487 1311 3551 possibile
1338 3488 1561 3552 quidem
1584 3488 1750 3552 fuerit
1775 3488 1900 3550 Deo,
1926 3494 2002 3551 ut,
2030 3494 2135 3539 etc.

537 3565 657 3611 tum
686 3556 851 3619 fuerit
884 3559 1009 3618 Deo,
1048 3564 1106 3605 ut
1129 3564 1339 3621 pareret
1366 3572 1378 3607 :
1422 3572 1591 3622 quam
1618 3559 1920 3610 lectionem
1945 3562 2140 3611 Parne-

533 3629 645 3681 lius
672 3628 806 3679 olim
830 3629 1071 3679 induxit.
1098 3630 1409 3679 Nobiscum
1428 3632 1552 3679 sive
1577 3643 1704 3681 cum
1724 3632 1947 3683 narrato
1964 3631 2139 3693 (aquo

532 3700 645 3752 nisi
670 3701 853 3751 sicubi
878 3713 1104 3763 peccare
1127 3701 1401 3761 videatur,
1430 3714 1728 3764 nunquam
1771 3702 2138 3764 discedimus)

532 3777 588 3822 et
616 3771 948 3832 Frobenius,
969 3777 1024 3823 et
1045 3772 1302 3823 Morelius
1330 3776 1388 3823 et
1414 3773 1757 3825 vetustiores
1770 3773 1861 3824 alii
1878 3774 2137 3824 nonnulli

536 3843 752 3908 legunt.

595 3914 616 3943 δ
641 3916 827 3977 Atque
852 3912 977 3964 heic
1001 3930 1235 3977 egressus
1259 3914 1591 3975 retinemus,
1643 3915 1795 3978 quod
1823 3920 1881 3966 et
1906 3916 2140 3967 concin-

537 3985 669 4036 nius
714 3984 938 4035 videtur
979 3997 1078 4049 pro
1119 4001 1373 4048 excessus,
1415 3985 1568 4047 quod
1606 3986 1872 4037 Baluzius
1903 4000 1975 4037 ex
2013 3987 2140 4037 cod.

538 4057 928 4119 Sangerman.,
944 4056 1275 4116 Remboldo,
1294 4060 1464 4118 atque
1486 4058 1718 4107 Erasmo
1745 4057 1987 4120 prml’ert.
2010 4059 2139 4108 Mox

536 4132 731 4178 autem
774 4126 916 4189 ipse,
967 4131 1141 4189 atque
1188 4125 1284 4177 alii
1327 4140 1441 4176 una
1475 4139 1675 4177 omnes
1709 4127 1858 4178 male
1906 4130 2138 4179 omnino

538 4196 769 4255 habent,
786 4211 851 4244 ea:
863 4195 1011 4244 virili
1032 4196 1370 4244 admixtione
1382 4197 1713 4246 commimtio.
1732 4198 1897 4249 Tanti
1913 4198 1996 4248 eis
2015 4199 2136 4261 fuit,

540 4267 910 4319 Burrazanum
935 4266 1229 4329 exemplar
1248 4266 1564 4329 ignorasse.

601 4355 618 4375 ‘
643 4346 812 4410 Apud
830 4344 972 4397 alios
998 4345 1266 4404 extremis,
1292 4350 1351 4393 ut
1376 4346 1451 4393 ita
1474 4345 1729 4405 dixerim,
1745 4347 1953 4411 plantis
1965 4348 2136 4412 ingre-

544 4418 745 4467 diutur.

605 4489 627 4518 ‘
654 4489 847 4551 iidem,
873 4489 1081 4537 intuere
1106 4502 1251 4536 nunc
1273 4487 1398 4536 solis
1422 4488 1623 4548 radios,
1651 4489 1697 4539 si
1722 4490 1781 4537 in
1806 4491 1942 4539 caeni
1967 4490 2142 4541 alicu-

534 4558 649 4623 jus,
673 4566 801 4619 etc.,
818 4566 939 4610 tum
953 4559 1321 4621 demittantur,
1336 4558 1606 4610 etdeinde
1624 4561 1934 4623 nev/uirum,
1953 4575 2149 4624 quem-

542 4630 854 4681 admodum
892 4636 948 4681 et
978 4630 1264 4681 l'arnelius
1294 4629 1429 4679 olim
1455 4643 1525 4681 ex
1552 4632 1882 4695 conjectura
1906 4634 2133 4683 Cauchii

542 4712 615 4753 ex
643 4701 914 4752 Frobenio
937 4701 1238 4751 induxerat
1259 4714 1270 4749 :
1290 4712 1643 4764 quamquam
1668 4704 1775 4753 iste
1801 4704 1993 4753 omnia
2013 4703 2140 4755 haec

542 4770 602 4822 in
640 4771 911 4835 singulari
949 4783 1186 4821 numero
1210 4784 1342 4822 cum
1370 4777 1481 4823 vet.
1512 4773 1645 4823 edit.
1678 4771 1919 4835 legebat.
1945 4775 2050 4825 Pro
2072 4788 2139 4826 eo

543 4841 695 4905 quod
729 4843 1103 4905 subsequitur
1138 4842 1546 4905 numquidnam
1580 4844 1794 4906 aliquid
1825 4844 1969 4903 inde,
2010 4849 2138 4905 etc.,

543 4914 667 4965 cod.
719 4914 1258 4977 Sangermanensis,
1311 4914 1657 4964 Remboldus
1699 4926 1765 4964 ac
1793 4913 2137 4974 Morrellius,

546 4984 817 5048 numquid
840 4985 963 5033 inde
981 4984 1101 5046 jam
1126 4984 1370 5048 aliquid;
1386 4989 1553 5049 etpro
1565 4984 1781 5034 ducitur
1794 4986 1853 5034 in
1869 4986 2141 5049 injuriam

545 5055 768 5105 ducetur
796 5056 1021 5119 injuriis
1045 5056 1369 5119 praeferunt.

606 5136 625 5157 '
650 5129 829 5179 Vetus
870 5128 987 5178 edit
1029 5128 1303 5178 aniens.
1342 5126 1415 5174 ad
1453 5126 1772 5175 solutionem
1798 5142 2020 5188 vocare;
2048 5126 2143 5180 alii

545 5199 612 5247 ab
628 5198 955 5248 absolutione
972 5214 1188 5257 vacare;
1212 5198 1419 5248 rectius
1444 5197 1508 5245 ab
1532 5198 1825 5258 solutione;
1851 5205 1973 5250 tum
1990 5200 2143 5248 omit-

545 5277 655 5320 tam
682 5271 885 5321 minori
909 5282 1164 5329 numero,
1196 5274 1253 5320 et
1294 5283 1391 5333 per
1414 5270 1621 5327 omnia,
1647 5282 1748 5333 pro
1773 5271 2016 5319 omnino.

609 5340 629 5375 ί
649 5343 815 5400 Hunc
858 5342 1047 5393 locum
1078 5340 1386 5391 Cassianus
1426 5340 1591 5391 Libro
1624 5342 1742 5391 VII.
1784 5341 1853 5391 de
1877 5343 2144 5392 Incarna-

544 5412 697 5464 tione
722 5425 842 5477 cap.
869 5411 953 5466 27.
983 5412 1338 5474 recitat,cum
1364 5410 1575 5474 insigni
1606 5410 1839 5462 honoris
1865 5411 2144 5475 significa-

545 5485 716 5545 tione,
732 5484 995 5536 Auctoris
1010 5484 1098 5535 sui
1120 5486 1163 5533 R
1176 5483 1313 5533 ullni
1331 5496 1541 5533 nomen
1554 5486 1613 5533 et
1629 5483 1829 5533 laudes
1848 5484 2141 5545 praefatus.

543 5556 773 5617 Ret/inus
788 5572 1015 5619 quoque,
1040 5555 1138 5613 ait,
1159 5554 1479 5603 Clu-islain
1501 5553 1857 5617 philosophia:
1878 5553 1978 5611 vir,
1994 5553 2145 5602 haud

544 5627 935 5676 contemnenda.
958 5627 1449 5675 Ecclesiasticorum
1475 5626 1755 5672 doctorum
1776 5625 1973 5688 portio,
1990 5624 2068 5673 ita
2084 5626 2144 5673 in

548 5698 901 5761 Expositione
938 5697 1177 5760 Symboti
1218 5696 1278 5744 de
1318 5696 1542 5744 Domini
1571 5695 1850 5744 nativitatc
1888 5700 2145 5744 testatur:

552 5770 721 5817 Filius
756 5769 927 5826 enim,
973 5768 1185 5828 inquit,
1234 5768 1325 5816 Dei
1375 5768 1615 5815 nascitur
1652 5781 1717 5816 ae
1762 5767 2145 5829 Virgine,non

2158 4373 2216 4446 D

2237 3243 2373 3295 quae
2390 3232 2447 3280 in
2471 3235 2619 3282 terra
2641 3230 2825 3281 deflxa
2854 3232 2960 3293 est,
2980 3228 3328 3294 profundum
3348 3225 3674 3291 appellavit.
3692 3225 3839 3277 Alti-

2239 3320 2498 3373 tudinem
2533 3334 2665 3373 vero
2698 3318 2871 3381 illam,
2912 3332 3041 3383 qum
3076 3332 3245 3383 super
3275 3319 3286 3349 ί
3326 3322 3536 3369 terram
3580 3318 3839 3381 porrecta

2239 3492 2617 3557 principaliter
2638 3492 2737 3540 soli
2766 3492 2923 3541 carni
2940 3490 3186 3548 sociatus,
3211 3488 3299 3537 sed
3328 3488 3522 3536 anima
3554 3486 3701 3535 inter
3724 3501 3840 3533 cur

2240 3579 2361 3611 nem
2386 3564 2660 3627 Deumque
2686 3564 2970 3619 mediante,
2997 3566 3292 3625 generatus.
3322 3561 3437 3610 Nos
3453 3571 3524 3609 ex
3535 3558 3647 3608 hoc
3667 3558 3839 3607 etiam

2239 3635 2493 3685 Cassiani
2541 3634 2886 3695 testimonio,
2920 3638 2984 3686 ut
3011 3639 3068 3685 et
3108 3634 3349 3683 aliorum
3380 3630 3658 3681 librorum
3708 3628 3837 3689 fide,

2239 3705 2515 3757 nonnulla
2526 3706 2653 3757 heic
2678 3706 2900 3757 restitui
2911 3718 3060 3765 mus,
3079 3716 3209 3768 quae
3220 3702 3370 3754 haud
3383 3704 3531 3753 recte
3546 3700 3839 3752 habebant

2226 3775 2296 3827 'in
2323 3778 2621 3829 Barrmano
2644 3774 3310 3841 exemplari,scilicet,sed
3336 3774 3603 3822 inanima
3632 3773 3691 3820 in
3716 3788 3838 3820 car—

2239 3863 2363 3898 nem
2486 3855 2793 3912 generatur.
2822 3851 2993 3899 Porro
3007 3860 3110 3898 nec
3126 3848 3340 3908 majore
3357 3844 3572 3908 indiget
3597 3843 3838 3906 fidejus-

2239 3931 2363 3969 sore
2390 3920 2690 3970 sententia.
2720 3920 2923 3970 Visum
2954 3922 3141 3968 tamen
3166 3920 3253 3968 est
3278 3916 3523 3979 Baluzio,
3551 3914 3675 3964 sive
3693 3914 3837 3976 Ope-

2238 4002 2365 4039 rum
2403 3990 2865 4053 Cyprianicorum
2897 3988 3096 4040 editori
3136 3986 3517 4047 Benedictino,
3551 3996 3626 4035 ne
3666 3995 3837 4046 quem

2238 4059 2349 4110 dici
2399 4061 2647 4111 mediam
2704 4060 2910 4111 Christi
2956 4061 3209 4111 animam
3250 4060 3491 4108 moveat.
3540 4056 3835 4105 Lectorem

2238 4133 2739 4183 commonefacere.
2768 4134 2872 4187 Sic,
2893 4132 2989 4195 ait,
3013 4129 3283 4182 multialii
3302 4128 3614 4191 Scriptores
3639 4125 3833 4195 locuti.

2238 4214 2385 4265 quos
2418 4207 2673 4254 recenset
2706 4193 2983 4253 Petavius
3010 4201 3107 4253 lib.
3137 4202 3209 4250 IV
3237 4200 3307 4252 de
3333 4201 3550 4250 Incarn.
3588 4209 3718 4261 cap.
3755 4193 3833 4249 13.

2241 4273 2476 4324 Videtur
2502 4278 2692 4325 autem
2719 4274 2862 4333 illos,
2897 4278 2959 4324 ut
2981 4273 3059 4323 ita
3081 4273 3461 4334 loquerentur,
3502 4268 3635 4320 haec
3662 4267 3833 4330 potis-

2243 4344 2453 4393 simum
2478 4344 2664 4395 cautio
2688 4344 3033 4406 adduxisse,
3057 4355 3128 4394 ne
3153 4342 3375 4394 dolores
3399 4352 3544 4403 quos
3569 4339 3833 4389 Christus

2244 4416 2439 4476 sensit,
2480 4421 2537 4466 et
2574 4415 2668 4465 alii
2712 4409 2905 4466 motus
2928 4416 2980 4465 in
3007 4416 3134 4477 ejus
3159 4415 3352 4464 anima
3374 4411 3445 4463 ad
3475 4409 3833 4460 occasionem

2239 4486 2488 4549 corporis
2511 4492 2776 4537 motuum
2805 4485 3055 4545 excitati,
3082 4485 3140 4535 in
3164 4483 3518 4534 divinitatem
3543 4481 3733 4544 ipsam
3761 4492 3830 4528 re-

2248 4556 2553 4619 ferrentur;
2595 4558 2745 4619 quod
2782 4557 3024 4620 impium
3060 4569 3291 4620 prorsus
3326 4554 3479 4609 foret,
3504 4564 3569 4602 ac
3595 4551 3703 4601 soli
3731 4552 3837 4600 lite-

2246 4630 2356 4679 resi
2395 4634 2733 4681 congrueret
2779 4630 3022 4680 Arianae.
3056 4627 3259 4678 Ruﬂno
3293 4638 3427 4677 sane
3471 4624 3577 4675 hoc
3621 4622 3680 4673 in
3720 4621 3837 4672 loco

2240 4700 2383 4752 nihil
2426 4700 2580 4751 aliud
2626 4700 2996 4764 propositum,
3042 4698 3153 4749 nisi
3186 4702 3248 4749 ut
3280 4696 3528 4746 divinam
3566 4695 3835 4757 majesta-

2242 4776 2375 4831 tem,
2398 4783 2501 4822 nec
2527 4772 2584 4822 in
2610 4771 2818 4822 Christi
2840 4769 3138 4821 nativitate
3162 4766 3623 4825 contaminatam,
3649 4776 3759 4815 nec
3783 4764 3835 4813 in

2239 4847 2422 4894 morte
2446 4842 2720 4904 doluisse,
2746 4842 3124 4893 demonstret.

2305 4925 2322 4951 ι
2350 4916 2431 4964 ita
2452 4918 2509 4965 et
2543 4913 2666 4964 cod.
2703 4910 3227 4976 Sangermanensis,
3266 4906 3633 4963 Remboldus,
3662 4911 3833 4968 atque

2242 4986 2516 5037 Erasmus
2543 4998 2556 5034 :
2582 4986 2891 5049 praeferunt
2926 4988 3117 5034 tamen
3134 4981 3418 5041 Baluzius,
3446 4976 3636 5029 Fellus
3660 4981 3833 5040 atque

2243 5056 2354 5115 alii,
2393 5056 2557 5103 dicas.

2305 5127 2326 5155 ’ί
2354 5128 2571 5178 Malunt
2599 5126 2769 5178 iidem
2803 5128 2863 5174 in
2908 5124 3133 5187 inferna
3152 5162 3165 5188 ,
3195 5136 3293 5189 pro
3319 5122 3392 5171 ad
3421 5135 3433 5171 :
3469 5120 3567 5183 qui
3593 5132 3701 5170 nec
3732 5118 3835 5168 sibi

2243 5202 2436 5249 tamen
2468 5198 2527 5249 in
2558 5197 2934 5261 sequentibus
2973 5198 3254 5247 constant.
3293 5195 3425 5245 Mox
3455 5204 3661 5244 vocem
3697 5190 3832 5237 divi-

2243 5269 2458 5329 nitatis,
2498 5280 2630 5331 quae
2666 5269 2789 5319 voci
2823 5267 3053 5316 altitudo
3097 5265 3584 5329 subjungebatur,
3620 5273 3830 5324 expun-

2243 5340 2457 5401 ximus,
2503 5343 2570 5390 ut
2606 5340 2735 5402 pote
2777 5349 2949 5401 quam
2985 5339 3094 5389 rari
3129 5336 3439 5387 admodum
3467 5336 3679 5397 praeter
3712 5334 3832 5381 Bar-

2243 5422 2426 5463 rtnum
2464 5409 2593 5460 libri
2632 5409 2863 5470 habent,
2892 5421 3077 5471 neque
3100 5407 3408 5471 Apostolus
3432 5404 3626 5463 habet,
3653 5406 3709 5453 et
3734 5405 3832 5452 Pa-

2244 5480 2449 5532 melius
2479 5478 2613 5531 olim
2647 5485 3023 5543 expunxerat.
3050 5479 3285 5542 Propius
3310 5488 3541 5539 quoque
3562 5474 3637 5526 ad
3662 5473 3825 5524 ﬁdem

2244 5556 2348 5611 est,
2383 5565 2455 5603 ex
2487 5552 2740 5614 mnrgine
2770 5550 2963 5613 fuisse,
2984 5552 3044 5602 in
3081 5554 3302 5601 textum
3325 5549 3628 5608 intrusam,
3652 5556 3829 5607 neque

2245 5625 2399 5676 enim
2429 5623 2561 5674 huic
2586 5622 2706 5674 loco
2731 5624 3012 5674 convenit.

2307 5696 2319 5726 ί
2344 5693 2510 5759 Apud
2535 5692 2674 5745 alios
2698 5695 2755 5742 in
2781 5709 2959 5743 aerem
2986 5708 2999 5744 :
3025 5704 3273 5756 quorum
3302 5690 3638 5742 auctoritate
3664 5686 3825 5752 paulo

2247 5768 2379 5830 post
2401 5771 2459 5818 et
2482 5778 2587 5816 nos
2612 5778 2810 5818 vocem
2834 5779 3052 5827 manus,
3079 5775 3211 5828 quae
3236 5762 3445 5814 frustra
3467 5760 3538 5813 ad
3553 5760 3828 5824 laevamque
