3898 6392
35 391 137 447 353

1013 390 1573 445 COMMENTARIUS
1608 392 1683 445 IN
1716 392 2018 449 SYMBOL.
2054 394 2394 450 APOSTOL.

3236 399 3345 459 354

38 505 314 557 sublimis
361 506 616 571 erigitur.
665 455 1050 557 Latitudinem
1072 515 1301 568 quoque
1322 502 1497 565 illam,
1524 517 1652 568 quae
1674 509 1940 582 Actores
1985 521 2121 573 ergo
2157 508 2256 573 illi,
2315 521 2460 574 quos
2493 508 2747 563 humano
2791 513 2983 577 generi
3017 514 3344 579 praefecerat

42 595 303 646 distenta
318 596 377 645 in
400 594 663 646 dextram
681 594 1006 656 laevamque
1029 588 1357 659 manus77
1377 594 1655 656 protendi-

44 687 158 734 tur.
190 683 339 735 Cum
360 696 496 748 ergo
511 686 593 735 tot
617 684 831 748 species
856 683 1055 734 mortis
1069 681 1203 745 sint,
1221 683 1431 745 quibus
1461 683 1531 734 de
1545 684 1651 735 hac

45 772 169 823 vita
191 772 389 824 exitus
415 772 538 823 dari
552 772 879 824 hominibus
897 772 1057 833 solet,
1084 771 1222 835 quid
1245 773 1369 823 vult
1385 786 1491 823 nos
1507 774 1654 836 Apo-

42 861 251 922 stolus,
277 861 604 915 illuminato
638 862 805 914 corde
839 862 982 913 scire
1011 862 1308 927 rationem,
1344 876 1445 914 cur
1469 876 1539 914 ex
1558 863 1648 914 his

43 952 326 1003 omnibus
350 953 539 1004 crucis
555 952 743 1017 potius
765 951 983 1017 species
997 952 1067 1003 ad
1086 956 1327 1003 mortem
1343 951 1562 1003 delecta
1575 953 1651 1004 sit

35 1041 402 1094 Salvatoris?
445 1043 608 1094 Unde
647 1041 944 1095 sciendum
987 1046 1091 1106 est,
1150 1041 1302 1105 quod
1349 1054 1492 1093 crux
1538 1042 1651 1094 ista

35 1131 372 1196 triumphus
382 1136 522 1184 erat.
540 1140 557 1160 ·
570 1133 872 1197 Tropseum
885 1130 1034 1182 enim
1048 1131 1274 1197 insigne
1295 1148 1306 1180 :
1328 1131 1649 1196 triumphus

35 1224 236 1274 autem
260 1220 478 1274 devicti
502 1221 688 1274 hostis
711 1220 986 1273 indicium
1014 1225 1119 1273 est.
1147 1221 1290 1284 Quia
1313 1232 1448 1287 ergo
1473 1221 1649 1274 adve-

37 1310 207 1363 niens
252 1310 538 1374 Christus,
576 1311 725 1363 sicut
760 1311 1072 1375 Apostolus
1109 1310 1263 1373 dicit,
1309 1310 1417 1362 tria
1439 1310 1649 1375 pariter

36 1399 144 1452 sibi
173 1412 355 1465 regna
376 1399 619 1465 subjecit
645 1399 769 1464 (hoc
782 1400 935 1450 enim
953 1398 1166 1451 indicat
1184 1399 1284 1451 ubi
1300 1400 1380 1452 ait
1397 1414 1409 1450 :
1428 1400 1570 1459 Quia
1590 1401 1648 1450 in

36 1490 263 1539 nomine
308 1490 430 1540 Jesu
462 1504 620 1539 omne
663 1503 804 1553 genu
845 1488 1107 1553 ﬂectatur,
1154 1488 1453 1550 caelestium,
1489 1494 1644 1539 terre-

37 1579 235 1627 strium
258 1582 310 1628 et
335 1578 683 1642 infernarum
706 1577 870 1642 [PhiL
897 1576 947 1631 2.
970 1576 1077 1640 10.]
1102 1579 1185 1640 )et
1195 1577 1320 1629 haec
1335 1578 1526 1629 omnia
1542 1591 1648 1631 sua

38 1673 225 1721 morte
239 1667 509 1721 vincebat
525 1667 891 1720 :conveniens
916 1666 1191 1732 mysterio
1232 1679 1387 1719 mors
1400 1668 1648 1731 quaesita

39 1762 147 1821 est,
172 1762 243 1809 ut
259 1758 323 1809 in
344 1769 473 1809 aere
502 1756 592 1822 [αι.
617 1756 785 1819 aeris]
812 1755 1180 1821 sublimatus,
1196 1761 1253 1808 et
1272 1769 1469 1809 aereas
1500 1759 1643 1809 sub-

1758 598 1926 662 Deus,
1960 597 2014 648 in
2030 599 2346 663 tyrannidis
2368 600 2788 653 contumaciam
2812 604 2979 665 versi,
3005 604 3341 669 impugnare

1749 686 2090 737 commissos
2128 687 2235 737 sibi
2269 687 2529 739 homines
2565 690 2821 752 aggressi
2854 696 3007 755 sunt,
3051 697 3109 744 et
3129 694 3343 756 peccati

1754 774 1964 838 praeliis
1989 775 2301 827 debellare:
2328 777 2477 827 sicut
2504 777 2757 830 Ezechiel
2790 780 3067 844 propheta
3091 783 3349 846 mysticis

1749 863 2017 928 designat
2049 864 2289 928 eloquiis
2324 878 2457 917 cum
2486 867 2651 918 dicit:
2703 868 2767 916 In
2814 868 2911 917 illa
2949 870 3033 917 die
3066 872 3348 934 proccdent

1749 953 1928 1017 angeli
1948 954 2262 1017 festinantes
2286 956 2647 1004 exterminare
2669 956 3248 1024 AZt/tiopiammritque
3268 962 3351 1010 in-

1749 1050 1825 1094 ter
1849 1059 1931 1093 eos
1956 1042 2288 1108 perturbatio
2312 1044 2373 1092 in
2399 1043 2485 1093 die
2515 1045 2740 1110 Ai'gypti
2762 1086 2775 1111 ,
2808 1048 3073 1111 quoniam
3098 1047 3120 1077 “
3143 1064 3249 1099 ecce
3271 1065 3349 1099 ve-

1747 1134 1830 1183 nit
1881 1133 2083 1195 (Esceh.
2123 1131 2249 1196 30.).
2296 1134 2441 1199 Ergo
2467 1136 2857 1199 omnipotentia
2882 1149 3080 1189 eorum
3108 1138 3345 1203 nudata,

1750 1223 2009 1275 Christus
2035 1222 2245 1274 dicitur
2263 1222 2668 1288 triumphasse,
2683 1223 2933 1276 ablatam
2942 1237 3055 1289 que
3070 1226 3142 1277 ab
3155 1228 3238 1278 eis
3253 1240 3348 1292 po-

1748 1315 2017 1365 testatem
2053 1310 2384 1364 hominibus
2427 1312 2727 1365 tradidisse
2762 1313 2912 1366 sicut
2934 1314 3009 1366 ad
3035 1314 3348 1381 discipulos

1749 1413 1884 1453 suos
1911 1401 2047 1453 dicit
2068 1400 2191 1465 ipse
2215 1400 2276 1451 in
2299 1401 2636 1466 Evangelia:
2660 1401 2789 1452 Ecce
2814 1403 2936 1453 dedi
2966 1403 3110 1454 vobis
3127 1411 3349 1469 potesta-

1747 1497 1848 1540 tem
1871 1490 2121 1541 calcandi
2152 1505 2313 1555 super
2348 1496 2610 1555 serpentes
2647 1496 2692 1541 et
2730 1492 3053 1557 scorpiones,
3101 1499 3147 1543 et
3189 1509 3350 1559 super

1747 1596 1960 1631 omnem
2004 1580 2254 1630 virtutem
2291 1581 2505 1630 inimici
2533 1582 2674 1643 (Luc.
2704 1580 2789 1636 10.
2811 1585 2843 1645 ).
2876 1582 3009 1635 Illos
3032 1583 3226 1647 itaque
3251 1586 3349 1649 qui

1745 1674 1976 1736 accepta
1998 1675 2283 1735 potestate
2308 1671 2456 1723 male
2481 1671 2644 1722 abusi
2678 1676 2837 1736 sunt,
2856 1673 3130 1737 subjectis
3160 1686 3345 1737 quon-

1745 1761 1877 1812 dam
1918 1761 2040 1812 suis
2070 1760 2317 1824 subjecit
2359 1760 2463 1825 [Αἱ.
2508 1760 2757 1825 subjicit]
2802 1774 2943 1813 crux
2982 1762 3206 1815 Christi.
3234 1765 3351 1815 Nos

34 1849 251 1912 jugans
271 1850 606 1911 potestates,
625 1844 923 1899 victoriam
939 1844 1114 1897 dehis
1139 1846 1403 1909 supernis
1420 1851 1476 1898 et
1492 1846 1652 1899 caele-
1674 1833 1722 1907 B
1757 1863 1911 1913 vero,
1963 1850 2071 1902 hoc
2116 1855 2204 1902 est
2225 1849 2545 1901 humanum
2569 1862 2752 1914 genus
2778 1850 2994 1915 edocet,
3022 1851 3202 1915 primo
3226 1865 3351 1904 om-

48 1938 242 1989 stibus
273 1935 541 1988 traderet.
578 1937 878 1999 Expansas
908 1935 929 1963 ¹³
951 1939 1146 1987 autem
1176 1947 1384 1986 manus
1410 1940 1527 1987 tota
1543 1934 1659 2003 die,

44 2033 288 2081 sanctus
310 2026 589 2091 prOpheta
614 2024 751 2077 dicit
774 2038 908 2076 eum
933 2030 1124 2077 tenere
1155 2024 1228 2076 ad
1254 2024 1535 2090 pOpulum
1557 2031 1657 2092 qui

41 2125 128 2171 est
150 2118 217 2169 in
238 2122 390 2168 terra
420 2116 565 2175 (Isai.
591 2113 717 2179 65.),
743 2118 810 2166 ut
845 2117 901 2165 et
937 2113 1267 2166 incredulos
1301 2120 1658 2169 contestare-

43 2214 154 2271 tur,
194 2212 255 2259 et
289 2205 561 2257 invitaret
597 2204 912 2256 credentes.
938 2205 1019 2255 Ea
1041 2217 1178 2256 vero
1199 2208 1375 2269 parte,
1400 2218 1512 2269 qua
1547 2208 1655 2259 sub

44 2305 194 2350 terra
218 2294 588 2359 demergitur,
618 2293 822 2345 inferni
846 2293 954 2344 sibi
979 2305 1156 2358 regna
1181 2294 1504 2359 subjiceret.

104 2385 192 2441 15.
229 2384 457 2437 Etenim
501 2384 582 2447 (ut
606 2382 853 2435 breviter
871 2382 1065 2446 aliqua
1086 2383 1262 2434 etiam
1287 2384 1358 2434 de
1382 2384 1656 2436 secretio-

43 2478 204 2528 ribus
243 2471 716 2540 perstringamus)
752 2472 823 2524 ab
860 2471 1019 2525 initio
1058 2473 1215 2524 Deus
1262 2485 1395 2524 cum
1422 2473 1655 2525 fecisset

45 2564 351 2627 mundum,
397 2561 653 2628 prafecit
674 2563 723 2613 ei
748 2564 804 2613 et
827 2562 1140 2626 praeposuit
1170 2563 1449 2626 quasdam
1475 2562 1656 2614 virtu-

48 2662 173 2709 tum
199 2652 517 2708 cwlestium
538 2654 872 2717 potestates,
898 2651 1110 2716 quibus
1146 2656 1438 2716 regeretur
1459 2657 1516 2705 et
1538 2652 1655 2704 dis-

48 2747 391 2812 pensaretur
406 2740 731 2795 mortalium
754 2753 903 2806 genu
912 2753 955 2792 s.
975 2740 1138 2802 Quod
1161 2740 1242 2793 ita
1264 2740 1478 2793 factum
1498 2743 1653 2806 Moy-

55 2848 149 2887 ses
194 2833 412 2886 indicat
440 2831 501 2884 in
517 2830 940 2883 Deuteronomii
956 2832 1197 2895 cantico,
1212 2830 1312 2883 ubi
1334 2831 1495 2883 dicit:
1517 2831 1655 2882 Cum

52 2923 317 2975 divideret
340 2921 574 2972 excelsus
601 2925 792 2986 gentes,
814 2920 1000 2970 statuit
1029 2921 1286 2970 terminos
1307 2921 1551 2985 gentium
1574 2936 1655 2970 se-

53 3014 303 3065 cundum
327 3025 620 3062 numerum
639 3009 957 3075 angelorum
985 3009 1082 3060 Dei
1113 3010 1282 3072 (Deut.
1309 3008 1395 3065 32.
1427 3007 1517 3074 8.).
1545 3010 1654 3063 Sed

1758 1941 1919 1993 nium
1943 1953 2128 2004 usque
2140 1940 2211 1991 ad
2228 1944 2467 1991 mortem
2482 1942 2748 1992 resistere
2773 1939 3051 1992 adversus
3077 1948 3351 2006 peceatum,

1756 2036 1815 2083 et
1856 2030 2097 2082 libenter
2141 2029 2435 2081 interitum
2478 2041 2579 2094 pro
2629 2032 2838 2095 pietate
2862 2030 3167 2096 suscipere.
3193 2031 3354 2085 Tunc

1728 2136 1735 2149 κ
1758 2119 1963 2172 deinde
1985 2118 2327 2171 obedientias
2347 2119 2515 2170 nobis
2538 2120 2599 2170 in
2613 2118 2721 2171 hac
2749 2119 2952 2171 eadem
2971 2133 3138 2173 cruce
3159 2134 3355 2187 propo-

1757 2209 1843 2261 nit
1873 2208 2220 2274 exemplum,
2272 2207 2419 2259 sicut
2443 2215 2460 2236 ⁶
2487 2206 2617 2271 illis,
2654 2208 2752 2271 qui
2775 2208 3084 2271 aliquando
3104 2213 3352 2261 rectores

1757 2299 1938 2351 nostri
1962 2297 2204 2358 fuerant,
2230 2297 2421 2362 posuit
2436 2296 2813 2349 contumacia;
2836 2309 3058 2362 poenas.
3083 2297 3232 2349 Audi
3243 2296 3349 2362 [Αι.

1755 2387 1983 2452 Audite]
2019 2400 2153 2451 ergo
2193 2385 2482 2450 quomodo
2514 2384 2828 2449 Apostolus
2856 2385 2977 2438 vult
3002 2399 3100 2451 per
3123 2399 3352 2439 crucem

1756 2477 1963 2529 Christi
1993 2475 2379 2528 obedientiam
2403 2489 2511 2528 nos
2537 2475 2738 2528 docere
2763 2474 2794 2527 τ.
2828 2476 2956 2537 Hoc,
3000 2475 3206 2540 inquit,
3230 2491 3349 2526 sen-

1757 2567 1844 2616 tite
1867 2567 1932 2615 ?n
1953 2564 2096 2614 vobis
2120 2564 2265 2629 quod
2296 2565 2356 2614 in
2386 2565 2598 2615 Christo
2617 2565 2765 2617 Jesu:
2797 2564 3036 2630 quicum
3069 2565 3133 2614 in
3171 2564 3353 2629 forma

1756 2655 1853 2705 Dei
1879 2659 2017 2715 esset,
2050 2669 2163 2704 non
2190 2653 2455 2719 rapinam
2480 2653 2777 2704 arbitratus
2800 2658 2871 2703 est
2894 2669 2995 2703 esse
3017 2669 3067 2704 se
3095 2654 3353 2720 aequalem

1756 2745 1879 2805 Deo,
1924 2743 2014 2793 sed
2051 2744 2392 2809 semetipsum
2423 2742 2749 2807 exinaniuit,
2776 2743 3016 2806 formam
3039 2744 3176 2793 servi
3200 2745 3346 2794 acci-

1756 2834 1927 2899 piens,
1953 2834 2015 2883 in
2046 2832 2463 2883 similitudinem
2487 2832 2593 2897 [Αι.
2632 2832 3023 2897 similitudine]
3066 2834 3355 2884 hominum

1754 2922 1946 2987 factus,
1992 2928 2039 2973 et
2081 2922 2268 2973 habitu
2301 2928 2540 2988 repertus
2562 2928 2621 2972 ut
2643 2923 2802 2972 homo
2822 2921 2996 2985 factus
3019 2927 3089 2972 est
3112 2921 3355 2973 obedicns

1760 3027 1924 3078 usque
1968 3012 2042 3061 ad
2072 3017 2312 3073 mortem,
2345 3016 2570 3061 mortem
2617 3016 2796 3061 autem
2838 3012 3011 3060 crucis
3045 3010 3267 3076 (Philip.
3294 3013 3345 3065 ‘2.

55 3110 115 3158 et
136 3105 347 3157 horum
369 3099 648 3164 nonnulli,
675 3100 824 3152 sicut
839 3103 896 3153 et
922 3099 1046 3165 ipse
1073 3099 1167 3164 qui
1181 3100 1443 3165 princeps
1459 3099 1657 3165 appel-
1682 3105 1737 3181 ρ
1765 3104 1855 3168 5.).
1882 3103 2023 3166 Quia
2046 3114 2179 3167 ergo
2213 3100 2306 3152 ille
2322 3113 2572 3165 magnus
2606 3101 2879 3163 magister
2902 3104 3007 3162 est,
3034 3099 3134 3165 qui
3161 3100 3353 3154 fecerit

62 3193 220 3246 latus
251 3196 344 3244 est
377 3189 596 3254 mundi,
620 3188 815 3241 datam
834 3188 942 3241 sibi
964 3201 1000 3241 a
1024 3190 1139 3241 Deo
1161 3193 1526 3255 potestatem,
1544 3203 1661 3242 non

60 3284 153 3336 his
176 3282 393 3347 quibus
415 3282 753 3344 acceperant
773 3277 1001 3343 legibus
1026 3283 1442 3344 temperarunt:
1468 3292 1543 3332 ne
1562 3279 1663 3331 hu-

59 3383 307 3425 manum
352 3381 539 3436 genus
573 3367 783 3421 divinis
804 3367 1033 3420 obedire
1062 3368 1377 3433 praeceptis,
1413 3370 1514 3422 sed
1540 3370 1663 3423 suis

60 3474 262 3528 parere
284 3457 854 3526 praevaricationibus
866 3456 1212 3522 docuerunt;
1236 3462 1293 3510 et
1302 3458 1436 3510 hinc
1459 3456 1665 3513 adver-

63 3565 166 3604 sus
187 3562 299 3603 nos
324 3550 688 3615 peccatorum
707 3546 1081 3612 chirographa
1110 3547 1318 3613 scripta
1341 3551 1499 3612 sunt,
1530 3549 1666 3613 quia

60 3646 130 3695 ut
151 3640 430 3707 propheta
451 3638 618 3691 dicit:
641 3637 873 3689 Peccatis
905 3637 1103 3687 nostris
1141 3638 1441 3688 venundati
1478 3652 1667 3689 sumus

61 3732 213 3796 (Esa.
240 3729 370 3795 50.).
395 3730 645 3781 Pretium
669 3740 922 3794 namque
940 3728 1151 3782 anime
1182 3740 1308 3781 sua;
1343 3729 1664 3794 unusquis-

64 3834 177 3888 que
199 3819 589 3885 consequitur,
625 3832 757 3871 cum
791 3819 1275 3886 concupiscentiae
1306 3818 1663 3872 satisfecerit.

67 3920 85 3941 ε
100 3913 210 3963 Per
223 3909 381 3962 istud
391 3921 526 3974 ergo
541 3909 951 3974 unusquisque
967 3908 1420 3973 chirographum
1432 3905 1481 3975 7
1492 3907 1660 3974 8illis

62 3998 383 4054 rectoribus
411 3997 677 4064 pessimis
713 3998 1032 4061 tenebatur,
1073 3996 1230 4062 quod
1262 3997 1527 4049 Christus
1556 3996 1664 4050 de-

59 4092 237 4143 traxit
251 4088 590 4153 adveniens,
602 4092 661 4140 et
680 4087 790 4140 hac
810 4100 909 4140 eos
926 4091 1209 4153 potestate
1222 4086 1555 4140 denudavit-
1572 4087 1669 4140 Id-

65 4193 180 4247 que
207 4180 320 4232 sub
345 4178 567 4243 ingenti
590 4178 861 4243 mysterio
884 4175 1096 4230 Paulus
1120 4177 1353 4242 indicat,
1375 4190 1509 4230 cum
1532 4177 1671 4231 dicit

66 4275 130 4321 de
160 4283 249 4321 eo:
272 4268 462 4319 Delens
479 4267 624 4333 quod
655 4268 910 4318 adversus
938 4282 1036 4317 nos
1067 4272 1183 4317 erat
1214 4269 1666 4333 chirographum,

66 4367 112 4411 et
137 4359 369 4424 afﬁgens
392 4356 532 4408 illud
551 4358 699 4407 cruci
721 4372 845 4419 suae,
872 4357 1120 4408 traduxit
1138 4358 1487 4423 principatus
1510 4363 1556 4408 et
1578 4373 1671 4423 po-

68 4454 290 4510 testates,
334 4448 685 4513 triumphans
729 4463 812 4499 eos
850 4448 911 4497 in
930 4447 1204 4513 semetipso
1233 4447 1421 4514 (Colos.
1450 4447 1540 4512 2.).
1565 4448 1673 4499 Re-

66 4618 408 4682 addebatur,
449 4616 796 4670 amovimus.
839 4617 1053 4669 Tacent
1082 4615 1256 4669 iidem
1272 4615 1509 4669 inferius
1529 4614 1666 4681 quid

70 4690 359 4753 voculam,
382 4687 641 4752 adeoque
662 4693 720 4740 et
750 4688 1208 4753 interrogationis
1231 4693 1446 4741 notam.

135 4771 154 4791 ·
179 4761 353 4813 Paulo
375 4760 601 4825 plenius
624 4759 776 4825 apud
804 4759 966 4821 alios,
993 4760 1283 4825 Triumphi
1293 4761 1441 4810 enim
1455 4760 1669 4826 insigne

72 4839 146 4884 est
166 4839 457 4896 tropaeum:
482 4836 740 4896 tropaeum
767 4837 950 4881 autem
982 4830 1189 4896 devicti,
1215 4835 1325 4884 etc.

136 4905 158 4933 ⁵
181 4904 412 4955 Habent
449 4902 543 4954 alii
587 4914 797 4968 magno
838 4914 1097 4968 numero,
1128 4915 1314 4967 neque
1334 4903 1461 4969 ipso
1475 4914 1674 4955 recen-

83 4976 226 5029 tiore
249 4973 564 5027 Oxoniensl
584 4975 799 5027 editors
836 4979 1092 5040 excepto,
1123 4975 1672 5040 expensamtumipse

76 5048 252 5100 etiam
292 5045 576 5106 Baluzius,
617 5059 819 5096 manus
857 5051 967 5097 tota
1007 5046 1111 5107 die,
1150 5053 1368 5097 sanctus
1401 5048 1673 5111 Propheta

73 5120 221 5180 dicit,
247 5118 475 5167 tenderet
498 5118 571 5166 ad
578 5117 845 5182 populum
872 5117 1260 5179 incredibilem,
1289 5130 1422 5183 quas
1440 5118 1674 5182 quidem

78 5204 196 5245 vox
234 5188 620 5250 incredibilem,
670 5188 831 5242 facile
878 5188 1005 5241 aliis
1050 5190 1314 5243 videatur
1336 5190 1672 5257 supplenda,

76 5262 218 5315 mihi
242 5274 363 5313 non
383 5262 539 5313 item.
565 5260 876 5314 Diciturita
893 5260 1086 5313 locum
1107 5262 1432 5315 restituisse
1458 5275 1530 5314 ex
1542 5263 1678 5315 Cau-

87 5336 214 5387 chio
230 5333 534 5393 Pamelius,
560 5334 657 5397 qui
669 5334 886 5385 scilicet
904 5334 1113 5385 Barrwi
1136 5335 1426 5398 exemplar
1449 5334 1680 5399 ignora-

88 5408 187 5459 vit.
215 5408 501 5458 Caaterum
523 5404 703 5456 multo
723 5405 1045 5469 corruptius
1072 5405 1207 5456 olim
1230 5407 1544 5470 legebatur,
1565 5411 1680 5455 ten-

89 5480 167 5529 dit
193 5492 413 5540 "ianus,
429 5482 488 5528 et
514 5475 680 5540 paulo
707 5482 995 5538 postzcam
1018 5491 1140 5527 vero
1160 5483 1410 5543 partem,,
1437 5494 1553 5542 qua
1582 5478 1679 5527 sub

90 5558 288 5600 terram
331 5550 676 5613 demergitur,
731 5549 875 5614 quod
919 5550 1140 5613 inferna
1192 5549 1293 5598 sibi
1336 5566 1524 5614 regna,
1571 5554 1678 5602 etc.

80 5622 381 5686 Morellius,
396 5635 658 5686 expensas
669 5628 847 5671 autem
858 5636 1058 5672 manus
1079 5627 1183 5673 tota
1195 5622 1280 5671 die
1315 5628 1528 5672 sanctus
1551 5623 1680 5671 Pro-

78 5697 243 5762 pheta
264 5696 412 5756 dicit,
448 5694 686 5747 Tetendi
710 5707 921 5748 manus
945 5700 1066 5748 tota
1092 5695 1182 5747 die
1212 5694 1287 5747 ad
1305 5695 1583 5762 populum
1600 5695 1681 5747 in-

84 5768 531 5834 credibilem,qui
571 5772 643 5818 est
685 5768 747 5818 in
795 5773 958 5830 terra,
1005 5772 1111 5822 etc.
1136 5767 1283 5819 Eam
1302 5783 1424 5823 vero
1442 5773 1677 5837 partem,

84 5856 217 5911 quae.
241 5850 351 5903 etc.
376 5842 617 5898 Leviora
637 5841 748 5898 alia
767 5843 1152 5911 praeterimus.

1690 4538 1751 4611 D

1761 3196 1819 3248 et
1844 3189 2117 3254 docuerit,
2141 3189 2266 3241 ideo
2292 3188 2693 3253 obedientiam,
2720 3200 2852 3252 quae
2872 3187 2980 3252 piis
3004 3198 3023 3228 ε
3045 3188 3216 3240 etiam
3234 3200 3361 3242 sus-

1761 3283 1926 3348 cepta
1945 3284 2149 3343 morte,
2176 3278 2464 3331 servanda
2480 3283 2588 3344 est,
2615 3274 2727 3348 79
2756 3277 2950 3331 docuit
2972 3278 3095 3344 ipse
3123 3290 3229 3344 pro
3251 3278 3362 3333 hac

1762 3371 1921 3438 prius
1950 3367 2249 3421 moriendo
2278 3366 2514 3420 servari.

1825 3460 1912 3517 16.
1938 3459 2048 3512 Sed
2090 3458 2331 3511 fortasse
2354 3458 2705 3522 terretur[Al.
2733 3456 3031 3522 terreatur]
3067 3457 3275 3523 aliquis
3301 3459 3365 3513 in

1761 3548 2166 3617 hujuscemodi
2198 3548 2472 3611 doctrina,
2509 3549 2661 3612 quod
2686 3559 2859 3613 quem
2880 3547 3050 3613 paulo
3074 3553 3209 3602 ante
3231 3560 3365 3601 cum

1764 3643 1883 3694 Deo
1901 3642 2063 3693 Patre
2079 3638 2333 3691 diximus
2358 3637 2791 3703 sempiternum,
2815 3650 2883 3690 ac
2899 3637 2968 3690 de
2979 3637 3029 3702 ej
3039 3649 3108 3689 us
3126 3640 3367 3689 substan-

1765 3731 1843 3785 tia
1865 3742 1995 3782 esse
2010 3728 2375 3795 progenitum
2399 3745 2410 3776 :
2436 3739 2721 3793 quemque
2737 3739 2933 3793 regno,
2950 3727 3275 3793 majestate,
3297 3739 3369 3780 ω-

1767 3819 2047 3881 ternitate,
2063 3831 2244 3871 unum
2258 3830 2391 3869 cum
2408 3818 2523 3869 Deo
2544 3819 2708 3869 Patre
2720 3830 2847 3869 esse
2859 3816 3165 3869 docuimus
3183 3831 3196 3869 :
3211 3829 3369 3869 nunc

1766 3910 1837 3963 de
1860 3910 1987 3975 ejus
2006 3912 2189 3960 morte
2208 3910 2529 3959 tractamus
2558 3906 2662 3972 [Αι.
2689 3905 3043 3969 tractemus].
3078 3905 3188 3958 Sed
3235 3905 3368 3958 nolo

1766 3997 2049 4060 terrearis,
2074 4009 2107 4048 ο
2142 3995 2328 4048 ﬁdelis
2351 3994 2603 4047 auditor:
2638 3993 2805 4059 paulo
2830 3998 2961 4059 post
2977 3993 3172 4057 istum,
3192 4005 3369 4058 quem

1765 4089 1933 4144 audis
1955 4089 2267 4150 mortuum,
2289 4096 2526 4138 rursum
2540 4082 2923 4136 immortalem
2945 4083 3188 4137 videbis.
3214 4084 3369 4136 Mors

1769 4179 1921 4232 enim
1943 4179 2016 4230 ab
2038 4190 2106 4229 eo
2131 4181 2375 4228 mortem
2400 4173 2712 4240 spoliatura
2744 4172 3073 4238 suscipitur.
3095 4173 3241 4226 Nam
3272 4185 3370 4225 sa-

1769 4272 2127 4322 cramentum
2146 4265 2287 4319 illud
2306 4270 2591 4329 suscepta:
2614 4264 2819 4329 carnis,
2838 4262 2993 4329 quod
3009 4275 3184 4329 supra
3196 4275 3369 4328 expo-

1771 4359 2013 4423 suimus,
2041 4358 2188 4410 hanc
2206 4356 2380 4409 habet
2402 4367 2686 4417 caussam,
2704 4355 2769 4406 ut
2787 4352 2985 4407 divina
2999 4353 3122 4405 Filii
3139 4352 3367 4405 Deivir-

1771 4454 1866 4503 tus
1892 4447 2050 4504 velut
2076 4446 2286 4500 hamus
2298 4444 2549 4510 quidam,
2567 4443 2769 4498 habitu
2780 4441 3252 4495 humanaecarnis
3263 4442 3369 4493 ob-

1831 4632 1849 4654 ε
1874 4617 2281 4685 Ριιεθροεὶιίοηθ
2307 4631 2406 4682 per
2432 4615 2666 4678 omissa,
2706 4614 2906 4680 legunt
2938 4612 3209 4678 alii,Istud
3247 4627 3371 4681 ergo

1766 4691 2195 4757 uniuscujusque
2236 4687 2667 4752 chirographum
2711 4685 2778 4736 ab
2801 4686 2911 4736 illis
2929 4685 3237 4751 rectoribus,
3261 4690 3370 4739 etc.

1832 4770 1854 4800 δ
1874 4765 2196 4830 Legebatur
2213 4764 2382 4814 antea
2415 4772 2535 4812 non
2546 4760 2710 4822 bene,
2735 4758 3002 4823 quoniam
3016 4757 3276 4809 rectitudo
3290 4772 3369 4808 ven

1767 4843 1871 4894 nit.
1924 4839 2090 4901 Ergo,
2134 4834 2243 4898 sic,
2273 4832 2597 4886 Emendant
2614 4830 2740 4883 libri
2752 4830 3005 4896 plerique
3030 4830 3143 4895 alii,
3170 4841 3373 4895 quam.

1772 4923 1945 4981 quam
1958 4907 2100 4981 illud
2131 4921 2240 4981 ecce
2271 4905 2386 4957 duo
2400 4904 2506 4981 M_s.
2522 4903 2675 4969 apud
2689 4901 3003 4981 Baluzium,
3018 4902 3373 4981 totidemque

1771 4971 1909 5040 editi
1930 4977 2228 5035 Rembold.
2252 4981 2424 5042 atque
2438 4978 2711 5029 Erasmus
2731 4978 2948 5038 tacent;
2974 4979 3183 5027 caetera
3198 4972 3279 5025 sic
3300 4971 3376 5042 le-

1771 5039 1935 5124 gunt,
1972 5055 2121 5103 Recte
2160 5064 2283 5124 ergo
2323 5039 2408 5098 eos
2432 5046 2870 5124 omnipotentia_
2896 5045 3158 5124 nudatos,
3214 5039 3378 5124 Chri-

1770 5118 1901 5194 stus,
1924 5118 2044 5178 etc.
2076 5121 2387 5194 Nobiscum
2412 5119 2726 5185 postremis
2752 5118 2944 5171 verbis
2968 5118 3099 5171 facit
3112 5120 3169 5170 et
3203 5120 3372 5169 vetus

1774 5192 1910 5256 edit.
1934 5192 2325 5268 Oxoniensis.
2461 5263 2472 5268 Α
3116 5265 3124 5268 _
3298 5257 3308 5268 .

1839 5283 1856 5303 ε
1888 5273 2071 5324 Antea
2119 5268 2241 5317 erat
2282 5267 2417 5312 sicut
2451 5263 2512 5313 in
2541 5263 2693 5315 aliis:
2719 5276 2857 5316 mox
2881 5273 2981 5327 pro
3004 5263 3367 5319 contumaciae,

1776 5346 1889 5399 duo
1913 5340 2083 5395 modo
2104 5336 2320 5388 laudati
2332 5333 2455 5387 cod.
2474 5336 2610 5387 Mss.
2633 5334 3010 5396 Rumboldus,
3023 5337 3196 5397 atque
3213 5330 3371 5382 Eras-

1777 5430 1909 5470 mus
1934 5408 2257 5467 contumelia
2280 5408 2513 5459 habent.

1841 5489 1861 5524 ί
1882 5491 2008 5541 Duo
2040 5481 2192 5546 apud
2215 5477 2508 5531 Baluzium
2535 5480 2673 5531 Mss.
2701 5477 2914 5528 doceri..

1842 5572 1860 5599 ε
1885 5559 2012 5619 Alii,
2036 5544 2220 5612 morte,
2247 5550 2408 5601 etiam
2430 5556 2689 5615 suscepta,
2716 5554 2774 5601 et
2816 5550 2927 5613 ipse
2948 5546 3105 5612 prius
3120 5558 3236 5619 pro
3268 5544 3367 5619 hac

1777 5615 2074 5691 moriendo,
2093 5631 2201 5679 etc.
2224 5622 2537 5675 Frobenius
2548 5625 2604 5674 et
2620 5626 2787 5674 vetus
2802 5620 2975 5672 editio
2986 5617 3140 5683 apud
3160 5615 3368 5669 Pamel.

1778 5705 2008 5769 Ideoque
2051 5699 2175 5765 (leg.
2220 5696 2339 5769 Ideo
2384 5696 2515 5769 quae)
2537 5694 2711 5769 prius,
2734 5694 2899 5747 etiam
2925 5694 3167 5769 suscepta
3186 5693 3368 5769 morte,

1778 5760 2267 5837 εεηοῐηάαάοὶαίι,
2287 5760 2528 5838 ἱρωἸιεο
2542 5766 2759 5838 primus
2803 5762 3084 5818 moriendo
3119 5760 3364 5815 servavit.
