3898 6394
519 372 624 431 355

1555 364 1799 418 RUFINI
1834 360 2325 425 AQUILEIENSIS
2359 359 2795 412 PRESBYTERI

3714 360 3821 414 356

515 492 724 550 tectus,
751 488 810 538 et
830 483 977 536 sicut
1000 480 1310 547 Apostolus
1335 487 1353 509 ·
1378 478 1586 529 Paulus
1606 481 1737 529 ante
1748 477 1910 533 dixit.
1926 475 2112 525 habitu
2134 480 2196 551 Α
2214 474 2555 533 conditione,
2582 486 2697 536 qua
2720 483 2736 511 ι
2771 472 2996 526 fuerant
3018 472 3227 536 cateri,
3252 472 3351 537 qui
3375 473 3733 526 tenebantur
3764 476 3823 527 in

518 576 768 624 inventus
792 577 850 620 ut
867 572 1026 620 homo
1055 567 1275 631 (Philip.
1299 564 1391 629 2.),
1420 565 1729 629 principem
1755 563 2111 616 mundiinvi-

516 666 635 716 tare
657 664 841 728 possit
873 660 943 711 ad
966 670 1210 721 agonem
1238 675 1247 705 :
1276 656 1368 707 cui
1391 656 1512 719 ipse
1526 668 1756 706 carnem
1769 667 1932 705 suam
1953 654 2111 706 velut

516 765 709 806 escam
728 751 978 811 tradens,
998 748 1167 799 hamo
1185 758 1319 797 eum
1343 744 1614 796 divinitas
1635 744 1980 795 intrinsecus
1995 744 2017 772 ι’
2037 748 2109 795 te-

509 845 671 893 neret
689 840 971 891 insertum
985 849 1056 888 ex
1075 836 1403 900 profusione
1416 831 1685 884 immacul
1700 832 1764 883 iti
1782 833 2106 897 sanguinis.

512 930 676 983 Solus
717 928 888 989 enim,
940 926 1039 990 qui
1076 924 1293 989 peccati
1320 923 1607 974 maculam
1630 922 1832 984 nescit,
1851 921 2107 973 omnium

508 1023 739 1083 peccata
755 1016 963 1068 delevit
978 1030 990 1066 :
1008 1026 1206 1067 eorum
1218 1013 1539 1074 dumtaxat,
1560 1011 1657 1075 qui
1676 1012 1951 1075 sanguine
1976 1013 2106 1075 ejus

508 1112 704 1172 postes
728 1105 859 1157 ﬁdei
881 1117 1005 1156 sua
1022 1104 1318 1168 signassen
1328 1108 1365 1155 t.
1388 1102 1545 1152 Sicut
1556 1114 1688 1165 ergo
1709 1102 1977 1152 hamnm-
1996 1116 2108 1149 esca

506 1198 834 1248 contectum
848 1194 1080 1259 sipiscis
1097 1193 1295 1257 rapiat,
1320 1205 1437 1244 non
1453 1191 1622 1242 modo
1638 1204 1829 1241 escam
1854 1191 1924 1240 ab
1937 1191 2106 1241 hamo

507 1300 627 1340 non
649 1286 925 1339 removet.
956 1282 1055 1334 sed
1081 1287 1137 1333 et
1157 1283 1281 1346 ipse
1316 1282 1385 1333 de
1411 1280 1710 1345 profundo,
1736 1292 1867 1330 esca
1888 1279 2013 1330 aliis
2030 1280 2108 1330 fu-

507 1380 695 1439 turus,
721 1373 1013 1426 educitur:
1041 1371 1121 1423 ita
1148 1375 1204 1422 et
1226 1371 1276 1421 is
1300 1370 1398 1434 qui
1418 1370 1669 1421 habebat
1693 1370 1892 1420 mortis
1926 1369 2108 1432 impe-

506 1466 675 1524 rium,
694 1462 885 1527 rapuit
907 1460 1137 1525 quidem
1162 1460 1220 1511 in
1243 1464 1424 1511 morte
1445 1472 1652 1523 corpus
1671 1460 1702 1510 J
1709 1472 1830 1517 esu,
1848 1471 1965 1510 non
1984 1471 2106 1509 scn-

504 1554 652 1606 tiens
673 1553 733 1604 in
756 1564 822 1604 eo
845 1551 1084 1603 hamum
1108 1549 1427 1602 divinitatis
1442 1547 1733 1600 inclusum
1752 1547 1872 1610 ;sed
1898 1547 1994 1598 ubi
2005 1546 2105 1599 de-

506 1642 747 1702 voravit,
764 1640 938 1694 hasit
952 1640 1073 1705 ipse
1089 1640 1380 1703 continuo,
1400 1643 1457 1690 et
1472 1638 1716 1703 diruptis
1732 1636 1936 1689 inferni
1948 1636 2104 1689 clau-

508 1732 659 1794 stris,
691 1730 849 1784 velut
870 1730 941 1782 de
968 1729 1249 1795 profundo
1282 1732 1577 1780 extractus
1598 1727 1855 1791 trahitur,
1879 1732 1945 1779 ut
1971 1739 2105 1779 esca

2212 576 2457 627 carcere,
2475 561 2577 613 sed
2597 562 2676 613 illi
2687 562 2922 626 quidem
2944 568 3009 615 ut
3024 576 3226 628 panas
3242 562 3559 624 solverent,
3574 563 3670 615 hic
3687 577 3822 617 vero

2209 656 2272 705 ut
2299 653 2624 704 absolveret
2648 665 2873 716 panas.

2272 741 2357 795 18.
2390 742 2730 793 Cautissime
2746 747 2940 794 autem
2966 744 3061 807 qui
3077 742 3410 807 Symbolum
3429 742 3819 807 tradiderunt,

2208 833 2381 885 etiam
2402 838 2645 897 tempus,
2662 846 2776 897 quo
2791 832 2915 885 hac
2934 836 3044 886 sub
3063 836 3261 887 Pontio
3280 834 3462 886 Pilato
3472 839 3644 900 gesta
3661 839 3817 897 sunt,

2208 922 2551 987 designarun
2562 928 2601 985 t,
2624 935 2695 974 ne
2712 936 2781 974 ex
2797 923 2990 986 aliqua
3016 929 3177 988 parte
3190 923 3352 976 velut
3362 936 3517 989 vaga
3532 930 3592 976 et
3601 924 3820 976 incerta

2206 1016 2503 1075 gestorum
2549 1011 2775 1063 traditio
2819 1012 3127 1065 vacillaret.
3172 1013 3484 1065 Sciendum
3533 1025 3680 1065 sane
3713 1013 3820 1076 ast,

2207 1100 2361 1165 quod
2380 1101 2440 1152 in
2464 1100 2730 1152 Ecclesia
2745 1102 3017 1153 Romana
3032 1102 3300 1166 Symbolo
3317 1115 3436 1154 non
3450 1103 3709 1154 habetur
3725 1102 3821 1153 ad-

2205 1189 2412 1253 ditum,
2441 1189 2707 1239 descendit
2729 1191 2804 1239 ad
2826 1191 3073 1253 inferna:
3115 1191 3217 1243 sed
3248 1204 3438 1255 neque
3468 1192 3531 1243 in
3566 1192 3819 1243 Orientis

2207 1278 2475 1329 Ecclesiis
2496 1278 2743 1331 habetur
2758 1279 2851 1331 hic
2869 1293 3086 1331 sermo:
3116 1282 3205 1332 vis
3223 1286 3415 1332 tamen
3430 1281 3593 1333 verbi
3611 1280 3817 1333 eadem

2204 1367 2433 1419 videtur
2460 1381 2589 1419 esse
2613 1368 2673 1419 in
2697 1381 2783 1433 eo,
2808 1369 2963 1432 quod
2989 1370 3250 1434 sepultus
3274 1369 3501 1422 dicitur.
3523 1370 3637 1421 Sed
3667 1383 3816 1434 quo-

2203 1457 2360 1508 niam
2393 1470 2525 1521 erga
2554 1458 2873 1523 Scripturas
2896 1459 2997 1510 tibi
3013 1458 3235 1511 divinas
3258 1471 3420 1511 amor
3459 1462 3518 1511 et
3548 1459 3813 1511 studium

2205 1547 2335 1607 subj
2346 1551 2492 1611 acet,
2524 1547 2647 1601 sine
2660 1546 2835 1600 dubio
2858 1547 3001 1599 dicis
3019 1548 3178 1610 mihi,
3201 1552 3460 1613 oportere
3480 1548 3615 1600 hac
3627 1550 3815 1614 magis

2204 1636 2566 1689 evidentibus
2591 1637 2803 1689 divina
2832 1638 3139 1703 Scriptura
3168 1636 3608 1705 testimoniis8|
3627 1654 3815 1700 appro-

2204 1725 2345 1776 bari.
2385 1726 2610 1785 Quanto
2666 1724 2821 1777 enim
2850 1725 2872 1754 δ
2908 1727 3129 1791 majora
3171 1731 3328 1791 sunt,
3359 1739 3491 1791 qua
3523 1726 3814 1779 credenda

507 1820 731 1874 eateris
780 1820 897 1870 ﬂat.
947 1818 1108 1881 Quod
1142 1819 1222 1870 ita
1254 1816 1510 1869 futurum
1538 1818 1645 1867 sub
1669 1816 1777 1868 hac
1814 1816 2012 1867 eadem
2034 1816 2103 1867 Η·
2133 1807 2187 1881 Β
2214 1818 2371 1873 sunt,
2397 1818 2554 1865 tanto
2578 1814 2794 1865 idoneis
2817 1815 3002 1879 magis
3024 1820 3083 1867 et
3108 1814 3445 1868 indubitatis
3469 1817 3815 1868 testibusin-

505 1921 650 1975 gnra
678 1908 698 1938 ‘
722 1907 982 1960 Ezechiel
1005 1906 1223 1958 dudum
1247 1905 1523 1971 propheta
1548 1905 1988 1970 significaverat.
2012 1905 2100 1957 di-

507 2011 670 2051 cens:
718 1998 787 2047 Et
827 1990 1118 2047 extraham
1156 2002 1205 2059 te
1244 1996 1307 2044 in
1333 1996 1497 2045 hamo
1521 2010 1653 2055 meo,
1679 2000 1724 2043 et
1747 1994 2033 2044 eat-tendam
2057 2001 2104 2043 te

502 2103 665 2152 super
688 2092 887 2136 terram
916 2087 1109 2150 Campi
1132 2084 1501 2150 implebuntur
1524 2085 1584 2133 de
1608 2090 1670 2144 te,
1693 2091 1742 2133 et
1778 2085 2103 2133 constituam

507 2174 619 2244 80
645 2192 806 2241 super
855 2180 899 2224 te
942 2190 1123 2223 omnes
1161 2173 1394 2222 volucres
1442 2173 1574 2235 carli,
1606 2179 1652 2222 et
1690 2172 1943 2221 saturabo
1964 2188 2030 2221 ea:
2058 2178 2103 2222 te

502 2279 684 2315 omnes
709 2264 895 2314 bestias
917 2269 1067 2313 terra
1096 2262 1296 2325 (Ezech.
1324 2261 1450 2324 32.).
1469 2261 1577 2313 Sed
1603 2267 1661 2313 et
1683 2261 1962 2326 propheta
1989 2264 2099 2314 Da-

501 2354 597 2405 vid
638 2353 799 2405 dicit:
855 2353 931 2402 Tu
961 2352 1272 2415 confregisti
1295 2351 1477 2415 capita
1492 2352 1745 2399 draconis
1772 2351 1979 2415 magni,
2007 2352 2099 2400 dc-

498 2441 625 2493 disti
647 2457 768 2491 eum
791 2442 853 2491 in
887 2456 1060 2491 escam
1095 2440 1310 2505 populis
1337 2440 1662 2504 [Ethiopum
1686 2439 1847 2505 (Psal.
1876 2439 2003 2503 75.).
2033 2442 2102 2491 Et

499 2532 609 2584 Job
626 2530 697 2583 de
711 2530 913 2583 eodem
930 2530 1205 2594 mysterio
1218 2528 1477 2581 similiter
1487 2532 1835 2594 protestatur
1850 2543 1863 2580 :
1878 2532 1948 2578 ait
1963 2532 2098 2578 enim

501 2632 575 2673 ex
600 2630 845 2684 persona
870 2627 889 2647 ⁶
909 2617 1134 2669 Domini
1157 2618 1447 2681 loquentis
1468 2617 1541 2669 ad
1585 2630 1672 2669 se:
1720 2619 1829 2667 Aut
1870 2618 2101 2668 adduces

499 2707 790 2761 draconem
817 2706 879 2756 in
908 2707 1071 2758 hamo
1095 2712 1141 2757 et
1169 2722 1334 2771 pones
1350 2706 1647 2772 capistrum
1659 2706 1802 2756 circa
1814 2722 1972 2756 nares
1987 2707 2101 2771 ejus

502 2796 640 2863 (Job.
666 2796 792 2859 1.0.).

544 2884 648 2941 .17.
698 2886 825 2937 Non
861 2896 996 2950 ergo
1031 2883 1243 2937 damna
1261 2882 1807 2947 aliquo,autinjuria
1821 2882 2100 2931 divinitatis

499 2974 763 3027 Christus
796 2974 857 3025 in
872 2986 1041 3026 carne
1064 2973 1311 3038 patitur;
1344 2972 1445 3024 sed
1476 2976 1542 3025 ut
1563 2985 1662 3037 per
1703 2971 2097 3023 inﬁrmitatem

493 3064 682 3117 carnis
706 3068 1042 3129 operaretur
1053 3062 1318 3126 salutem,
1335 3062 1530 3114 divina
1546 3066 1752 3115 natura
1776 3061 1836 3113 in
1852 3066 2096 3112 mortem

2204 1903 2421 1967 digent.
2441 1906 2588 1956 Vera
2599 1903 2809 1968 quippe
2830 1908 2939 1969 est,
2953 1908 3382 1969 etconsequens
3394 1906 3522 1958 hac
3552 1907 3810 1971 proposi-

2203 1993 2298 2044 tio.
2326 1993 2435 2044 Sed
2467 2006 2575 2045 nos
2615 1998 2891 2058 tanquam
2940 1994 3255 2046 scientibus
3275 1994 3460 2059 legem
3478 1995 3814 2059 loquentes-

2203 2082 2665 2135 testimoniorum
2691 2083 2893 2135 silvam
2911 2083 3204 2135 brevitatis
3223 2096 3432 2136 caussa
3447 2084 3806 2149 derelinqui-

2199 2184 2332 2222 mus
2376 2171 2479 2235 [Αι.
2532 2172 2907 2236 reliquimus].
2949 2175 3136 2225 Pauca
3180 2178 3373 2225 tamen
3416 2186 3491 2225 ex
3514 2175 3747 2237 multis,
3766 2174 3810 2225 si

2201 2260 2372 2312 etiam
2402 2260 2503 2324 [AL
2532 2263 2701 2312 etiam
2728 2263 2794 2326 si]
2820 2263 2928 2314 hoc
2953 2263 3276 2326 requiritur,
3303 2262 3807 2328 adhibeamus[Al.

2198 2349 2583 2413 adhibemus],
2603 2351 2846 2402 scientes
2864 2351 3142 2403 studiosis
3165 2351 3491 2415 quibusque
3510 2352 3571 2402 in
3585 2355 3810 2414 Scriptu-

2197 2440 2276 2490 ris
2314 2438 2529 2492 divinis
2572 2439 2919 2492 latissimum
2967 2440 3423 2493 testimoniorum
3448 2441 3697 2507 pelagus
3718 2454 3806 2507 pa-

2200 2532 2335 2580 tere.

2260 2615 2347 2671 19.
2373 2617 2561 2669 Primo
2585 2630 2719 2682 ergo
2748 2618 3008 2671 omnium
3032 2617 3333 2671 sciendum
3364 2620 3471 2683 est,
3496 2618 3659 2683 quod
3682 2618 3805 2684 ipsa

2197 2706 2345 2758 ratio
2392 2707 2579 2759 crucis
2624 2720 2742 2759 non
2786 2709 3057 2761 omnibus
3086 2720 3205 2761 una
3226 2707 3539 2772 eademque
3562 2709 3804 2761 estzsed

2196 2794 2351 2848 aliud
2375 2798 2671 2859 Gentibus,
2705 2798 2859 2851 aliud
2895 2798 3137 2861 Judais,
3175 2798 3329 2850 aliud
3365 2799 3698 2848 credentibus
3725 2815 3802 2848 sa-

2197 2886 2280 2951 pit
2298 2904 2315 2935 :
2366 2886 2517 2940 sicut
2548 2892 2607 2940 et
2646 2887 2956 2953 Apostolus
2983 2887 3120 2940 dicit
3143 2904 3159 2941 :
3181 2888 3294 2938 Nos
3316 2893 3497 2938 autem
3514 2888 3801 2939 Christum

2195 2976 2549 3041 prad‘icamus
2581 2978 2927 3041 cruciﬁxum,
2954 2977 3157 3027 Judais
3194 2978 3411 3043 quidem
3447 2978 3797 3043 scandalum,

2197 3065 2449 3116 Gentibus
2484 3073 2664 3117 autem
2710 3068 3013 3129 stultitiam,
3061 3067 3450 3132 ipsis‘vocalis
3487 3067 3702 3118 Judaeis
3756 3074 3799 3117 et

494 3166 592 3219 per
614 3165 849 3206 carnem
866 3151 1187 3216 descendit,
1219 3164 1335 3204 non
1357 3156 1423 3204 ut
1446 3151 1569 3216 lege
1592 3149 1920 3204 mortalium
1945 3150 2089 3201 deti-
2116 3131 2165 3207 C
2195 3157 2386 3207 Graecis
2444 3158 2722 3208 Christum
2740 3159 2835 3208 Dei
2858 3131 3124 3222 virtutem,
3146 3163 3191 3209 et
3213 3158 3311 3208 Dei
3353 3158 3707 3223 sapientiam.
3736 3161 3801 3211 Et

494 3245 728 3296 neretur
777 3255 812 3293 a
844 3243 1045 3304 morte,
1098 3242 1202 3293 sed
1228 3246 1294 3293 ut
1317 3254 1417 3305 per
1446 3254 1575 3292 sese
1591 3242 2102 3304 resurrecturusga-
2193 3246 2438 3298 ibidem:
2474 3247 2699 3297 Verbum
2721 3248 2867 3296 enim
2890 3248 3062 3296 crucis
3081 3247 3426 3313 pereuntibus
3447 3247 3683 3297 stultitia
3709 3254 3794 3307 est,

492 3344 642 3386 nuas
679 3331 882 3383 mortis
930 3331 1200 3395 aperiret.
1247 3329 1420 3382 Velut
1440 3330 1489 3381 si
1511 3329 1640 3394 quis
1664 3343 1765 3381 rex
1801 3334 2002 3395 pergat
2023 3330 2096 3381 ad

491 3420 510 3457 ί
530 3432 834 3482 carcerem,
858 3424 914 3471 et
929 3419 1224 3484 ingressus
1242 3432 1346 3484 ape
1357 3419 1702 3483 riatjanuas,
1716 3418 2097 3471 resolvateate-

494 3507 881 3573 nas,vincula,
897 3521 1053 3560 seras
1067 3511 1125 3559 et
1139 3507 1398 3560 claustra
1429 3507 1798 3572 comminuat,
1831 3511 1889 3559 et
1918 3509 2097 3557 educat

491 3599 715 3653 vinctos
738 3597 798 3648 in
820 3596 1246 3661 remissionem,
1274 3600 1333 3649 et
1367 3610 1466 3648 eos
1492 3597 1592 3660 qui
1622 3596 1823 3648 sedent
1856 3597 1914 3648 in
1940 3600 2095 3648 tene-

483 3687 605 3740 bris
628 3692 686 3739 et
716 3686 778 3738 in
799 3687 1013 3739 umbra
1028 3685 1376 3748 mortis,luci
1395 3698 1462 3737 ac
1478 3686 1617 3738 vita
1652 3685 1932 3739 restituat.
1971 3686 2094 3738 Dici

483 3782 578 3831 tur
591 3788 723 3842 ergo
746 3788 847 3828 rex
877 3775 961 3828 fui
981 3788 1076 3828 sse
1089 3774 1322 3839 quidem
1341 3775 1401 3827 in
1422 3788 1663 3836 carcere,
1677 3787 1796 3827 non
1815 3778 2004 3828 tamen
2023 3788 2092 3829 ea

549 3950 566 3973 '
591 3942 815 3996 Nomen
849 3940 1062 3993 Paulus
1084 3942 1325 3994 reticent
1346 3941 1457 4001 alii,
1478 3940 1575 4006 qui
1595 3943 1653 3993 et
1674 3954 1811 3995 mox
1829 3948 2089 4007 repertus,

486 4027 588 4081 pro
612 4015 879 4079 inuentus,
904 4015 1125 4078 legunt.
1156 4013 1422 4065 Baluzius
1442 4012 1633 4065 locum
1675 4013 1759 4065 ait
1791 4016 2090 4067 commode

484 4085 820 4139 restitutum
836 4086 1016 4137 fuisse
1038 4097 1073 4136 a
1094 4085 1364 4144 Pamelio,
1393 4088 1623 4136 tantum
1644 4085 1799 4148 quod
1812 4086 1978 4149 possit
1988 4099 2089 4151 po-

482 4156 664 4209 suerit
684 4156 882 4206 minus
911 4160 1196 4216 accurate,
1222 4168 1323 4219 pro
1342 4159 1534 4219 posset,
1558 4155 1710 4218 quod
1741 4158 1829 4206 est
1866 4156 1926 4207 in
1961 4157 2088 4209 cod.

485 4230 778 4291 Sangerm.
801 4231 860 4277 et
884 4227 1131 4278 vetustis
1151 4226 1521 4278 editionibus.
1563 4227 1779 4290 Nempe
1799 4228 2088 4280 Barraum

477 4304 719 4362 uterque
738 4297 963 4362 penitus
988 4297 1290 4361 ignoravit.

543 4368 565 4399 δ
599 4370 723 4422 Una
738 4374 962 4420 tantum
984 4368 1253 4433 litterula,
1268 4368 1531 4417 insertum
1550 4369 1765 4421 scilicet
1786 4381 1887 4433 pro
1916 4370 2063 4419 inser

476 4446 578 4519 tus,
603 4442 889 4519 restituta,
916 4441 1056 4519 satis
1081 4441 1223 4519 bene
1252 4445 1462 4519 catena
1484 4442 1805 4519 liarraana
1816 4442 2077 4495 lectionis

2196 3335 2280 3384 his
2321 3351 2441 3385 vero
2486 3338 2583 3400 qui
2624 3337 2760 3385 salvi
2781 3340 2938 3401 fiunt,
2963 3337 3017 3389 id
3045 3342 3135 3388 est
3164 3337 3333 3389 nobis
3366 3337 3537 3386 virtus
3583 3337 3690 3386 Dei
3728 3341 3795 3387 est

2194 3423 2259 3485 (1.
2301 3426 2420 3477 Cor.
2453 3424 2744 3488 1.).Judai
2768 3430 2964 3478 autem
2991 3426 3203 3490 quibus
3240 3438 3314 3477 ex
3348 3425 3474 3489 lege
3516 3426 3793 3479 traditum

2192 3512 2391 3574 fuerat,
2406 3513 2694 3566 Christum
2712 3515 2773 3566 in
2783 3520 3065 3567 aternum
3078 3526 3436 3579 mansurum,
3449 3515 3792 3568 scandalum

2190 3603 2554 3667 patiebantur
2567 3603 2639 3656 de
2655 3617 2822 3656 cruce
2846 3601 2991 3669 ejus,
3007 3604 3142 3669 quia
3162 3605 3640 3657 resurrectionem
3661 3608 3792 3671 ejus

2188 3692 2301 3743 reci
2309 3692 2770 3757 perenoluerunt.
2785 3694 3063 3746 Gentibus
3080 3699 3275 3747 autem
3299 3694 3541 3747 stultitia
3549 3694 3791 3748 videba-

2187 3784 2297 3841 tur,
2338 3781 2523 3835 Deum
2554 3788 2797 3836 mortem
2834 3783 3180 3849 suscepisse,
3218 3783 3354 3848 quia
3381 3783 3650 3849 ignorant
3675 3787 3789 3851 My-

2186 3950 2402 4015 legunt.
2430 3952 2577 4003 Tum
2594 3951 2767 4005 verbo
2791 3951 3015 4002 salutem
3044 3951 3268 4005 addunt
3298 3952 3359 4003 in
3391 3951 3569 4003 medio
3615 3958 3784 4017 terra,

2186 4029 2245 4078 et
2267 4030 2399 4078 ante
2428 4027 2708 4088 descendit,
2735 4026 2850 4079 duo
2873 4028 2986 4080 ista
3008 4043 3106 4093 per
3127 4043 3364 4089 carnem,
3386 4039 3519 4092 qua
3542 4033 3602 4081 et
3615 4031 3783 4082 nobis

2187 4096 2378 4162 digna,
2404 4110 2535 4161 qua
2553 4098 2969 4163 supplerentur,
2993 4101 3119 4152 visa
3131 4102 3284 4152 sunt.
3298 4100 3555 4163 Denique
3579 4102 3785 4155 subse-

2186 4168 2383 4233 quenti
2407 4182 2595 4230 versu,
2621 4170 2682 4218 in
2706 4176 2873 4220 morte
2895 4170 3110 4223 habent
3133 4183 3233 4235 pro
3248 4185 3284 4220 a
3306 4176 3492 4233 morte,
3519 4174 3578 4223 et
3599 4186 3699 4235 per
3735 4188 3783 4223 se

2184 4245 2596 4305 resurrecturus,
2622 4245 2727 4292 etc.

2247 4311 2268 4345 τ
2299 4313 2654 4364 Interserunt
2699 4312 2793 4363 alii
2837 4312 3009 4363 trium
3032 4313 3144 4365 fere
3168 4324 3439 4365 versuum
3454 4311 3780 4377 pericopem

2182 4382 2538 4447 hujusmodi,
2560 4384 2631 4432 ad
2653 4390 2876 4446 grnlcm,
2902 4384 2963 4433 in
2988 4400 3098 4448 qua
3117 4385 3367 4448 proprios
3398 4384 3587 4432 habeat
3615 4387 3779 4448 capti.

2182 4456 2363 4503 vitatis
2406 4456 2617 4503 vinculo
2665 4456 2929 4518 alligatos,
2978 4456 3282 4519 devictaque
3305 4471 3385 4518 ea,
3410 4469 3676 4505 carcerem
3698 4458 3778 4505 in-

475 4505 688 4590 haberé
699 4513 824 4590 visa
851 4516 1008 4574 sunt.
1033 4512 1126 4563 cui
1147 4516 1205 4590 et
1230 4515 1397 4590 vetus
1422 4512 1567 4590 Edit_-
1604 4513 1914 4575 Oxoniens,
1930 4526 2077 4590 par-
2103 4505 2162 4579 D
2182 4532 2296 4577 trel.
2324 4527 2379 4575 in
2406 4542 2511 4590 quo
2534 4528 2695 4575 vincti
2728 4505 3120 4590 detinebantur,
3145 4505 3505 4589 είίηθνεὲειιε,
3531 4531 3642 4578 etc.
3659 4529 3774 4579 Nos

475 4584 591 4633 tem
610 4584 886 4646 majorem
909 4586 1203 4634 consonat.
1231 4582 1342 4633 Alii
1366 4584 1581 4646 legunt,
1615 4598 1787 4632 escam
1820 4585 2064 4646 tradidit,

472 4658 533 4701 ut
559 4652 720 4701 hamo
750 4668 874 4701 eum
898 4653 1204 4702 divinitatis
1229 4654 1552 4702 intrinsecus
1570 4659 1759 4703 teneret
1784 4654 1949 4703 insert
1958 4672 2065 4719 uin,

475 4729 521 4772 et
544 4722 804 4787 effusione
829 4725 1167 4773 immaculati
1190 4726 1483 4788 sanguinis
1507 4726 1604 4788 qui
1625 4726 2068 4793 (pratermissis,

434 4786 439 4799 ’
474 4794 631 4845 Solus
661 4794 826 4853 enim,
852 4806 985 4857 qua
1017 4794 1194 4845 alium
1210 4786 1446 4846 sensum
1470 4786 1759 4858 inchoant,
1775 4798 1939 4861 eique
1962 4786 2069 4852 ne;

473 4865 724 4917 cessaria
767 4869 923 4929 sunt)
949 4866 1149 4929 peccati
1175 4866 1447 4915 maculam
1476 4869 1653 4931 nescit,
1681 4872 1929 4918 omnium
1949 4888 2067 4935 pec-

476 4942 598 4986 cata
620 4935 826 4999 deleret,
850 4951 1037 4985 eorum
1060 4937 1368 5002 dumtaxat,
1391 4937 1487 5001 qui
1510 4953 1697 4987 cruore
1719 4939 1849 5003 ejus,
1876 4947 1982 4992 etc.

533 5016 550 5037 τ
583 5008 873 5059 Laudatus
892 5020 1045 5072 sape
1062 5007 1186 5059 cod.
1203 5008 1711 5073 Sangermanensis
1727 5018 2033 5063 contentum
2051 5032 2066 5065 :

469 5078 564 5131 alii
587 5084 917 5144 conseptum,
945 5084 1002 5130 et
1028 5091 1165 5132 mox
1195 5096 1316 5129 cum
1342 5081 1505 5129 hamo
1532 5094 1630 5145 pro
1646 5082 1990 5149 ab,denique
2008 5088 2067 5135 in

464 5157 690 5201 mortem
726 5164 826 5216 pro
862 5155 1029 5201 morte
1073 5156 1131 5205 et
1173 5151 1344 5217 paulo
1378 5157 1511 5218 post
1534 5154 1790 5219 traditur,
1819 5169 1921 5221 pro
1951 5163 2068 5208 tra-

469 5223 640 5273 hitur.

524 5293 547 5323 ⁴¹
574 5294 701 5359 Alii,
754 5296 1075 5360 signaverat.
1122 5295 1312 5349 Altero
1363 5297 1667 5363 Scriptura
1739 5296 2067 5350 testimonio

462 5367 654 5430 verba,
686 5366 761 5415 Tu
786 5366 1095 5429 confregisti
1118 5372 1299 5433 capita
1321 5369 1571 5418 draconis
1594 5372 1785 5432 magni
1826 5380 1959 5433 qua
1976 5369 2067 5419 de—

462 5438 860 5489 siderabantur
883 5440 1299 5491 sutrecimusex
1314 5442 1470 5492 libris
1494 5440 1779 5504 plerisque
1796 5442 1919 5491 aliis
1938 5452 2063 5491 om-

456 5510 658 5561 nibus:
682 5511 873 5560 dedisti
899 5511 1071 5563 etiam
1096 5525 1195 5576 pro
1220 5513 1361 5562 dedit
1390 5513 1657 5576 legimus.
1691 5515 1795 5564 Pro
1820 5511 2057 5577 populis,

459 5581 724 5634 Baluzius
737 5582 947 5647 populi,
973 5584 1099 5635 cod.
1127 5585 1637 5649 Sangermanensis
1651 5584 1851 5648 populo
1870 5585 2058 5635 habet.

524 5660 543 5681 ⁶
566 5653 734 5716 Apud
748 5651 891 5703 alios
914 5654 1031 5715 Dei,
1061 5655 1409 5718 quibuscum
1422 5656 1820 5719 rescripsimus
1844 5660 1901 5707 et
1935 5668 2061 5716 nos,

464 5721 693 5775 adduces
718 5723 1007 5774 draconem
1032 5725 1092 5774 in
1120 5726 1300 5792 homo,
1322 5732 1367 5776 et
1386 5742 1571 5793 pones,
1596 5732 1723 5789 etc.,
1748 5740 1849 5791 pro
1883 5727 2063 5777 addu-

467 5794 544 5849 cis
564 5798 622 5850 et
641 5798 739 5848 aut
757 5793 933 5864 ponis.
959 5795 1132 5851 Paulo
1154 5801 1286 5865 post
1315 5811 1417 5868 pro
1433 5800 1647 5867 patitur
1663 5798 1759 5855 alii
1775 5814 1968 5868 passus
1990 5805 2062 5854 est

2166 4612 2295 4652 eam
2336 4612 2523 4662 neque
2564 4599 2865 4662 repudiare
2895 4599 3151 4661 omnino,
3181 4601 3461 4661 tanquam
3483 4599 3556 4648 ab
3577 4600 3768 4652 aliena

2170 4683 2345 4723 manu
2371 4671 2699 4734 profectam,
2726 4684 2910 4733 neque
2927 4670 3246 4733 reciperein
3264 4675 3489 4721 textum
3505 4674 3769 4733 audemus,

2172 4743 2457 4806 siquidem
2483 4748 2538 4794 et
2563 4756 2591 4793 s
2606 4744 2703 4793 itis
2723 4756 2821 4807 per
2845 4755 2905 4793 se
2931 4743 3077 4793 bene
3100 4743 3319 4804 absque
3341 4741 3436 4792 illa
3459 4741 3672 4794 habere
3686 4744 3772 4794 vi-

2167 4815 2355 4875 detur,
2380 4820 2435 4865 et
2462 4819 2711 4865 mentem
2737 4814 3001 4864 Auctoris
3034 4814 3241 4876 explet,
3276 4825 3462 4876 neque
3493 4815 3651 4875 quod
3677 4814 3771 4866 illa

2167 4898 2351 4937 errore
2378 4884 2736 4936 librariorum
2759 4884 3059 4935 excideritr
3083 4884 3207 4936 loco
3239 4882 3351 4935 ullo
3376 4884 3608 4935 indicat.

2230 4965 2247 4994 ι
2282 4957 2496 5006 Tacent
2519 4954 2613 5005 alii
2634 4957 2872 5018 fuerant,
2896 4967 3147 5017 moxque
3182 4954 3379 5003 inclusi
3420 4956 3636 5006 habent
3669 4968 3768 5020 pro

2167 5026 2227 5075 in
2252 5041 2473 5075 carcere.
2501 5028 2879 5083 Barraanam.
2897 5030 3072 5089 atque
3095 5027 3238 5078 adeo
3267 5032 3524 5077 nostram
3567 5027 3767 5079 lectio-

2166 5111 2300 5150 nem
2324 5103 2489 5150 vetus
2515 5112 2744 5162 quoque
2768 5098 2940 5150 editio
2967 5098 3309 5151 Oxoniensis
3331 5100 3549 5163 probat.

2228 5170 2250 5199 ³
2285 5172 2418 5222 Cod.
2434 5174 2802 5233 Sangerman.
2827 5171 3201 5234 Remboldus,
3226 5172 3498 5222 Erasmus
3516 5174 3572 5222 et
3595 5175 3765 5224 vetus

2166 5247 2349 5298 Oxon.
2381 5246 2550 5297 editio
2575 5262 2811 5309 magna:
2836 5250 2894 5298 et
2916 5259 3053 5297 mox
3077 5252 3222 5295 tanto
3247 5245 3453 5295 idoneis
3475 5253 3522 5294 et
3545 5246 3767 5296 indubi-

2167 5318 2307 5377 tatis,
2322 5318 2729 5381 pratermisso,
2744 5318 2938 5381 magis.
2953 5318 3060 5379 Qui
3077 5318 3383 5369 nobiscum
3406 5317 3625 5379 legunt,
3657 5322 3765 5367 Fro-

2166 5390 2389 5450 benius,
2418 5388 2722 5449 Morellius,
2748 5387 3051 5451 Pamelius,
3082 5388 3350 5440 Baluzius
3365 5392 3537 5453 atque
3562 5388 3658 5440 alii
3683 5390 3762 5441 sic

2165 5464 2374 5511 calere.
2386 5461 2607 5523 legunt,
2633 5460 2895 5524 indigere,
2922 5476 3045 5511 vera
3057 5466 3127 5510 est
3148 5467 3192 5510 ct
3213 5476 3535 5526 consequens
3553 5476 3757 5526 propo-

2163 5531 2303 5583 sitio.

2227 5604 2238 5631 ί
2273 5601 2511 5654 Addunt
2551 5601 2643 5653 alii
2689 5618 2842 5653 vero:
2898 5607 3021 5657 tum
3064 5617 3165 5670 pro
3208 5608 3253 5655 et
3280 5603 3475 5654 ibidem
3497 5604 3695 5670 legunt
3716 5609 3761 5655 et

2163 5672 2294 5722 alibi
2308 5688 2322 5724 :
2346 5678 2405 5726 et
2424 5674 2763 5737 pereuntibus
2802 5675 3021 5740 quidem
3057 5676 3305 5729 stultitia.
3356 5677 3489 5729 Mox
3532 5690 3757 5743 quoque

2162 5744 2355 5817 verba,
2373 5744 2506 5795 idest
2528 5745 2681 5797 nobis
2704 5749 2914 5814 tacent,
2939 5751 2996 5803 et
3015 5761 3118 5817 pro
3140 5755 3339 5813 autem,
3370 5748 3526 5815 quod
3564 5749 3755 5815 sequi-

2168 5815 2280 5883 tur,
2312 5815 2529 5873 habent
2560 5831 2704 5886 ergo.
