3898 6400
43 368 123 423 357
997 364 1561 420 COMMENTARIUS
1599 366 1672 417 IN
1708 366 2004 420 SYMBOL.
2040 366 2375 423 APOSTOL.
3046 364 3055 375 ’
3233 372 3338 432 358

43 482 261 535 :terium
280 482 480 534 carnis
505 486 802 535 assumtis.
827 479 1049 532 Fideles
1073 491 1208 531 vero
1237 477 1337 542 qui
1360 478 1628 530 etnatum
1654 482 1716 554 Α
1739 478 1917 543 nulla]
1942 480 2026 532 eis
2046 493 2301 546 unquam
2325 481 2395 532 de
2419 482 2531 546 his,
2561 495 2693 546 qum
2712 483 2971 551 credunt,
2988 487 3336 554 ambiguitas

44 577 82 623 it
102 583 340 635 passum
365 571 431 622 in
457 583 629 622 carne
661 572 1031 634 susceperant
1053 567 1158 633 [Αι.
1183 567 1631 631 receperantj,et
1736 569 1968 622 inimica
2023 571 2291 635 surripiat
2346 572 2449 637 [Αι.
2510 573 2819 637 suprebat].
2874 575 3194 628 Edocemur
3239 591 3338 643 per

43 675 58 713 i
86 660 329 713 mortuis
354 659 765 724 resurrexisse,
793 660 997 711 merito
1026 657 1298 711 virtutem
1322 659 1424 709 Dei
1448 657 1637 709 crede-
1733 659 2130 724 Evangolium,
2156 660 2311 723 quod
2334 662 2366 713 J
2374 660 2515 714 udas
2541 675 2693 713 unus
2708 662 2779 715 de
2794 664 2991 715 amicis
3009 670 3066 718 et
3078 668 3340 719 convivis

43 752 166 801 bant
210 760 364 810 esse,
418 760 557 811 quae
593 748 805 799 vicerat
842 750 1103 798 mortem.
1138 744 1324 795 Primo
1358 757 1491 808 ergo
1526 744 1633 795 hoc
1733 749 1941 800 Christi
1966 750 2259 802 tradiderit
2284 764 2434 803 eum.
2468 751 2620 802 Audi
2642 751 2751 803 hoc
2773 754 3063 815 quomodo
3079 767 3341 819 praenun-

44 850 233 905 lpsum.
268 836 432 900 quod
459 836 899 900 Judaeiiquibus
916 834 1208 900 prophetae
1223 833 1348 885 haec
1364 829 1636 895 praedixe-
1733 840 1914 889 cietur
1960 838 2019 890 in
2059 838 2335 903 psalmis:
2374 840 2477 898 Qui
2501 841 2853 889 manducavit
2877 854 2912 905 ε,
2939 842 3146 907 inquit,
3170 860 3340 909 panes

43 933 166 989 rant,
191 937 308 978 non
330 931 541 977 essent
556 924 820 977 credituri
839 938 852 974 :
874 923 976 975 sed
992 922 1069 973 illi
1087 922 1494 985 quinunquam
1508 919 1633 971 haec
1733 943 1892 991 meos,
1924 928 2211 993 ampliavit
2237 929 2521 979 adversum
2546 946 2626 979 me
2648 932 3147 995 supplantationem
3174 933 3337 994 (Psal.

43 1013 367 1080 xerophetis
391 1013 701 1065 audierant
726 1027 739 1063 =
764 1012 900 1064 audi
924 1010 1211 1075 quomodo
1236 1019 1254 1039 ·
1286 1022 1384 1074 per
1406 1008 1632 1059 Esaiam
1733 1017 1820 1071 40.
1859 1017 1983 1080 10.).
2028 1020 2093 1070 Et
2118 1018 2252 1069 alibi
2277 1032 2290 1082 ;
2316 1019 2513 1081 Amici,
2537 1019 2741 1084 inquit,
2769 1022 2874 1070 mei
2898 1028 2943 1070 et
2965 1023 3211 1086 proximi
3236 1025 3340 1073 mei

43 1101 350 1168 prophetico
371 1113 643 1152 sermone
669 1100 946 1163 signatur.
976 1095 1175 1158 Quibus
1194 1111 1304 1145 non
1323 1094 1632 1159 θεί›ίηί1ῑλίίν
1732 1107 2017 1156 adversum
2060 1123 2143 1157 me
2184 1110 2763 1173 appropinquavcrunt
2802 1115 2847 1159 et
2883 1116 3138 1161 steterunt
3176 1112 3337 1177 (Psal.

44 1191 435 1240 innunciatum
460 1191 525 1239 de
553 1205 628 1251 eo,
652 1188 900 1238 videbunt
918 1204 932 1236 :
949 1194 993 1236 et
1011 1188 1106 1251 qui
1124 1185 1635 1235 nonaudicruntin—

1756 1195 1820 1249 l7.
1867 1193 1992 1259 19.).
2028 1198 2097 1248 Et
2118 1197 2326 1249 iterum
2349 1212 2361 1249 :
2386 1198 2582 1247 Molliti
2604 1204 2730 1247 sunt
2753 1214 3022 1249 sermones
3045 1200 3157 1263 ejus
3180 1216 3342 1265 super

43 1282 252 1346 tcltigent
276 1280 455 1342 (Esai.
484 1277 621 1343 52.).
648 1278 811 1341 Quod
835 1282 1029 1329 autem
1059 1276 1150 1328 his
1170 1275 1267 1339 qui
1286 1274 1637 1326 meditabiln'
1731 1284 1926 1349 oleum,
1960 1290 2004 1334 et
2038 1286 2144 1351 ipsi
2165 1284 2181 1315 '
2218 1292 2380 1337 erunt
2403 1286 2591 1351 jacula
2630 1287 2788 1351 (Psal.
2822 1287 2964 1351 54.).
3001 1290 3102 1340 Vis
3124 1289 3335 1352 audire,

43 1377 119 1423 tur
148 1369 334 1434 legem
360 1369 491 1433 Dei,
517 1382 552 1420 a
578 1368 819 1434 pueritia
841 1380 1027 1430 usque
1049 1366 1108 1417 in
1132 1368 1486 1416 senectutem
1515 1376 1635 1415 non
1733 1375 2024 1437 quomodo
2064 1374 2265 1428 molliti
2305 1380 2442 1428 sunt
2473 1380 2497 1427 .e
2529 1377 2695 1437 Venit,
2723 1377 2930 1441 inquii,
2956 1378 3132 1427 Judas
3156 1379 3229 1428 ad
3255 1378 3345 1429 Je-

43 1459 415 1521 credentibus,
432 1457 510 1509 ad
525 1458 727 1522 gentes
744 1458 1082 1509 essetomne
1097 1453 1436 1519 mysterium
1453 1457 1633 1505 trans-
1730 1477 1873 1524 sum,
1919 1468 1966 1513 ει
2011 1463 2155 1513 dixit
2203 1464 2296 1518 είς
2344 1465 2471 1529 Ave,
2522 1464 2704 1525 Βαθὺς,
2749 1469 2795 1514 σι
2833 1465 3102 1515 osculatus
3124 1472 3342 1517 ρειεωη

44 1547 342 1611 ferendum.
382 1546 545 1599 idem
576 1546 772 1598 Esaias
794 1546 906 1597 hoc
927 1544 1099 1597 modo
1122 1542 1399 1609 praedicit
1425 1540 1539 1609 82
1566 1542 1634 1592 Et
1736 1552 1944 1613 (Matth.
1997 1550 2125 1616 26.).
2178 1553 2281 1605 Per
2325 1554 2497 1606 molle
2558 1553 2733 1617 igitur
2767 1553 2949 1606 osculi
2983 1554 3344 1608 blandimen-

44 1642 204 1704 faci'et,
243 1639 451 1705 inquit,
479 1639 749 1689 Dominus
770 1638 911 1689 Deus
932 1636 1181 1688 sabaoth
1216 1634 1469 1686 omnibus
1492 1638 1635 1698 θεηίι
1735 1646 1878 1707 tum,
1906 1642 2287 1696 exscecrabile
2311 1643 2565 1708 jaculum
2600 1643 2937 1707 proditionis
2958 1644 3160 1697 infixit.
3178 1646 3342 1699 Unde

48 1730 145 1790 bus,
184 1730 245 1779 in
283 1734 470 1779 monte
517 1729 634 1789 isto,
656 1727 678 1756 ¹’
713 1727 885 1779 bibcnt
916 1728 1172 1787 lmtitiam,
1212 1724 1382 1774 bibent
1423 1725 1632 1783 vinum,
1886 1731 2167 1783 Dominus
2212 1742 2229 1771 ς
2268 1732 2341 1784 ad
2381 1745 2514 1785 eum
2547 1732 2695 1784 dixit,
2719 1746 2732 1784 ε
2759 1732 2929 1797 Juda,
2955 1733 3131 1783 οεοιιιο
3160 1734 3341 1797 ﬁlium

48 1824 297 1883 ungentur
337 1823 624 1883 unguento
662 1817 724 1866 in
760 1822 939 1866 monte
974 1817 1072 1865 isto
1098 1832 1113 1865 :
1144 1815 1293 1865 trade
1320 1815 1424 1864 haec
1448 1812 1638 1863 omnia
1664 1806 1718 1882 B
1741 1820 1982 1869 hominis
2014 1821 2185 1870 tradis
2220 1820 2362 1885 (Luc.
2396 1820 2503 1886 ‘22.)
2537 1825 2561 1873 9
2592 1822 2845 1886 Triginta
2867 1824 3153 1887 argenteis
3176 1822 3344 1875 audis

47 1908 263 1971 gentibus
306 1908 468 1972 (Ibid.
509 1905 641 1971 25.).
676 1907 797 1958 Hoc
834 1906 988 1958 enim
1013 1905 1316 1958 consilium
1339 1912 1356 1932 ε
1381 1902 1640 1967 omnipo—
1742 1921 1873 1962 eum
1909 1911 2300 1975 appreciatum
2324 1924 2453 1964 esse
2476 1912 2739 1976 cupidate
2764 1911 3085 1976 proditoris.
3112 1913 3263 1965 Audi
3286 1918 3346 1966 et

49 2000 200 2050 tentis
217 2010 394 2063 super
414 2010 624 2050 omnes
638 1998 859 2061 gentes.
880 1995 989 2048 Sed
1007 1994 1455 2047 dicentl‘ortasse
1469 1991 1639 2044 nobis
1742 1998 1812 2051 de
1840 1999 1950 2052 hoc
1973 2000 2362 2065 prapheticam
2386 2014 2607 2053 vocem.
2637 2001 2703 2049 Et
2724 2001 2865 2065 dixi,
2890 2001 3097 2065 inquit,
3123 2001 3198 2051 ad
3219 2016 3303 2052 eos
3326 2016 3340 2054 :

49 2088 130 2151 illi,
154 2089 245 2152 qui
267 2101 330 2139 se
349 2088 579 2152 jactant
597 2086 652 2138 in
671 2086 910 2138 scientia
924 2085 1090 2149 legis:
1108 2082 1639 2148 blasphematis,qui
1740 2088 1803 2139 Si
1826 2088 2025 2138 bonum
2049 2096 2118 2139 est
2136 2090 2155 2138 vi
2161 2106 2193 2137 η
2210 2096 2486 2153 conspectu
2502 2095 2686 2150 vestro,
2704 2092 2825 2139 date
2842 2082 3133 2140 mercedem
3146 2106 3341 2156 meam,

53 2176 217 2228 dicitis
240 2176 559 2229 Dominum
580 2175 926 2240 corruptioni
948 2174 1165 2236 mortis,
1185 2172 1501 2237 etpassioni
1515 2184 1638 2223 cru-

54 2267 121 2315 cis
136 2266 305 2318 fuisse
322 2267 679 2330 subjectum.
704 2266 900 2329 Legite
914 2277 1068 2328 ergo,
1084 2263 1238 2327 quod
1254 2262 1530 2326 scriptum
1543 2260 1639 2311 ha-

55 2356 177 2407 betis
198 2357 254 2408 in
283 2355 823 2408 Lamentationibus
850 2354 1134 2416 Jeremiaa,
1156 2352 1256 2404 ubi
1276 2350 1637 2415 dicit:Spiri-

56 2452 123 2493 tus
153 2445 319 2496 vultus
355 2446 533 2495 nostri
567 2445 812 2496 Christus
836 2444 1105 2493 Dominus
1130 2442 1542 2506 comprehensus
1564 2443 1636 2488 est

1739 2175 1759 2205 ⁵·
1787 2184 1881 2226 aut
1907 2177 2123 2227 abnuite
2150 2178 2332 2241 (Zach.
2360 2178 2486 2242 11.).
2520 2181 2587 2229 Et
2608 2178 2895 2243 posthinc,
2916 2180 3119 2243 Accepi,
3137 2180 3341 2243 inquit,

1740 2267 1967 2329 triginta
2012 2273 2303 2331 argenteos,
2352 2271 2397 2315 et
2430 2268 2557 2315 misi
2588 2283 2671 2316 eos
2702 2268 2761 2315 in
2784 2268 3006 2317 domum
3030 2268 3258 2317 Domini
3283 2270 3344 2317 in

1736 2356 2135 2418 con/talarium.
2180 2358 2382 2407 Nonne
2423 2354 2534 2408 hoc
2579 2360 2687 2417 est,
2730 2357 2884 2419 quod
2926 2357 2984 2407 in
3018 2356 3343 2421 Evangeliis

1736 2443 2018 2496 scribitur.
2054 2444 2198 2506 Quia
2225 2443 2410 2496 Judas
2434 2444 2772 2510 pcenitentia
2793 2445 3004 2498 ductus
3032 2446 3345 2511 reportavit

54 2534 103 2582 in
123 2534 556 2600 emptionibus
578 2534 793 2594 nostris,
820 2533 881 2582 in
905 2547 1011 2598 quo
1029 2532 1275 2581 diximus
1292 2546 1307 2579 :
1325 2529 1420 2579 sub
1437 2528 1635 2578 umbra

55 2624 148 2686 ejus
168 2625 393 2674 vivemus
417 2625 481 2673 in
504 2624 748 2688 gentibus
772 2623 988 2688 (Thren.
1015 2621 1106 2684 4.).
1137 2619 1323 2672 Audis
1342 2617 1633 2684 quomodo

57 2713 304 2778 propheta
333 2714 633 2767 Christum
664 2712 975 2766 Dominum
997 2709 1475 2776 comprehensum
1502 2720 1632 2761 esse

1732 2533 2053 2597 pecuniam,
2099 2538 2158 2585 et
2192 2533 2431 2598 projecit
2473 2545 2599 2585 eam
2631 2533 2691 2584 in
2728 2534 2961 2598 templo,
2994 2538 3052 2585 et
3073 2534 3349 2588 discessit

1734 2622 1947 2684 (Matth.
1975 2621 2084 2688 17.)
2111 2626 2136 2676 .9
2158 2623 2311 2675 Bene
2328 2625 2520 2675 autem
2539 2622 2865 2675 mercedem
2881 2636 3047 2676 suam
3067 2612 3233 2690 dixit,
3249 2638 3344 2679 γε·

1730 2710 1820 2764 lut
1841 2710 2183 2776 imputantis
2211 2718 2270 2765 et
2304 2712 2706 2777 exprobrantis
2729 2712 2957 2765 aiiectu.
2976 2713 3202 2766 Etenim
3226 2716 3347 2767 tam

58 2801 190 2864 dicit,
228 2808 286 2856 et
315 2810 419 2868 pro
456 2803 649 2867 nobis,
682 2801 739 2854 id
763 2807 852 2854 est
881 2813 980 2866 pro
1004 2799 1250 2866 peccatis
1272 2798 1484 2850 nostris
1507 2810 1632 2849 cor-
1734 2800 1918 2852 multa
1941 2802 2094 2853 bona
2118 2813 2289 2866 opera
2308 2802 2463 2866 apud
2490 2814 2587 2853 eos
2605 2807 2815 2868 egerat,
2833 2814 3019 2854 caecos
3042 2802 3350 2857 ‘illumina-

58 2893 276 2956 ruptioni
309 2893 623 2946 traditum:
650 2892 712 2944 in
734 2892 901 2956 cujus
925 2891 1147 2955 umbra,
1170 2888 1443 2954 quoniam
1458 2900 1632 2953 popu-
1731 2895 1911 2955 verat,
1958 2890 2179 2943 claudis
2211 2890 2402 2955 pedes,
2430 2890 2755 2957 paralyticis
2778 2903 3069 2956 gressum,
3095 2893 3345 2946 mortuis

60 2979 135 3031 lus
153 2980 241 3034 ille
259 2982 280 3011 ⁴
293 2984 323 3034 J
331 2982 636 3036 udaaorum
650 2980 965 3047 permansit
981 2977 1332 3042 incredulus,
1347 2975 1629 3030 Gentilem
1729 2991 1957 3043 quoque
1971 2979 2296 3032 reddiderat
2312 2979 2507 3032 vitam.
2526 2980 2631 3031 Pro
2647 2979 2736 3030 bis
2751 2978 2926 3044 igitur
2952 2979 3222 3032 omnibus
3250 2981 3343 3033 bo-

62 3071 357 3135 subjectum
372 3085 505 3125 esse
521 3071 686 3123 dicit:
706 3070 843 3135 quia
853 3069 1107 3123 vivimus
1118 3068 1306 3121 nonin
1316 3066 1511 3131 Israel,
1524 3064 1626 3118 sed
1681 3132 1709 3135 L
1726 3068 1837 3129 nis,
1850 3068 2175 3121 mercedem
2186 3068 2497 3120 restituunt
2508 3070 2556 3120 ei
2569 3073 2830 3129 mortem,
2844 3068 3343 3133 trigintaargenteo-

63 3158 111 3209 in
129 3132 400 3224 gentibus.
724 3132 743 3135 ν
1666 3132 1715 3208 C
1742 3170 1870 3208 rum
1896 3157 2275 3209 aestimatione
2300 3160 2617 3221 pensatum.
2643 3158 2902 3209 Refertur
2924 3132 3064 3209 item
3078 3158 3137 3209 in
3153 3161 3345 3211 Evan-

114 3247 189 3304 20.
230 3251 390 3313 Quod
423 3251 473 3303 si
498 3262 804 3316 operosum
824 3261 942 3301 non
964 3247 1208 3311 videtur,
1234 3259 1411 3310 quam
1430 3257 1639 3311 possu-
1738 3244 1921 3312 geliis,
1948 3246 2103 3310 quod
2121 3247 2349 3300 vinctus
2367 3252 2471 3299 est.
2492 3247 2764 3300 Preedixit
2778 3246 2888 3298 hoc
2906 3260 3097 3300 sermo
3114 3249 3346 3313 prophe-

68 3349 178 3389 mus
199 3340 441 3393 breviter
469 3340 717 3405 singula,
741 3351 872 3403 quas
888 3339 948 3390 in
963 3336 1287 3401 Evangeliis
1298 3336 1639 3398 referuntur,
1742 3337 1888 3388 ticus
1912 3350 2013 3401 per
2036 3337 2259 3388 Esaiam
2282 3336 2497 3389 dicens.
2539 3337 2621 3387 Via
2649 3337 2848 3386 animae
2867 3352 3070 3401 eorum,
3089 3339 3186 3402 qui
3200 3338 3347 3404 cogi-

71 3428 283 3489 qualiter
305 3429 365 3481 in
388 3429 686 3495 prophetis
714 3428 988 3493 praedicta
1010 3426 1142 3489 sint,
1168 3426 1558 3491 designemus,
1577 3425 1643 3475 ut
1742 3432 1987 3476 laverunt
2024 3427 2400 3491 cogitationem
2430 3427 2719 3492 pessimam
2742 3426 3028 3477 adversum
3049 3428 3349 3493 semetipsos

72 3515 120 3567 hi
154 3518 241 3581 qui
276 3518 459 3584 prima
479 3518 613 3571 ﬁdei
641 3518 926 3571 elementa
945 3516 1288 3581 suscipiunt,
1312 3513 1643 3567 testimonia
1742 3516 1971 3567 dicentes
2012 3533 2029 3568 :
2077 3517 2376 3581 Alltgemus
2413 3518 2647 3584 justum,
2687 3518 2821 3583 quia
2851 3518 3066 3569 inutilis
3094 3524 3166 3570 est
3195 3517 3349 3569 nobis

73 3603 176 3659 haec
216 3608 459 3663 habeant
500 3610 565 3662 in
607 3608 774 3662 cordo
818 3607 1141 3673 descripta:
1180 3618 1255 3658 ne
1284 3604 1404 3658 ulla
1439 3603 1544 3669 [Αι.
1577 3606 1646 3656 ut

126 3783 143 3803 ⁸
170 3777 345 3830 Verba
360 3792 460 3844 per
480 3778 729 3839 Esaiam,
755 3788 889 3841 quin
912 3778 1164 3829 etvetus
1188 3773 1500 3837 Oxoniens,
1526 3772 1647 3825 edi-

79 3843 135 3897 tio
153 3843 373 3914 retinet,
385 3849 482 3901 alii
504 3849 761 3915 plerique
789 3860 992 3901 omnes
1015 3848 1298 3910 ignorant,
1318 3845 1418 3909 qui
1436 3848 1494 3897 et
1509 3856 1647 3897 con-

81 3928 351 3981 sequenter
390 3921 650 3978 inferius,
694 3920 795 3971 ubi
834 3920 977 3969 idem
1013 3918 1209 3968 Esaias
1244 3916 1469 3981 dicitur,
1506 3915 1649 3967 illud

78 3986 221 4050 idem,
241 4005 310 4043 ne
335 3995 693 4058 praenotasse
721 3991 1042 4051 videantur,
1069 3990 1367 4054 respuunt.

128 4059 147 4088 "
175 4057 406 4117 Peccant
433 4076 546 4116 nec
570 4062 748 4116 semel
769 4063 1007 4126 reliqum
1032 4073 1255 4115 omnes.
1282 4061 1344 4111 in
1369 4059 1479 4111 hoc
1506 4057 1653 4110 recl-

84 4130 227 4208 lando
259 4135 602 4196 testimonio,
634 4134 930 4208 editiones,
963 4145 1096 4197 quas
1128 4134 1359 4195 habent,
1386 4132 1449 4180 in
1472 4134 1652 4208 monte

86 4205 162 4251 isto
172 4206 393 4257 inveniri
404 4205 839 4268 latitiam,bibent
852 4206 1059 4268 vinum,
1072 4209 1347 4267 ungentur
1356 4206 1650 4266 unguento:

86 4276 210 4325 trade
240 4279 356 4339 haec,
387 4284 502 4331 etc.
541 4290 679 4330 nam
707 4282 768 4329 et
792 4277 1031 4325 inveniri
1057 4289 1157 4341 pro
1182 4275 1355 4324 bibent
1380 4275 1654 4327 vitiosum

88 4349 173 4409 est,
206 4354 368 4413 atque
397 4351 650 4403 alienum
672 4361 708 4401 a
729 4360 891 4400 sacro
915 4350 1123 4409 Textu,
1147 4352 1206 4399 et
1230 4347 1413 4399 emitti
1443 4358 1653 4398 vocum

89 4415 137 4463 in
158 4428 314 4469 monte
336 4423 433 4471 isto
461 4421 878 4487 repetitionem,
908 4432 1181 4471 mancum
1196 4424 1371 4483 atque
1386 4418 1652 4481 imperfe-

92 4489 236 4540 ctum.
279 4491 500 4557 Optime
539 4495 803 4544 Barmus
830 4492 1001 4556 juxta
1034 4494 1296 4543 Graacum
1320 4491 1650 4554 exemplar:

93 4560 152 4609 Ἐὶ
189 4563 238 4612 τὸ
283 4563 387 4631 ὅρος
428 4572 570 4617 τοῦτο
619 4564 815 4615 πίονται
871 4559 1199 4630 εὐφροσύνην,
1249 4564 1444 4614 πίονται
1494 4561 1642 4613 οἶνον¹

93 4632 311 4695 χρίσονται
344 4638 492 4704 μύρον
524 4632 575 4688 ἐν
605 4641 673 4703 τῷ
708 4635 805 4702 ὄρει
848 4636 1023 4702 τούτῳ,
1058 4636 1292 4702 παράδος,
1326 4654 1376 4688 κ.
1408 4654 1452 4686 τ.
1477 4638 1523 4685 λ.
1550 4631 1650 4684 Al-

96 4705 251 4757 terum
272 4708 329 4757 in
349 4715 526 4758 monte
548 4709 665 4769 ista,
684 4720 802 4759 una
815 4708 1019 4771 repetit
1033 4713 1204 4760 vetus
1218 4708 1349 4760 edit.
1369 4705 1655 4759 Oxonien-

98 4772 177 4823 sis.
201 4777 293 4830 Pro
321 4779 506 4842 Trade,
522 4786 693 4833 antea
720 4784 841 4831 erat
868 4779 1083 4829 Trades.

147 4848 646 4925 '.m_PmPOImnt
666 4851 781 4911 Dei,
808 4849 1051 4916 plusque
1072 4851 1290 4903 habent
1312 4847 1482 4915 paulo
1506 4851 1654 4914 post,

101 4919 178 4977 qui
190 4919 256 4969 sic
270 4921 440 4974 dicitis
451 4962 463 4975 .

149 4987 168 5069 ξ
196 4990 421 5069 Flebant,
442 5000 508 5049 ut
528 4996 697 5069 nobis
722 4994 954 5069 quidem
979 4994 1222 5069 videtur,
1249 4996 1575 5069 imperfecte
1595 4994 1662 5045 1i-

292 5056 505 5129 omnes,
528 5056 761 5133 populus
786 5067 890 5128 ille,
913 5068 1010 5131 qui
1018 5056 1319 5132 permansit
1332 5056 1657 5127 incredulus,

104 5132 299 5194 abjectus
319 5145 402 5201 est,
426 5132 555 5190 dicit
578 5132 713 5205 quia
736 5139 968 5188 vivimus
991 5154 1105 5187 non
1128 5140 1189 5188 in
1219 5140 1397 5202 Israel,
1425 5146 1533 5191 etc.

153 5205 350 5261 'Vetus
381 5211 512 5265 edit.
543 5213 726 5265 Oxon.
758 5210 1395 5275 manducabat,reliquie
1409 5212 1536 5264 alia;
1548 5224 1666 5263 om-

108 5294 191 5335 nes
219 5284 514 5336 manducat.
544 5283 704 5346 Quod
730 5283 985 5347 sequitur
1006 5283 1308 5347 ampliavit,
1332 5283 1532 5335 eadem
1550 5284 1663 5336 edi-

109 5356 185 5415 tio,
210 5356 556 5417 Remboldus,
582 5362 639 5408 et
657 5355 783 5408 cod.
800 5360 1278 5419 Sangermanens,
1296 5357 1555 5420 probant,
1569 5356 1664 5408 alii

111 5429 301 5479 malunt
320 5428 617 5493 ampliabit.

160 5499 175 5534 ί
201 5503 392 5553 Eadem
419 5505 577 5554 vetus
601 5499 734 5554 edit.
765 5503 922 5550 erant
946 5515 962 5549 :
988 5499 1124 5553 duae
1158 5499 1287 5553 alim
1310 5500 1460 5565 apud
1478 5502 1665 5552 Pame-

114 5567 227 5625 llum
252 5579 402 5636 stant,
425 5574 659 5638 reliquae
687 5585 888 5625 omnes
910 5577 1058 5622 sunt.
1089 5574 1235 5624 Tum
1259 5576 1316 5625 et
1343 5571 1536 5635 videre,
1564 5585 1664 5638 pro

118 5644 277 5696 audire
297 5646 494 5711 Fellus,
517 5645 797 5706 Baluzius,
821 5644 1165 5697 vetustiores
1187 5644 1466 5696 nonnulli.

207 5718 521 5785 Quanquam
553 5718 694 5772 alias
717 5717 980 5779 Ruﬁnus,
1005 5719 1072 5769 ut
1094 5717 1217 5769 suis
1240 5716 1380 5769 locis
1402 5720 1667 5769 notatum

123 5788 195 5857 est
211 5791 379 5857 nobis,
401 5804 473 5845 ex
495 5793 548 5845 S.
573 5788 777 5857 Cyrillo
797 5788 1296 5854 Jerosolymitano,
1311 5789 1438 5853 ejus
1454 5788 1668 5841 scilicet

125 5853 352 5917 Ecclesia
369 5853 823 5932 ArchieplscOpo,
847 5853 1147 5928 cujus’fuit
1164 5859 1290 5927 ipse
1311 5859 1486 5915 etiam
1506 5858 1667 5915 Claro

1745 3605 1917 3671 (Esai.
1946 3605 1998 3670 3,
2023 3621 2118 3657 sec.
2145 3607 2345 3672 LXX).

1745 3775 2158 3841 adscriptus,in
2169 3787 2334 3828 suam
2344 3775 2494 3829 hanc
2506 3776 2761 3842 Symboli
2774 3777 3194 3842 expositionem
3206 3790 3353 3831 non-

1745 3848 1904 3901 nulla
1928 3847 2311 3909 transtulerit,
2328 3847 2586 3911 satisque
2602 3848 2823 3901 erudite
2833 3850 3124 3913 proposito
3137 3861 3243 3901 suo
3253 3862 3354 3914 ap-

1746 3919 1907 3971 tarit:
1932 3917 2083 3969 hanc
2094 3920 2311 3980 tamen,
2321 3922 2379 3969 et
2390 3930 2522 3981 qua!
2534 3918 2791 3982 proxime
2800 3918 3072 3982 prmoedit
3083 3922 3351 3979 sectionem

1745 3990 1828 4042 ita
1851 3991 2150 4041 mutuatus
2173 3989 2246 4040 ab
2270 4000 2335 4039 eo
2353 3992 2460 4051 est,
2479 3993 2543 4039 ut
2556 3988 2671 4040 fere
2684 3989 3058 4053 descripsisse
3070 3989 3350 4041 videatur.

1748 4064 1820 4115 Et
1853 4074 1987 4112 sane
2011 4062 2067 4111 P.
2096 4061 2355 4124 Touttee,
2382 4059 2480 4123 qui
2502 4072 2780 4123 nuperam
2805 4059 3014 4124 Cyrillii
3043 4059 3353 4113 editionem

1750 4131 2059 4195 accuravit,
2085 4131 2158 4183 ad
2182 4130 2536 4182 Catechesim
2560 4131 2708 4182 XIII.
2742 4130 2813 4182 de
2826 4130 3047 4183 Christo
3059 4131 3350 4195 cruciﬂxo,

1751 4209 1810 4257 et
1847 4203 2090 4267 sepulto,
2125 4214 2160 4254 a
2190 4215 2352 4254 num.
2385 4201 2435 4263 7,
2472 4202 2568 4253 ubi
2592 4202 2907 4255 occurritur
2929 4203 3351 4267 objectionibus

1750 4276 2105 4335 Judaeorum,
2121 4274 2194 4326 ad
2208 4274 2324 4326 fere
2342 4287 2526 4337 usque
2542 4274 2714 4327 tinem
2731 4274 3123 4340 Catecheseos,
3139 4275 3194 4326 id
3207 4288 3353 4340 pree-

1755 4349 1958 4400 stitum
1981 4348 2054 4399 ab
2078 4348 2327 4399 Auctore
2354 4350 2553 4398 nostro
2576 4347 2864 4398 observat.
2879 4347 3153 4410 Aitquein
3167 4347 3350 4400 Notis.

1751 4423 1838 4473 Ita
1866 4422 1992 4471 haec
2017 4418 2225 4469 similia
2244 4422 2381 4469 sunt
2396 4417 3355 4482 iis,qu2eapudRuilnumleguntur

1752 4494 1814 4544 in
1845 4490 2202 4555 expositione
2226 4490 2488 4553 ejusdem
2510 4489 2732 4539 articuli
2757 4488 3030 4552 Symboli,
3061 4501 3232 4553 quem
3261 4489 3356 4542 hic

1675 4559 1734 4633 D
1758 4568 1961 4617 tractat
2004 4560 2266 4633 Cyrillus,
2316 4560 2561 4633 utamihi
2583 4558 2807 4633 nullum
2831 4559 3071 4611 dubium
3095 4561 3179 4626 sit,
3214 4562 3357 4625 quin

1746 4636 1995 4701 Ruﬁnus
2016 4646 2088 4685 ex
2102 4632 2232 4701 istis
2246 4630 2439 4701 Cyrilli
2458 4631 2711 4701 fontibus
2722 4645 2863 4701 suos
2877 4634 3101 4701 hortulos
3113 4635 3354 4701 ir_rigarit.

1754 4694 1987 4765 Eaedem
2000 4700 2139 4749 sunt
2155 4694 2475 4756 sententiae,
2487 4696 2703 4746 eaedem
2718 4696 3136 4759 Scripturarum
3150 4694 3359 4748 incum-

1757 4783 2002 4838 demque
2020 4780 2257 4821 sensum
2273 4766 2875 4831 allegationes,eodem
2903 4768 3101 4820 ordine
3122 4771 3354 4834 recitatae,

1759 4850 1977 4907 eadem
2021 4840 2394 4905 objectiones,
2437 4844 2496 4891 et
2538 4838 2611 4891 ad
2662 4841 2889 4904 objecta
2930 4842 3354 4910 responsiones,

1761 4928 1869 4977 etc.
1905 4913 2160 4968 Profecto
2200 4912 2327 4963 haec
2359 4911 2428 4961 de
2472 4911 2640 4962 Judae
2682 4911 3002 4975 proditione
3048 4925 3151 4977 per
3180 4912 3358 4968 ferme

1758 4994 1955 5055 verba,
1978 4984 2195 5039 nedum
2218 4983 2535 5055 sententias
2546 4982 2832 5055 describit,
2850 4987 2916 5035 ut
2926 4984 3244 5048 Cyrillianaa
3259 5000 3361 5039 ex-

1760 5059 2063 5133 positionis
2099 5055 2299 5133 _videri
2341 5054 2470 5133 haec
2491 5054 2680 5133 possit
2704 5054 2988 5133 de_Gripco
3012 5055 3069 5107 in
3090 5057 3357 5133 Latian

1761 5124 1930 5204 paulo
1954 5128 2179 5183 liberior
2204 5124 2845 5204 int_erpretati_o._Coni‘er
2866 5126 3082 5204 Graeca,
3104 5140 3235 5204 quae
3256 5130 3361 5182 ad-

1763 5196 1973 5261 ducere
1983 5204 2223 5263 longum
2238 5196 2411 5248 nimis
2421 5200 2591 5247 esset.
2610 5196 2937 5260 Praecipuos
2961 5201 3190 5249 tantum
3212 5197 3357 5267 loco,

1764 5288 2008 5345 quorum
2034 5285 2094 5324 se
2112 5271 2308 5322 noster
2328 5269 2695 5333 interpretem
2737 5268 2876 5333 agit,
2920 5267 3158 5320 inferius
3188 5276 3358 5325 nota-

1763 5353 1979 5405 bimus-

1825 5425 1847 5454 ιι
1876 5426 1961 5475 Ita
1978 5422 2033 5471 et
2055 5415 2187 5473 duo,
2211 5423 2359 5475 quos
2380 5410 2577 5461 laudat
2587 5408 2853 5461 Baluzius
2870 5409 3035 5463 codd.
3053 5412 3189 5463 Mss.
3208 5426 3358 5477 prm-

1766 5496 1969 5549 ferunt.
1997 5483 2346 5541 Rembaldus
2369 5487 2541 5545 atque
2567 5483 2839 5533 Erasmus
2864 5488 2909 5531 et
2954 5481 3108 5539 abite,
3162 5486 3353 5539 Morel.

1766 5574 1863 5619 aut
1885 5566 2039 5615 abite.
2066 5557 2238 5610 Paulo
2261 5566 2493 5618 quoque
2529 5556 2661 5618 post
2694 5552 2899 5617 legitur
2947 5555 3164 5619 accepit,
3210 5558 3359 5608 νηίδα

1764 5640 1824 5693 in
1835 5637 1970 5691 Cod.
1989 5636 2358 5695 Sangerman.
2372 5661 2387 5689 ,
2401 5624 2694 5677 Rembold.
2706 5630 2881 5688 atque
2896 5627 3147 5679 Erasmo.
3158 5629 3362 5684 Confer

1766 5709 2040 5779 Cyrillum
2064 5700 2287 5756 Catech.
2313 5697 2563 5779 laudata,
2586 5708 2745 5779 num:
2773 5697 2840 5779 l
2866 5701 3068 5779 etseq.

1829 5767 1842 5815 ι
1872 5779 2114 5836 Addunt
2160 5786 2349 5825 eorum
2390 5769 2645 5837 plerique
2685 5767 2816 5822 libri
2866 5769 2980 5824 alii.
3003 5772 3201 5829 Graue
3236 5773 3362 5831 hac

1766 5854 1968 5912 eadem
1988 5851 2169 5908 habes
2190 5844 2345 5915 apud
2367 5840 2640 5912 Cyrillum
2661 5852 2821 5897 num.
2849 5839 2935 5900 l5.
