3898 6392
493 412 595 468 359

1531 398 1773 451 RUFINI
1812 386 2298 456 AQUILEIENSIS
2333 379 2771 436 PRESBYTERI

3701 332 3794 427 360

558 526 647 583 21.
673 525 781 578 Sed
805 524 941 577 dicit
960 520 1065 587 [ΑΖ.
1088 517 1253 580 dicet]
1269 515 1496 579 aliquis:
1524 510 1796 574 Nunquid
1815 509 2085 558 haecdeDo-
2112 506 2166 580 Α
2195 498 2451 552 Herodes
2476 496 2549 548 de
2574 495 2745 547 domo
2770 489 2962 554 Israel,
2989 502 3095 542 nec
3107 488 3461 541 deillavinea
3472 486 3792 541 Israelitica.

496 618 654 670 mino
667 612 1031 677 intelligenda
1047 612 1220 660 sunt?
1238 604 1507 668 Nunquid
1523 602 1802 655 Dominus
1815 600 1888 650 ab
1904 595 2090 648 homi-

496 706 667 758 nibus
699 702 877 756 tcneri
901 703 1135 765 poterat,
1157 694 1271 762 34
1294 693 1464 745 'etad
1487 692 1768 756 judicium
1806 685 2091 752 pertrahi?

500 798 568 847 Et
609 794 677 844 de
722 792 830 843 hoc
861 797 914 842 te
953 788 1103 839 idem
1128 784 1405 850 propheta
1428 780 1745 832 convincat.
1771 776 1917 827 Dicit
1940 774 2089 825 enim

496 886 583 936 llis
608 882 794 933 verbis
823 897 835 932 :
865 880 976 944 Ipse
1003 877 1268 926 Dominus
1303 874 1357 921 in
1376 871 1655 936 judicium
1676 868 1857 921 veniet,
1878 880 2000 915 cum
2021 879 2092 913 se-

496 972 737 1023 nioribus
760 976 805 1018 et
847 966 1189 1034 principibus
1233 961 1422 1028 populi
1466 959 1631 1022 (Esai.
1663 956 1753 1020 3.).
1796 955 2092 1006 Judicatur

494 1075 625 1128 ergo
656 1060 937 1112 Dominus
958 1054 1276 1108 secundum
1297 1050 1591 1117 prophetae
1610 1045 2021 1107 testimonium,
2037 1047 2096 1095 ct

494 1164 612 1205 non
638 1149 826 1203 solum
844 1147 1153 1213 judicatur,
1180 1141 1281 1193 sed
1305 1141 1481 1193 etiam
1503 1136 1743 1202 ﬂagellis
1756 1133 1895 1187 cmdi
1905 1137 2013 1194 tur,
2038 1134 2097 1183 et

494 1239 700 1307 palmis
724 1238 785 1290 in
803 1236 1005 1289 faciem
1020 1234 1372 1290 verberatur,
1399 1232 1456 1281 et
1473 1240 1578 1279 con
1586 1225 1827 1291 spuitur,
1853 1226 1911 1274 et
1927 1232 2097 1274 omne

497 1342 598 1396 pro
621 1328 790 1381 nobis
813 1325 1023 1392 perfert
1043 1323 1065 1352 δ
1089 1319 1455 1388 opprobrium
1481 1314 1861 1381 indignitatis.
1879 1312 1949 1364 Et
1965 1310 2098 1375 quia

499 1419 627 1473 hmo
637 1414 1193 1483 stupescendaerant
1203 1409 1490 1471 omnibus,
1504 1418 1638 1457 cum
1651 1402 2100 1468 praedicerentur

501 1510 575 1561 ab
605 1505 893 1573 Apostolis
911 1503 1146 1555 :idcirco
1158 1500 1333 1553 etiam
1350 1511 1420 1549 ex
1434 1507 1678 1562 persona
1696 1493 1954 1558 ipsorum
1969 1502 2100 1556 pro-

498 1595 980 1663 phetaexclamat,
1000 1597 1057 1643 et
1067 1590 1226 1642 dicit:
1244 1588 1488 1646 Domine,
1509 1585 1630 1649 quis
1640 1581 1864 1633 credidit
1879 1579 2099 1630 auditui

497 1690 678 1737 nostro
725 1682 941 1746 (Ibidem
988 1678 1129 1743 53.)?
1175 1674 1506 1730 Incredibile
1547 1673 1700 1725 enim
1724 1675 1831 1735 est,
1860 1672 1926 1721 ut
1944 1670 2099 1720 Deus

507 1776 609 1834 Dei
631 1774 805 1826 Filius
831 1783 1038 1837 passus
1061 1781 1079 1804 °
1102 1770 1214 1821 ista
1235 1767 1473 1825 dicatur,
1500 1768 1557 1816 et
1580 1762 1947 1827 praedicetur:
1970 1770 2102 1821 ergo

504 1869 562 1917 et
598 1862 988 1928 prmdicuntur
1032 1871 1130 1923 per
1164 1855 1493 1922 prophetas,
1538 1865 1615 1904 ne
1659 1863 1775 1914 qua
1798 1848 2097 1901 credituris

2198 602 2372 655 quam
2395 587 2670 640 eduxerat
2699 582 2981 634 Dominus
3005 580 3076 631 de
3093 581 3354 644 Egypto,
3372 577 3796 642 etplantaverat

2189 680 2248 731 in
2281 691 2462 731 cornu
2492 678 2548 727 in
2571 676 2698 727 loco
2722 673 2885 725 uberi
2914 689 2924 721 :
2955 670 3054 723 sed
3078 675 3199 722 erat
3223 670 3509 731 silvester,
3535 669 3593 719 id
3621 674 3713 720 est
3734 681 3797 719 ex

2193 769 2337 821 silva
2367 766 2815 829 alienigenarum
2850 777 2862 812 :
2890 764 2945 812 et
2969 760 3094 811 ideo
3119 763 3271 810 recte
3298 757 3573 809 silvester
3595 762 3689 808 est
3712 771 3801 822 ap-

2191 858 2454 923 pellatus,
2481 854 2615 919 quia
2628 853 2700 904 de
2718 850 3043 931 Israeliticae
3063 849 3194 899 vitis
3210 859 3589 911 nequaquam
3603 847 3799 912 palmi-

2193 949 2348 1000 tibus
2372 944 2735 1011 pullulasset.
2764 940 2873 991 Sed
2900 939 2918 974 ί
2939 942 3004 990 ad
3029 939 3155 1001 hoc,
3189 937 3341 1002 quod
3367 936 3507 987 dicit
3530 937 3805 1001 propheta

2191 1036 2439 1095 xenium,
2454 1031 2866 1085 convenientur
2878 1028 3113 1093 aptavit.
3136 1028 3297 1079 Tunc
3310 1025 3465 1077 enim
3477 1026 3746 1077 Herodes
3757 1032 3808 1078 et

2194 1125 2407 1176 Pilatus
2434 1124 2515 1187 (ut
2540 1120 2920 1185 Evangelium
2944 1119 3204 1181 testatur)
3230 1128 3302 1167 ex
3325 1115 3577 1167 inimicis
3599 1116 3662 1166 in
3679 1128 3807 1167 con-

2194 1214 2446 1267 cordiam
2465 1214 2712 1265 revocati
2735 1214 2871 1262 sunt
2896 1223 2908 1259 :
2934 1213 2993 1261 et
3013 1207 3171 1259 velut
3190 1204 3681 1259 reconciliationis
3693 1218 3807 1257 suae

2194 1304 2451 1363 xenium,
2470 1302 2728 1355 vinctum
2743 1299 2850 1351 sibi
2861 1298 3108 1350 invicem
3121 1296 3807 1358 mittebantJesum.Quid

2195 1394 2448 1455 interest,
2474 1389 2788 1443 dummodo
2814 1390 2984 1439 Jesus
3020 1396 3055 1442 ι.
3083 1390 3146 1438 ut
3163 1384 3435 1445 Salvator,
3455 1384 3807 1436 discidentes

2196 1482 2540 1544 reconciliet,
2579 1481 2636 1531 et
2674 1490 2873 1543 pacem
2896 1479 3137 1541 reparet,
3163 1487 3227 1525 ac
3251 1474 3419 1526 etiam
3446 1473 3810 1526 concordiam

2198 1572 2447 1624 reddat?
2489 1568 2653 1623 Unde
2699 1568 2874 1619 etiam
2917 1566 2988 1618 de
3023 1564 3132 1616 hoc
3154 1564 3429 1629 scriptum
3454 1567 3547 1615 est
3569 1562 3636 1614 in
3658 1564 3769 1615 Job
3798 1577 3809 1612 :

2198 1662 2465 1712 Dominus
2510 1656 2819 1708 reconciliat
2857 1654 3020 1706 corda
3038 1654 3357 1720 principum
3382 1658 3534 1703 terra:
3559 1651 3697 1717 (Job.
3730 1651 3810 1707 12.

2202 1766 2297 1801 sec.
2328 1750 2528 1811 LXX.).

2268 1838 2354 1895 22.
2400 1839 2658 1890 Refertur
2700 1836 2855 1900 item,
2897 1833 3052 1899 quod
3076 1845 3209 1884 cum
3230 1831 3445 1883 Pilatus
3473 1830 3655 1884 vellet
3684 1844 3814 1883 eum

505 1881 562 1917 et.
598 1881 988 1928 praedicuntur
1033 1881 1130 1923 pur
1166 1881 1493 1922 prupucma,
1541 1881 1615 1904 uc
1659 1881 1775 1914 ιιιυα
1798 1881 1850 1901 ω
1863 1881 2097 1900 ouum-uo
2120 1881 2174 1954 B
2270 1881 2354 1895 ---
2401 1881 2551 1890 -w-v-
2569 1881 2647 1889 "--
2700 1881 2855 1900 --ν--ν
2903 1881 3006 1899 -ι-ν
3024 1881 3052 1884 —
3082 1881 3098 1884 -
3116 1881 3209 1884 -————
3233 1881 3253 1883 —
3274 1881 3407 1883 -τ-ηη
3425 1881 3437 1883 ν
3490 1881 3497 1884 -
3527 1881 3539 1883 ~
3557 1881 3616 1882 κη
3640 1881 3650 1883 ν
3694 1881 3707 1883 -
3733 1881 3742 1882 κ
3767 1881 3812 1882 γη

505 1952 784 2008 dubitatio
795 1949 1275 2011 nasceretur.1pse
1288 1958 1420 2009 ergo
1433 1959 1489 1992 ex
1509 1954 1614 1993 sua
1625 1940 2098 2005 personaChristus
2207 1928 2508 1991 dimittere,
2534 1926 2721 1979 omnis
2748 1923 2992 1991 populus
3015 1921 3447 1975 succlamaverit
3469 1920 3577 1985 [Αἰ.
3603 1919 3817 1972 clama-

504 2043 791 2097 Dominus
815 2040 984 2092 dicit:
1015 2038 1250 2088 Dorsum
1275 2048 1457 2084 meum
1474 2032 1596 2081 dedi
1619 2031 1690 2080 ad
1711 2027 1918 2093 ﬂagella
1932 2032 1976 2076 et
1990 2041 2107 2074 ma-

499 2133 664 2183 xillas
703 2145 848 2180 meas
878 2127 951 2178 ad
976 2126 1213 2193 palmas,
1246 2129 1291 2172 et
1312 2122 1510 2186 faciem
1536 2134 1709 2170 meam
1736 2132 1849 2167 non
1880 2116 2049 2167 averti
2070 2130 2106 2164 a

502 2221 817 2285 confusione
865 2222 1149 2283 sputorum
1195 2212 1411 2276 (Ibidem
1454 2209 1581 2273 50.).
1628 2208 1899 2261 Scribitur
1934 2206 2106 2258 etiam

502 2311 644 2365 illud
672 2311 822 2363 inter
847 2312 1087 2361 caeteras
1112 2305 1238 2369 ejus
1273 2285 1588 2368 passiones,
1622 2297 1776 2363 quod
1806 2295 2105 2359 alligantes

503 2413 641 2455 eum
663 2399 954 2451 duxerunt
976 2394 1049 2448 ad
1080 2394 1338 2445 Pilatum.
1365 2387 1749 2453 Prassignavit
1771 2385 1945 2438 etiam
1996 2384 2107 2436 hoc

506 2489 803 2556 propheta,
825 2486 924 2539 ubi
949 2483 1117 2536 dicit:
1142 2482 1211 2531 Et
1233 2480 1514 2545 alligantes
1556 2477 1911 2527 adduxerunt
1935 2472 1955 2502 ⁸
1983 2486 2107 2521 eum

506 2578 739 2629 menium
761 2575 874 2638 regi
896 2574 1078 2625 Jarim
1106 2570 1244 2635 (Osee
1269 2569 1352 2624 10.
1386 2567 1482 2632 6.):
1509 2566 1621 2619 nisi
1645 2565 1694 2617 si
1737 2563 1967 2628 objiciat
2005 2560 2109 2613 ali-

509 2667 642 2733 quis
669 2670 726 2717 et
754 2664 929 2717 dicat:
969 2661 1071 2715 sed
1094 2658 1308 2711 Pilatus
1331 2670 1451 2709 non
1472 2660 1595 2708 erat
1633 2666 1756 2706 rex.
1794 2651 1947 2704 Audi
1972 2663 2107 2715 ergo

511 2755 647 2821 quid
671 2754 734 2806 in
757 2749 1247 2815 consequentibus
1268 2746 1439 2799 refert
1461 2742 1853 2808 Evangelium.
1868 2740 2108 2790 Audiens

513 2844 627 2913 85
651 2844 864 2908 inquit,
889 2841 1099 2892 Pilatus
1123 2852 1246 2888 eum
1281 2851 1383 2886 esse
1426 2835 1488 2885 de
1530 2832 1752 2885 Galilaea
1796 2831 1944 2880 misit
1986 2844 2109 2879 eum

512 2936 586 2986 ad
609 2933 889 2994 Herodem,
916 2932 1010 2996 qui
1040 2933 1153 2978 erat
1178 2932 1303 2976 tunc
1320 2940 1417 2976 rex
1430 2924 1491 2972 in
1510 2923 1690 2972 Israel.
1711 2922 1781 2972 Et
1792 2920 1936 2972 bene
1950 2918 2110 2971 addit

507 3037 718 3079 nomen
740 3021 939 3085 Jarim,
965 3017 1119 3085 quod
1143 3021 1232 3070 est
1253 3024 1271 3046 ⁸
1321 3014 1597 3067 silvester.
1634 3014 1757 3065 Non
1789 3011 1943 3066 enim
1986 3012 2109 3063 erat

573 3203 592 3225 ·
613 3194 788 3248 Iidem
809 3196 855 3243 et
877 3191 940 3241 in
947 3189 1225 3256 judicium
1245 3185 1533 3253 protrahi:
1553 3184 1906 3256 quibuscum
1927 3187 1986 3235 et
2002 3194 2109 3235 nos

509 3269 623 3332 Ipse
646 3253 962 3330 pronomen
987 3258 1361 3332 subsequenti
1385 3258 1553 3309 Isaia
1596 3255 1924 3332 testimonio
1963 3266 2108 3332 prae-
2132 3253 2181 3329 ρ

508 3322 827 3404 posuimus,
852 3334 1049 3385 Graeco
1100 3322 1274 3383 etiam
1324 3332 1488 3381 textu
1539 3327 1908 3392 suffragante,
1964 3322 2108 3382 αὐτὸς

510 3409 687 3476 κύριος,
718 3426 767 3458 κ.
792 3424 836 3458 τ.
871 3408 918 3456 λ.
1310 3430 1319 3441 ~

573 3495 595 3526 ι’
617 3498 762 3548 Item
797 3490 1049 3559 plerique
1087 3488 1183 3541 alii
1204 3486 1552 3553 indignitatis
1576 3484 1871 3559 injuriam,
1895 3490 1955 3538 et
1974 3497 2112 3559 mox

511 3566 776 3632 stupenda
812 3558 1142 3628 prml‘erunt,
1165 3571 1279 3632 pro
1293 3558 1658 3632 stupesccnda.
1685 3559 1979 3632 Postremo
1994 3558 2111 3632 _hoc

513 3628 688 3694 verbo
712 3634 1013 3688 nobiscum
1029 3634 1199 3684 vetus
1217 3629 1348 3682 edit.
1368 3628 1678 3682 Oxoniens.
1696 3628 1853 3681 facit.
1878 3628 2110 3681 Eaedem

513 3708 665 3776 apud
688 3705 961 3772 Cyrillum
983 3701 1286 3756 sententia
1308 3712 1466 3753 num.
1492 3698 1559 3754 12
1584 3704 1641 3752 et
1668 3698 1753 3754 13.

576 3808 594 3829 ε
617 3795 905 3851 Consonat
927 3793 1118 3845 denuo
1145 3789 1379 3842 laudata
1407 3793 1579 3841 vetus
1608 3788 1798 3840 editio.
1827 3788 1968 3841 Alite
1988 3804 2113 3853 per-

513 3870 689 3923 tulisse
712 3868 815 3917 ista
838 3866 1053 3916 dicatur
1072 3868 1119 3913 et
1139 3862 1472 3927 praedicetur.
1500 3861 1566 3910 Et
1588 3861 1705 3910 ideo
1720 3860 2110 3925 praedicuntur,

512 3948 620 3995 etc.
666 3942 736 3992 Et
784 3937 953 4004 paulo
994 3934 1231 3987 inferius
1253 3933 1375 3983 dedi
1389 3932 1632 3996 ﬂagellis,
1658 3946 1759 3996 pro
1781 3932 1855 3981 ad
1877 3931 2108 3996 ﬂagella.

512 4017 702 4078 Atque
723 4010 852 4063 heic
872 4006 1141 4072 Cyrillum
1164 4004 1410 4057 Ruﬁnus
1436 4004 1727 4055 describit.

576 4102 597 4132 δ
621 4100 784 4155 Unde
811 4100 921 4151 hoc
946 4099 1206 4149 sumtum
1232 4094 1325 4158 sit,
1348 4094 1556 4145 fatetur
1578 4092 1865 4144 Pamelius
1882 4105 1945 4146 se
1962 4106 2115 4158 repe-

514 4175 625 4228 rire
646 4185 767 4224 non
787 4168 1073 4235 potuisse:
1104 4165 1365 4218 Baluzius
1386 4165 1551 4235 plane
1576 4164 1918 4216 dissimulat.
1946 4167 2116 4216 Sum-

515 4250 641 4299 tum
664 4233 807 4294 verd
825 4242 914 4292 est
941 4239 1012 4291 ab
1037 4237 1180 4289 Osee
1197 4249 1317 4301 cap.
1338 4236 1407 4285 X.
1427 4248 1481 4287 v.
1500 4233 1551 4289 6.
1571 4235 1722 4297 quod
1742 4236 2115 4299 Septuaginta

519 4317 602 4370 sic
652 4313 917 4373 efferunt,
971 4311 1068 4362 Καὶ
1125 4304 1272 4361 αὐτὸν
1332 4303 1425 4369 (εἷς
1485 4306 1793 4372 Ἀσσυρίους)
1846 4305 2112 4370 δήσαντες,

487 4385 799 4453 ἀπήνεγκαν
845 4384 975 4442 ξένια
1015 4384 1082 4453 τῷ
1128 4380 1316 4442 βασιλεῖ
1363 4378 1544 4453 Iapeip.’
1602 4378 1839 4453 Veteres
1882 4378 2114 4453 quidem

515 4449 650 4512 editi
685 4449 918 4508 manium
960 4452 1101 4516 regis
1147 4454 1370 4503 tantum
1418 4449 1646 4512 habent,
1701 4450 1872 4501 tacito
1909 4449 2111 4502 Jarim.

517 4530 677 4595 Quod
713 4524 1085 4590 subsequitur
1108 4522 1217 4572 nisi
1237 4534 1309 4595 ei;
1337 4519 1498 4595 libris
1521 4519 1805 4595 plerisque
1831 4521 2113 4595 aliissup-

515 4592 755 4668 plemus.
774 4601 941 4668 Porro
951 4600 1145 4668 autem
1158 4592 1598 4668 agitheicetiam
1613 4593 1816 4668 Noster
1827 4592 2015 4657 Cyrilli
2025 4593 2110 4668 in-

520 4653 839 4737 Earpretem.
856 4665 1062 4737 Aitille
1075 4653 1319 4719 num“.
1338 4665 1495 4737 Aceste
1513 4653 1655 4727 ἦλθεν
1681 4659 1780 4715 ἀπὸ
1804 4653 1886 4715 τοῦ
1909 4664 2108 4737 ῌαιάφα

516 4734 634 4811 πρὸξ
669 4741 899 4811 Πιλᾴτον⁶
942 4736 1039 4811 lips:
1086 4737 1191 4811 nat
1217 4742 1375 4811 τοῦτο
1398 4736 1692 4811 γέγραπῖαυ
1735 4737 1833 4811 Καὶ
1865 4734 2116 4811 Δδήσαντες

519 4806 667 4868 cui-rbi!
694 4807 951 4875 ἀπήγαγον
981 4808 1116 4876 ξένια
1143 4809 1211 4873 τῷ
1251 4806 1439 4869 βασιλεῖ
1476 4806 1684 4876 Ἰωρείμ.ἱ
1711 4809 1823 4876 AEN
1858 4807 2122 4876 ὑποκροῷει

518 4903 583 4944 τις
632 4891 727 4935 τῶν
777 4871 921 4939 blla):
973 4871 1318 4944 ἀκροωμένων·
1370 4871 1579 4932 Πιλάτος
1632 4871 1723 4927 οὐκ
1879 4871 2121 4943 βασιλεὺς,

518 4972 567 5011 κ.
602 4976 646 5010 τ.
677 4958 724 5007 λ.
766 4954 907 5015 Qum
938 4950 1139 5001 Latine
1168 4947 1339 4999 simul
1360 4946 1571 5000 addam
1595 4948 1892 5001 brevitatis
1917 4952 2117 5014 gratia.

516 5026 740 5094 Ligatus
777 5022 921 5074 venit
943 5020 1220 5094 apai‘pha
1340 5018 1602 5094 Pilatum.
1628 5020 1786 5069 Anne
1809 5018 1975 5094 ethoc
1996 5038 2122 5088 per-

516 5090 777 5166 scriptum
787 5096 974 5166 est?Et
984 5090 1901 5166 ligantesipsumadduxerumtin
1914 5107 2125 5166 munera

518 5161 656 5236 Regi
683 5168 880 5222 Jarim.
922 5165 1116 5236 Verum
1140 5161 1927 5236 obstrepetatiquiseorumﬂm'
1942 5163 2127 5230 arguti

518 5234 645 5295 sunt
668 5242 729 5291 in
752 5237 1025 5291 audiendo
1049 5250 1061 5287 :
1081 5234 1291 5285 Pilatus
1304 5250 1402 5284 rex
1418 5249 1531 5284 non
1546 5239 1720 5285 erat...
1738 5235 1806 5284 At
1824 5235 1931 5299 lege
1941 5237 2130 5291 Ευαη.

517 5314 739 5381 gelium,
769 5310 1020 5381 Audiens
1046 5306 1259 5381 Pilatus
1284 5307 1475 5381 ipsum
1499 5320 1629 5359 esse
1644 5318 1679 5358 a
1695 5306 1948 5371 Galilma,
1970 5312 2130 5365 misit

520 5379 654 5438 eum
702 5382 773 5434 ad
822 5380 1124 5433 Herodem.
1174 5379 1402 5428 Herodes
1439 5384 1618 5428 autem
1656 5383 1771 5427 tum
1794 5394 1892 5429 rex
1921 5389 2056 5448 erat,
2083 5390 2129 5434 et

522 5458 711 5510 aderat
735 5452 1140 5516 Hierosolymis,
1168 5455 1275 5503 etc.

584 5543 697 5601 Sed
728 5556 916 5607 neque
954 5539 1442 5607 prmtermittenda
1464 5539 1573 5590 hoc
1595 5538 1720 5591 loco
1748 5545 1885 5591 sunt
1909 5553 2042 5604 quae
2066 5543 2128 5598 P.

519 5621 760 5673 Touttee
773 5617 841 5668 ad
860 5612 1130 5679 Cyrillum
1145 5611 1460 5670 adnotavit,
1479 5614 1535 5661 et
1554 5609 1743 5663 lucem
1758 5612 1867 5676 ipsi
1883 5620 2132 5675 possunt

524 5689 710 5746 textui
731 5685 922 5739 Ruﬁni
937 5685 1173 5736 adferre.
1194 5685 1379 5739 Hunc,
1394 5682 1492 5743 ait,
1507 5685 1673 5734 Oscm
1685 5681 1875 5733 locum
1890 5685 1964 5749 Cy
1973 5685 2131 5738 rillus

519 5765 651 5829 post
677 5760 974 5814 Justinum
1000 5755 1237 5829 Dialog:
1244 5766 1372 5829 pag.
1400 5752 1523 5808 331.
1554 5756 1622 5829 Al.
1649 5756 1706 5829 et
1725 5754 1969 5829 angus
1997 5762 2131 5821 ροει

519 5824 810 5901 Cyrillum,
853 5828 1075 5901 Christo
1110 5825 1184 5901 ad
1206 5825 1472 5901 Pilatum,
1498 5828 1555 5878 et
1576 5824 1708 5878 inde
1732 5825 1809 5880 ad
1836 5827 2125 5901 Herodem

464 5910 469 5919 ‘
518 5894 703 5966 misso
739 5896 1194 5964 accommodant,
1217 5895 1317 5964 qui
1338 5894 1628 5954 diversam
1656 5909 1894 5970 prorsus
1915 5900 1977 5956 in
1999 5913 2131 5972 prc-

2134 4638 2191 4713 D

2203 2019 2367 2083 verit]
2413 2033 2426 2069 :
2483 2018 2763 2081 Cruciﬁge,
2813 2014 3063 2078 crucifige
3110 2027 3253 2063 etim.
3300 2010 3665 2064 Prsenuntiat
3710 2010 3815 2062 hoc

2204 2121 2431 2174 quoque
2451 2106 2724 2159 Jeremias
2746 2103 3041 2169 propheta,
3062 2101 3258 2153 dicens
3275 2113 3346 2152 ex
3362 2112 3613 2165 persona
3623 2100 3816 2151 Domi-

2204 2198 2263 2251 ni
2287 2198 2465 2263 ipsius
2485 2211 2497 2247 :
2528 2197 2689 2246 Facta
2712 2194 2798 2255 est,
2825 2193 3030 2256 inquit,
3058 2191 3339 2241 liter-editas
3360 2204 3480 2239 mea
3496 2190 3665 2250 mihi,
3682 2191 3817 2239 sicut

2205 2287 2279 2337 leo
2323 2287 2384 2336 in
2429 2286 2600 2335 silva:
2635 2283 2778 2333 dedit
2812 2296 2976 2347 super
3012 2296 3094 2329 me
3130 2294 3303 2329 vocem
3326 2294 3502 2340 suam,
3526 2284 3817 2344 propterea

2204 2391 2393 2427 exosus
2431 2389 2554 2425 sum
2590 2387 2749 2423 eam:
2784 2376 2831 2421 et
2859 2375 3160 2436 propterea,
3202 2369 3404 2432 inquit,
3432 2367 3702 2433 dereliqui
3724 2368 3819 2416 do-

2203 2481 2358 2515 mum
2401 2479 2577 2513 meam
2626 2463 2751 2527 (Jer.
2800 2459 2926 2523 ‘12.).
2963 2460 3033 2511 Et
3053 2459 3262 2511 iterum
3290 2457 3424 2509 alibi
3446 2457 3600 2518 dicit,
3630 2457 3818 2521 Supra

2204 2568 2362 2619 quem
2385 2551 2675 2618 aperuistis
2699 2565 2755 2600 os
2777 2554 3027 2612 vestrum,
3056 2552 3101 2597 et
3128 2546 3381 2597 adversus
3404 2561 3563 2611 quem
3588 2545 3817 2595 relama-

2203 2643 2298 2692 stis
2350 2642 2569 2707 linguas
2614 2645 2812 2690 vestras
2863 2638 3013 2702 (Esai
3060 2636 3167 2701 5'7.)
3207 2639 3231 2689 β
3281 2637 3425 2689 Cum
3440 2635 3818 2701 judicaretur,

2208 2733 2471 2785 scribitur
2492 2732 2757 2784 tacuisse.
2780 2728 2976 2782 Multa:
2989 2727 3059 2780 de
3068 2727 3179 2780 hoc
3190 2726 3491 2791 Scriptum
3504 2728 3816 2778 testantur.

2206 2823 2273 2874 In
2289 2821 2529 2873 Psalmis
2546 2820 2772 2881 dicitur,
2786 2820 2976 2869 Factus
2986 2832 3108 2867 sum
3118 2818 3252 2867 sicut
3266 2816 3424 2866 homo
3438 2829 3549 2864 non
3564 2814 3818 2873 audiens,

2206 2916 2252 2961 et
2281 2925 2395 2960 non
2431 2909 2630 2960 habens
2665 2909 2727 2959 in
2751 2923 2840 2959 ore
2859 2921 2955 2957 suo
2980 2906 3369 2972 increpationes
3402 2904 3565 2967 (Psal.
3592 2902 3727 2967 37.).
3753 2904 3821 2955 Et

2205 3001 2428 3066 iterum,
2450 3000 2565 3067 Ego
2589 2999 2611 3031 ¹¹
2637 3004 2906 3064 tanquam
2926 2996 3126 3047 surdus
3150 3010 3262 3046 non
3283 2992 3593 3056 audiebam,
3615 2998 3665 3044 ct
3684 2993 3819 3044 sicut

2210 3172 2436 3239 phetico
2478 3175 2644 3223 textu
2676 3168 3115 3233 intelligentiam
3150 3167 3341 3219 habet.
3369 3164 3611 3217 Omissis
3640 3163 3819 3239 variis

2214 3238 2801 3307 interpretationibus,
2826 3252 2894 3292 ea
2925 3240 3046 3291 sola
3070 3250 3203 3291 vera
3225 3242 3332 3299 est,
3367 3250 3497 3301 qua:
3522 3238 3821 3301 prophetae

2210 3316 2404 3368 locum
2427 3313 2691 3377 intelligit
2713 3312 2785 3363 de
2807 3315 3047 3376 argento
3069 3314 3127 3361 et
3150 3309 3502 3371 muneribus,
3522 3322 3558 3360 a
3582 3321 3723 3373 rege
3739 3311 3823 3361 Is-

2213 3388 2541 3440 raelitarum
2594 3383 2899 3435 Manahem
2937 3381 3011 3433 ad
3048 3379 3193 3433 Phul
3222 3381 3592 3444 Assyriorum
3623 3392 3823 3445 regem

2212 3459 2424 3521 missis,
2449 3455 2645 3508 auxilii
2667 3454 2891 3508 emendi
2917 3452 3115 3519 gratia.
3147 3453 3211 3503 In
3238 3451 3328 3503 his
3349 3450 3515 3502 donis
3530 3463 3717 3502 unum
3733 3452 3822 3505 vi-

2214 3529 2400 3582 tulum
2437 3539 2696 3587 aureum,
2735 3537 2810 3578 ex
2844 3524 2935 3575 his
2959 3536 3105 3588 quos
3127 3523 3430 3575 Jeroboam
3454 3521 3691 3574 Bethele
3721 3536 3822 3589 po-

2214 3605 2427 3665 suerat,
2444 3599 2622 3651 fuisse
2638 3597 2848 3657 ferunt,
2868 3599 2925 3647 et
2940 3596 3073 3646 huic
3090 3594 3401 3646 narrationi
3417 3605 3654 3658 prorsus
3666 3593 3820 3651 favet

2211 3682 2446 3733 Grmcus
2460 3678 2751 3744 prophetas
2765 3679 2978 3727 textus.
2996 3676 3117 3726 Rex
3128 3673 3221 3726 ille
3230 3673 3599 3737 Assyriorum
3611 3672 3820 3729 dicitur

2210 3754 2410 3813 Jarim,
2438 3749 2593 3814 quod
2615 3747 2902 3813 signiﬁcat
2914 3748 3213 3809 sgtvarum,
3232 3745 3356 3796 sive
3372 3745 3450 3796 ita
3466 3744 3819 3810 scripserunt

2213 3825 2386 3877 LXX.
2420 3824 2787 3885 Interpretes,
2826 3818 2949 3871 sive
2970 3816 3329 3870 librariorum
3355 3816 3576 3868 incuria
3598 3825 3820 3873 mutata

2213 3898 2289 3949 sit
2337 3899 2623 3961 postrema
2644 3892 2830 3943 littera
2860 3890 2970 3953 βίη
2995 3910 3029 3956 μ
3051 3888 3207 3953 quod
3239 3888 3299 3940 in
3339 3888 3624 3941 similibus
3648 3904 3819 3945 voca-

2212 3960 2363 4021 bulis
2389 3978 2644 4032 persaape
2670 3962 2965 4026 contingit.
2995 3962 3139 4013 Nam
3166 3960 3226 4013 in
3252 3962 3494 4013 Hebrmo
3518 3966 3611 4014 est
3638 3964 3814 4029 Jarib,

2212 4044 2280 4093 ut
2319 4043 2376 4091 et
2409 4040 2469 4090 in
2505 4036 2750 4089 editione
2778 4035 2977 4087 Graeca
2999 4033 3403 4098 Complutensi,
3434 4033 3591 4097 quod
3614 4035 3817 4089 Hiero-

2210 4124 2425 4177 nymus
2451 4108 2618 4161 vertit
2642 4107 2823 4167 ultori,
2852 4105 3161 4158 defensori.

2273 4196 2293 4218 ο
2330 4184 2385 4234 S.
2410 4181 2796 4243 Hieronymus
2824 4179 2884 4229 in
2909 4177 3134 4229 Nomin.
3158 4175 3302 4229 libro
3322 4174 3394 4228 de
3414 4176 3608 4241 Josue,
3635 4177 3818 4228 Jarim

2211 4254 2470 4317 saltuum,
2515 4252 2591 4301 vel
2629 4251 2932 4300 silvarum:
2970 4248 3042 4301 de
3076 4247 3220 4299 Osee
3258 4253 3453 4300 autem
3476 4260 3548 4300 ex
3573 4250 3816 4305 Hebraao

2211 4326 2366 4377 Jarib
2403 4324 2557 4389 legit,
2579 4327 2635 4375 et
2663 4321 2993 4385 dijudieans,
3018 4320 3095 4369 vel
3118 4320 3370 4369 ulciscens
3390 4320 3814 4385 interpretatur.

2277 4398 2298 4432 ί
2335 4396 2443 4448 Alii
2470 4395 2571 4445 Sed
2593 4400 2638 4443 et
2672 4394 2816 4457 quod
2839 4394 2917 4441 ait
2938 4392 3220 4457 propheta,
3246 4395 3352 4443 etc.
3386 4392 3575 4442 Tertio
3604 4395 3680 4444 ab
3714 4394 3817 4445 hoc

2216 4481 2405 4530 versu,
2437 4467 2536 4519 ubi
2567 4465 2775 4516 dicitur
2792 4464 2843 4513 vi
2850 4470 3032 4513 nctum
3046 4462 3147 4512 sibi
3162 4463 3393 4512 invicem
3409 4462 3705 4529 mittebant,
3724 4477 3818 4529 pro

2210 4542 2449 4591 vinctum
2489 4541 2659 4590 antea
2682 4537 2895 4602 justum
2935 4534 3248 4599 legebatur,
3274 4533 3427 4597 quod
3450 4539 3508 4586 et
3532 4536 3817 4589 Pamelius

2215 4612 2352 4665 olim
2375 4609 2796 4663 emendaverat.
2836 4605 3006 4658 Adito
3030 4618 3183 4657 nunc
3206 4606 3405 4657 Graeca
3425 4605 3636 4671 Cyrilli,
3674 4607 3821 4669 βλέπε

2213 4690 2295 4736 τοῦ
2347 4680 2595 4749 προφήτου
2654 4675 2741 4742 τὴν
2795 4679 3062 4745 ἀκρίϐειαν.
3116 4678 3248 4749 ξένια
3306 4677 3400 4743 γάρ
3458 4694 3605 4741 φησιν
3675 4676 3818 4730 αὐτὸν

2220 4748 2538 4813 ἀπεστάλθαι,
2570 4772 2619 4804 κ.
2668 4770 2713 4803 τ.
2746 4755 2792 4803 λ.
2832 4762 2965 4814 quae
3003 4748 3204 4800 Latine
3235 4750 3464 4813 gemina
3497 4748 3821 4802 Rutinianis

2222 4831 2374 4879 sunt.
2412 4826 2537 4877 Vide
2546 4823 2817 4890 prophetae
2830 4821 3181 4882 sedulitatem,
3196 4820 3349 4869 wenii
3360 4820 3507 4869 enim
3518 4820 3629 4869 loco
3642 4822 3822 4887 ipsum

2220 4898 2450 4946 missum
2491 4896 2571 4945 ait
2617 4909 2738 4945 esse.
2782 4892 2937 4944 Facti
2974 4896 3113 4943 sunt
3147 4891 3300 4943 enim
3333 4890 3500 4942 amici
3525 4891 3747 4944 Pilatus
3770 4897 3824 4944 et

2222 4968 2477 5020 Herodes
2501 4978 2560 5018 in
2574 4965 2664 5017 die
2676 4963 2773 5017 illa
2785 4964 2857 5016 ad
2874 4964 3122 5015 invicem
3140 4980 3153 5012 :
3169 4968 3331 5012 antea
3344 4962 3823 5013 eniminimicitias

2221 5039 2548 5090 exercebant.
2574 5037 2781 5101 Quippe
2803 5034 3024 5096 decebat,
3049 5040 3108 5083 ut
3130 5033 3217 5083 ille
3239 5035 3337 5099 qui
3361 5039 3562 5084 terram
3577 5040 3625 5083 et
3635 5035 3825 5085 calum

2222 5112 2609 5178 paciﬁcaturus
2632 5113 2763 5169 erat,
2788 5108 2995 5173 priores
3018 5107 3311 5171 (omnium)
3342 5121 3424 5156 eos
3442 5121 3474 5155 a
3488 5106 3688 5170 quibus
3698 5124 3826 5157 con-

2225 5182 2599 5243 demnabatur,
2612 5181 2938 5246 paciﬁcaret.
2955 5181 3155 5229 Aderat
3167 5193 3403 5243 namque
3414 5179 3522 5242 ipse
3536 5178 3821 5241 Dominus,

2227 5255 2334 5318 Qui
2351 5252 2677 5306 reconciliat
2699 5251 2870 5303 corda
2891 5251 3216 5314 Principum
3242 5254 3425 5313 terra},
3451 5254 3568 5300 etc.

2289 5337 2303 5366 ε
2339 5329 2692 5378 Interserunt
2712 5323 2806 5375 alii
2828 5322 3040 5387 ubique,
3064 5326 3190 5375 tum
3209 5322 3443 5374 voculas
3472 5327 3533 5383 et,
3569 5338 3631 5372 ac
3663 5324 3823 5373 etiam

2228 5399 2516 5452 omittunt.

2288 5471 2310 5501 "
2344 5470 2474 5534 Alii,
2505 5468 2767 5533 aperiens.
2802 5467 2916 5532 Ego
2952 5472 3129 5518 autem
3152 5468 3287 5517 sicut
3309 5467 3526 5530 surdus,
3552 5470 3678 5519 tum
3702 5468 3822 5518 latio

2227 5542 2347 5594 dati
2369 5542 2595 5593 Baluzio
2618 5542 2752 5591 Mss.
2782 5545 2841 5591 et
2859 5544 3079 5592 veteres
3095 5541 3388 5601 editiones,
3410 5540 3507 5603 qui
3525 5554 3635 5588 non
3650 5541 3821 5604 aperit

2226 5627 2328 5679 pro
2352 5628 2465 5662 non
2488 5612 2716 5676 aperuit.
2745 5613 2876 5664 Mox
2894 5613 3133 5664 reticent
3147 5612 3276 5661 dicit
3292 5623 3425 5662 cum
3442 5611 3565 5662 cod.
3582 5612 3818 5675 Sanger-

2229 5698 2381 5737 man.
2425 5688 2483 5736 et
2515 5685 2643 5749 plus
2667 5684 2882 5735 habent
2911 5686 3046 5733 sicut
3070 5686 3180 5734 ovis
3203 5684 3276 5733 ad
3296 5683 3612 5733 occisionem
3635 5685 3815 5732 ductus

2226 5762 2318 5822 est,
2346 5760 2394 5807 et
2415 5756 2551 5806 sicut
2572 5771 2765 5821 agnus,
2792 5760 2900 5809 etc.
2925 5757 3137 5810 Eadem
3160 5768 3326 5822 porro
3350 5754 3524 5807 series
3547 5754 3815 5808 orationis

2227 5831 2318 5884 est
2334 5828 2687 5894 totidemque
2704 5830 3030 5883 testimonia
3045 5830 3462 5895 Scripturarum
3477 5826 3635 5894 apud
3648 5825 3814 5895 Cyril-

2227 5899 2369 5970 lum,
2392 5913 2525 5971 quae
2540 5904 2659 5960 toto
2681 5901 2857 5958 hocce
2875 5902 3124 5973 capitulo
3147 5903 3569 5972 comparantur.
