3898 6412
88 403 172 459 361

1027 397 1583 452 COMMENTARIUS
1616 400 1692 451 IN
1726 400 2028 454 SYMBOL.
2063 402 2403 457 APOSTOL.

3245 407 3356 464 362

82 519 240 564 mutus
260 525 369 561 non
391 509 636 575 aperiens
650 523 707 558 os
727 522 889 557 suum
916 509 1130 573 (Psatm.
1176 508 1301 574 37.).
1340 512 1405 561 Et
1438 511 1645 562 iterum
1674 518 1723 589 A
1749 513 1904 563 enim
1928 513 2276 578 baptismum
2303 516 2651 568 nominatur.
2678 517 2841 580 Quod
2868 519 2923 569 et
2939 517 3107 569 sihoc
3121 521 3356 583 qumris,

80 605 204 656 alius
214 601 479 667 propheti
489 599 625 650 dicit
643 614 654 649 :
676 598 823 648 Sicut
836 613 943 661 agn
952 613 1011 646 us
1022 614 1206 647 coram
1231 600 1477 648 tondente
1488 615 1557 660 se,
1571 601 1644 649 sic

80 709 172 742 non
191 691 395 756 aperuit
412 704 468 738 os
493 702 684 737 suum:
701 689 762 736 in
787 688 1370 751 humilitalejudicium
1386 689 1499 752 ejus
1522 689 1645 737 sub-

79 783 227 831 latum
240 785 308 828 est
331 778 497 842 (Esai.
518 775 639 840 53.).
660 777 935 841 Imposita
950 777 1001 828 ei
1021 777 1289 828 scribitur
1305 774 1420 845 86
1440 791 1645 830 corona

78 870 267 934 spinea.
292 866 439 917 Audi
474 865 545 917 de
571 868 677 917 hoc
706 865 764 916 in
791 866 1036 916 Canticis
1063 867 1440 923 canticorum,
1471 880 1645 930 super

78 958 405 1021 iniquitatem
437 957 541 1019 [Αι.
576 954 926 1018 iniquitates]
947 954 1266 1006 Jerusalem
1288 956 1549 1005 mirantis
1575 956 1644 1007 de

81 1047 263 1107 injuria
294 1044 435 1109 Filii,
471 1044 570 1095 Dei
605 1044 710 1108 [Αι.
748 1049 949 1092 tacetur
980 1044 1099 1106 Dei]
1122 1045 1301 1095 Patris
1334 1058 1534 1096 vocem
1559 1044 1647 1096 di-

77 1136 269 1188 contis:
308 1135 485 1198 Exite,
520 1139 565 1183 et
611 1134 793 1193 videte,
825 1134 950 1197 ﬁliae
1006 1133 1323 1194 Jerusalem,
1363 1148 1641 1193 coronant,

80 1240 173 1287 qua
211 1222 478 1271 coronavit
522 1236 646 1271 eum
684 1227 852 1269 mtter
893 1237 994 1270 sua
1051 1222 1225 1285 (Cant.
1282 1221 1373 1285 3.).
1428 1223 1537 1274 Sed
1587 1228 1646 1275 et

82 1314 141 1364 de
174 1312 343 1376 spinis
374 1311 455 1362 ita
484 1310 634 1363 alius
679 1312 958 1375 prOpheta
987 1316 1434 1363 commemorat:
1461 1312 1526 1360 Et
1550 1327 1645 1361 ea:-

81 1401 274 1466 pectaui.
314 1406 371 1449 ut
399 1401 596 1463 faceret
632 1415 813 1460 uvam,
836 1400 958 1463 fecit
996 1407 1176 1449 autem.
1206 1401 1430 1466 spinas:
1461 1408 1505 1450 et
1534 1417 1646 1450 non

77 1491 339 1555 justitiam,
382 1491 472 1540 sed
513 1491 800 1540 clamorem
834 1490 999 1551 (Esai.
1039 1489 1128 1554 5.).
1168 1491 1559 1543 Verumtatem
1586 1494 1648 1542 ut

85 1580 314 1645 mysterii
349 1584 570 1632 secreta
611 1568 944 1644 cognoscas,
989 1583 1289 1645 Oportebat
1331 1595 1463 1634 eum
1497 1592 1514 1612 ·
1550 1582 1645 1646 qui

87 1676 290 1735 peccata
319 1670 522 1721 mundi
558 1669 717 1722 venit
750 1670 987 1733 auferre,
1019 1671 1193 1721 etiam
1225 1676 1391 1723 terras
1417 1673 1649 1723 maledi-

89 1766 164 1811 cta
185 1771 434 1824 purgare,
461 1772 595 1823 quae
623 1766 891 1824 peccante
913 1760 1281 1823 protoplasto,
1310 1762 1650 1812 sententiam

93 1805 164 1811 --κ
185 1805 434 1824 ,--οπ.-,
467 1805 590 1823 γη
623 1805 886 1824 τμη-η
913 1805 1281 1823 Γητηηη
1310 1805 1650 1812 --.__-_-_._---

88 1850 545 1913 praevaricationis
587 1853 902 1913 acceperat,
949 1849 1175 1901 dicente
1226 1851 1484 1901 Domino.
1533 1852 1655 1899 Ma-
1683 1805 1736 1878 B

90 1938 263 2009 (edicta.
273 1945 413 1988 terra
431 1940 494 1988 in
517 1939 764 2002 operibus
785 1939 909 1999 luis,
923 1939 1110 2004 spinas
1122 1944 1167 1987 et
1179 1940 1280 1988 trib
1288 1939 1401 1988 utos
1411 1940 1648 2005 produce
1653 1968 1669 2011 ι

91 2028 167 2076 tibi
190 2028 327 2092 (Gen.
355 2027 762 2092 3.).Propterea
779 2042 912 2092 ergo
940 2028 1124 2092 spinis
1148 2035 1456 2081 coronatur
1478 2032 1666 2093 Jesus,

90 2123 142 2168 ut
159 2118 326 2181 prima
349 2118 443 2170 illa
468 2118 963 2170 condemnationis
977 2118 1263 2170 sententia
1280 2123 1570 2171 solveretur.
1593 2122 1667 2169 Ad

90 2219 286 2259 crucem
297 2207 548 2272 ducitur,
560 2213 619 2260 et
632 2210 689 2259 in
701 2209 856 2272 ligno
871 2208 1046 2259 totius
1063 2210 1266 2259 mundi
1282 2209 1398 2261 vita
1417 2222 1667 2273 suspen—

88 2297 334 2348 ditur.Vis
346 2298 481 2349 etde
498 2299 604 2350 hoc
614 2297 958 2362 propheticis
973 2298 1321 2349 testimoniis
1338 2301 1624 2347 conﬁrmari
1643 2301 1669 2349 ‘?

91 2387 219 2437 Audi
237 2388 542 2440 Jeremiam
568 2388 856 2439 dicentem
881 2388 901 2416 ι’
924 2388 996 2439 de
1020 2388 1147 2450 hoc,
1176 2389 1351 2438 Venite
1374 2393 1418 2437 et
1443 2387 1668 2453 injicia-

91 2492 192 2525 mus
213 2478 417 2541 tignum
434 2479 496 2526 in
513 2492 714 2543 panem
736 2477 849 2542 ejus
862 2484 907 2526 et
930 2482 1268 2527 conteramus
1290 2492 1411 2525 eum
1437 2477 1499 2526 de
1523 2483 1669 2526 terra

93 2567 355 2618 viventium
373 2567 536 2629 (Jeni
549 2566 572 2622 1
584 2570 711 2630 .).Et
725 2569 933 2619 iterum
945 2568 1130 2619 Moses
1148 2568 1366 2619 deilens
1379 2581 1479 2619 eos
1502 2566 1664 2618 dicit:

96 2658 147 2705 Et
184 2658 275 2706 erit
302 2659 413 2707 vita
437 2664 541 2707 tua
563 2672 821 2722 suspensa
858 2664 981 2706 ante
1024 2658 1199 2707 oculos
1236 2663 1371 2717 tuos,
1394 2661 1438 2706 et
1462 2657 1668 2706 timebis

90 2762 171 2809 per
203 2748 336 2797 diem
366 2754 411 2797 et
444 2754 675 2809 noctem,
700 2753 745 2796 et
784 2763 894 2797 non
920 2747 1094 2797 credes
1116 2748 1233 2796 vitae
1257 2754 1358 2796 tuae
1384 2748 1551 2811 (Deut.
1578 2745 1664 2801 28.

98 2836 205 2900 66.).
230 2837 331 2889 Sed
355 2840 868 2889 transcurrendum
890 2838 1057 2889 nobis
1081 2842 1203 2889 est:
1228 2837 1350 2900 jam
1372 2837 1525 2888 enim
1548 2850 1668 2899 pro-

95 2926 274 2989 positae
298 2927 600 2980 brevitatis
632 2927 869 2979 modum
892 2926 1247 2991 excedimus,
1272 2930 1329 2977 et
1352 2927 1669 2978 breviatum

95 3028 394 3070 sermonem
426 3017 608 3081 longa
636 3016 1038 3068 dissertatione
1062 3017 1166 3080 [Αι.
1201 3015 1528 3079 disertione]
1551 3016 1669 3066 dis-

92 3107 355 3158 tendimus
378 3123 391 3158 :
419 3120 611 3173 pauca
628 3110 820 3158 tamen
839 3106 1136 3167 addemus,
1162 3119 1235 3158 ne
1262 3105 1488 3170 penitus
1513 3106 1664 3169 quod

91 3198 359 3262 cepimus,
385 3197 733 3262 praeteriisse
757 3198 1069 3249 videamur.

139 3284 214 3339 23.
263 3288 541 3339 Scribitur
573 3290 743 3339 Jesus
785 3287 847 3338 in
878 3288 1054 3338 latere
1090 3298 1420 3351 percussus,
1459 3297 1672 3349 aquam

91 3375 242 3429 simul
262 3383 318 3429 et
341 3378 691 3442 sanguinem
713 3376 1189 3442 profudisse.Hoc
1205 3388 1223 3410 ο
1247 3375 1457 3440 quippe
1474 3375 1678 3439 mysti.

92 3479 204 3517 cum
237 3473 337 3530 est,
385 3469 514 3533 ipse
547 3468 701 3520 enim
734 3468 976 3531 dixerat,
998 3466 1130 3531 quia
1150 3467 1386 3531 ﬂumina
1412 3465 1475 3515 de
1498 3470 1674 3514 ventre

87 3556 181 3619 ejus
215 3560 497 3622 precedent
540 3572 695 3623 aquae
734 3558 863 3607 viva:
909 3558 1090 3621 (Joan.
1140 3557 1191 3611 7.
1239 3556 1367 3620 38.).
1404 3556 1514 3608 Sed
1536 3568 1669 3620 pros

91 3648 235 3699 duxit
267 3652 321 3701 et
349 3649 717 3714 sanguinem,
754 3660 927 3713 quem
950 3647 1244 3712 petierunt
1264 3645 1456 3699 Judaei
1481 3646 1674 3698 venire

91 3750 239 3802 super
265 3753 326 3793 se
348 3746 408 3793 et
438 3754 615 3805 super
642 3740 789 3791 filios
814 3752 970 3790 suos.
993 3738 1278 3790 Produxit
1300 3751 1436 3802 ergo
1459 3749 1676 3801 aquam

93 3842 204 3891 quae
224 3831 527 3884 credentes
551 3830 736 3882 diluat
761 3844 773 3880 :
805 3828 1078 3893 produnt
1103 3833 1164 3880 et
1191 3828 1558 3892 sanguinem,
1582 3841 1684 3906 qui

92 3921 403 3974 condemnet
418 3920 765 3973 incredulos.
778 3923 967 3972 Potest
983 3927 1146 3968 tamen
1164 3921 1313 3968 etiam
1325 3919 1567 3978 inteilligi
1581 3916 1602 3945 ⁴¹
1618 3920 1684 3967 il-

93 4010 174 4072 Iud
191 4012 336 4075 quod
350 4011 641 4076 duplicem
655 4010 900 4076 gratiam
916 4009 1189 4074 baptismi
1203 4010 1675 4070 ﬂguraverit.Unam

96 4110 210 4163 quis
226 4102 391 4155 datur
407 4102 461 4170 8
472 4100 524 4171 7
546 4115 648 4168 per
660 4114 829 4167 aqua:
846 4109 863 4131 ο
879 4099 1425 4166 baptismum,aliam
1439 4111 1570 4163 quae
1582 4112 1684 4165 per

95 4196 410 4260 martyrium
430 4195 764 4261 profusione
777 4195 1079 4259 sanguinis
1095 4192 1397 4256 quaeritur:
1411 4199 1683 4251 utrumque

146 4374 161 4393 '
182 4369 539 4421 lnterserunt
563 4366 659 4419 alii
682 4367 937 4430 inquam,
955 4365 1307 4429 quibuscum
1326 4369 1382 4416 et
1396 4377 1505 4415 nos
1519 4363 1684 4415 tertio

93 4438 153 4489 ab
174 4439 273 4491 hoc
289 4444 489 4492 versut
516 4440 576 4488 in
601 4440 846 4504 operibus
862 4440 987 4499 tuis,
1003 4451 1102 4502 pro
1118 4449 1231 4500 quo
1258 4442 1378 4488 erat
1398 4436 1682 4500 suis,legi-

96 4522 209 4562 mus
227 4516 395 4575 juxta
418 4516 689 4564 Graecum
714 4506 764 4561 ἐν
796 4520 892 4568 τοῖς
922 4513 1073 4576 ἔργοις
1108 4528 1217 4560 σου.

1748 615 1850 652 cur
1882 616 1997 654 non
2027 617 2098 655 ex
2131 605 2241 657 alio
2267 608 2541 670 membro,
2569 607 2670 657 sed
2695 620 2769 657 ex
2807 607 2983 659 latere
3009 608 3201 672 potius
3224 621 3357 673 pro-

1745 691 1983 743 duxisse
2008 694 2228 745 dicatur
2250 696 2947 759 aquam,etsanguinem?
2973 697 3203 749 videtur
3217 698 3359 749 mihi

1743 781 1804 831 in
1826 781 2001 833 latere
2027 780 2045 815 τ
2068 795 2167 846 per
2181 789 2403 835 costam
2422 784 2630 836 mulier
2643 785 2895 836 indicari.
2913 787 3056 846 Quia
3071 799 3208 851 ergo
3225 786 3359 839 fons

1745 872 1959 933 peccati
1999 876 2056 922 et
2080 872 2276 923 mortis
2299 873 2377 925 de
2403 874 2641 925 muliere
2666 875 2865 939 prima,
2900 888 3031 938 qua)
3058 874 3166 927 fuit
3190 875 3358 940 primi

1745 960 1929 1010 Adam
1960 964 2135 1021 costa,
2170 963 2450 1025 processit
2485 978 2498 1015 :
2536 963 2664 1014 fons
2698 964 3105 1029 redemptionis
3120 978 3188 1017 ac
3212 966 3356 1018 vitae

1745 1048 1817 1100 de
1847 1049 2084 1100 secundi
2108 1050 2294 1102 Adam
2325 1055 2487 1103 costa
2516 1053 2869 1116 producitur.

1808 1136 1895 1191 24.
1944 1140 2229 1203 Scriptum
2274 1146 2385 1204 est,
2411 1142 2565 1204 quod
2587 1142 2647 1192 in
2676 1144 2943 1206 passione
2967 1144 3093 1208 ejus
3123 1144 3196 1195 ab
3219 1143 3360 1195 hora

1748 1233 1913 1279 sexta
1958 1241 2146 1292 usque
2193 1229 2266 1281 ad
2291 1230 2497 1281 horam
2521 1244 2737 1282 nonam
2760 1233 3354 1285 tenebrsefactmsunt.

1748 1317 1955 1382 Accipe
1991 1322 2048 1369 et
2088 1319 2159 1370 de
2180 1320 2292 1371 hoc
2322 1320 2621 1385 prophetae
2652 1322 3049 1373 testimonium
3072 1322 3315 1375 dicentis
3342 1336 3354 1373 :

1750 1405 1955 1455 Occidet
1995 1407 2088 1456 tibi
2119 1408 2196 1457 sol
2231 1410 2456 1458 meridie
2496 1411 2678 1471 (Amos
2710 1410 2761 1465 8.
2797 1412 2885 1475 9.).
2937 1414 2996 1462 Et
3018 1412 3226 1463 iterum
3259 1413 3361 1462 Za-

1749 1496 1970 1547 charias
2006 1499 2322 1561 propheta:
2353 1500 2420 1548 In
2454 1499 2570 1563 illa,
2610 1500 2819 1564 inquit,
2855 1499 2940 1549 die
2969 1515 3081 1549 non
3102 1502 3202 1549 erit
3227 1500 3360 1550 tuac:

1746 1585 1926 1649 frigus
1946 1596 1963 1623 ε
1987 1593 2033 1635 et
2053 1589 2266 1650 pruina
2293 1589 2393 1637 erit
2422 1604 2529 1637 uno
2545 1589 2645 1652 die,
2660 1596 2705 1638 et
2727 1590 2836 1638 dies
2849 1589 2947 1638 illa.
2964 1594 3095 1639 nota
3113 1590 3364 1650 Domino,

1748 1680 1793 1723 et
1820 1691 1986 1739 neque
2008 1677 2137 1739 dies,
2151 1693 2320 1741 neque
2344 1684 2535 1739 no.1),et
2553 1678 2625 1727 ad
2646 1693 2911 1743 vesperam
2936 1680 3036 1728 erit
3060 1678 3158 1727 tuae
3178 1680 3238 1743 (Ζ
3243 1680 3363 1730 ach.

1762 1763 1846 1817 14.
1873 1764 1962 1826 6.).
1992 1765 2139 1826 Quid
2166 1770 2281 1817 tam
2305 1766 2548 1818 evidens
2564 1780 2597 1818 a
2614 1767 2889 1832 propheta
2901 1768 3011 1818 dici
3026 1767 3360 1832 poterat[At.

1767 1855 1990 1918 potuit],
2030 1860 2096 1905 ut
2132 1855 2253 1917 jam
2293 1858 2414 1907 tum
2457 1857 2586 1908 haec
2609 1861 2864 1907 nontam
2898 1856 3091 1909 futura
3113 1857 3364 1922 praedici,

1769 1955 1945 2006 quam
1968 1946 2184 1995 narrari
2210 1946 2494 2009 praaterita
2514 1946 2851 1997 videantur?
2873 1947 2943 1996 Et
2958 1946 3137 2011 frigus
3151 1951 3207 1997 et
3217 1945 3372 2010 prui-

1768 2046 1903 2083 nam
1916 2033 2023 2097 [Αι.
2043 2034 2215 2084 etiam
2230 2034 2491 2098 pruinam
2505 2034 2776 2099 etfrigus]
2795 2034 3063 2099 praedixit
3080 2050 3093 2086 :
3112 2040 3372 2099 pr0pter-

1768 2136 1836 2173 ea
1858 2123 2011 2174 enim
2039 2125 2241 2175 Petrus
2263 2122 2630 2176 calefaciebat
2646 2138 2705 2175 se
2721 2125 2793 2175 ad
2810 2124 3022 2189 ignem,
3046 2124 3371 2188 quiafrigus

1768 2218 1916 2264 erat:
1935 2217 1995 2264 et
2011 2213 2331 2276 patiebatur
2354 2213 2536 2278 frigus
2559 2226 2678 2265 non
2701 2215 2887 2264 solum
2906 2214 3302 2277 temporis,sed
3314 2216 3372 2265 et

1767 2300 1915 2351 fidei.
1934 2302 2110 2353 Addit
2137 2302 2307 2352 etiam
2330 2316 2345 2352 :
2374 2303 2565 2351 Etdies
2591 2302 2689 2351 illa
2703 2307 2832 2355 nota
2848 2303 3099 2361 Domino,
3132 2308 3177 2351 et
3201 2317 3372 2367 neque

1767 2390 1878 2439 dies
1913 2405 2084 2455 neque
2116 2405 2229 2440 ηοω
2267 2391 2454 2452 (Zach.
2492 2391 2576 2445 14.
2611 2391 2702 2454 7.).
2744 2391 2886 2451 Quid
2914 2396 3007 2443 est
3034 2403 3221 2454 neque
3246 2390 3371 2443 dies

1766 2492 1955 2543 neque
1988 2483 2144 2531 nox?
2174 2482 2375 2532 Nonne
2399 2484 2590 2545 aperte
2616 2480 2685 2531 de
2709 2480 2938 2532 insertis
2961 2480 3074 2532 diei
3098 2479 3371 2545 tenebris,

1767 2574 1824 2621 et
1851 2575 2116 2621 revocata
2138 2583 2371 2621 rursum
2390 2569 2519 2622 luce
2531 2569 2841 2621 disseruit?
2855 2571 2979 2621 Non
2993 2568 3204 2621 fuitan
3220 2570 3369 2633 dies,

1767 2671 1955 2722 neque
1978 2661 2133 2711 enim
2163 2659 2399 2722 incoepit
2421 2659 2525 2724 [AL
2544 2659 2825 2724 cmpit1ab
2850 2664 2981 2711 ortu
3005 2659 3372 2723 solis.Neque

1767 2748 1990 2813 integra
2011 2762 2129 2800 nox
2152 2748 2262 2800 fuit
2279 2761 2423 2800 :non
2438 2749 2591 2801 enim
2607 2754 2834 2813 peracto
2851 2749 2961 2801 diei
2979 2763 3177 2813 cursu,
3190 2750 3375 2814 spatia

1770 2839 1879 2889 sibi
1902 2839 2092 2890 debita
2111 2839 2205 2891 vel
2228 2840 2301 2889 ab
2326 2840 2487 2890 initio
2509 2838 2779 2903 suscepit,
2802 2838 2892 2890 vel
2906 2839 2979 2890 ad
2993 2838 3260 2890 ultimum
3272 2838 3372 2890 de-

1770 2930 2074 2979 terminata
2084 2927 2377 2988 perduxit:
2396 2927 2497 2980 sed
2508 2927 2705 2991 fugata
2716 2940 2815 2991 per
2829 2928 3134 2991 impiorum
3150 2926 3373 2978 facinus
3432 2974 3439 2977 .

1767 3018 1871 3068 lux
1889 3021 2190 3081 reparatur
2210 3017 2283 3068 ad
2301 3018 2761 3081 vesperam.Post
2773 3016 2975 3068 horam
2988 3016 3144 3067 enim
3155 3028 3373 3067 nonam

1765 3107 2021 3171 depulsis
2064 3107 2316 3158 tenebris
2348 3108 2436 3158 sol
2476 3105 2737 3157 redditur
2758 3106 2994 3157 mundo.
3021 3107 3090 3157 Et
3112 3105 3324 3157 iterum
3351 3105 3372 3135 δ

1689 3188 1737 3262 C
1763 3199 1909 3250 alius
1939 3196 2010 3248 de
2034 3197 2141 3248 hoc
2163 3197 2289 3261 ipso
2316 3197 2709 3248 testimonium
2731 3194 2893 3246 dicit:
2916 3195 2984 3244 Et
3001 3194 3376 3247 obscurabitur

1774 3304 1934 3353 super
1955 3293 2154 3337 terram
2175 3287 2237 3335 in
2262 3286 2347 3335 die
2370 3285 2467 3334 tua:
2489 3286 2702 3348 (Matth.
2729 3283 2815 3338 24.
2845 3283 2976 3349 29.).

1837 3378 1924 3432 25.
1952 3380 2130 3429 Docet
2151 3375 2443 3440 Evangelii
2456 3373 2961 3439 praedicatio,quod
2978 3374 3151 3426 etiam
3165 3372 3373 3426 milites

1775 3469 2096 3521 diviserunt
2120 3466 2227 3518 sibi
2253 3466 2597 3517 vestimenta
2615 3468 2777 3529 Jesu,
2801 3468 2857 3517 et
2880 3464 2892 3493 ί
2917 3477 3091 3529 super
3123 3464 3376 3516 tunicam

1779 3559 1907 3623 ejus
1929 3560 2209 3610 miserunt
2233 3554 2348 3622 88
2375 3561 2607 3609 sortem.
2625 3556 2746 3607 Hoc
2770 3554 2945 3607 etiam
2969 3566 3124 3607 curse
3136 3553 3242 3606 fuit
3256 3555 3383 3620 Spi-

1780 3649 1914 3701 ritui
1947 3651 2153 3701 Sancto
2185 3648 2592 3712 prophetarum
2625 3646 2866 3699 vocibus
2902 3644 3222 3709 protestari,
3246 3657 3381 3697 cum

1780 3739 1961 3792 David
1985 3739 2123 3789 dicit
2146 3752 2159 3788 :
2185 3739 2495 3787 Diviserunt
2526 3737 2629 3787 sibi
2663 3737 2971 3786 vestimenta
2994 3751 3132 3798 mea,
3157 3741 3202 3784 et
3225 3749 3383 3799 super

1780 3834 1967 3878 vestem
2002 3840 2177 3877 meam
2206 3830 2469 3876 miserunt
2499 3833 2695 3876 sortem
2715 3825 2879 3891 (Psat.
2908 3824 2995 3879 21.
3022 3824 3150 3887 19.).
3180 3825 3288 3876 Sed
3311 3836 3384 3876 ne

1781 3920 1851 3971 de
1862 3918 1957 3969 illa
1979 3917 2210 3981 quidem
2221 3922 2384 3970 veste
2398 3928 2577 3980 quam
2593 3916 2862 3967 dicuntur
2875 3914 3087 3966 milites
3103 3915 3385 3962 illudentes

1778 4008 2036 4061 induisse
2073 4021 2226 4071 eum,
2260 4007 2316 4058 id
2349 4012 2452 4068 est,
2491 4006 2562 4059 de
2599 4010 2759 4058 Veste
2793 4004 3058 4056 coccinea
3081 4002 3379 4066 Propheta:

1782 4100 2081 4151 siluerunt.
2106 4096 2255 4150 Audi
2279 4098 2432 4147 enim
2458 4095 2598 4160 quid
2623 4094 2778 4147 dicat
2800 4094 3022 4146 Esaias:
3043 4092 3174 4152 Quis
3190 4097 3261 4141 est
3275 4092 3381 4151 hic,

1783 4190 1880 4255 qui
1901 4190 2046 4239 venit
2065 4189 2128 4239 de
2146 4187 2339 4248 Edam,
2364 4185 2531 4235 rubor
2553 4186 2989 4234 vestimentorum
3016 4183 3132 4247 ejus
3160 4182 3253 4232 exi
3281 4182 3386 4231 Bo-

1782 4368 1880 4413 ertt
1904 4363 1965 4411 in
1990 4376 2105 4411 una
2130 4360 2232 4420 die,
2255 4365 2300 4410 et
2325 4358 2435 4408 dies
2456 4357 2544 4407 ille
2572 4362 2730 4408 notus
2752 4357 2879 4419 Deo,
2903 4360 3013 4408 etc.

1846 4452 1868 4481 "
1892 4454 2164 4503 Notatum
2184 4451 2438 4510 Biluzio,
2463 4445 2619 4497 aliud
2642 4448 2751 4509 legi
2776 4446 2837 4496 in
2860 4444 3025 4503 codd,
3042 4456 3181 4495 mss.
3197 4447 3381 4496 etvet.

1784 4524 1918 4576 edit.
1944 4525 2126 4575 Oxon.
2152 4519 2486 4583 Remboldo,
2511 4524 2683 4581 atque
2710 4520 2959 4568 Erasmo.
2986 4515 3187 4567 Confer
3209 4514 3381 4579 Cyril-

149 4585 167 4615 ἰ
190 4567 431 4638 ιῖοοιηδε
466 4588 529 4635 de
569 4587 684 4648 hoc,
717 4567 887 4635 iidem
913 4567 1174 4635 et'terme
1201 4581 1412 4632 rectius
1445 4584 1634 4632 tacent
1662 4594 1674 4630 :
1701 4567 1761 4640 D

96 4657 206 4721 plus
247 4673 379 4711 Vero
426 4659 644 4709 habent
681 4656 851 4721 paulo
894 4664 1041 4720 post.
1086 4656 1252 4704 Moses
1290 4655 1424 4703 velut
1454 4655 1667 4717 deﬂens:

98 4737 194 4782 vet.
219 4732 347 4783 edit.
374 4733 562 4783 Oxon.
592 4730 885 4791 utdeftens.
914 4728 1260 4780 Addidiinus
1285 4731 1343 4778 et
1366 4739 1473 4777 nos
1498 4738 1572 4776 ex
1596 4725 1687 4776 iis-

96 4803 209 4853 dein
221 4802 552 4867 insequenti
568 4804 873 4866 Scriptura:
892 4800 1218 4852 testimonio
1239 4805 1333 4848 tua
1351 4810 1684 4864 pronomen,

96 4878 232 4938 quod
265 4878 479 4929 deerat.
506 4876 576 4925 Et
599 4875 698 4923 erit
728 4875 839 4923 vita
873 4878 988 4938 tua,
1019 4887 1151 4925 cum
1189 4873 1388 4924 Graeco
1423 4873 1521 4924 Καὶ
1550 4872 1689 4925 ἔσται

101 4947 185 5011 ζωή
215 4968 320 5001 σου.

147 5028 162 5047 τ
195 5021 277 5071 ΑΙ.
330 5022 445 5070 Hoc
475 5019 713 5084 quidem,
741 5023 799 5071 et
837 5017 1008 5085 paulo
1046 5021 1196 5081 post,
1235 5030 1393 5080 quem
1420 5016 1685 5080 petierant

116 5090 293 5141 Judaei.

151 5160 170 5189 ⁴
196 5165 377 5215 Habet
406 5162 552 5212 illud
574 5166 632 5215 et
655 5166 824 5215 vetus
858 5160 1298 5215 Oxoniens.edit
1313 5158 1405 5211 alii
1425 5158 1682 5210 reticent.

98 5230 220 5285 Huic
268 5248 501 5300 quoque
524 5249 594 5285 ex
619 5236 821 5301 Cyrillo
845 5238 916 5285 ad
941 5232 1166 5284 numeri
1190 5244 1373 5295 usque
1397 5230 1485 5283 21.
1512 5233 1685 5281 linem

102 5309 378 5359 transtulit
401 5308 648 5360 Rufinus
672 5310 729 5359 in
755 5320 877 5358 sua.

148 5386 164 5404 ·
196 5380 575 5430 Restituimus
612 5394 682 5431 ex
728 5379 885 5430 libris
930 5376 1213 5442 plerisque
1244 5374 1392 5435 aliis,
1415 5390 1511 5440 per
1532 5388 1687 5437 aquae

103 5445 407 5511 baptismum
427 5449 1253 5515 etpermartyriumprofustone
1268 5446 1583 5510 sanguinis:
1600 5462 1686 5506 pro

100 5523 290 5580 quibus
324 5530 496 5575 antea
527 5525 719 5575 minus
744 5527 896 5575 recte
918 5526 1155 5584 erat.per
1184 5535 1390 5583 aquam.
1415 5518 1685 5582 baptismi,

101 5597 147 5641 et
166 5609 256 5655 per
280 5595 601 5660 mysterium
621 5595 960 5661 pro/usionis
979 5592 1288 5655 sanguinis.

152 5664 168 5697 ί
190 5668 529 5718 Sull'ecimus
548 5682 720 5720 voces
746 5669 807 5716 in
832 5668 992 5715 tutere
1015 5679 1085 5715 ex
1110 5661 1615 5724 librisiisdem,qui
1629 5665 1686 5712 et

101 5734 317 5789 inferius
350 5743 481 5805 plus
508 5741 720 5792 habent
736 5743 927 5789 iccirco
944 5744 989 5787 et
1012 5740 1135 5801 fons
1158 5736 1557 5799 redemptionis,
1577 5739 1684 5784 etc.

153 5817 168 5845 ‘
197 5812 359 5876 Apud
385 5812 550 5877 alios,
571 5814 660 5863 sed
681 5814 860 5877 frigus
884 5813 1084 5876 (Graec.
1111 5812 1196 5862 καὶ
1219 5812 1388 5874 ψῦχος)
1412 5812 1458 5855 et
1476 5806 1688 5871 pruina

372 5904 638 5960 PATROL.
677 5903 842 5957 XXI.

1853 4696 1866 4726 ί
1888 4694 1997 4746 Alii
2015 4708 2182 4758 supra
2199 4691 2325 4743 heic
2348 4693 2520 4752 atque
2545 4687 2796 4738 inferius.
2824 4687 3035 4738 Tacent
3056 4698 3193 4737 mox
3209 4685 3382 4738 etiam

1790 4767 1967 4817 David
1998 4778 2237 4827 nomen,
2280 4764 2434 4826 quod
2481 4760 2687 4812 rectius
2717 4759 2775 4810 iu
2810 4761 3109 4810 Barreeana
3137 4758 3382 4810 editione

1788 4839 2008 4890 laudari
2038 4838 2227 4887 visum
2251 4841 2358 4887 est.
2386 4835 2491 4886 Sed
2505 4838 2561 4884 et
2576 4837 2760 4883 totum
2775 4831 3131 4882 hunclocum
3143 4843 3177 4881 a
3190 4830 3383 4881 verbis

1789 4911 1899 4960 Hoc
1914 4911 2077 4959 etiam
2102 4924 2259 4973 curae,
2274 4911 2377 4958 etc.
2406 4918 2537 4958 cum
2555 4903 2933 4967 suhsequenti
2950 4903 3254 4966 Scriptura:
3270 4906 3387 4953 tes-

1791 4982 2043 5045 timonio,
2070 4980 2371 5041 Pamelius,
2389 4985 2447 5030 et
2470 4979 2712 5042 qui’eum
2729 4975 2999 5027 describit
3018 4974 3224 5035 Fellus,
3240 4986 3385 5037 pras-

1792 5058 2031 5116 tereunt,
2056 5054 2392 5114 scribarum,
2427 5055 2492 5101 ut
2517 5048 2759 5110 videtur,
2784 5046 3099 5099 oscitantia.
3118 5045 3383 5096 Baluzius

1788 5128 1868 5178 ita
1910 5139 1971 5176 se
2000 5126 2121 5176 hait
2149 5136 2221 5175 ex
2264 5124 2386 5174 cod.
2421 5124 2790 5185 Sangerman,
2824 5119 3015 5169 locum
3039 5118 3380 5180 restituisse,

1790 5202 2013 5248 mutata
2025 5195 2196 5246 etiam
2208 5192 2872 5257 interpunctione,quum
2886 5191 3167 5250 Barrseus,
3183 5188 3381 5239 tandiu

1789 5277 1957 5321 antea
1980 5267 2342 5327 restituisset,
2368 5265 2458 5315 cui
2483 5269 2541 5315 et
2566 5262 2689 5312 laus
2711 5265 2875 5313 istaec
2903 5261 3161 5312 debetur.
3199 5261 3381 5312 Caste-

1790 5355 1913 5393 ruui
1951 5340 2075 5391 haec
2100 5338 2271 5389 etiam
2309 5350 2379 5388 ex
2403 5333 2606 5400 Cyrillo
2629 5345 2788 5384 num.
2831 5332 2917 5386 ‘26.
2950 5336 3008 5383 et
3027 5330 3112 5385 27.
3139 5332 3383 5382 Ruﬁnus

1789 5413 2025 5478 accepit.

1848 5514 1861 5552 i
1888 5510 2144 5572 Plerique
2174 5507 2269 5558 alii
2301 5508 2468 5556 Bosor
2497 5503 2717 5568 legunt,
2752 5514 2848 5566 pro
2886 5501 3075 5572 Bosra,
3101 5496 3256 5560 quod
3297 5500 3386 5572 est

1791 5585 2027 5650 quidem
2050 5569 2113 5632 in
2140 5581 2380 5630 Hebraeo
2425 5578 2585 5629 HW:
2644 5589 2767 5650 non
2796 5579 2990 5650 autem
3012 5571 3073 5650 in
3102 5574 3300 5650 Graeco
3326 5569 3379 5619 S.

1789 5641 2019 5721 quoque
2064 5653 2321 5718 Cyrinus,
2356 5664 2391 5702 a
2422 5662 2535 5712 quo
2568 5650 2692 5699 hmo
2726 5647 2928 5721 Noster
2957 5643 3193 5721 derivat.
3217 5641 3383 5721 Bosor

1789 5715 1943 5795 egit;
1968 5715 2123 5792 quod
2158 5731 2281 5777 tum
2314 5736 2386 5775 ex
2424 5726 2609 5772 vetere
2638 5718 2902 5795 codicum
2934 5715 3232 5795 scriptura,
3259 5718 3382 5795 tum

1790 5788 1863 5855 ei
1880 5788 2142 5853 subnexa
2163 5798 2241 5850 ibi
2266 5794 2515 5848 nominis
2532 5790 2877 5857 etymologia
2892 5788 3264 5839 manifestum
3274 5789 3384 5837 est.

3026 5875 3093 5933 12
