3898 6384
524 447 629 504 363

1547 447 1790 499 RUFINI
1824 445 2316 508 AQUILEIENSIS
2352 446 2786 497 PRESBYTERI

3726 442 3835 499 364

514 566 648 615 ara?
675 563 853 623 Quare
893 563 1199 613 rubicunda
1228 566 1355 611 sunt
1374 562 1682 611 vestimenta
1716 566 1828 619 tua,
1868 565 1913 608 et
1943 560 2113 608 indu-
2137 565 2192 636 Α
2223 560 2345 618 Quae
2370 560 2577 610 utilitas
2613 561 2674 609 in
2689 559 2959 623 sanguine
2974 574 3105 619 meo,
3128 558 3259 608 dum
3276 557 3593 608 descendero
3618 558 3679 605 in
3703 574 3827 607 cor-

516 658 758 702 mentum
804 658 957 701 tuum
989 659 1249 716 tanquam
1275 652 1336 701 in
1363 652 1624 701 torculari
1649 651 1915 699 calcatum
1942 651 2110 712 (Esai.

520 740 621 805 (63.
676 741 740 799 1.)
759 741 972 829 i/Unde
1009 746 1064 792 et
1094 742 1215 806 ipse
1256 741 1589 805 respondit:
1634 740 1887 790 Torcular
1911 740 2114 789 calcavi

515 830 657 880 solus
690 828 814 893 ﬁlia
846 830 980 880 Sion
1013 830 1164 893 (Ibid.
1202 828 1272 893 3).
1313 830 1479 882 Solus
1524 835 1631 894 est,
1678 831 1776 893 qui
1816 834 2114 894 peccatum

515 931 627 971 non
652 920 798 981 fecit,
825 925 881 971 et
903 921 1143 973 abstulit
1168 924 1399 984 peccata
1422 920 1527 984 [Αἰ.
1546 933 1615 984 pe
1637 919 1865 982 citum]
1894 919 2110 971 mundi.

514 1008 570 1059 Si
599 1009 749 1059 enim
784 1010 970 1073 potuit
1006 1023 1102 1074 per
1138 1022 1323 1061 unum
1362 1010 1656 1060 hominem
1681 1022 1838 1060 mors
1862 1010 2111 1071 introire,

511 1103 725 1161 quanto
761 1099 943 1162 magis
984 1112 1084 1173 per
1116 1111 1299 1150 unum
1351 1098 1663 1158 hominem,
1721 1099 1820 1162 qui
1866 1103 1924 1150 et
1955 1099 2112 1149 Deus

510 1192 644 1248 erat,
673 1188 859 1251 potuit
887 1189 1005 1239 vita
1033 1190 1256 1241 restitui
1279 1193 1306 1240 ‘t

570 1274 659 1331 26.
683 1277 943 1329 Refertur
962 1279 1132 1331 etiam
1158 1279 1313 1343 quod
1336 1282 1497 1330 aceto
1522 1279 1751 1341 potatus
1778 1276 2111 1340 sit,velvino

511 1365 821 1430 myrrhato,
847 1367 1000 1429 quod
1022 1373 1110 1419 est
1130 1368 1383 1419 amarius
1408 1367 1549 1418 felle.
1587 1365 1737 1417 Audi
1760 1365 1895 1429 quid
1913 1365 1984 1417 de
2004 1366 2111 1417 hoc

509 1454 788 1518 Propheta
831 1456 1175 1520 praedixerit.
1211 1457 1280 1507 Et
1314 1457 1593 1515 dederunt,
1630 1456 1818 1518 inquit
1852 1456 1911 1504 in
1938 1470 2110 1505 escam

508 1559 686 1593 meam
728 1544 815 1607 fel,
861 1551 907 1594 et
950 1546 1012 1595 in
1052 1547 1143 1595 siti
1167 1562 1286 1596 mea
1308 1551 1727 1610 potaverunlme
1761 1552 1902 1594 aceto
1945 1546 2105 1609 (Psat.

510 1631 637 1696 68.).
661 1634 749 1685 Ad
773 1647 906 1698 quin
934 1636 1286 1699 respondens
1305 1636 1427 1699 jam
1448 1641 1583 1688 tunc
1602 1637 1786 1687 Moses
1800 1635 2024 1686 dicebat
2038 1634 2108 1686 de

510 1722 718 1787 populo
740 1722 834 1775 illo
860 1738 872 1774 :
892 1724 1159 1774 Emvineis
1181 1725 1542 1775 Sodomorum
1566 1725 1689 1773 vitis
1711 1730 1973 1784 eorum,et
1990 1724 2107 1788 pal-

508 1826 618 1861 mes
660 1828 847 1862 eorum
894 1813 956 1863 de
984 1814 1261 1863 Gomorris
1289 1814 1393 1877 [Αι.
1421 1814 1709 1876 Gomorra]
1737 1828 1750 1859 :
1780 1829 1883 1862 uva
1900 1829 2104 1875 eorum,

2214 652 2557 715 ruptionem?
2588 650 2743 711 (Psal.
2774 649 2861 703 ‘29.
2888 648 3037 711 10.)?
3077 650 3145 699 Et
3173 649 3373 699 iterum
3404 648 3702 699 :Descendi
3723 647 3745 676 ⁴¹
3768 650 3823 696 in

2213 744 2407 792 limum
2436 741 2721 806 pro/undi,
2762 746 2805 788 et
2840 756 2947 787 non
2995 744 3065 787 est
3089 738 3363 787 subtantia
3394 738 3555 802 (Psal.
3603 735 3693 791 68.
3731 735 3822 799 3.).

2220 832 2329 885 Sed
2375 836 2431 882 et
2454 834 2698 881 Joannes
2724 829 2896 879 dicit:
2932 830 3007 877 Tu
3042 844 3092 877 es
3116 830 3212 893 qui
3247 834 3500 876 venturus
3532 844 3601 887 es,
3631 828 3711 890 (in
3738 827 3825 877 iu-

2215 922 2438 973 fernum
2469 920 2590 971 sine
2621 919 2815 975 dubio;
2842 935 2915 967 an
2941 918 3114 967 alium
3139 925 3475 982 expectamus
3496 917 3717 976 (Matth.
3740 915 3822 969 11.

2213 1010 2299 1075 3)-
2330 1012 2485 1063 Unde
2516 1014 2574 1060 et
2600 1011 2799 1060 Petrus
2824 1007 2991 1058 dicit:
3018 1008 3161 1065 Quia
3189 1007 3433 1056 Christus
3456 1007 3821 1066 morti/icatus

2212 1116 2392 1159 carne,
2440 1100 2737 1160 viviﬁcatus
2767 1102 2945 1145 autem
2969 1097 3203 1161 spiritu'
3228 1095 3326 1161 qui
3357 1097 3416 1143 in
3448 1096 3563 1160 ipso
3590 1095 3820 1151 habitat,

2212 1190 2284 1239 eis
2308 1190 2429 1253 quis
2455 1190 2514 1236 in
2543 1203 2747 1235 carcere
2771 1187 3005 1235 conclusi
3026 1191 3210 1245 erant,
3236 1184 3497 1233 descendit
3534 1183 3823 1249 spiritibus

2208 1278 2519 1342 praedicare,
2547 1278 2645 1341 qui
2664 1276 2928 1327 increduli
2950 1276 3099 1339 fuere
3124 1276 3182 1323 in
3209 1274 3390 1322 diebus
3411 1273 3523 1323 Noe
3551 1274 3612 1337 (Ι.
3634 1274 3748 1322 Pet.
3769 1271 3816 1326 3.

2213 1367 2280 1421 18
2304 1369 2339 1431 ).
2369 1370 2433 1419 In
2464 1380 2579 1430 quo
2611 1367 2803 1429 etiam,
2827 1366 2965 1429 quid
2991 1364 3178 1429 operis
3204 1365 3260 1415 in
3283 1364 3571 1415 infernum
3593 1363 3705 1427 [AL
3730 1362 3819 1413 in-

2211 1457 2386 1520 ferno]
2420 1457 2617 1521 egerit,
2659 1456 2991 1507 declaratur.
3029 1454 3135 1506 Sed
3165 1458 3222 1505 et
3254 1453 3376 1518 ipse
3402 1452 3691 1504 Dominus
3720 1465 3822 1517 per

2211 1546 2553 1610 PrOphetam
2571 1545 2724 1608 dicit,
2752 1550 3028 1607 tanquam
3044 1544 3115 1595 de
3141 1542 3359 1594 futuro:
3385 1542 3529 1601 Quia
3548 1556 3661 1591 non
3681 1542 3819 1589 dere-

2210 1636 2418 1699 linques
2445 1635 2697 1683 animam
2734 1649 2907 1681 meam
2934 1634 2995 1681 in
3020 1632 3254 1694 inferno,
3276 1647 3369 1680 nec
3386 1631 3539 1679 dabis
3562 1636 3817 1679 sanctum

2209 1729 2363 1773 tuum
2396 1725 2571 1772 videre
2607 1724 3007 1787 corruptionem
3032 1721 3196 1780 (Psal.
3224 1720 3307 1775 15.
3338 1720 3465 1783 10.).
3499 1720 3667 1782 Quod
3691 1733 3818 1772 rur~

2212 1825 2341 1863 sum
2355 1812 2675 1876 prophetice
2693 1812 3061 1862 nihilominus
3074 1809 3324 1861 ostendit
3339 1810 3660 1873 impletum,
3683 1821 3815 1860 cum

506 1916 614 1951 uva
634 1901 791 1964 fellis,
829 1909 875 1952 et
893 1903 1073 1952 botrus
1099 1903 1498 1953 amaritudinis
1522 1904 1652 1967 ipsis
1677 1904 1847 1966 (Deut.
1876 1902 1960 1957 3‘2.
1983 1902 2108 1966 39.).
2139 1884 2193 1957 Β
2218 1902 2354 1951 dicit
2373 1902 2627 1951 :Domine
2649 1901 2885 1949 edu.risli
2908 1901 3157 1948 animam
3184 1914 3355 1947 meam
3374 1897 3439 1946 ab
3458 1898 3700 1961 inferno,
3719 1898 3817 1947 sal-

511 1991 582 2041 Et
613 1990 820 2041 iterum
848 1993 1174 2055 exprobans
1187 2006 1282 2044 eos
1296 1992 1463 2043 dicit:
1485 1992 1727 2056 Populus
1740 1992 1987 2041 stultuset
2006 2008 2115 2041 non
2215 1991 2350 2039 vasti
2394 2007 2474 2039 me
2499 2007 2533 2040 a
2556 1990 2979 2039 descendentibus
3004 1990 3063 2037 in
3089 1989 3263 2038 lacum
3280 1986 3440 2049 (Psal.
3466 1985 3594 2050 29.).
3623 1988 3813 2051 Sequi-

509 2080 743 2143 sapiens,
791 2081 897 2129 haec
945 2081 1181 2129 Domino
1206 2082 1500 2130 retribuisti
1533 2081 1749 2144 (Ibidem
1779 2080 1810 2135 6
1836 2084 1849 2142 )
1875 2084 1900 2131 ?
1925 2082 2032 2134 Sed
2057 2087 2117 2133 et
2215 2085 2307 2131 tur
2334 2086 2461 2144 post
2488 2081 2614 2132 haec
2639 2095 2652 2130 :

508 2168 569 2219 in
593 2168 632 2219 C
652 2168 870 2219 inticis'
893 2172 1092 2221 eadem
1106 2171 1580 2233 praenunciantur,
1602 2170 1698 2221 ubi
1721 2170 1888 2221 etiam
1912 2172 2112 2221 hortus

507 2256 567 2307 in
591 2270 705 2320 quo
718 2258 1027 2309 cruciﬁxus
1048 2259 1519 2322 est,designatur.
1543 2260 1692 2311 Dicit
1715 2273 1874 2323 ergo:
1899 2260 2111 2308 Intraui

506 2346 568 2395 in
610 2346 830 2396 hortum
876 2362 1072 2408 meum,
1112 2363 1264 2398 soror
1304 2364 1423 2398 mea
1460 2365 1676 2413 sponsa,
1701 2356 1745 2399 et
1777 2350 2111 2401 vindemiavi

508 2436 799 2500 myrrham
834 2450 1013 2485 meam
1050 2438 1225 2498 (Cant.
1274 2436 1388 2500 5.):
1436 2438 1535 2489 ubi
1576 2439 1871 2491 evidenter
1903 2442 2108 2493 vinum

507 2524 885 2588 myrrhatum,
911 2538 1024 2588 quo
1050 2532 1277 2589 potatus
1303 2532 1410 2589 est,
1434 2527 1758 2579 declaravit.

570 2612 658 2668 27.
700 2616 768 2665 Et
812 2615 1076 2677 spiritum
1123 2620 1255 2679 post
1292 2616 1419 2667 hac
1465 2617 1733 2668 scribitur
1766 2617 2103 2671 reddidisse.

509 2704 971 2754 Prmnunciatum
997 2704 1195 2767 fuerat,
1222 2709 1278 2756 et
1301 2704 1410 2756 hoc
1436 2719 1534 2769 per
1556 2708 1895 2771 Prophetam
1913 2709 2105 2759 dicen-

508 2795 625 2843 tem
676 2805 746 2844 ex
793 2806 1037 2857 persona
1081 2794 1203 2845 Filii
1245 2794 1314 2845 ad
1348 2795 1607 2847 Patrem:
1646 2796 1711 2845 In
1736 2812 1935 2845 manus
1960 2798 2103 2846 tuas”

506 2884 816 2932 commendo
849 2884 1104 2948 spiritum
1148 2899 1328 2933 meum
1380 2886 1538 2943 (Psal.
1584 2885 1667 2941 30.
1707 2886 1797 2950 6.).
1834 2888 2102 2952 Sepultus

506 2972 848 3037 perhibetur,
885 2978 942 3024 et
972 2974 1114 3037 lapis
1135 2986 1383 3037 magnus
1407 2976 1705 3039 appositus
1731 2981 1862 3028 ante
1886 2978 2100 3030 ostium

503 3062 882 3114 monumenti.
918 3062 1122 3124 Accipe
1152 3063 1323 3115 etiam
1348 3063 1417 3115 de
1440 3064 1547 3115 hoc
1569 3065 1706 3127 quid
1733 3066 2099 3130 prepheticus

2275 2168 2362 2223 29.
2401 2172 2625 2222 TERTIA
2646 2182 2746 2220 DIE
2768 2180 3150 2221 nnsunnnxn'
3175 2181 3209 2219 Α
3236 2168 3812 2220 Μοιιτυιεᾘθεωτθ-

2212 2260 2418 2311 ctionis
2448 2260 2464 2288 '
2496 2261 2705 2323 quippe
2743 2260 2918 2323 gloria
2935 2259 2993 2309 in
3010 2258 3231 2308 Christo
3257 2256 3590 2307 clariﬁcavit
3614 2268 3810 2319 omne,

2211 2349 2365 2413 quod
2412 2350 2563 2411 prius
2606 2349 2901 2399 inﬁrmum
2947 2350 3003 2399 et
3040 2346 3235 2409 fragile
3270 2346 3586 2396 videbatur.
3622 2345 3682 2397 Si
3710 2346 3814 2396 tibi

2210 2439 2377 2503 paulo
2412 2443 2545 2489 ante
2578 2451 2694 2489 non
2721 2438 3029 2502 putabatur
3056 2449 3185 2487 esse
3208 2435 3497 2500 possibile,
3521 2446 3712 2498 usque
3735 2435 3808 2484 ad

2207 2532 2447 2581 moxtein
2475 2528 2703 2578 venisse
2723 2528 3129 2578 immortalem:
3153 2525 3340 2589 aspice
3360 2538 3530 2585 nunc,
3548 2524 3688 2587 quia
3708 2525 3807 2588 qui

2206 2615 2429 2667 devicta
2456 2611 2568 2683 90
2597 2621 2800 2677 morte,
2827 2614 3209 2665 resurrexisse
3233 2612 3453 2675 dicitur,
3476 2624 3596 2663 non
3615 2615 3807 2675 potest

2205 2717 2333 2755 esse
2356 2705 2628 2756 mortalis.
2658 2706 2763 2756 Sed
2783 2705 3094 2755 bonitatem
3118 2704 3178 2755 in
3200 2704 3307 2754 hoc
3322 2701 3568 2764 intellige
3586 2706 3806 2752 creato-

2203 2794 2300 2855 ris,
2327 2795 2461 2856 quia
2478 2803 2493 2832 ι
2508 2794 2599 2845 ille
2616 2807 2868 2857 eousque
2888 2799 2942 2845 te
2961 2792 3253 2857 sequendo
3271 2792 3804 2854 descendit,usque-

2204 2896 2317 2947 quo
2345 2888 2405 2935 tu
2433 2883 2719 2948 peccando
2736 2885 3521 2948 dejectuses.Neccreatorem
3534 2881 3801 2932 omnium

2202 2975 2385 3025 Deum
2402 2973 2882 3036 impossibilitatis
2898 2972 3314 3034 accuses,utibi
3332 2976 3499 3035 putes
3511 2983 3657 3034 Opus
3671 2970 3801 3033 ejus

2201 3064 2302 3114 cad
2314 3077 2416 3114 uco
2434 3064 2596 3127 lapsu
2616 3064 2869 3128 potuisse
2882 3062 3161 3119 concludi,
3178 3074 3292 3125 quo
3304 3060 3393 3112 ille
3407 3060 3527 3111 salu
3538 3067 3655 3113 tem
3670 3072 3804 3123 ope-

503 3162 602 3214 per
633 3152 935 3203 Jeremiam
974 3148 1087 3219 89
1114 3166 1300 3205 sermo
1325 3154 1656 3217 praedixerit
1688 3170 1700 3206 :
1738 3157 2094 3220 Mortiﬁcave—
2193 3156 2420 3204 ratuius
2459 3154 2752 3217 pervenire
2785 3165 2902 3204 non
2946 3157 3159 3217 posset.
3206 3151 3432 3204 Inferna
3454 3158 3511 3205 et
3539 3167 3793 3219 superna

500 3245 634 3288 runt
671 3241 859 3303 inquit
888 3242 945 3288 in
972 3241 1149 3290 lacum
1173 3244 1341 3291 vitam
1362 3258 1556 3303 meam,
1582 3251 1627 3293 ct
1647 3254 1944 3309 posuerunt
1969 3249 2104 3313 lapi-
2131 3255 2181 3330 ρ
2199 3243 2365 3293 nobis
2391 3244 2677 3306 dicuntur,
2704 3243 2800 3305 qui
2825 3247 2978 3293 certa
3001 3242 3250 3305 corporis
3270 3242 3799 3308 circumscriptione

502 3328 619 3377 dem
641 3344 801 3392 super
822 3345 905 3379 me
924 3331 1141 3393 (Thren.
1169 3332 1219 3385 3.
1243 3330 1367 3393 53.).
1396 3333 1837 3387 Evidentissima
1859 3336 1984 3389 haec
2010 3353 2097 3391 se-

499 3418 748 3482 pulturie
775 3419 901 3483 ejus
924 3419 1133 3470 indicia
1156 3422 1501 3484 prepheticis
1536 3424 1775 3475 vocibus
1800 3425 2101 3490 designata

503 3512 657 3559 sunt.
683 3509 889 3571 Accipe
915 3512 1103 3560 tamen
1128 3516 1183 3560 et
1206 3509 1330 3561 alia.
1362 3512 1405 3561 Α
1436 3520 1729 3575 conspectu,
1754 3515 1958 3578 inquit.
1984 3518 2097 3567 ini-

501 3597 725 3661 quitatis
770 3596 979 3647 ablatus
1007 3603 1077 3646 est
1112 3597 1311 3661 justus,
1346 3605 1391 3647 et
1414 3612 1433 3633 ⁸
1456 3600 1517 3648 in
1554 3617 1683 3665 pace
1714 3610 1783 3651 est
1809 3604 1951 3654 locus
1984 3606 2097 3670 ejus

504 3684 645 3749 (Isai.
692 3684 780 3739 57.
821 3684 910 3747 1.).
946 3687 1015 3736 Et
1042 3684 1174 3737 alibi
1199 3701 1211 3737 :
1252 3688 1316 3735 Et
1348 3687 1483 3737 dabo
1508 3691 1776 3754 malignos
1797 3709 1897 3757 pro
1921 3695 2098 3759 sepul-

503 3780 630 3823 tura
657 3773 770 3838 ejus
799 3775 943 3835 (Isai.
969 3773 1055 3829 53.
1076 3773 1169 3835 9.).
1193 3778 1261 3827 Ει
1290 3777 1428 3828 item
1457 3778 1611 3829 alius
1637 3793 1649 3830 :
1675 3781 1948 3831 Recubans
1970 3783 2098 3833 dor-

500 3863 654 3912 mivit
690 3869 751 3913 ut
782 3863 876 3925 leo,
912 3868 956 3913 et
984 3870 1045 3913 ut
1083 3865 1292 3915 catulus
1319 3866 1656 3934 leonis;quis
1675 3872 1951 3922 suscitabit
1973 3888 2097 3922 eum

502 3953 700 4015 (Genes.
723 3953 809 4007 49.
840 3953 909 4017 9.)
943 3959 965 4003 7

559 4042 648 4097 28.
695 4045 804 4096 Sed
841 4046 1015 4097 etiam
1043 4046 1198 4110 quod
1227 4046 1287 4097 in
1315 4045 1605 4099 infernum
1631 4049 1950 4113 descendit,
1975 4050 2097 4102 evi-

499 4133 697 4185 denter
717 4136 993 4198 pronunci
1012 4141 1125 4187 itur
1145 4140 1208 4187 in
1230 4137 1595 4201 Psalinis,ubi
1618 4138 1785 4190 dicit:
1811 4139 1877 4188 Et
1902 4142 1961 4188 in
1974 4140 2095 4205 pul-

499 4236 674 4271 verem
690 4224 879 4272 mortis
903 4224 1175 4273 deduxisti
1206 4240 1286 4274 me
1309 4226 1472 4290 (Psal.
1500 4223 1586 4279 21.
1614 4225 1739 4289 16.).
1766 4229 1835 4279 Et
1856 4229 2092 4279 iterum:

562 4402 580 4422 ·
610 4391 847 4444 Addunt
857 4392 1087 4456 quidam
1102 4405 1235 4444 cum
1252 4393 1520 4456 Pamelio,
1536 4395 1883 4445 Canticorum
1909 4416 1919 4445 :
1942 4398 2096 4460 quod

498 4463 749 4529 plerique
779 4466 873 4515 alii
916 4470 1124 4527 tacent,
1157 4479 1341 4528 neque
1363 4466 1539 4528 aduit,
1566 4479 1737 4530 quem
1766 4470 1967 4520 Noster
2001 4469 2098 4521 de-

501 4536 715 4598 scribit,
762 4536 1021 4599 Cyr-illus.
1061 4538 1325 4588 Vicissim
1361 4551 1468 4589 nos
1492 4553 1630 4598 mea,
1657 4539 1808 4602 quod
1833 4541 2096 4592 Barraaus

499 4606 630 4670 plus
658 4606 987 4659 habebatad
1010 4622 1221 4660 nomen
1236 4624 1453 4673 sponsa,
1477 4610 1795 4661 delevimus
1819 4612 2094 4663 librorum

499 4685 674 4756 ferme
696 4688 952 4738 omnium
975 4692 1331 4741 auctoritate.
1370 4690 1594 4742 Videsis
1627 4691 1897 4756 Cyrillum
1931 4705 2091 4745 num.

499 4755 569 4811 29
594 4762 651 4808 et
673 4756 757 4811 32.
782 4763 838 4809 et
870 4772 988 4822 seq.

563 4828 584 4857 δ
604 4830 737 4880 Cod.
766 4830 1276 4893 Sangermanensis
1303 4833 1727 4884 Commendabo:
1757 4838 1880 4886 tum
1904 4834 1998 4886 alii
2022 4848 2094 4887 ex

498 4899 687 4964 editis,
730 4900 980 4965 Sepultus
1024 4917 1233 4966 quoque
1273 4903 1582 4968 perhibetur
1614 4912 1658 4955 et
1696 4906 1836 4971 lapis
1857 4921 2096 4971 magnus

495 4974 717 5036 positus,
752 4976 861 5023 etc.
898 4975 1089 5036 Atque
1123 4973 1250 5025 heic
1287 4976 1480 5026 confer
1514 4978 1782 5040 Cyrillum
1818 4991 1976 5028 num.
2005 4976 2091 5032 35.

562 5053 579 5072 '
603 5044 775 5107 Apud
796 5043 959 5105 alios,
992 5052 1037 5093 et
1070 5047 1172 5094 evil
1196 5046 1255 5094 in
1273 5062 1403 5111 pace
1426 5047 1568 5096 locus
1592 5049 1723 5113 ejus,
1751 5057 1801 5100 et
1828 5050 2096 5113 malignos

499 5114 560 5162 in
592 5115 889 5180 sepultura.
926 5117 1056 5167 Mox
1088 5116 1279 5167 Fellus
1312 5118 1652 5179 Recumbens,
1678 5132 1779 5184 pro
1801 5120 2091 5171 Recubans.

498 5186 640 5238 Hmc
662 5188 908 5238 Rutlnus
933 5188 1125 5239 omnia
1146 5187 1216 5238 de
1241 5188 1447 5240 Christi
1471 5192 1766 5254 sepultura
1790 5205 1858 5241 ex
1876 5191 1987 5243 alia
1998 5193 2095 5257 Cy-

498 5258 604 5310 rilli
638 5260 950 5323 Catecbesi,
986 5261 1108 5310 sive
1143 5261 1289 5311 XIV.
1324 5273 1485 5311 num.
1513 5262 1563 5316 3.
1594 5264 1937 5315 transcribit.

563 5329 586 5357 ‘
609 5332 939 5392 Nobiscum,
964 5331 1091 5383 sive
1118 5344 1252 5382 cum
1280 5333 1518 5395 Βάκ-τωο,
1546 5333 1829 5385 Morellius
1853 5339 1909 5385 et
1938 5334 2096 5385 Baiu-

501 5400 625 5452 zius
649 5415 720 5453 ex
745 5404 938 5453 codice
972 5405 1344 5467 Sangerman.
1376 5403 1577 5462 legunt
1602 5420 1614 5455 :
1645 5406 1741 5457 alii
1764 5406 2092 5457 descendisti.

501 5474 647 5524 Tum
662 5478 834 5526 verba
849 5476 907 5522 in
920 5475 1203 5537 infernum
1214 5477 1330 5523 sine
1344 5474 1523 5539 dubio,
1551 5476 1922 5540 desuntapud
1938 5480 2097 5527 Rem-

500 5544 674 5604 bold.,
704 5547 904 5596 Erusm
954 5551 1010 5596 et
1034 5547 1240 5597 Pamel.
1263 5547 1549 5597 Morellius
1574 5548 1633 5596 in
1658 5549 1875 5612 inferno
1902 5548 2092 5600 habet.

561 5628 581 5649 ⁸
602 5618 826 5681 Legunt
860 5618 954 5668 alii
978 5630 1200 5679 omnes,
1232 5618 1530 5680 viviﬁcatus
1565 5628 1745 5668 autem
1784 5620 2002 5682 spiritu.
2029 5620 2096 5669 In

499 5686 633 5749 ipso,
646 5690 740 5748 ait,
751 5690 824 5737 eis
840 5689 936 5753 qui
947 5688 1009 5736 in
1023 5702 1229 5737 carcere
1245 5689 1461 5753 inclusi,
1479 5695 1584 5741 etc.
1600 5691 1775 5741 Nobis
1790 5692 2088 5743 Barraatma

497 5756 681 5822 lectio,
706 5765 762 5811 et
782 5761 857 5813 ad
870 5772 1072 5812 verum
1094 5761 1346 5823 proprior
1368 5761 1621 5827 videtur,
1639 5763 1777 5815 etad
1812 5762 2094 5827 Grecam,

502 5834 804 5891 ζωοποιηθεὶς
827 5833 880 5882 δὲ
909 5836 977 5896 τῷ
1004 5830 1259 5893 πνεύματι.
1292 5836 1373 5885 Ἐν
1469 5836 1554 5886 καὶ
1583 5844 1678 5891 τοῖς
1707 5855 1755 5888 κ.
1781 5854 1824 5887 τ.
1850 5839 1895 5886 λ.

2199 3330 2471 3392 conclusi,
2496 3332 2647 3383 intra
2670 3332 2917 3396 regionis
2946 3332 3297 3396 praescriptas
3327 3333 3492 3383 nobis
3518 3334 3798 3386 terminos

2198 3422 2572 3474 continemur.
2600 3424 2920 3473 Deoautem
2937 3422 3035 3485 qui
3059 3422 3271 3486 ubique
3294 3428 3401 3485 est,
3419 3428 3477 3473 et
3503 3436 3799 3487 nusquam

2197 3511 2376 3572 deest,
2402 3511 2538 3575 quid
2562 3511 2581 3540 "
2611 3510 2899 3563 infernum
2923 3516 3024 3572 est,
3044 3517 3144 3563 aut
3168 3511 3304 3575 quid
3328 3516 3683 3576 supernum?
3704 3516 3798 3565 Ve-

2196 3606 2503 3653 runtamen
2527 3601 2586 3652 in
2618 3602 3016 3666 assumptione
3040 3604 3290 3666 corporis
3312 3602 3478 3654 eti-im
3502 3603 3617 3654 ista
3637 3617 3795 3655 com-

2197 3691 2441 3755 plentur.
2488 3691 2880 3742 Resuscitatur
2909 3703 3066 3755 caro,
3100 3703 3232 3754 qum
3257 3694 3506 3755 reposita
3528 3690 3717 3745 fuerat
3739 3694 3795 3745 in

2199 3779 2548 3845 sepulcro,ut
2570 3782 2793 3845 adimplt
2814 3785 2969 3831 retur
2991 3780 3316 3843 illud,quod
3341 3781 3559 3832 dictum
3590 3790 3675 3833 est
3700 3796 3797 3848 per

2197 3870 2535 3934 Prophetam
2562 3871 2732 3929 :Ouia
2758 3886 2869 3919 non
2900 3869 3050 3919 dabis
3062 3876 3475 3919 sanctumtuum
3492 3872 3797 3922 riderecor-

2195 3960 2505 4023 ruptionem
2545 3959 2703 4023 (Psal.
2740 3958 2819 4013 15.
2854 3959 2974 4023 10.).
3015 3959 3203 4011 Rediit
3226 3973 3358 4024 ergo
3385 3959 3568 4011 victor
3589 3974 3625 4011 a
3644 3975 3797 4014 mor-

2196 4050 2333 4110 tuis,
2358 4049 2564 4100 iuferni
2589 4050 2768 4113 spolia
2792 4062 2991 4101 secum
3018 4049 3266 4101 trahens.
3294 4050 3504 4101 Eduxit
3527 4052 3686 4103 enim
3700 4065 3794 4103 eos

2197 4139 2294 4202 qui
2320 4140 2707 4190 tenebantura
2724 4145 2923 4203 morte,
2941 4141 3090 4190 sicut
3112 4138 3303 4203 etipse
3328 4140 3795 4203 preedixerat.ubi

2195 4229 2277 4280 ait
2301 4244 2313 4279 :
2351 4228 2485 4278 Cum
2509 4229 2775 4278 eacaltatus
2792 4228 2947 4292 fuero
2968 4245 3002 4277 a
3027 4230 3387 4290 terra,omnia
3399 4230 3566 4279 adme
3586 4232 3598 4261 ί
3616 4232 3793 4296 ipsum

2259 4398 2276 4427 τ
2299 4398 2691 4449 Praetermisso
2714 4399 2915 4464 quippe
2934 4398 3225 4459 adverbio,
3252 4398 3403 4462 quod
3422 4403 3479 4450 et
3503 4401 3793 4453 Morellius

2196 4474 2255 4520 et
2279 4469 2556 4520 l’amc-lius
2582 4471 2843 4529 retinent,
2865 4473 3079 4521 habent
3104 4484 3235 4521 cum
3262 4470 3462 4521 iirdem
3486 4471 3603 4534 alii,
3622 4473 3791 4535 gloria

2196 4542 2255 4590 in
2280 4542 2509 4599 Christo,
2527 4556 2683 4590 omne
2707 4542 2850 4605 quod
2872 4544 3025 4606 prius
3049 4543 3337 4602 inﬁrmum
3360 4548 3406 4591 et
3427 4543 3630 4606 fragile
3656 4546 3794 4593 vide-

2197 4613 2374 4673 batur,
2395 4613 2646 4664 absolvit:
2674 4614 2866 4665 minus
2891 4615 3160 4678 equidem
3182 4615 3351 4678 bene;
3372 4619 3497 4666 tum
3514 4616 3793 4665 videbatur

2197 4699 2295 4750 pro
2312 4685 2622 4749 putabatur.

2256 4766 2273 4795 ε
2305 4757 2637 4821 lidem.quia
2653 4771 2883 4822 cousque
2905 4756 2991 4806 ille
3006 4757 3314 4807 miserando
3327 4756 3790 4811 descendit.Paulo

2194 4830 2367 4881 etiam
2388 4832 2532 4892 post,
2551 4828 2610 4877 id
2620 4835 2975 4893 reparaturus
2997 4829 3212 4881 habent
3235 4842 3339 4894 pro
3349 4830 3578 4878 salutem
3602 4846 3791 4896 opera-

2196 4908 2350 4949 turus
2376 4914 2388 4949 :
2416 4900 2665 4963 denique
2692 4901 2855 4951 tertio
2878 4901 2949 4951 ab
2975 4901 3083 4951 hoc
3108 4914 3296 4957 versu,
3312 4902 3459 4950 intra
3466 4904 3789 4967 praescripta:

2196 4972 2346 5022 nobis
2389 4972 2517 5035 legis
2566 4972 2821 5020 terminos
2859 4985 2957 5034 pro
2990 4973 3139 5021 intra
3170 4975 3422 5037 regionis,
3456 4979 3564 5024 etc.
3604 4976 3788 5025 Minus

2194 5050 2344 5095 certe
2378 5044 2521 5093 bene
2538 5042 2821 5107 prioribus
2845 5043 3075 5095 duobus
3109 5045 3265 5101 locis,
3285 5045 3655 5097 tertioautem
3668 5060 3788 5097 om-

2194 5117 2332 5167 nino
2358 5116 2573 5166 vitiose.
2601 5116 2818 5167 Caussa
2842 5115 2995 5179 mali,
3023 5118 3312 5168 Barrteum
3335 5130 3446 5168 non
3461 5117 3788 5168 consuluis—

2195 5199 2276 5239 se.
2310 5188 2551 5238 Ruﬂnus
2590 5186 2715 5238 haec
2745 5192 2802 5238 et
2826 5190 3120 5249 sequentia
3143 5189 3311 5252 paulo
3338 5188 3570 5239 llberius
3596 5202 3670 5241 ex
3689 5191 3790 5253 Cy-

2193 5260 2316 5310 rillo
2334 5259 2857 5311 laudataCatecbesi
2872 5259 3304 5319 XlV,num.4.et
3316 5274 3412 5322 seq
3424 5272 3567 5311 .com
3577 5262 3687 5323 pila
3697 5264 3786 5311 vit.

2256 5329 2277 5359 ¹³
2303 5332 2427 5393 Alii,
2443 5332 2588 5396 quod
2610 5332 2893 5391 infernum
2911 5337 2999 5395 est,
3024 5338 3119 5381 aut
3143 5333 3286 5394 quod
3306 5347 3604 5395 supernum
3629 5339 3786 5398 patet,

2193 5404 2411 5466 absque
2428 5403 2886 5465 interrogationis
2908 5408 3042 5454 nota
3068 5421 3077 5451 :
3109 5410 3252 5464 tum,
3269 5419 3393 5453 caro
3419 5419 3537 5469 quae
3552 5404 3787 5469 deposita

2194 5484 2326 5535 erat,
2364 5481 2421 5526 et
2460 5487 2616 5535 mox,
2665 5475 3071 5538 adimplerelur,
3107 5477 3251 5540 quod
3284 5477 3485 5523 dictum
3507 5487 3596 5536 est,
3622 5480 3787 5529 tacito

2194 5548 2332 5596 illud
2360 5548 2691 5609 pronomine
2715 5562 2727 5595 :
2758 5549 3004 5610 denique
3030 5561 3128 5612 pro
3152 5548 3344 5606 Rediit,
3372 5548 3641 5599 Baluzius
3662 5561 3785 5599 cum

2195 5620 2303 5670 San
2311 5618 2677 5682 germanensi
2701 5617 2826 5669 cod.
2851 5619 3183 5683 Remboldo,
3209 5618 3457 5671 Morellio
3471 5624 3648 5683 atque
3661 5622 3785 5671 Era-

2195 5704 2321 5743 smo
2348 5690 2517 5740 Redit.

2257 5764 2269 5793 ί
2301 5763 2517 5813 Tacent
2549 5761 2730 5825 ipsum
2752 5773 3066 5826 pronomen
3087 5761 3205 5815 alii:
3224 5762 3354 5827 plus
3378 5774 3515 5814 vero
3538 5775 3677 5815 mox
3693 5763 3781 5815 ha-

2196 5834 2494 5898 bent,quia
2515 5840 2889 5895 monumenta,
2920 5841 3030 5889 etc.
3049 5835 3222 5888 Paulo
3246 5838 3378 5899 post
3398 5834 3605 5887 iterum
3624 5836 3782 5888 deha-
