3898 6394
109 370 208 426 365

1067 369 1634 424 COMMENTARIUS
1665 370 1740 423 IN
1779 369 2080 424 SYMBOL.
2113 367 2451 422 APOSTOL.

3295 370 3400 426 366

107 482 317 532 traham
383 480 399 546 (
420 481 587 531 Joan.
634 478 722 535 12.
769 477 894 545 32.).
939 483 1265 534 Attestatur
1287 484 1483 534 autem
1503 481 1574 534 de
1597 482 1706 534 hoc
1720 487 1782 558 Α
1797 481 1819 511 ⁴¹
1849 485 2132 547 soporatus
2151 494 2273 530 sum
2291 484 2344 532 et
2365 479 2675 540 exsurrexi,
2699 479 2967 544 quoniam
2989 479 3261 530 Dominus
3281 496 3402 532 sus-

107 571 495 637 Evangelium,
530 583 666 622 cum
690 569 854 622 dicit:
880 571 1236 621 Monumenta
1265 577 1455 636 aperta
1488 577 1632 633 sunt,
1659 577 1704 622 et

105 661 265 712 multa
279 675 514 726 corpora
524 660 814 710 dormienti
821 675 911 710 um
921 666 1227 710 sanctorum
1243 677 1321 710 res
1328 667 1650 710 iii-redierunt
1663 671 1706 710 et

108 757 476 816 apparuerunt
485 751 669 800 multis
683 756 730 800 et
743 751 968 815 ingressi
977 756 1103 800 sunt
1114 751 1174 800 in
1185 757 1427 802 sanctam
1439 753 1705 801 civitatem

108 841 306 904 (Matth.
338 839 429 896 ‘27.
455 840 595 905 52.):
624 839 782 892 illam
805 840 1377 906 sinedubioingressi
1402 845 1707 890 suntcivita-

107 935 234 994 tem,
246 930 316 982 de
335 941 455 995 qua
467 929 780 996 Apostolus
791 929 930 982 dicit
948 943 960 980 :
981 931 1106 988 Quae
1121 935 1302 980 autem
1313 945 1532 979 sursum
1544 936 1614 979 est
1627 930 1708 980 Je-

106 1019 330 1069 rusalem
363 1019 534 1069 libera
567 1025 654 1082 est,
701 1034 818 1084 quas
865 1025 936 1068 est
971 1025 1146 1068 mater
1171 1020 1421 1068 omnium
1460 1025 1702 1068 nostrum

107 1109 288 1171 (Galal.
337 1108 388 1164 4.
447 1108 576 1173 26.).
605 1109 764 1162 Sicut
795 1112 852 1162 et
869 1109 943 1161 ad
959 1111 1242 1162 Hebraios
1257 1111 1467 1162 iterum
1492 1117 1509 1138 ·
1533 1109 1701 1173 dicit;

109 1197 310 1248 Decebat
323 1199 473 1248 cnim
486 1214 611 1248 eum
621 1204 844 1264 propter
855 1213 1015 1264 quem
1025 1201 1232 1260 omnia,
1242 1215 1339 1263 per
1352 1213 1508 1264 quem
1520 1201 1708 1248 omnia

110 1289 196 1353 qui
211 1289 400 1338 multos
415 1275 558 1352 ﬁlios
569 1289 632 1337 in
649 1287 884 1352 gloriam
899 1289 1224 1349 adduxerat,
1239 1288 1705 1339 auctoremsalutis

110 1393 281 1429 eorum
301 1393 399 1442 per
419 1379 734 1444 passionem
747 1379 1120 1428 consummari
1133 1377 1349 1443 (Heb.2.
1380 1378 1506 1444 10.).
1527 1380 1706 1442 Igitur

114 1473 564 1522 consummatam
573 1469 941 1534 passionibus
952 1481 1183 1521 carnem
1194 1469 1508 1532 humanam,
1519 1484 1633 1530 quas
1647 1471 1703 1518 in

111 1561 338 1612 mortem
355 1559 645 1611 ceciderat
655 1571 754 1624 per
764 1558 1102 1624 protoplasti
1112 1559 1356 1624 lapsum,
1379 1561 1704 1608 resurrectio-

115 1643 194 1694 nis
217 1643 425 1696 virtute
451 1643 543 1715 9|
568 1653 910 1714 reparatam,
927 1647 989 1699 in
1005 1648 1245 1700 dextera
1267 1647 1402 1699 “Dei
1419 1647 1705 1699 sedensin

113 1731 394 1786 altissimis
406 1735 716 1789 collocavit
734 1751 747 1786 :
769 1739 833 1788 ut
845 1742 900 1788 et
909 1736 1218 1802 Apostolus
1235 1736 1375 1788 dicit.
1390 1751 1404 1788 :
1422 1737 1526 1796 Qui
1536 1737 1703 1786 simul

1803 573 1936 636 cepit
1957 586 2040 621 me
2063 569 2207 627 (Psal
2237 607 2250 620 .
2281 567 2372 634 3.).
2397 571 2541 621 Item
2571 568 2634 621 in
2669 569 2806 621 alio:
2855 569 3082 635 Propter
3117 571 3398 620 miseriam

1804 661 2034 725 inopum
2061 666 2105 708 et
2128 659 2386 724 gemitum
2409 673 2714 722 pauperum
2742 673 2890 709 nunc
2926 674 3238 725 exsurgam,
3271 657 3401 708 dicit

1805 749 2071 798 Dominus
2101 748 2259 813 (Psal.
2292 747 2420 811 11.),
2447 749 2516 798 Et
2536 747 2688 809 alibi,
2715 747 2998 813 sicutjam
3023 749 3289 814 superius
3319 747 3403 798 di-

1804 839 2030 891 ximus:
2061 835 2308 898 Domine,
2335 835 2570 885 educcisti
2594 835 2656 885 de
2676 837 2894 901 inferno
2919 837 3172 887 animam
3204 851 3402 902 meam,

1802 926 2022 978 salvasti
2044 941 2127 974 me
2150 940 2186 974 α
2219 924 2649 975 descendentibus
2675 927 2735 974 in
2773 925 3134 988 lacum(Psal.
3173 925 3301 990 ‘29.).
3335 927 3406 979 Et

1803 1015 1865 1067 in
1887 1013 2202 1067 alio‘loco:
2235 1013 2510 1072 Quoniam
2538 1027 2820 1062 conversus
2851 1012 3136 1076 viviﬁcasti
3193 1028 3314 1078 me,,
3358 1018 3408 1063 et

1804 1105 1867 1154 de
1889 1103 2078 1169 abysso
2103 1108 2254 1152 terrae
2299 1102 2766 1152 iterumreduaiisti
2795 1117 2880 1152 me
2906 1101 3069 1164 (Psal.
3111 1101 3242 1167 70.).
3269 1102 3405 1156 Evi-

1804 1193 2141 1247 dentissime
2167 1193 2229 1244 in
2251 1192 2606 1256 octogesimo
2631 1193 2878 1257 septimo
2911 1192 3134 1244 Psalmo
3152 1191 3222 1244 de
3233 1204 3300 1244 eo
3329 1191 3408 1244 di-

1805 1283 1975 1336 citur:
2002 1283 2072 1332 Et
2117 1281 2293 1344 factus
2339 1285 2412 1330 est
2453 1281 2592 1329 sicut
2639 1281 2798 1330 homo
2821 1280 2940 1330 sine
2965 1279 3242 1346 adjuotrio
3266 1279 3408 1328 inter

1803 1380 2042 1424 mortuos
2065 1371 2212 1422 liber.
2239 1372 2364 1423 Non
2386 1369 2533 1422 dixit
2555 1369 2746 1434 homo,
2764 1370 2867 1422 sed
2880 1371 3235 1423 sicuthomo.
3250 1368 3410 1422 Sicut

1801 1463 1974 1515 homo
1999 1461 2153 1514 enim
2176 1457 2547 1525 erat,qui[Al.
2565 1459 2693 1511 add.
2721 1459 2916 1523 etiam]
2935 1458 3314 1512 descenderat
3344 1456 3406 1508 in

1802 1551 2118 1603 infernum:
2145 1548 2248 1600 sed
2271 1549 2420 1600 inter
2443 1543 2556 1614 92
2583 1549 2844 1598 mortuos
2868 1545 3012 1598 liber
3047 1548 3184 1608 erat,
3207 1543 3341 1610 quia
3371 1555 3408 1596 a

1802 1640 1984 1687 morte
2013 1635 2192 1686 teneri
2214 1647 2332 1686 non
2355 1638 2598 1698 poterat.
2637 1635 2709 1685 Et
2733 1633 2862 1685 ideo
2901 1633 2962 1685 in
2999 1633 3108 1697 [At.
3133 1631 3269 1696 una]
3290 1643 3406 1684 uno

1800 1729 2004 1777 natura
2027 1725 2301 1776 humanae
2316 1723 2656 1788 fragilitatis,
2681 1720 2698 1752 '
2717 1722 2778 1774 in
2797 1723 2908 1774 alio
2920 1721 3134 1774 divina
3145 1723 3254 1788 ma]
3263 1723 3408 1773 esta-

115 1824 343 1874 eaccitavit
357 1840 474 1890 nos,
493 1825 768 1891 simulque
780 1827 954 1876 sedere
965 1825 1087 1889 fecit
1102 1827 1162 1876 in
1175 1826 1462 1876 caelestibus
1485 1827 1697 1892 (Ephes.

1807 1815 1876 1868 tis
1903 1818 2158 1880 potestas
2183 1811 2524 1866 estenditur.
2557 1812 2701 1864 Osee
2717 1816 2912 1864 autem
2923 1811 3204 1876 propheta
3231 1810 3406 1863 etiam

115 1911 194 1974 2.).
215 1915 318 1966 Hic
341 1915 500 1968 enim
524 1920 646 1968 erat
669 1916 902 1982 ﬁgulus,
927 1917 1028 1980 qui
1049 1921 1116 1968 ut
1133 1917 1412 1970 Jeremias
1429 1918 1706 1982 propheta

117 2003 284 2069 docet,
327 2006 431 2056 Vas
468 2006 534 2055 de
577 2021 751 2056 manu
790 2021 892 2056 sua
934 2006 1230 2072 collapsum
1277 2013 1324 2056 et
1345 2007 1702 2070 confractum,

117 2109 322 2143 rursum
341 2095 564 2145 elevavit
587 2095 845 2146 manibus
869 2095 1001 2162 suis,
1029 2101 1078 2146 et
1089 2097 1421 2160 reformavit,
1437 2096 1706 2162 sicutpla-

119 2184 214 2232 cuit
254 2197 312 2234 in
360 2190 643 2250 conspectu
685 2185 800 2250 ejus
847 2187 1059 2249 (Jerem.
1112 2186 1238 2252 18.).
1268 2186 1488 2238 Placuit
1507 2191 1704 2238 autem

117 2271 202 2336 ita,
245 2278 307 2326 tit
349 2287 566 2340 corpus
596 2275 752 2340 quod
780 2278 1020 2328 mortale
1035 2280 1094 2328 et
1118 2275 1482 2342 corruptibile
1506 2289 1704 2328 susce—

119 2366 278 2428 perat,
307 2363 377 2416 de
403 2363 652 2430 sepulcri
676 2371 835 2429 petra
862 2367 1146 2425 levatum,
1177 2371 1234 2418 et
1265 2366 1586 2418 immortale
1613 2369 1706 2416 at-

121 2464 218 2515 que
259 2453 689 2520 incorruptibile
729 2456 1018 2520 eil‘ectum,
1057 2435 1179 2520 jam
1205 2469 1324 2508 non
1349 2457 1411 2508 in
1431 2463 1573 2508 terre
1591 2457 1700 2508 nis.

122 2543 211 2594 sed
231 2545 287 2596 in
317 2545 659 2597 caelestibus
683 2547 742 2596 et
765 2545 946 2596 Patris
963 2549 1198 2597 dextera
1220 2555 1237 2576 ε
1260 2545 1566 2598 collocarit.
1585 2548 1701 2598 Ple-

121 2646 203 2686 nai
249 2640 380 2686 sunt
413 2635 510 2686 his
540 2637 914 2688 sacramentis
938 2635 1244 2700 Scriptores
1273 2639 1481 2687 veteris
1505 2637 1703 2688 Testa-

122 2724 296 2776 menti.
325 2725 532 2776 Nullus
551 2738 724 2788 super
735 2725 846 2776 hoc
861 2722 1156 2788 propheta,
1177 2725 1372 2776 nullus
1393 2725 1586 2789 legisla
1595 2730 1700 2789 tor,

123 2819 212 2865 aut
240 2818 712 2880 psalmographus
737 2814 908 2876 siluit,
935 2817 1036 2866 sed
1061 2814 1252 2866 omnis
1267 2827 1412 2879 pene
1437 2827 1600 2868 sacra
1630 2815 1702 2867 de

123 2902 202 2954 liis
223 2907 423 2970 pagina
437 2905 692 2969 loquitur
709 2920 722 2956 :
740 2906 868 2957 ideo
889 2905 1244 2969 superﬂuum
1263 2906 1482 2957 videtur
1497 2917 1702 2957 immo-

123 2998 217 3044 rari
241 3007 343 3046 nos
365 2999 436 3046 ad
460 2996 866 3060 congreganda
893 3001 1235 3047 testimonia.
1275 2998 1460 3047 Pauca
1507 3002 1700 3047 tamen

122 3082 411 3135 admodum
436 3097 741 3150 ponemus,
765 3089 838 3135 ad
861 3086 1018 3148 ipsos
1043 3084 1230 3136 fontes
1255 3084 1582 3136 divinorum
1601 3099 1697 3138 vo-

122 3172 383 3226 luminum
403 3175 764 3228 remittentes
791 3187 911 3240 eos,
950 3175 1048 3240 (ιυὶ
1072 3182 1266 3240 potare
1304 3177 1695 3228 abundantius

124 3263 354 3328 cupiunt.

174 3350 251 3408 30.
279 3354 422 3406 Dicit
453 3366 593 3419 ergo
615 3354 809 3406 statim
829 3355 893 3406 in
915 3353 1186 3406 Psalmis:
1219 3354 1333 3418 Ego
1372 3355 1615 3406 dormivi
1651 3363 1700 3406 ct

123 3523 243 3576 bent
269 3525 330 3573 in
349 3524 836 3590 prmpositionem,
852 3525 948 3576 ubi
960 3525 1169 3578 dicitur
1183 3526 1244 3574 in
1257 3531 1503 3576 sanctam
1515 3527 1701 3576 civita-

124 3598 235 3654 tem;
257 3596 496 3662 denique
523 3603 860 3661 sequenttm
887 3600 1194 3649 verborum
1221 3598 1561 3663 pericopem.
1583 3601 1700 3650 sine

124 3667 262 3717 dubio
274 3670 495 3734 ingrcssi
511 3676 639 3718 sunt
653 3671 943 3734 civitatem,
962 3682 1133 3734 quam
1150 3681 1208 3722 et
1221 3672 1434 3722 Moi'elli
1445 3686 1509 3722 us
1526 3675 1698 3724 habet

124 3744 170 3788 et
187 3746 299 3792 cod.
327 3755 842 3808 sangei-manensis
869 3745 1116 3804 (tantum
1139 3755 1290 3806 quod
1319 3749 1564 3792 sanctam
1595 3757 1696 3808 pro

123 3816 232 3859 sunt
257 3814 400 3878 legit)
427 3815 525 3864 alii
563 3826 796 3878 prorsus
827 3813 1110 3878 ignorant,
1153 3816 1303 3877 vitio,
1348 3819 1414 3866 ut
1451 3817 1694 3880 videtur,

125 3889 356 3935 veterum
379 3889 760 3947 librariorum,
787 3897 882 3948 qui
897 3885 1134 3936 SULmnl
1150 3887 1331 3949 lapsu,
1349 3899 1528 3948 quum
1541 3887 1696 3940 idem

125 3958 338 4006 verbum
371 3959 630 4017 recurrit,
662 3959 1000 4008 inter-inedia
1017 3959 1308 4008 omittunt.

175 4033 191 4052 ⁸
220 4033 400 4090 Atque
424 4029 552 4080 licio
579 4029 777 4077 iterum
809 4031 922 4089 alii,
945 4030 1203 4094 exceptis
1228 4029 1455 4080 Baluzio
1479 4041 1552 4081 ex
1564 4030 1690 4082 cod.

125 4095 484 4162 Sangerman.,
526 4101 836 4150 Remboldo
867 4105 925 4152 et
951 4104 1218 4162 Morelilu,
1249 4105 1438 4152 tacent
1481 4103 1694 4153 'l‘acent

124 4178 238 4238 vero
260 4171 495 4224 hietiam
512 4187 640 4222 eum
651 4184 984 4237 pronomen,
1003 4175 1156 4238 quod
1173 4178 1450 4238 sequitur,
1484 4180 1693 4226 caetera

123 4236 313 4304 legunt,
336 4251 380 4293 et
390 4261 487 4309 per
507 4236 665 4308 quem
681 4247 887 4306 omnia,
902 4236 1096 4295 multos
1111 4245 1251 4308 filios
1263 4247 1324 4294 in
1334 4236 1569 4310 gloriam
1591 4249 1692 4296 ad-

123 4311 388 4387 ducentem.
438 4321 614 4368 Paulo
667 4325 798 4382 post
837 4331 939 4383 pro
975 4320 1284 4382 passionem
1309 4318 1684 4371 cedicesMSs.

124 4381 460 4440 Rembmdus.
483 4381 756 4440 erasmus
767 4381 1061 4454 passiones,
1082 4389 1406 4454 praeferunt.
1423 4393 1568 4442 Tum
1577 4395 1692 4453 jun-

125 4456 215 4528 etis
228 4465 280 4510 et
298 4462 590 4513 codicibus
617 4464 751 4514 Mss.
783 4472 841 4515 et
867 4468 1057 4515 vetere
1075 4465 1324 4515 editione
1357 4466 1686 4528 Oxoniensi,

125 4526 709 4590 Igiturcousummatam
720 4535 1064 4600 passionibus
1074 4550 1312 4596 carnem,
1323 4543 1411 4600 atq
1421 4553 1482 4586 ue
1496 4538 1556 4586 in
1572 4526 1692 4587 eam

123 4605 406 4689 prLotoplasti
430 4606 646 4671 lapsum
677 4610 1086 4658 resurrectionis
1121 4609 1316 4658 virtute
1351 4615 1689 4674 reparatum.
1723 4615 1774 4689 D

155 4673 196 4752 "'
224 4679 608 4752 nlirplerique
653 4693 876 4745 omnes,
919 4683 980 4730 in
1024 4682 1242 4730 dextera
1262 4673 1691 4734 sedis’Deiattis-

127 4748 234 4794 simi
253 4749 542 4816 collocavit;
568 4753 713 4801 unde
733 4759 780 4801 et
801 4752 1104 4817 Apostolus,
1130 4763 1237 4804 etc.
1256 4765 1271 4815 ;
1296 4754 1494 4806 minus
1517 4763 1689 4812 recte.

129 4817 410 4897 Placuisset
431 4825 605 4876 etiam
628 4827 857 4877 Baluzio
880 4827 1065 4889 magis
1089 4827 1214 4877 cod.
1242 4831 1690 4889 s‘angermanen-

129 4895 194 4939 sis
209 4895 358 4946 lectio
377 4897 438 4944 in
465 4897 762 4949 altissimis.
799 4898 933 4950 Mox
971 4899 1146 4950 iidem
1189 4899 1566 4949 consuscitavit
1593 4901 1692 4954 ha-

129 4958 243 5013 bent
258 4979 348 5028 pro
369 4970 632 5022 excitavit.

177 5042 194 5062 '
217 5037 383 5092 Iidem
427 5043 716 5096 collocaret.
751 5043 929 5093 Plenas
949 5049 1077 5092 sunt
1115 5042 1176 5093 de
1202 5045 1288 5093 his
1309 5046 1688 5098 sacramentis:

129 5103 169 5183 (ᾖ
190 5120 310 5161 mox
331 5129 487 5178 super
521 5116 605 5164 his
641 5119 926 5178 PrOplteta,
953 5123 1060 5168 etc.
1087 5119 1340 5180 Denique
1357 5127 1526 5183 piulo
1541 5123 1689 5183 post,

130 5175 288 5252 Pauca
311 5175 503 5246 tamen,
526 5193 574 5236 et
605 5175 902 5238 admodum
914 5175 1106 5252 pauca
1126 5175 1408 5252 perterritis,
1435 5195 1542 5241 etc.

179 5251 313 5304 ‘Pro
333 5265 608 5321 saporatus
634 5275 775 5322 sum,
820 5265 868 5308 et
907 5251 1189 5309 enarravi
1229 5259 1322 5312 alii
1366 5251 1600 5324 habent,
1648 5266 1693 5310 et

129 5331 350 5399 somnum
373 5343 518 5394 εωρι,
538 5337 584 5380 et
604 5331 882 5381 resurrexi
905 5346 917 5382 :
956 5332 1080 5383 cod.
1113 5337 1484 5396 Sangarinum.
1507 5347 1693 5382 surre-

132 5403 202 5468 ἔξω,
221 5403 273 5446 et
295 5411 422 5450 mox
452 5405 714 5468 suscipiet,
743 5418 842 5468 pro
869 5409 1114 5468 suscepit.
1142 5407 1286 5455 'l‘uiii
1322 5419 1438 5457 una
1472 5417 1689 5468 omnes,

133 5463 315 5541 “entia
337 5474 446 5522 alio
471 5463 710 5541 habent,
733 5463 779 5525 ἐι
799 5478 995 5525 iterum
1014 5463 1080 5525 in
1105 5477 1214 5526 alio
1235 5477 1362 5528 loco.

155 5539 601 5620 ,δεκυμωίὶωυδ
644 5539 772 5608 toeo,
816 5553 970 5610 quod
1009 5549 1347 5611 addebatur,
1381 5552 1440 5600 et
1479 5547 1692 5599 rectius

136 5603 242 5661 libri
277 5603 366 5667 alii
402 5619 680 5683 ignorant.
716 5603 985 5672 Vicissim
1017 5621 1182 5685 paulo
1209 5603 1345 5686 post
1366 5619 1693 5672 addidimus

139 5687 307 5749 autem,
339 5692 489 5752 quod
514 5693 728 5746 deerat:
767 5698 826 5746 et
847 5693 1022 5756 factus
1053 5708 1176 5742 sum
1211 5707 1313 5758 pro
1345 5699 1416 5742 est
1447 5691 1694 5758 legimus

137 5759 428 5814 eorumdein
449 5769 796 5819 auctoritate.

190 5824 206 5859 ‘
223 5829 410 5898 Verba,
433 5836 494 5886 in
524 5838 633 5890 alio
676 5839 876 5889 divinae
901 5837 1212 5902 majestatis,
1257 5849 1391 5902 quae
1430 5835 1690 5898 deerant,

1805 1905 1875 1957 de
1903 1905 2068 1957 tertia
2091 1904 2181 1956 die
2211 1901 2680 1955 manifestissime
2712 1901 3055 1967 pronunciat
3079 1900 3190 1954 hoc
3211 1899 3403 1952 modo.

1805 1993 2055 2056 Sanabit,
2077 1993 2280 2058 inquit,
2303 2007 2400 2042 nos
2417 1997 2534 2057 post
2556 1991 2808 2042 biduum:
2836 1991 2896 2040 in
2921 1990 3006 2040 die
3041 1995 3222 2040 autem
3245 1989 3404 2040 tertia

1802 2097 2145 2148 resurgemus
2189 2087 2236 2132 et
2272 2082 2508 2132 vivemus
2552 2083 2617 2130 in
2662 2085 2941 2146 conspectu
2990 2079 3104 2144 ejus
3147 2080 3286 2144 (Osee
3308 2078 3402 2142 6.).

1803 2175 1942 2226 Haec
1969 2177 2166 2225 autem
2194 2185 2266 2223 ex
2290 2183 2536 2236 persona
2558 2183 2756 2222 eorum
2801 2168 2958 2234 dicit,
2995 2171 3096 2232 qui
3118 2178 3250 2218 cum
3273 2165 3401 2230 ipso

1803 2263 1892 2315 die
1919 2264 2084 2314 tertia
2102 2267 2486 2324 resurgentes,
2517 2259 2587 2312 de
2612 2263 2796 2310 morte
2816 2261 3158 2310 revocantur
3195 2253 3270 2306 ad
3313 2251 3402 2305 vi-

1803 2357 1941 2404 tam.
1968 2353 2036 2402 Et
2058 2351 2168 2415 ipsi
2197 2355 2354 2412 suiit,
2378 2349 2478 2412 qui
2497 2348 2724 2399 dicunt:
2749 2347 2847 2397 Die
2871 2345 3026 2395 tertia
3040 2353 3398 2405 resurgemus,

1801 2448 1849 2492 et
1888 2443 2122 2490 vivemus
2179 2455 2243 2488 in
2283 2444 2559 2503 conspectu
2591 2437 2706 2502 ejus
2745 2436 2858 2499 (Ose
2898 2435 2988 2500 6.).
3019 2435 3218 2485 Esaias
3260 2441 3399 2483 vero

1801 2536 1996 2597 aperte
2019 2529 2185 2580 dicit:
2216 2529 2319 2588 Qui
2339 2538 2355 2566 ι
2385 2527 2573 2577 eduxit
2597 2527 2658 2576 de
2677 2532 2822 2576 terra
2835 2533 3109 2590 pastorem
3133 2533 3401 2585 magnum

1803 2621 1988 2670 ovium
2011 2619 2152 2684 (Elia.
2179 2615 2420 2692 63,11).
2447 2615 2556 2668 Sed
2601 2618 2756 2680 quod
2793 2621 2851 2666 et
2881 2615 3149 2666 mulieres
3191 2614 3403 2663 visum

1801 2715 2000 2763 essent
2026 2709 2500 2761 resurrectionem
2521 2708 2666 2770 ejus,
2689 2704 2968 2756 Scribiset
2993 2705 3301 2754 Pharismis
3343 2702 3404 2752 et

1801 2801 2008 2868 populo
2032 2812 2151 2851 non
2175 2799 2444 2850 credente
2479 2796 2583 2861 [Αι.
2631 2793 3030 2857 credentibus],
3078 2797 3250 2844 etiam
3291 2789 3402 2842 hoc

1800 2891 2067 2956 praedixit
2091 2889 2288 2940 Esaias
2311 2888 2404 2939 his
2424 2887 2641 2938 verbis:
2668 2884 2936 2942 Mulieres,
2957 2877 3130 2946 quie‘a
3149 2880 3343 2930 venitis
3361 2893 3398 2927 α

1799 2980 2111 3045 spectaculo,
2136 2979 2332 3028 venite:
2357 2992 2471 3026 non
2493 2975 2640 3026 enim
2667 2981 2736 3022 est
2755 2972 2993 3038 pOpulus
3024 2969 3222 3020 habens
3251 2966 3402 3016 intel-

1799 3070 1990 3118 lectum
2043 3071 2184 3132 (lsat.
2246 3066 2334 3120 ‘27.
2371 3065 2494 3128 11.).
2543 3063 2652 3114 b’ed
2703 3062 2875 3113 etiam
2905 3059 3010 3124 [Αι.
3045 3057 3122 3122 et]
3169 3056 3243 3108 de
3291 3055 3404 3106 illis

1803 3159 1824 3188 "
1840 3157 2194 3218 mulieribus,
2209 3167 2342 3220 quae
2365 3159 2491 3219 post
2507 3154 2984 3204 iesurrectioncm
3001 3147 3316 3212 peri'eiiisse
3327 3143 3402 3196 ad

1802 3250 2132 3315 sepulcrum
2155 3247 2442 3298 dicantur:
2459 3250 2517 3296 et
2543 3241 2824 3307 quaesisse
2847 3252 3001 3302 eum,
3027 3241 3084 3288 et
3109 3249 3226 3287 non
3245 3238 3398 3286 inve-

1799 3341 1978 3402 nisse,
2005 3343 2156 3389 Sicut
2177 3340 2248 3388 de
2271 3335 2446 3387 Mai-ia
2479 3334 2830 3398 Magdalene,
2865 3341 2998 3394 quae
3021 3327 3261 3379 refertur
3299 3336 3400 3377 ve-

1799 3509 2132 3563 suﬂ‘ecimus
2156 3521 2229 3560 ex
2256 3506 2384 3559 aliis
2405 3505 2583 3569 libris,
2610 3515 2856 3568 quorum
2884 3505 3095 3577 tamen
3125 3497 3402 3577 plerique,

1797 3589 2053 3646 exceptis
2098 3581 2312 3632 scilicet
2345 3582 2612 3642 Pometio,
2655 3574 3030 3646 r‘robenioet
3067 3580 3257 3646 vetere
3280 3570 3402 3646 edi-

1798 3642 1972 3718 tione,
1993 3655 2233 3705 verbum
2253 3657 2498 3717 potestas,
2513 3652 2669 3714 quod
2689 3645 3084 3709 subsequitur,
3107 3642 3398 3694 omittunt.

1796 3728 2218 3790 Resci-ipsimus
2239 3735 2417 3775 etiam
2440 3736 2610 3788 paulo
2632 3724 2766 3785 post
2783 3721 3142 3793 praenuntiat,
3166 3727 3268 3793 pro
3281 3726 3403 3793 pro.

1795 3785 2034 3847 nuntiat.
2063 3801 2236 3848 Porro
2258 3795 2386 3846 haec
2416 3785 2662 3845 Rutilius
2703 3793 2776 3842 ab
2815 3789 3022 3854 Uyriilo
3045 3785 3398 3851 compilavit,

1794 3870 2046 3922 maxime
2062 3882 2198 3921 vero
2213 3876 2359 3920 Usee
2377 3865 2793 3926 testiinonium,
2811 3871 2870 3914 et
2885 3874 3056 3926 quem
3067 3859 3148 3911 illi
3163 3865 3400 3910 senSum

1796 3948 1837 3994 ω
1848 3943 2060 4078 ibi:
2069 4010 2209 4063 alios
2220 4010 2391 4059 educit
2396 4007 2570 4072 ,quod
2583 4006 2846 4072 proprius
2853 4007 2945 4078 est
2953 4005 3122 4053 Graeco
3135 4000 3397 4078 ἀναγαγῲν

1794 4089 1847 4139 S.
1875 4073 2031 4138 Pa'uli
2052 4087 2228 4149 Epist.
2255 4083 2327 4134 ad
2352 4085 2628 4134 Hebraeos
2663 4081 2810 4132 λιιι.
2839 4075 2929 4131 ‘21.
2973 4081 3038 4126 ut
3077 4073 3397 4124 econti-ario

1791 4161 1980 4210 eduxit
2002 4157 2264 4222 proprius
2293 4159 2360 4221 τῷ
2386 4155 2548 4206 Isaiae
2569 4149 2886 4207 ἁναϐιϐάςας.
2912 4149 3134 4198 scilicet
3176 4157 3250 4196 ex
3274 4154 3398 4194 am-

1795 4221 2515 4295 bobus,’quemadmoduni
2526 4226 2729 4278 edituri
2747 4221 3178 4295 tiyriiliaiiorum
3189 4229 3394 4278 operum

1791 4293 2348 4372 probeiatinotatum
2397 4303 2504 4361 est,
2534 4301 2595 4350 'l‘.
2648 4296 2892 4372 Cyrinus
2955 4293 3080 4372 sive
3140 4301 3394 4372 memorias

1791 4365 1976 4442 lapsu,
2007 4374 2130 4427 sive
2159 4373 2412 4425 etiamde
2425 4371 2730 4432 industria,
2744 4367 3048 4419 lectionem
3063 4365 3395 4442 hancstiam

1792 4432 2190 4501 concinnawt:
2245 4448 2493 4495 Hunnus
2537 4455 2611 4494 ex
2635 4454 2702 4492 eo
2726 4444 2895 4500 bona,
2922 4444 2987 4488 ut
3013 4436 3229 4494 aiaunt,
3263 4432 3395 4492 nde,

1794 4519 2169 4582 transcripsit.
2185 4518 2372 4566 Habet
2401 4516 2600 4566 Esaias
2633 4515 2660 4564 ό
2692 4509 3002 4583 ἀναϐιϐάσας
3026 4503 3084 4583 ἐξ
3104 4510 3188 4583 τῆς
3210 4502 3395 4583 θαλάστ

1798 4611 1886 4654 σης
1909 4594 1992 4642 τὸν
2039 4579 2250 4654 ξτοιμένα
2278 4596 2372 4638 τῶν
2416 4586 2678 4652 προϐάτων
2709 4602 2724 4634 :
2751 4582 2876 4654 Qui
2919 4579 3106 4629 eduxit
3134 4579 3213 4654 de
3247 4579 3394 4623 mari

1795 4651 2064 4730 pastov-e-m
2103 4651 2304 4711 ovium.
2375 4651 2800 4721 Quramquaméit
2849 4659 2933 4730 ⁴ςῆις
2979 4657 3068 4717 γῆς
3100 4651 3172 4730 Δ(16
3229 4653 3392 4730 terra,

1795 4723 2022 4788 codices
2045 4734 2142 4786 alii
2163 4738 2220 4784 et
2237 4737 2432 4785 Patres
2445 4731 2712 4796 permulti
2732 4726 3058 4790 praeferunt.
3081 4723 3394 4796 Apostolus

1792 4811 1983 4871 habet,
2015 4810 2042 4858 ὁ
2067 4803 2328 4872 ἀναγαγὼν
2353 4800 2410 4856 ἐκ
2438 4794 2618 4871 ὗεχρῶν
2649 4804 2733 4852 τὸν
2763 4801 2975 4864 ποιμένα
3002 4806 3097 4848 τῶν
3133 4794 3392 4862 προϐάτων

1792 4884 1874 4933 τὸν
1901 4882 2054 4947 μέγαν
2085 4893 2098 4930 :
2133 4881 2236 4938 Qui
2259 4878 2434 4927 educit
2466 4878 2528 4926 de
2576 4875 2804 4954 mortuis
2823 4879 3095 4938 pastorem
3128 4879 3394 4954 magnum

1795 4942 1996 5004 ovium.
2027 4953 2245 5002 Dicitur
2267 4951 2392 5002 heic
2425 4961 2654 5013 quoque
2687 4942 2744 4997 ἐκ
2768 4951 2854 5008 τῆς
2881 4951 2969 5009 γῆς
2994 4955 3092 5008 pro
3137 4942 3194 4990 ἐκ
3212 4945 3392 5004 νεκρῶν

1793 5029 1854 5078 in
1878 5027 2172 5076 nonnullis
2201 5023 2514 5084 cedit-ibus,
2535 5029 2592 5072 et
2613 5021 2877 5070 Patribus
2897 5017 3024 5080 legi.
3054 5016 3266 5065 Saltem
3289 5017 3393 5061 ita-

1796 5111 1907 5162 que
1955 5099 2092 5146 illud
2144 5110 2412 5159 magnum
2452 5093 2716 5158 Cyrinus,
2763 5103 2836 5141 ex
2887 5103 3069 5152 eoque
3095 5087 3296 5138 Noster
3317 5093 3391 5132 ex

1794 5174 2067 5235 Apostoto
2087 5168 2326 5219 addidit.

1857 5251 1878 5281 ¹¹
1901 5249 2162 5301 Reticeiit
2196 5247 2290 5298 alii
2322 5246 2665 5296 mulieribus:
2702 5247 2827 5296 tum
2862 5242 2921 5294 in
2965 5245 3118 5293 recto
3153 5239 3390 5299 habent,

1793 5323 2126 5373 sicuti-warm
2137 5321 2464 5383 Magdalena
2482 5323 2853 5383 (quamquam
2868 5316 3024 5366 istud
3041 5322 3390 5376 cognomen-

1793 5404 1913 5448 tuui
1946 5393 2070 5445 cod.
2100 5397 2576 5456 Sangermaiiens.
2609 5387 2982 5449 Remboldus,
3007 5387 3306 5456 Erasmus,
3332 5384 3391 5432 et

1793 5467 2081 5519 Morellius
2098 5453 2375 5529 ignorant)
2399 5463 2634 5526 refertur
2665 5461 2880 5510 venisse.
2908 5459 3042 5510 Mox
3063 5459 3176 5506 duo
3194 5453 3388 5529 verba,

1791 5541 1888 5606 qui
1913 5528 2163 5602 aderant,
2198 5535 2528 5587 suil'ecimus
2551 5533 2792 5584 aliorum
2825 5531 3180 5607 auctoritate,
3333 5528 3392 5607 et

1791 5595 1954 5664 istaec
1977 5615 2035 5662 in
2059 5595 2318 5661 subnexo
2343 5607 2645 5680 Scriptura
2662 5595 3391 5680 testimonigquemd‘ilemit

1793 5689 1988 5736 anima
1998 5683 2190 5732 meain
2203 5678 2672 5745 noctibusquesivi
2682 5693 2822 5739 eum,
2837 5683 2943 5730 etc.
2963 5678 3182 5729 Locum
3207 5673 3392 5745 Esaia;

1789 5771 1832 5812 n
1855 5757 2106 5810 eundem
2130 5767 2368 5808 sensum
2385 5740 2628 5819 Cyl-illus
2650 5751 2898 5817 adlegat,
2925 5761 2999 5803 ex
3022 5760 3139 5813 quo
3165 5740 3390 5798 Nosteri

1793 5829 2080 5884 delibavit.
2109 5829 2236 5879 Vid.
2271 5839 2432 5879 num.
2455 5826 2539 5880 14.
