3898 6422
489 465 593 523 367

1517 466 1763 518 RUFINI
1795 465 2287 527 AQUILEIENSIS
2321 466 2759 519 PRESBYTERI

3670 470 3759 526 368

483 587 644 635 nlsse
674 580 747 632 ad
779 584 1220 632 monumentum
1252 581 1383 630 ante
1399 579 1605 639 lucem,
1630 584 1689 631 et
1705 593 1819 631 non
1841 585 2075 631 invento
2108 585 2158 656 Α
2187 582 2315 640 Quis
2337 588 2407 631 est
2430 583 2523 631 iste
2554 597 2653 631 rea:
2673 582 2895 647 gloriae?
2916 582 3181 632 Dominus
3202 583 3361 647 fortis
3383 591 3430 633 et
3455 585 3760 649 potens,Do—

487 685 576 736 eo,
599 672 745 723 flens
770 670 981 722 dixisse
1011 671 1080 721 ad
1107 669 1341 734 angelos
1365 669 1464 732 qui
1493 669 1760 721 aderant:
1789 670 1931 728 Quia
1946 670 2078 718 tute-

483 766 614 810 runt
637 761 952 819 Dominum,
988 766 1032 808 et
1053 760 1224 809 nescio
1254 759 1344 807 ubi
1381 764 1679 823 posuerunt
1728 774 1852 807 eum
1895 759 2072 822 (Joan.

482 847 617 911 20.):
667 850 838 900 etiam
883 848 953 899 de
997 848 1104 899 hoc
1136 847 1218 898 ita
1242 847 1568 910 praedicitur
1590 847 1649 897 in
1673 846 1913 897 Canticis
1936 848 2079 897 Can-

482 938 725 990 ticorum
744 953 756 988 :
776 938 842 987 In
867 936 1028 986 cubili
1061 951 1176 986 meo
1200 937 1418 1000 quaesivi
1443 951 1602 1000 quem
1648 936 1835 985 dilexit
1880 937 2078 984 anima

478 1028 710 1078 meazin
734 1026 972 1076 noctibus
1018 1026 1237 1090 quaesivi
1281 1041 1405 1074 cum
1438 1032 1483 1073 et
1522 1040 1637 1074 non
1679 1026 1866 1074 inveni
1892 1026 2068 1088 (Cant.

482 1115 571 1180 3.).
598 1118 679 1168 De
701 1115 811 1167 illis
836 1128 1083 1180 quoque,
1108 1117 1220 1180 [Αἱ.
1247 1115 1398 1179 quae]
1424 1115 1519 1177 qui
1548 1115 1896 1167 invenerunt
1924 1128 2074 1175 eum,

484 1209 542 1258 et
571 1208 877 1258 tenuerunt
905 1205 1080 1270 pedes
1098 1206 1238 1269 ejus,
1257 1204 1655 1269 praediciturin
1682 1204 1929 1255 Canticis
1944 1206 2078 1255 Can-

480 1294 748 1348 ticorum.
807 1294 1001 1344 Tenebo
1032 1309 1170 1355 eum,
1211 1298 1257 1342 et
1292 1308 1405 1343 non
1452 1292 1725 1342 dimittam
1750 1308 1891 1353 eum,
1917 1308 2077 1357 quem

480 1383 670 1434 dilexit
692 1384 794 1448 [Αἰ.
832 1383 1110 1446 dilexerit]
1136 1384 1327 1432 anima
1351 1398 1471 1432 mea
1498 1382 1653 1447 (Ibid.
1678 1383 1748 1446 4).
1775 1383 1914 1435 Ηωο
1932 1382 2076 1433 inte-

474 1473 583 1525 rim
616 1486 797 1539 pauca
840 1472 911 1524 de
955 1472 1182 1524 multis:
1208 1482 1226 1502 ·
1266 1472 1531 1525 brevitati
1564 1473 1715 1525 enim
1755 1474 2073 1535 studentes,

472 1561 637 1627 plura
660 1574 994 1615 coacervare
1018 1575 1136 1613 non
1159 1574 1491 1627 possumus.

555 1647 670 1720 93
698 1650 760 1706 31
771 1687 783 1699 .
802 1654 999 1704 ASCBN
1008 1663 1102 1702 on‘
1114 1663 1192 1702 AD
1203 1651 1224 1679 δ
1237 1662 1443 1704 cas-1.05
1455 1662 1643 1702 super
1657 1664 1735 1703 AD
1747 1662 2076 1702 DBXTBRAM

472 1762 711 1802 PATRIS:
727 1763 869 1802 INDE
883 1763 1163 1803 VENTURU
1173 1762 1203 1802 S
1216 1762 1325 1802 EST
1335 1761 1630 1802 JUDICARE
1642 1762 1824 1802 VIVOS
1836 1763 1909 1801 ET
1922 1762 2076 1802 MOE-

475 1851 648 1894 TUUS.
691 1839 1076 1903 Consequenti
1113 1840 1392 1891 brevitate
1421 1841 1482 1891 in
1506 1841 1618 1892 fine
1644 1842 1924 1893 sermonis
1938 1840 2065 1892 hanc

2178 674 2363 725 minus
2412 679 2598 739 potens
2640 673 2699 719 in
2722 673 2905 736 praelia
2934 672 3091 737 (Psal.
3120 672 3246 727 ‘23.).
3269 674 3409 733 Quae
3433 686 3552 725 vox
3582 676 3758 737 utique

2176 779 2293 818 non
2315 768 2540 829 propter
2557 762 2875 815 divinitatis
2901 763 3233 827 potentiam,
3248 762 3347 813 sed
3371 766 3605 827 prOpter
3616 765 3754 815 novi-

2176 858 2354 908 tatem
2371 853 2560 906 carnis
2577 852 2941 904 ascendentis
2974 852 3046 903 ad
3083 851 3491 903 Deidexteram
3527 855 3761 901 ferebatur

2177 947 2322 996 Dicit
2354 953 2407 996 et
2429 940 2684 1012 διὶϋὶθά
2711 942 2863 994 idem
2890 941 3101 993 David:
3125 942 3375 990 Ascendit
3407 941 3545 990 Deus
3591 942 3649 990 in
3682 943 3760 1005 ju-

2175 1035 2445 1099 bilalione,
2476 1041 2520 1085 et
2547 1033 2813 1083 Dominus
2834 1032 2894 1079 in
2924 1045 3040 1079 voce
3064 1029 3194 1078 tubae
3220 1030 3379 1091 (Psal.
3406 1029 3532 1092 46.).
3549 1032 3615 1081 In
3632 1042 3758 1082 voce

2176 1129 2384 1181 etenim
2402 1127 2554 1177 tubae
2578 1136 2702 1173 mos
2723 1125 2810 1171 est
2836 1120 3107 1171 victorem
3135 1119 3314 1170 redire
3342 1118 3414 1170 de
3449 1119 3662 1182 praelia.
3691 1120 3761 1170 De

2175 1221 2297 1283 ipso
2345 1227 2576 1280 quoque
2597 1224 2615 1251 ι
2663 1218 2713 1262 et
2752 1209 2893 1261 illud
2921 1209 3155 1259 dicitur:
3191 1208 3295 1266 Qui
3315 1208 3545 1271 aediﬁcat
3572 1208 3626 1255 in
3653 1208 3761 1257 caelo

2176 1308 2537 1359 ascensionem
2584 1316 2743 1351 suam
2799 1301 2981 1361 (Amos
3017 1296 3104 1362 9.).
3156 1299 3225 1349 Et
3267 1297 3406 1348 item
3447 1297 3608 1348 alibi:
3665 1298 3759 1356 Qui

2175 1397 2409 1447 ascendit
2432 1409 2593 1458 super
2612 1389 2919 1449 Cherubim,
2941 1387 3134 1437 volavit
3157 1401 3317 1452 super
3346 1401 3556 1451 pennas
3595 1393 3764 1436 vento-

2176 1502 2301 1536 rum
2327 1484 2486 1550 (Psal.
2518 1482 2644 1545 17.).

2238 1576 2324 1631 3“).
2374 1573 2580 1625 Sedere
2624 1581 2855 1634 quoque
2895 1567 2970 1619 ad
3023 1565 3317 1618 dexteram
3358 1566 3558 1623 Patris,
3586 1565 3762 1616 carnis

2175 1670 2452 1720 assumtae
2474 1660 2816 1727 mysterium
2842 1661 2950 1710 est.
2982 1658 3179 1720 Neque
3222 1656 3377 1707 enim
3421 1654 3762 1718 incorporeas

2174 1757 2254 1808 illi
2265 1760 2484 1807 natura
2500 1751 2902 1803 convenienter
2923 1747 3035 1798 ista
3045 1748 3264 1808 absque
3286 1746 3764 1795 assumtionecar-

2171 1847 2262 1899 nis
2288 1846 2308 1875 "
2331 1847 2626 1907 aptantur:
2661 1852 2845 1902 neque
2875 1835 3027 1887 sedis
3052 1835 3300 1886 caelestis
3320 1833 3587 1897 perfectio
3626 1832 3764 1883 divi-

471 1930 931 1992 continentur,in
953 1930 1184 1993 quibus,
1211 1929 1365 1992 quod
1389 1930 1593 1981 dicitur
1626 1931 1856 1993 quidem
1884 1931 2068 1993 palam

2177 1950 2261 1989 nee
2286 1905 2528 1995 naturae,
2551 1931 2651 1982 sed
2676 1930 2947 1980 human-ae
2972 1924 3343 1988 conquiritur.
3371 1924 3533 1975 Unde
3550 1927 3607 1974 et
3629 1922 3764 1973 dici-

473 2021 595 2071 est:
641 2019 743 2070 sed
766 2031 785 2052 ο
825 2019 1150 2082 requiritur,
1191 2030 1305 2082 quo
1343 2032 1519 2071 sensu
1553 2020 1791 2084 intelligi
1827 2022 2072 2072 debeant

475 2120 611 2173 quin
634 2108 934 2171 dicuntur;
961 2121 1095 2159 nam
1111 2107 1459 2173 ascendisse,
1486 2113 1543 2160 et
1567 2110 1778 2169 sedere,
1806 2114 2073 2162 etventu—

474 2211 602 2251 rum
615 2211 742 2249 esse
753 2199 866 2248 nisi
882 2198 1204 2249 secundum
1221 2197 1561 2261 dignitatem
1579 2199 1892 2250 divinitatis
1910 2200 2069 2251 intel-

474 2287 640 2351 ligas,
657 2288 867 2351 aliquid
886 2301 983 2351 per
998 2272 1121 2339 haec
1134 2290 1405 2339 humanae
1432 2288 1745 2351 fragilitatis
1783 2290 2070 2341 videbitur

476 2376 729 2428 indicari.
757 2377 1181 2428 Consummatis
1205 2378 1415 2428 etenim
1439 2378 1528 2426 his
1556 2390 1688 2440 quas
1718 2377 1779 2429 in
1802 2381 1949 2431 terra
1971 2394 2069 2444 ge-

474 2466 766 2529 rebantur,
788 2466 809 2495 ⁴
833 2470 890 2518 et
909 2468 1212 2517 animabus
1237 2467 1306 2518 de
1325 2466 1531 2517 inferni
1552 2467 1879 2531 captivitate
1902 2482 2068 2522 revo-

475 2558 635 2616 catis,
649 2556 954 2607 ascendere
968 2562 1315 2607 memoratur
1326 2557 1399 2607 ad
1411 2558 1603 2619 caelos,
1629 2560 1777 2609 sicut
1793 2560 2069 2623 propheta

477 2646 843 2713 praedixerat:
866 2646 1164 2695 Ascendens
1186 2646 1246 2693 in
1270 2646 1462 2707 altum,
1478 2648 1747 2710 captivam
1778 2648 1938 2698 duxit
1976 2666 2071 2699 ca-

471 2737 790 2802 ptivitatem,
830 2735 971 2784 dedit
1023 2736 1169 2784 dona
1213 2735 1522 2784 hominibus
1547 2736 1719 2795 '(Psal.
1746 2736 1846 2801 67;
1873 2739 2065 2803 Ephes.

473 2826 563 2887 4.).
590 2824 691 2876 Illa
720 2825 935 2876 scilicet
959 2825 1126 2887 dona,
1149 2837 1281 2888 quae
1302 2826 1503 2876 Petrus
1527 2825 1586 2877 in
1609 2836 1628 2859 °
1652 2826 1899 2877 Actibus
1918 2833 2071 2891 Apo-

472 2916 748 2967 stolorum
771 2915 840 2965 de
861 2916 1066 2965 Sancto
1079 2914 1292 2978 Spiritu
1313 2914 1560 2965 dicebat:
1588 2915 1877 2965 Exaltatus
1900 2918 2070 2980 igitur

474 3004 692 3054 dextera
717 3004 829 3065 Dei,
856 3004 1042 3069 effudit
1069 3005 1166 3053 hoc
1189 3004 1401 3051 donum
1424 3004 1569 3067 quod
1592 3020 1677 3053 vos
1689 3006 1876 3054 videtis
1899 3012 1943 3055 et
1973 3023 2069 3055 au-

477 3094 603 3144 ditis
641 3095 835 3157 (Actor.
888 3093 980 3150 2.).
1038 3096 1263 3145 Donum
1286 3106 1419 3156 ergo
1445 3094 1683 3158 Spiritus
1700 3096 1889 3146 Sancti
1914 3096 2069 3149 dedit

473 3184 824 3243 hominibus,
852 3183 987 3244 quia
1009 3183 1415 3247 captivitatem,
1442 3197 1611 3246 quam
1630 3186 1785 3247 prius
1806 3185 2066 3237 diabolus

2169 2028 2260 2079 iur
2307 2025 2379 2076 de
2413 2036 2507 2074 eo:
2556 2022 2763 2070 Parata
2812 2022 2883 2066 est
2922 2016 3234 2074 sedes‘tua,
3281 2014 3437 2073 Deus,
3491 2018 3761 2073 extunc,a

2168 2115 2337 2166 seculo
2360 2120 2416 2162 tu
2440 2128 2489 2162 es
2516 2109 2679 2174 (Psal.
2701 2106 2832 2171 99.),
2868 2108 3063 2156 Parata
3086 2105 3259 2168 igitur
3281 2115 3315 2154 a
3360 2101 3554 2153 seculo
3601 2102 3765 2153 sedes

2170 2210 2273 2265 est,
2299 2206 2358 2256 in
2388 2215 2501 2266 qua
2531 2198 2807 2251 Dominus
2831 2198 2995 2247 Jesos
3021 2207 3289 2245 sessurus
3313 2196 3467 2243 erat:
3493 2192 3554 2242 in
3597 2192 3763 2256 cujus

2168 2294 2390 2344 nomine
2418 2305 2576 2341 omne
2597 2304 2739 2353 genu
2750 2287 3008 2349 ﬂectatur,
3022 2282 3318 2343 czelestium,
3347 2281 3695 2344 terrestrium,
3718 2288 3762 2327 et

2169 2386 2535 2447 infernarum,
2580 2384 2626 2428 et
2649 2377 2825 2426 omnis
2847 2376 3039 2437 lingua
3069 2374 3383 2436 conﬁteatur
3411 2371 3478 2433 ei,
3512 2371 3647 2434 quia
3670 2370 3767 2419 Do-

2168 2474 2353 2522 minus
2399 2470 2551 2519 Jesus
2598 2472 2668 2516 est
2718 2466 2779 2514 in
2816 2464 2993 2528 gloria
3026 2462 3125 2515 Dei
3154 2461 3331 2511 Patris
3356 2459 3517 2524 (Phil.
3542 2457 3631 2520 2.).
3681 2461 3763 2511 De

2168 2575 2282 2627 quo
2305 2565 2361 2611 et
2383 2558 2561 2611 David
2586 2558 2665 2608 ita
2688 2554 2884 2606 refert:
2909 2553 3061 2602 Dixit
3087 2551 3353 2600 Dominus
3373 2549 3604 2598 Domino
3626 2564 3757 2611 meo,

2166 2651 2281 2702 sede
2305 2667 2341 2699 a
2363 2649 2565 2698 dextris
2596 2646 2743 2706 meis,
2770 2644 2932 2693 donec
2954 2657 3161 2706 ponam
3196 2640 3447 2688 inimicos
3493 2644 3607 2687 tuos
3649 2654 3764 2687 sca-

2167 2741 2357 2790 bellum
2379 2739 2583 2803 pedum
2610 2742 2827 2784 tuorum
2854 2732 3010 2794 (Psal.
3032 2730 3192 2793 100.).
3213 2732 3353 2792 Quae
3376 2735 3568 2781 tamen
3615 2728 3765 2780 dicta

2168 2832 2447 2882 Dominus
2471 2828 2531 2878 in
2554 2824 2863 2888 Evangelio
2888 2823 3197 2883 disserens,
3227 2820 3452 2871 dicebat
3469 2818 3541 2870 ad
3569 2819 3763 2870 Phari-

2169 2934 2342 2972 saeos:
2368 2919 2427 2968 Si
2450 2932 2571 2981 ergo
2596 2916 2770 2964 David
2792 2915 2853 2961 in
2881 2912 3079 2977 spiritu
3105 2910 3404 2959 Dominum
3438 2914 3588 2957 vocat
3622 2923 3763 2967 eum,

2168 3009 2435 3075 quomodo
2492 3006 2662 3056 Filius
2712 3005 2826 3068 ejus
2866 3008 2937 3051 est
2999 3001 3210 3064 (Matth.
3262 2997 3414 3062 92.)?
3461 2999 3566 3049 Per
3609 2999 3764 3061 quod

2167 3098 2417 3165 ostendit
2442 3110 2502 3147 se
2517 3098 2835 3146 secundum
2855 3092 3114 3155 spiritum
3134 3089 3463 3151 Dominum,
3484 3090 3761 3136 secundum

2168 3200 2397 3242 carnem
2417 3186 2599 3237 tilium
2628 3195 2756 3234 esse
2780 3180 2979 3233 David.
3010 3178 3169 3231 Unde
3203 3182 3260 3229 et
3309 3178 3432 3242 ipse
3481 3178 3764 3228 Dominus

473 3286 574 3338 per
607 3274 899 3337 peccatum
922 3271 1239 3323 deduxerat
1259 3274 1319 3323 in
1342 3273 1641 3336 infernum,
1679 3274 1939 3326 Christus
1971 3289 2071 3340 per
2097 3283 2145 3354 C
2173 3281 2379 3331 iterum
2403 3276 2567 3326 dicit:
2607 3274 2967 3324 Veruntamcn
2991 3270 3108 3317 dico
3129 3268 3288 3331 vobis,
3315 3267 3521 3316 Amodo
3566 3266 3764 3315 ridebi-

475 3363 677 3414 mortis
721 3374 845 3413 suas
871 3362 1651 3414 resurrectionemrevocavit
1672 3364 1746 3414 ad
1771 3364 1961 3417 caelos.
1989 3369 2067 3417 A-

478 3450 700 3503 scendit
723 3464 856 3515 ergo
879 3450 953 3503 ad
981 3452 1170 3513 caelos,
1194 3464 1313 3504 non
1336 3451 1436 3503 ubi
1466 3453 1717 3504 Verbum
1734 3455 1887 3505 Deus
1910 3460 2071 3507 ante-

476 3554 595 3593 non
614 3540 794 3592 fuerat
821 3540 1047 3606 (quippe
1066 3541 1166 3605 qui
1195 3545 1312 3593 erat
1342 3555 1566 3606 semper
1589 3542 1649 3594 in
1673 3543 1847 3604 caelis,
1876 3549 1931 3595 et
1954 3558 2067 3597 ma-

474 3628 651 3683 nebat
680 3630 740 3681 in
768 3631 970 3693 Patre),
995 3632 1097 3683 sed
1122 3632 1219 3683 ubi
1245 3633 1499 3684 Verbum
1523 3646 1652 3684 caro
1690 3633 1903 3685 factum
1936 3640 2069 3688 ante

475 3733 594 3772 non
617 3720 859 3773 sederat.
879 3720 1134 3785 Denique
1152 3722 1286 3785 quia
1306 3734 1497 3773 novus
1515 3722 1622 3773 iste
1636 3722 1931 3788 ingressus
1952 3738 2072 3789 por-

479 3814 667 3862 tarum
679 3810 802 3862 cwli
813 3809 1044 3862 aedituis
1068 3812 1123 3861 et
1137 3811 1489 3875 principibus
1504 3811 1823 3869 videbatur.
1837 3816 2070 3865 videntes

473 3885 739 3934 naturam
781 3884 966 3934 carnis
991 3890 1208 3935 secreta
1240 3883 1513 3936 caelorum
1548 3889 1958 3949 penetrantem,
1983 3887 2071 3937 di-

476 3978 617 4025 cunt
637 3973 974 4037 adinvicem,
998 3973 1148 4025 sicut
1170 3973 1566 4038 DavidLlenus
1594 3974 1805 4039 Spiritu
1825 3974 1843 4008 τ
1866 3977 2070 4027 Sancto

478 4063 803 4127 denunciat,
848 4063 1070 4115 dicens:
1125 4063 1303 4113 Tollite
1340 4068 1527 4128 portas
1553 4065 1826 4128 principes
1853 4070 2066 4127 vestras,

473 4157 520 4203 et
541 4152 829 4204 eleva-mini
848 4158 1016 4218 portae
1044 4153 1331 4213 aeternales,
1357 4158 1403 4202 et
1446 4152 1691 4203 introibit
1732 4169 1832 4203 rea:
1867 4154 2066 4217 glorias.

539 4332 557 4353 ·
588 4322 720 4376 Cod.
748 4323 1224 4387 Sangermanens.
1243 4321 1615 4386 Remboldus,
1633 4325 1923 4389 Erasmus,
1950 4327 2070 4379 Mo-

474 4395 685 4457 rellius,
732 4394 975 4445 brevitati
1019 4394 1281 4444 studentes
1322 4395 1624 4459 posuimus,
1652 4396 1819 4460 plura
1843 4398 2072 4448 etrelin-

476 4474 708 4533 quentes.
736 4468 871 4519 Cod.
898 4469 1410 4531 Sangermanensis
1446 4472 1492 4515 et
1516 4467 1727 4519 reticet.

537 4550 558 4579 ιι
589 4548 689 4599 Alii
713 4548 775 4596 in
807 4550 952 4597 caelos
1016 4550 1147 4598 Mox
1201 4547 1426 4599 codices
1478 4549 1608 4599 Mss.
1655 4550 1940 4601 Rembold.
1989 4553 2067 4602 Ε-

475 4635 671 4682 rasm.,
695 4619 891 4671 Morell
931 4621 1307 4682 consequentia
1331 4618 1597 4667 brevitatis
1621 4623 1744 4671 tum
1768 4624 2063 4687 sangepm.

475 4707 640 4750 nens,
665 4705 805 4765 cum,
821 4690 1153 4765 Remboldo,
1170 4695 1344 4754 atque
1369 4693 1606 4744 Erasmo
1631 4695 1737 4743 haec
1774 4697 2065 4765 continent,

479 4765 765 4822 Morellius
788 4764 893 4812 haec
917 4762 1165 4813 continet.
1890 4761 1909 4771 ‘

543 4859 560 4878 ε
584 4850 670 4898 lta
691 4842 1049 4896 restituimus
1072 4855 1145 4893 ex
1166 4843 1324 4894 libris
1346 4843 1473 4895 aliis
1503 4846 1788 4910 omnibus,
1822 4862 1923 4912 pro
1953 4863 2067 4913 quo

477 4925 649 4975 antea
691 4920 814 4968 erat
856 4919 1261 4986 consequenter:
1292 4917 1415 4965 tum
1450 4920 1508 4967 et
1538 4933 1673 4966 nam
1705 4918 2064 4986 adverbium,

478 4990 635 5058 quod
657 4988 852 5040 deerat
876 4985 1224 5036 suilecimus.
1251 4987 1360 5058 Pro
1386 4988 1513 5048 nisi,
1541 4988 1695 5050 quod
1723 4992 2001 5057 sequitur,
2019 4985 2066 5042 si
2093 5041 2105 5053 _

475 5057 679 5130 legunt
706 5058 993 5122 Baluzius,
1028 5057 1394 5118 Remboldus,
1432 5061 1721 5124 Erasmus,
1761 5063 2063 5117 Morellius.

537 5155 560 5186 ιι
587 5156 776 5217 Atque
799 5151 924 5202 heic
957 5150 1150 5201 minus
1174 5154 1325 5201 recte
1348 5151 1460 5215 legi
1498 5151 1690 5203 visum
1735 5155 1827 5204 est
1859 5154 2067 5207 minori

476 5240 735 5289 numero,
758 5230 806 5274 et
827 5223 1099 5275 anima....
1129 5228 1389 5281 revocata,
1426 5227 1623 5275 contra
1644 5227 1816 5287 atque
1840 5225 1933 5276 alii
1955 5226 2066 5277 fer-

476 5314 567 5352 me
612 5310 813 5351 omnes
856 5296 1084 5347 habent.
1123 5296 1323 5347 Confer
1365 5295 1636 5358 Cyrillum
1685 5308 1842 5347 num.
1889 5295 1974 5351 31.
2010 5302 2067 5349 et

478 5384 754 5506 se'qciipud
774 5440 914 5492 alios
937 5439 1098 5489 Actis.
1130 5438 1397 5489 Diximus
1420 5437 1529 5489 hac
1552 5437 1622 5489 de
1638 5438 1879 5490 lectione
1902 5437 2064 5489 alias.

537 5540 854 5590 'Pamelius
902 5549 1131 5602 quoque
1170 5538 1273 5587 ita:
1323 5536 1416 5587 alii
1445 5535 1636 5600 plenus
1670 5537 1867 5600 spiritu
1900 5552 2068 5585 enun-

478 5612 592 5671 tiat,
625 5611 821 5669 Tollite,
850 5623 981 5661 nam
1004 5615 1062 5661 et
1077 5610 1252 5657 dicens
1264 5612 1627 5673 praetereunt.
1647 5608 2066 5671 Scripturarum

476 5683 823 5743 testimonia,
850 5694 982 5744 qua:
1007 5682 1141 5731 hinc
1172 5679 1835 5742 subsequuntur,omnia
1866 5680 2065 5731 eodem

472 5754 640 5818 plane
664 5754 857 5806 ordine
870 5757 1181 5816 contextuq
1190 5766 1257 5804 ue
1273 5753 1518 5803 Ruﬁnus
1533 5752 1605 5803 ab
1620 5751 1822 5815 Cyrillo
1841 5757 2063 5803 mutua-

473 5827 567 5877 tus
591 5828 697 5878 est.
728 5824 959 5877 Videsis
981 5836 1142 5875 num.
1166 5824 1255 5882 ~24.

535 5932 553 5961 ι
573 5922 700 5985 Alii,
728 5923 800 5973 De
846 5923 962 5986 ipso
1003 5937 1214 5985 quoque
1250 5926 1296 5972 et
1333 5920 1474 5971 alias
1504 5921 1735 5972 dicitur:
1762 5921 1865 5981 Qui
1886 5920 2060 5983 aediﬁ-

2169 3371 2234 3421 tis
2257 3368 2436 3433 filium
2459 3364 2697 3414 hominis
2720 3362 2976 3410 sedentem
3002 3359 3075 3407 ad
3115 3358 3390 3408 dexteram
3420 3356 3636 3405 virtutis
3673 3356 3767 3405 Dei

2170 3459 2323 3523 (Ibid.
2350 3455 2475 3517 26.).
2517 3456 2583 3505 Et
2616 3454 2814 3503 Petrus
2856 3448 3169 3513 Apostolus
3215 3447 3355 3498 dicit
3399 3445 3470 3497 de
3515 3445 3761 3507 Christo,

2168 3550 2271 3609 Qui
2307 3547 2411 3611 [Αι.
2459 3542 2633 3607 quod]
2675 3546 2746 3589 est
2792 3540 2852 3588 in
2876 3540 3096 3587 dextera
3120 3537 3214 3587 Dei
3239 3536 3422 3586 sedens
3446 3536 3507 3585 in
3531 3535 3672 3585 caelis
3697 3534 3764 3597 (1.

2167 3640 2275 3689 Pet.
2305 3635 2394 3699 3.).
2423 3633 2529 3687 Sed
2554 3637 2611 3684 et
2652 3628 2863 3682 Paulus
2907 3627 2979 3679 ad
3030 3626 3309 3690 Ephesios
3355 3626 3637 3688 scribens,
3678 3625 3770 3675 Se-

2166 3726 2408 3777 cundum
2432 3721 2815 3788 operationem,
2843 3717 3048 3781 inquit,
3089 3716 3334 3781 potentia:
3376 3714 3592 3763 virtutis
3634 3714 3767 3779 ejus,

2168 3831 2336 3881 quam
2356 3818 2602 3878 operatus
2621 3815 2693 3859 est
2713 3811 2773 3858 in
2792 3808 3020 3867 Christo,
3039 3806 3303 3855 suscitans
3314 3820 3436 3854 eum
3459 3820 3494 3854 a
3518 3805 3770 3866 mortuis,

2166 3912 2212 3955 et
2233 3905 2408 3955 sedere
2429 3903 2636 3967 faciens
2660 3900 2718 3947 in
2755 3898 2975 3947 dextera
2997 3910 3098 3945 sua
3136 3895 3344 3960 (Ephes.
3372 3893 3463 3957 1.).

2229 3992 2316 4049 33.
2342 3992 2503 4056 Quod
2527 3994 2723 4042 autem
2747 3987 2937 4041 veniat
2946 3984 3309 4049 judicaturus
3341 3984 3505 4036 vivos
3529 3988 3589 4035 et
3614 3996 3771 4035 mor-

2166 4087 2317 4148 tuos,
2342 4081 2541 4134 multis
2559 4078 2792 4144 quidem
2810 4076 3135 4129 divinarum
3160 4074 3580 4139 Scripturarum
3607 4074 3775 4125 testi-

2165 4172 2408 4228 moniisl
2453 4172 2783 4223 edocemur.
2836 4166 2948 4220 Sed
2991 4164 3152 4231 prius
3193 4177 3366 4229 quam
3419 4162 3776 4230 propheticis

2166 4350 2247 4395 eat
2291 4345 2353 4393 in
2393 4342 2513 4392 caelo
2556 4354 2840 4390 ascensum
2863 4352 3044 4387 suum.
3062 4336 3251 4387 Etiam
3276 4334 3427 4399 alibi,
3455 4336 3561 4395 Qui
3583 4351 3783 4386 ascen-

2167 4417 2263 4466 dit.
2292 4418 2400 4466 etc.

2229 4455 2483 4550 Ivilie‘gius
2508 4484 2632 4535 cod.
2659 4481 2958 4533 Rembold.
2996 4482 3286 4543 Erasmus,
3341 4478 3637 4530 Morellius
3687 4478 3786 4530 ad-

2174 4560 2409 4608 duntur:
2437 4557 2562 4608 cod.
2588 4558 2955 4619 Sangerman.
2980 4553 3277 4602 addantur.
3305 4551 3453 4602 Tum
3483 4550 3582 4601 alii
3608 4552 3785 4616 pleri-

2174 4644 2286 4694 que
2304 4643 2521 4689 omnes,
2545 4642 2714 4691 neque
2736 4626 2872 4674 sedis
2896 4625 3102 4674 caelestis
3119 4623 3417 4688 profectum
3441 4623 3641 4672 divina
3676 4640 3785 4671 na-

2168 4709 2310 4763 tura,
2336 4702 2424 4751 sed
2445 4702 2694 4750 humana
2718 4697 3009 4761 conquirit.
3041 4698 3094 4748 S.
3110 4694 3490 4758 Cyrillusheic
3510 4710 3663 4746 num.
3690 4694 3782 4749 27.

2167 4774 2544 4827 Paulianistas
2570 4771 2937 4834 redarguens,
2964 4768 3065 4831 qui
3093 4780 3357 4831 perverse
3400 4767 3783 4831 adserebant,

2167 4846 2321 4911 quod
2340 4849 2471 4910 post
2499 4854 2729 4895 crucem
2758 4845 2813 4892 et
2837 4844 3332 4911 resurrectionem,
3354 4842 3412 4889 et
3436 4851 3785 4911 regressum

2165 4910 2225 4970 in
2253 4918 2442 4978 cmlos,
2470 4921 2608 4966 tunc
2631 4913 2807 4964 Filius
2840 4924 2875 4963 a
2899 4912 3119 4963 dextris
3151 4910 3330 4961 Patris
3353 4910 3554 4962 sedere
3590 4923 3789 4975 caepe-

2166 4991 2268 5041 rit:
2322 4985 2394 5041 Οὐ
2439 4988 2530 5052 γὰρ
2578 4986 2830 5052 (inquit)
2861 4978 2918 5034 ἐκ
2962 4988 3213 5052 προκοπῆς
3270 4983 3391 5048 ἔσχε
3443 4984 3526 5033 τὸν
3579 4986 3781 5048 Θρονον·

2167 5058 2292 5113 ἀλλὰ
2315 5056 2393 5124 ἀφ’
2439 5050 2589 5123 ὸῦἀτέρ
2633 5051 2762 5106 ἐστιν
2793 5050 2918 5117 (ἐστὶ
2963 5057 3016 5105 δὲ
3062 5050 3137 5106 ἀεὶ
3182 5053 3462 5119 γεννηθείς),
3512 5056 3604 5105 καὶ
3655 5074 3788 5118 συγ-

2165 5133 2413 5189 καθέζεται
2442 5134 2509 5195 τῷ
2539 5128 2703 5195 πατρί.
2750 5126 2877 5176 Non
2903 5127 3050 5175 enim
3073 5140 3141 5175 ea:
3185 5126 3426 5189 profectu
3473 5125 3619 5174 hanc
3658 5128 3789 5175 ade-

2161 5210 2287 5269 ptus
2335 5208 2404 5251 est
2457 5201 2656 5249 sedem:
2703 5200 2793 5248 sed
2843 5213 2911 5247 ea:
2934 5213 3039 5262 quo
3073 5204 3146 5246 est
3166 5200 3256 5258 (cst
3281 5196 3550 5269 autemab
3574 5204 3788 5247 esterno

2166 5268 2388 5339 genitus)
2441 5274 2605 5322 etiam
2649 5273 2788 5320 sedet
2814 5286 2928 5319 una
2964 5285 3087 5318 cum
3115 5270 3295 5322 Patre.
3327 5268 3528 5321 Confer
3565 5270 3790 5321 sedulo

2166 5346 2529 5410 Cyrillianam
2554 5355 2687 5395 cum
2720 5342 3027 5393 Ruﬁniana
3073 5343 3377 5405 sententia,
3419 5346 3478 5393 et
3519 5340 3791 5394 aliorum

2167 5431 2296 5470 cum
2320 5418 2600 5479 impressa
2617 5414 2859 5465 lectione
2874 5419 3086 5464 nostra.

2227 5491 2239 5519 ί
2263 5490 2474 5540 Tacent
2516 5486 2609 5537 alii
2646 5493 2734 5547 est,
2782 5491 2840 5537 et
2865 5498 2999 5537 mox
3025 5484 3292 5534 Dominus
3319 5485 3490 5547 Jesus,
3516 5498 3627 5549 pro
3661 5498 3790 5548 quo

2163 5561 2362 5625 legunt
2383 5573 2619 5607 sessurus
2643 5562 2755 5606 erat
2779 5559 2843 5620 is,
2868 5559 2928 5606 in
2953 5558 3107 5622 cujus
3130 5558 3366 5616 nomine,
3392 5561 3505 5607 etc.
3527 5561 3667 5609 tum
3696 5574 3792 5621 ge-

2164 5631 2485 5694 ‘nu/leetitur,
2512 5635 2570 5682 et
2591 5629 2942 5691 conﬁtebitur,
2978 5630 3114 5693 quia
3137 5630 3404 5677 Dominus
3424 5628 3583 5678 Jesus
3608 5629 3792 5679 Chri-

2162 5711 2273 5752 stus
2297 5698 2384 5759 est,
2410 5706 2499 5753 etc
2535 5704 2666 5754 Cod.
2693 5704 3062 5765 Sangerman.
3086 5702 3475 5765 genu/lectetur.
3504 5701 3658 5753 Vide
3674 5704 3791 5765 Cy-

2164 5775 2353 5827 rillum
2377 5787 2534 5826 num.
2575 5773 2644 5828 28

2222 5846 2374 5899 jAlii
2420 5848 2686 5909 edocetur;
2732 5850 2791 5897 et
2833 5844 3001 5910 paulo
3048 5850 3179 5910 post
3210 5846 3346 5894 velut
3370 5846 3652 5895 reddituri
3680 5856 3790 5909 pro

2162 5924 2447 5984 tanquam,
2497 5923 2604 5970 etc.
2649 5917 2895 5970 Rufinus
2923 5916 3225 5981 compilare
3257 5917 3389 5968 hinc
3431 5916 3791 5981 adgreditur
