3898 6394
131 292 237 350 369

1096 297 1662 353 COMMENTARIUS
1697 300 1773 353 IN
1809 301 2116 370 SYMBOL,
2148 306 2491 361 APOSTOL.

3330 310 3438 367 370

198 412 315 483 95
330 413 463 468 hmo
478 415 1319 483 eloquiisprmdictadoceamus
1332 420 1472 473 illud
1489 433 1745 473 necessa-
1765 415 1822 491 Α
1897 421 2152 494 sicut96
2180 433 2342 483 herba
2362 433 2383 463 δ
2419 433 2724 484 lavantium
2748 447 2762 485 :
2807 437 2854 483 et
2895 432 3088 484 sedebit
3118 434 3359 498 conﬂans
3390 448 3439 493 ει

130 503 474 557 riearbitror
496 507 945 573 admonendum,
989 510 1143 573 quod
1186 510 1297 562 ista
1340 511 1473 563 ﬁdei
1498 513 1727 565 traditio

128 594 386 656 quotidie
422 608 530 647 nos
565 598 689 649 vult
705 598 776 649 de
787 598 1040 650 adventu
1045 601 1065 664 j
1077 600 1256 651 udicis
1281 614 1411 653 esse
1432 601 1724 666 sollicitos,

134 688 371 735 utactus
391 687 717 738 nostrosita
737 700 1141 754 prmparemus,
1158 695 1430 752 tanquam
1453 692 1728 745 reddituri

127 773 451 825 imminenti
469 775 648 839 judici
672 778 970 830 rationem.
1009 780 1130 831 Hoc
1154 780 1305 831 enim
1350 784 1469 833 erat
1491 782 1644 845 quod
1669 788 1727 834 et

127 863 410 927 Propheta
439 865 665 917 dicebat
687 867 757 919 de
777 869 898 920 viro
939 870 1108 921 beato
1152 871 1316 929 :Quia
1344 872 1584 936 disponit
1614 888 1725 921 ser-

127 966 307 1001 mones
328 968 457 1003 suos
480 955 542 1004 in
562 956 774 1020 judicio
797 958 961 1020 (Psal.
980 958 1145 1023 111.).
1170 960 1334 1021 Quod
1362 966 1552 1013 autem
1584 961 1725 1013 dici-

128 1045 218 1093 tur
233 1041 497 1105 judicare
521 1045 689 1098 vivos
721 1050 779 1097 et
821 1050 1101 1112 mortuos,
1134 1062 1251 1101 non
1280 1050 1407 1102 ideo
1438 1059 1456 1079 ·
1500 1050 1724 1114 dicitur,

128 1131 275 1195 quod
299 1131 396 1184 alii
422 1133 561 1198 vivi,
585 1134 679 1186 alii
693 1136 902 1188 mortui
927 1138 999 1189 ad
1019 1139 1301 1202 judicium
1318 1141 1553 1194 veniant
1582 1156 1594 1192 :
1622 1143 1725 1194 sed

127 1220 276 1283 quod
308 1222 541 1275 animas
561 1223 582 1253 δ
606 1224 777 1276 simul
783 1227 804 1290 j
813 1225 1065 1279 udicabit
1088 1233 1147 1280 et
1168 1242 1420 1295 corpora,
1437 1231 1497 1283 in
1513 1232 1725 1296 quibus

126 1311 291 1362 vivos
313 1312 565 1379 animas,
590 1320 849 1367 mortuos
873 1330 1107 1383 corpora
1121 1321 1459 1374 nominavit.
1487 1323 1645 1374 Sicut
1668 1328 1725 1376 et

123 1400 238 1465 ipse
266 1402 554 1455 Dominus
586 1403 907 1470 loquiturin
931 1409 1262 1475 Evangelio,
1287 1410 1520 1463 dicens:
1545 1412 1724 1463 Nolite

125 1490 301 1541 timere
333 1507 437 1553 eos,
467 1494 566 1558 qui
583 1500 811 1560 possunt
828 1512 1020 1563 corpus
1036 1500 1286 1560 occidere,
1314 1502 1512 1551 animae
1542 1507 1722 1552 autem

122 1580 260 1629 nihil
286 1588 517 1646 possunt
544 1584 719 1647 facere
743 1603 757 1636 :
807 1587 897 1635 sed
943 1588 1115 1637 timete
1138 1590 1316 1653 potius
1338 1606 1478 1652 eum,
1510 1593 1606 1656 qui
1631 1609 1723 1658 po-

125 1675 206 1719 test
228 1676 272 1720 et
294 1672 553 1721 animam
575 1680 620 1723 et
644 1688 838 1740 corpus
845 1677 1066 1741 perdere
1089 1678 1150 1727 in
1175 1680 1479 1743 gehennam
1501 1683 1714 1745 (Matth.

123 1761 231 1821 10.).

180 1846 256 1903 34.
288 1851 598 1916 Nuncjam
615 1854 830 1918 paucis,
857 1855 907 1906 si
935 1856 1183 1923 videtur,
1234 1860 1407 1912 etiam
1437 1873 1536 1925 per
1581 1874 1716 1926 pro-

123 1937 315 2001 phetas
349 1939 482 1992 haec
502 1942 779 2005 praadicta
800 1957 929 1997 esse
963 1947 1290 2001 doceamus.
1331 1950 1496 2001 Plura
1518 1956 1715 2004 autem

126 2027 441 2080 testimonia
470 2043 605 2082 cum
632 2033 897 2095 volueris,
925 2038 1046 2100 ipse
1069 2037 1173 2088 tibi
1198 2038 1266 2089 de
1290 2039 1714 2105 Scripturarum

121 2115 405 2170 latitudine
425 2123 827 2186 congregabis.
853 2124 1002 2176 Dicit
1017 2140 1149 2190 ergo
1163 2127 1468 2181 Malachias
1480 2132 1716 2195 prophe-

122 2207 353 2257 ta:E'cee
382 2221 401 2242 °
423 2210 598 2259 veniet
648 2212 902 2263 dominus
944 2216 1297 2281 omnipotens,
1322 2224 1368 2267 et
1404 2220 1500 2283 qui
1548 2222 1714 2272 susti-

120 2294 247 2344 nebit
268 2297 407 2347 diem
430 2299 697 2350 adventus
719 2303 851 2367 ejus,
872 2311 968 2353 aut
991 2307 1113 2369 quis
1144 2308 1423 2358 sustinebit
1443 2315 1711 2373 aspectum

125 2384 226 2448 ejus
247 2385 270 2434 ?
291 2387 431 2445 Quia
480 2389 592 2453 ipse
627 2391 934 2454 ingreditur
969 2395 1106 2444 sicut
1135 2397 1280 2460 ignis
1312 2399 1639 2461 con/latorii,
1665 2404 1711 2449 et

123 2556 564 2633 subsequentem
576 2564 928 2617 Catechesim
944 2568 1135 2630 Cyrilli
1146 2570 1267 2621 XV.
1284 2582 1417 2633 quae
1429 2570 1500 2622 de
1512 2584 1709 2624 secun-

124 2626 186 2679 do
206 2630 402 2683 Christi
427 2635 711 2701 adventu,
729 2644 836 2691 etc.
858 2626 1200 2692 inscribitur.
1230 2626 1431 2693 Confer
1459 2656 1620 2695 num.
1653 2643 1704 2697 2.

130 2708 194 2785 θ’·
213 2703 551 2785 Imperfecto
573 2714 763 2785 atque,
787 2711 979 2785 hiulco
1004 2727 1181 2765 sensu
1221 2714 1487 2765 Baluzius
1512 2717 1703 2779 verba,

122 2769 223 2850 ideo
245 2773 455 2850 dicitur,
485 2769 1323 2849 prmtérmisitquamquamita
1351 2769 1708 2839 haberidicat

121 2844 172 2920 in
193 2844 709 2920 cod_.ASangerman.
735 2844 1033 2920 Frobenio,
1068 2844 1126 2909 et
1161 2858 1550 2909 vetustissima
1586 2858 1706 2909 edi-

120 2913 609 2998 Eilqnez‘lflecmus
620 2934 883 2998 corrupte
895 2929 1007 2987 alii,
1023 2913 1394 2993 Remboldus,
1412 2931 1701 2992 Erasmus,

123 2984 401 3064 “91311198.
437 2996 743 3059 Pamelius,
775 2984 834 3051 et
858 3002 957 3063 qui
996 2984 1149 3055 hunc
1192 2984 1459 3053 describit
1503 2984 1703 3052 recens

123 3054 285 3108 editor
306 3061 653 3118 Oxoniensis
681 3092 692 3116 :
720 3054 1064 3128 Quidautem
1109 3074 1325 3135 dicitur,
1345 3075 1597 3137 judicare
1622 3072 1703 3119 vi-

1824 535 2073 585 purgans
2094 525 2230 574 sicut
2250 530 2539 589 argentum
2560 529 2607 573 et
2640 524 2779 574 sicut
2806 539 3009 573 aurum
3043 523 3297 586 (Malach.
3345 524 3428 587 3.).

1831 613 1901 664 Ut
1922 618 2114 665 autem
2138 615 2462 666 evidentius
2487 626 2824 678 cognoscas,
2846 613 2975 677 quis
3004 613 3079 664 sit
3102 614 3213 664 iste
3252 614 3435 665 Domi-

1826 714 1941 753 nus
1969 702 2041 754 de
2065 716 2180 766 quo
2204 704 2330 755 haec
2352 704 2644 763 dicuntur,
2661 702 2798 754 audi
2828 702 2968 767 quid
2993 708 3053 754 et
3086 702 3286 754 Daniel
3310 714 3433 767 pro-
3527 736 3532 744 -

1826 790 1999 854 pheta
2025 792 2376 855 prmnunciet
2400 792 2503 856 [AL
2532 791 2891 856 pronunciat]
2920 790 3192 852 Videbam,
3219 790 3425 854 inquit,

1827 880 1887 929 in
1912 880 2029 930 visu
2052 890 2070 910 °
2091 882 2277 942 noctis,
2313 887 2357 930 et
2378 896 2486 931 ecce
2520 897 2642 931 cum
2673 880 2905 930 nubibus
2933 880 3060 941 caeli,
3087 880 3248 945 quasi
3275 880 3425 943 ﬁlius

1829 971 2068 1019 hominis
2088 972 2318 1032 veniens,
2337 977 2384 1021 et
2420 986 2584 1036 usque
2598 972 2673 1020 ad
2696 976 2954 1020 vetustum
2977 969 3191 1019 dierum
3237 984 3425 1033 perve-

1826 1060 1927 1120 nit,
1952 1064 1996 1108 et
2019 1060 2080 1108 in
2105 1067 2381 1125 conspectu
2405 1065 2519 1123 ejus
2561 1059 2768 1109 oblatus
2791 1064 2898 1110 est:
2927 1065 2972 1109 et
3005 1060 3111 1124 ipsi
3157 1059 3317 1109 datus
3352 1063 3425 1109 est

1826 1149 2167 1214 principatus
2210 1153 2255 1198 et
2298 1150 2475 1199 honor
2506 1154 2551 1199 et
2590 1164 2857 1213 regnum:
2912 1152 2959 1198 et
2991 1163 3172 1198 omnes
3212 1148 3425 1214 populi,

1827 1237 1998 1287 tribus
2019 1242 2065 1287 et
2098 1237 2297 1302 linguae
2320 1239 2425 1302 ipsi
2448 1238 2701 1289 servient:
2721 1243 2767 1288 et
2799 1242 3027 1304 potestas
3049 1237 3161 1302 ejus
3195 1241 3426 1303 potestas

1824 1334 2041 1389 aeterna,
2067 1344 2183 1394 quae
2206 1345 2318 1378 non
2341 1328 2627 1393 praeteribit
2670 1334 2717 1377 et
2764 1343 2995 1393 regnum
3017 1328 3131 1393 ejus
3154 1342 3265 1376 non
3302 1341 3425 1375 cor-

1825 1424 2108 1484 rumpetur
2134 1420 2291 1479 (Dan.
2319 1420 2406 1482 7.).
2431 1421 2516 1471 Ex
2538 1419 2624 1470 his
2664 1432 2798 1483 ergo
2834 1419 3161 1479 edocemur,
3190 1428 3307 1468 non
3330 1427 3425 1468 so-

1823 1506 1945 1561 lum
1975 1509 2046 1561 de
2068 1508 2327 1561 adventu
2347 1512 2403 1560 et
2425 1509 2495 1560 de
2513 1508 2856 1574 judicio,sed
2881 1507 2952 1560 de
2976 1509 3258 1572 potestate
3296 1506 3344 1570 ej
3354 1517 3423 1557 us

1823 1603 1882 1651 et
1903 1612 2097 1663 regno,
2122 1598 2257 1662 quia
2279 1602 2533 1662 potestas
2557 1607 2576 1636 ι
2609 1602 2826 1650 aeterna
2843 1598 2932 1657 sit,
2960 1602 3018 1649 et
3049 1596 3171 1649 sine
3188 1609 3421 1662 corrup-

1819 1688 1991 1739 tionis
2020 1687 2134 1738 ﬁne
2158 1687 2235 1739 sit
2267 1700 2513 1752 regnum
2537 1704 2548 1735 :
2579 1687 2799 1738 sicutet
2816 1687 2876 1737 in
2889 1685 3156 1751 Symbolo
3185 1686 3415 1738 dicitur:

1817 1777 1887 1827 Et
1908 1778 2063 1841 regni
2086 1778 2200 1840 ejus
2224 1792 2337 1827 non
2367 1778 2467 1826 erit
2488 1777 2617 1839 ﬁnis
2655 1778 2799 1839 (Luc.
2828 1781 2875 1828 1.
2910 1775 2978 1831 33
3002 1779 3037 1839 ).
3062 1776 3224 1829 Unde
3248 1775 3419 1828 valde

1814 1867 2035 1919 alienus
2088 1866 2203 1918 ﬁde
2225 1872 2329 1927 est,
2357 1866 2456 1930 qui
2480 1879 2724 1931 regnum
2753 1866 2962 1918 Christi
2998 1866 3134 1918 dicit
3155 1866 3417 1930 aliquan-

1814 1955 1888 2008 do
1908 1955 2248 2008 finiendum.
2273 1956 2425 2007 Scire
2456 1961 2647 2007 tamen
2671 1955 2969 2016 debemus,
3002 1955 3156 2020 quod
3200 1954 3418 2007 saluta-

1812 2058 1933 2096 rem
1956 2045 2111 2096 hunc
2133 2045 2341 2097 Christi
2370 2045 2687 2097 adventum
2711 2044 2735 2074 δ
2770 2048 3007 2096 conatur
3033 2043 3303 2095 inimicus
3345 2042 3419 2095 ad

1812 2133 2178 2199 decipiendos
2201 2133 2398 2186 ﬁdeles
2420 2133 2623 2186 callida
2663 2133 2863 2186 fraude
2888 2133 3173 2196 simulare,
3208 2138 3267 2185 et
3288 2146 3416 2198 pro-

1811 2222 1926 2274 ﬁlio
1949 2223 2220 2286 hominis,
2250 2223 2351 2287 qui
2366 2227 2703 2287 expectatur
2720 2228 3000 2276 venturus
3037 2223 3097 2274 in
3113 2226 3416 2283 majestate

1812 2311 1993 2364 Patris
2019 2313 2128 2375 sui,
2157 2312 2340 2364 ﬁlium
2365 2312 2701 2378 perditionis
2739 2312 2801 2364 in
2842 2312 3116 2377 prodigiis
3145 2314 3201 2363 et
3233 2311 3414 2377 signis

1809 2402 2182 2453 mendacibus
2199 2415 2536 2467 praeparare,
2562 2406 2629 2454 ut
2643 2415 2744 2467 pro
2774 2402 3015 2465 Christo,
3040 2401 3261 2454 mundo
3276 2401 3413 2454 huic

1807 2571 1904 2621 bet
1919 2574 1975 2621 et
2006 2570 2067 2622 in
2089 2571 2246 2623 hunc
2279 2572 2575 2625 Malachim
2616 2572 2810 2624 locum
2843 2586 2856 2623 :
2906 2571 3031 2621 Non
3056 2569 3229 2620 solum
3267 2570 3411 2635 ignis

1808 2642 2026 2703 (dicitur
2050 2644 2333 2707 Dominus)
2373 2645 2462 2693 sed
2507 2649 2551 2693 et
2589 2644 2752 2693 herba
2796 2644 3116 2708 fullonum,,
3160 2657 3276 2706 quae
3300 2642 3407 2691 He-

1806 2713 1979 2762 braice
2003 2715 2195 2763 Borith
2217 2716 2540 2779 appellatur,
2567 2722 2610 2764 et
2634 2717 2800 2779 LXX,
2824 2715 2974 2779 πόαν,
3000 2715 3149 2774 idest,
3190 2712 3409 2762 herbam

1801 2783 2077 2847 fullonum
2098 2792 2321 2836 vertunt.
2354 2787 2562 2839 Nullibi
2608 2791 2667 2839 et
2706 2799 2998 2850 nusquam
3028 2801 3224 2841 spuma
3257 2784 3411 2835 dicta

1804 2862 1913 2919 est,
1938 2871 2126 2921 neque
2156 2872 2259 2910 cur
2313 2859 2391 2909 ita
2425 2859 2520 2911 alii
2562 2859 2821 2923 legerint,
2861 2858 3119 2909 divinare
3153 2857 3298 2907 licet.
3339 2857 3407 2907 In

1804 2929 1996 2981 Graeco
2024 2939 2118 2981 τῶν
2142 2932 2310 2981 LXX.
2332 2930 2642 2994 exemplari
2666 2929 3074 2992 Alexandrino,
3106 2939 3289 2989 nuper
3312 2926 3406 2976 Ti-

1802 3001 1929 3063 guri
1994 3000 2381 3052 Helvetiorum
2416 3014 2636 3061 recuso,
2661 2999 2725 3058 ὡς
2745 3001 2863 3053 ποιά
2888 3000 3112 3063 legitur,
3139 3010 3239 3061 pro
3262 2996 3398 3048 nbat:

1805 3071 1905 3121 sed
1930 3074 1986 3122 et
2007 3072 2124 3123 ποιά
2144 3072 2321 3123 herba
2343 3077 2435 3123 est
2468 3073 2828 3124 Callimacho.
2859 3072 2994 3122 Mox
3042 3070 3214 3120 iidem
3230 3068 3407 3119 edito-

270 3140 661 3236 mortuos,9nisj
672 3144 816 3204 quod
838 3144 938 3192 alii
960 3146 1081 3236 vivi,
1107 3146 1209 3195 alis
1226 3148 1429 3195 mortui
1447 3146 1517 3194 ad
1532 3144 1694 3207 judi-
1726 3160 1775 3236 ρ
1807 3155 1899 3194 res
1919 3158 2003 3192 eos
2026 3144 2248 3195 addunt
2279 3144 2352 3195 ad
2387 3145 2644 3207 con/lens,
2692 3144 2846 3208 quod
2870 3156 3058 3206 neque
3082 3146 3173 3192 est
3194 3151 3406 3203 prono-

138 3233 143 3236 .
275 3218 466 3236 nomen.“
577 3227 623 3236 η-
688 3215 879 3236 ---ἐμημ
909 3217 1043 3236 -_‘_--__
1115 3224 1196 3236 -i-
1260 3219 1274 3236 ι
1298 3222 1522 3236 --ιη---ι
1564 3229 1692 3236 nn..-
1808 3227 1937 3236 ηηνι
1965 3215 2017 3236 ζ..
2050 3229 2204 3236 κη-..-
2234 3221 2392 3236 an...“
2446 3219 2554 3236 ιιτΑη.
2586 3218 2748 3236 "Ani..-
2779 3220 2909 3236 Α.·Α-.ι
2948 3220 3220 3236 -,-,--μ.ι...ν.
3271 3220 3404 3236 num

123 3210 247 3275 fiunt
275 3208 499 3257 veniunt
522 3214 546 3259 .9
572 3213 661 3260 sed
681 3215 880 3263 anim
903 3217 1084 3275 simul,
1110 3224 1215 3269 etc.
1244 3219 1527 3269 Autumat
1564 3229 1696 3267 vero

122 3264 365 3349 laudatus
378 3280 667 3349 Baluzius,
683 3287 1050 3340 existimasse
1061 3264 1357 3347 Rufinum,
1372 3301 1574 3340 omnes
1589 3300 1709 3338 mo-

126 3346 327 3431 ELBI‘OS,
345 3356 399 3431 et
422 3353 637 3406 idcirco
657 3346 836 3409 verba
849 3360 1102 3423 Symboli
1136 3346 1405 3413 subtilius
1430 3362 1709 3431 interpre-

125 3413 215 3501 tari
239 3421 505 3501 voluisse,
532 3440 605 3479 ne
639 3431 769 3492 quis
794 3445 865 3482 ex
886 3413 997 3482 illis
1038 3433 1423 3497 concluderet,
1456 3413 1601 3483 alios
1624 3430 1705 3481 vi-

125 3497 230 3571 vos,
242 3490 378 3571 alios
391 3490 762 3565 mortuosadj
774 3503 1026 3555 udicium
1041 3510 1318 3557 venturos
1338 3521 1349 3555 :
1363 3490 1420 3557 id
1433 3507 1586 3570 quod
1607 3507 1704 3558 ait;

127 3560 291 3647 Eligis
314 3560 812 3647 quee‘sequuntur,
843 3574 1039 3637 liquet.
1074 3577 1251 3627 Nobis
1274 3577 1351 3628 ita
1375 3560 1502 3628 esse
1518 3582 1705 3631 acutis

127 3633 406 3714 noulicuit.
426 3643 581 3702 Quin
609 3644 740 3696 hinc
764 3633 952 3709 potius
976 3647 1350 3712 intelligimus
1394 3652 1706 3714 expositio-

126 3707 602 3790 gfigljincyuﬂam
627 3718 698 3766 ab
728 3707 946 3769 Isidoro
976 3707 1261 3771 Pvlusibta
1291 3722 1410 3771 Lib.
1443 3707 1489 3772 1:
1528 3722 1700 3785 Epist.

127 3771 361 3844 CCXXII.
394 3784 665 3838 Ruﬁnum
690 3801 819 3840 esse
840 3795 1188 3843 mutuatum.
1214 3771 1481 3843 Aitenim
1503 3771 1705 3844 illeiis-

129 3842 694 3931 dem‘DPOpemodum
746 3861 955 3922 verbis,
1003 3864 1059 3931 τὸ
1104 3842 1347 3928 κρίνεᾷθαὶ

128 3922 467 4005 Υξκςοὺςλτθῦτό
516 3922 618 3979 ἐστι
660 3933 715 3982 τὸ
766 3934 851 3983 καὶ
894 3929 1061 3999 ψυχὴν
1103 3935 1186 3984 καὶ
1231 3943 1376 3997 σῶμα
1438 3930 1500 3992 εἷς
1544 3936 1701 4001 κρίσιν

132 3988 431 4073 ξλεύσεσθαιη
456 4002 569 4073 καὶ.
599 4002 708 4073 οόῖε
760 4001 810 4052 ἔν
872 3988 1072 4070 tia-ripae
1123 4007 1516 4073 κεχωρισμένον,
1576 3988 1702 4059 bimi

129 4065 272 4150 ξ’σζπερ
313 4065 475 4150 nomino
527 4067 613 4150 ἷῂν
661 4068 866 4150 ἐνέταῦθα
913 4077 1176 4141 συνάφειαν
1212 4071 1524 4139 ἐποιήσαντο,
1572 4078 1700 4130 οὕτω

128 4139 199 4212 ξεξὶ
220 4139 297 4195 τὴν
329 4139 503 4200 ἐκεῖθεν
529 4143 670 4204 δίκην
697 4139 955 4209 ἡνωμένως
978 4139 1250 4212 ὑφέξουσιν.
1271 4150 1535 4202 Juuicare
1561 4154 1701 4199 vivos

196 4214 459 4288 mortuos,
479 4215 578 4288 hoc
591 4201 679 4277 est,
703 4201 747 4265 et
760 4201 1011 4268 animam
1021 4201 1068 4268 ξι
1082 4201 1275 4284 corpus
1289 4223 1466 4271 venire
1482 4201 1701 4288 injurii-

134 4282 275 4359 ςξιινιη,
300 4286 357 4359 ξιτ
470 4287 568 4336 hoc
600 4288 693 4337 illa
715 4291 1025 4353 separanda
1060 4282 1184 4340 noni
1199 4294 1284 4353 sit,
1310 4295 1399 4342 sed
1428 4282 1569 4344 sicut
1586 4298 1700 4346 heic

133 4353 175 4421 ες
193 4353 511 4424 Cttnjunctim
540 4367 828 4422 gesserunt,
861 4362 939 4410 ita
968 4369 1014 4412 et
1037 4362 1112 4411 ibi
1134 4366 1423 4415 mercedem
1446 4368 1611 4416 simul
1626 4384 1699 4417 re-

134 4424 698 4500 fiptgnt._i_iliasvidere
711 4438 800 4483 est
814 4434 965 4497 apud
979 4434 1136 4492 alios,
1156 4440 1289 4498 puta
1306 4438 1632 4500 Augustinu
1643 4454 1702 4492 In

137 4488 481 4572 {lifuchirid
505 4505 575 4552 ad
607 4488 871 4557 Laurent:
898 4512 956 4557 et
989 4488 1352 4559 Gennadium
1389 4488 1700 4563 Μειὲὲἰῖἰῖςῇ

139 4562 260 4654 sein:
264 4563 788 4654 interpretationes.

392 4643 540 4725 alios
548 4663 618 4693 an
630 4647 748 4725 imae
767 4649 933 4725 simul
946 4649 1420 4725 judicqbuntur,et
1436 4669 1661 4714 corpora
1691 4673 1706 4725 ;

139 4700 331 4797 et}?ng
354 4710 461 4775 ipse
498 4716 762 4797 Dominus
796 4721 855 4797 in
883 4700 1175 4786 Euangelio

229 4775 395 4833 Iidem
422 4792 578 4860 venit,
605 4775 1094 4853 quemadmodum
1132 4800 1189 4847 et
1211 4775 1525 4860 S.C$rrillus
1548 4775 1708 4852 alii;

140 4846 411 4935 €311,qu
435 4846 768 4935 ingredietur
793 4878 892 4928 pro
916 4846 1239 4928 ingreditur
1255 4846 1447 4919 code;

141 4921 478 5051 ἓῗιῐῆἓῗοεὲᾗθι
498 4921 858 4988 ’Βθηὼοιόίιε
889 4953 904 4986 :
943 4921 1002 4989 et
1033 4942 1233 5003 postea
1268 4940 1441 4992 iidem
1487 4947 1545 4994 et
1568 4921 1707 5009 ﬁeg.

312 5010 437 5050 01‘08.

196 5065 219 5151 ξ
233 5062 427 5151 V‘itiose
451 5074 543 5125 alii
576 5081 716 5139 quot
751 5078 867 5130 scio
897 5092 1100 5133 omnes
1146 5080 1377 5144 habent,
1420 5084 1555 5134 sicut
1578 5101 1711 5151 spu-

146 5140 236 5223 Tﬁ-
260 5136 319 5223 [Π
341 5136 664 5223 ϐςεβοολθέῐ,
679 5151 1168 5213 quemadmodum
1182 5157 1238 5205 et
1255 5155 1307 5206 S.
1335 5136 1577 5219 Cyrillus
1592 5136 1710 5208 lau-

146 5196 241 5287 Ψ,
264 5203 321 5287 i3:
341 5214 463 5277 trba,
478 5196 989 5287 'attz",3‘o;,‘gig
999 5196 1175 5276 ὧἷῶ
1184 5196 1713 5280 "rtiioat‘rii‘éiﬁ-

147 5272 697 5363 ξδδςειιετεωέεειιθέ.
725 5272 826 5347 πέα
853 5272 1708 5363 nam:ntemnas”;

149 5353 481 5424 memoratur,
508 5368 565 5415 et
586 5353 764 5421 ᾔνιπέ
792 5369 969 5418 borith
996 5371 1055 5420 in
1072 5353 1316 5422 Hebraeo
1331 5353 1710 5424 diciturutro;

151 5422 393 5511 1°99.
425 5422 806 5511 Iiieronymus
847 5441 946 5502 ibi,
975 5442 1083 5491 Pro
1120 5442 1283 5492 herba
1308 5422 1712 5508 Boritih,iquam

154 5500 247 5576 ζξοεν
272 5503 324 5576 ul
352 5501 407 5576 in
434 5500 647 5560 Hebraeo
666 5512 841 5575 posita
864 5500 952 5573 est,
977 5514 1250 5576 vertimus,
1287 5515 1440 5566 LXX.
1470 5500 1712 5565 transtu-

165 5573 302 5652 ξῗξφί
328 5572 469 5652 ubam,
506 5585 564 5629 ut
584 5572 954 5647 signiﬁcarent
993 5584 1210 5634 herbam
1238 5572 1548 5649 fullonum,
1596 5602 1714 5651 quae

150 5642 288 5720 aliud
310 5645 469 5697 ritum
493 5642 780 5715 provinciae
805 5656 1104 5706 Palaestinae
1136 5658 1196 5706 in.
1220 5642 1513 5707 virentibus
1537 5642 1581 5707 et
1606 5642 1715 5708 ltu-

158 5712 307 5791 Ῠξβσίίξ
350 5712 756 5791 ῖιαδοῖιυνιοείε,
779 5732 823 5777 et
847 5729 921 5777 ad
960 5727 1224 5778 lavandae
1267 5730 1446 5779 sordes
1471 5730 1712 5779 eamdem

158 5781 251 5825 vim
275 5781 432 5852 habet,
455 5807 621 5856 quam
640 5803 685 5847 et
709 5781 939 5850 nitrum.
957 5799 1102 5854 Vide
1113 5804 1172 5853 et
1192 5812 1301 5853 nos
1322 5800 1417 5853 ibi.
1444 5800 1606 5853 Paria
1622 5800 1718 5853 ha-

1808 3227 1941 3265 men
1965 3215 2021 3265 in
2048 3229 2209 3267 sacro
2234 3221 2414 3268 textu.
2446 3219 2558 3266 Nos
2586 3218 2757 3267 verba
2773 3220 2910 3265 sicut
2940 3220 3244 3277 argentum,
3270 3220 3405 3274 quae

1810 3286 1949 3337 vitio
1972 3286 2328 3339 librariorum
2347 3302 2378 3341 e
2394 3289 2696 3339 Barraaano
2724 3287 3034 3352 exemplari
3050 3283 3401 3337 exciderant.

1807 3358 2048 3409 aliorum
2072 3361 2332 3412 omnium
2364 3362 2707 3413 auctoritate
2740 3359 3090 3411 sutl'ecimus.

1869 3445 1887 3466 ε
1913 3440 2085 3490 Deest
2106 3443 2275 3489 noctis
2298 3441 2346 3490 is
2374 3442 2506 3491 Mss.
2524 3440 2752 3492 Baluzio
2773 3438 3038 3491 laudatis.
3070 3433 3406 3496 Remboldo,

1805 3514 1982 3572 atque
2007 3512 2258 3563 Erasmo.
2278 3515 2404 3564 Nox
2427 3513 2597 3564 iidem
2621 3517 2795 3577 atque
2810 3512 2904 3564 alii
2924 3513 2985 3559 in
3010 3508 3257 3559 nubibus:
3304 3519 3405 3570 pro

1805 3596 1930 3630 cum
1954 3583 2201 3644 nubibus,
2228 3589 2355 3637 tum
2382 3587 2649 3650 perveniet
2676 3599 2776 3649 pro
2818 3583 3057 3649 pervenit
3081 3599 3093 3629 :
3132 3586 3403 3632 neutrum

1804 3654 1952 3705 bene
1978 3656 2180 3707 saltem
2202 3657 2273 3707 ad
2291 3660 2571 3710 Graecum.
2593 3657 2795 3709 Verbis
2811 3669 2942 3719 quas
2960 3656 3296 3718 sequuntur,
3323 3650 3407 3700 ob-

1805 3724 1944 3773 latus
1965 3731 2054 3787 est,
2096 3727 2156 3779 in
2200 3730 2500 3781 Barrmano
2545 3729 2858 3793 exemplari
2884 3727 3213 3778 addebatur
3256 3722 3401 3785 liber,

1805 3796 1957 3859 quod
1982 3810 2089 3849 nos
2111 3802 2523 3863 expunximus,
2552 3802 3049 3865 utpoteintrusum
3076 3810 3148 3848 ex
3170 3796 3403 3847 adnota-

1803 3868 1972 3925 tione,
2003 3882 2178 3931 quam
2202 3872 2501 3924 studiosus
2534 3885 2652 3924 non
2678 3884 2848 3923 nemo
2873 3873 2947 3923 ad
2993 3869 3119 3920 libri
3143 3880 3303 3919 oram
3326 3879 3401 3919 ex

1801 3941 2143 4005 Apocalypsi
2184 3943 2528 4007 adposuerit.

1862 4036 1879 4065 '
1912 4038 2077 4089 Modo
2110 4039 2326 4092 laudati
2362 4041 2496 4092 Mss.
2522 4039 2872 4092 Remboldus
2902 4041 3073 4100 atque
3106 4037 3401 4099 Erasmus,

1800 4112 1844 4157 et
1869 4110 2046 4158 omnis
2067 4112 2318 4175 populus,
2346 4110 2532 4174 tribus,
2557 4119 2603 4159 et
2618 4111 2816 4174 linguae
2839 4110 2945 4170 ipsi
2981 4108 3222 4157 serviunt
3250 4127 3259 4152 :
3286 4117 3403 4156 ma-

1798 4178 1981 4231 le.Sed
2009 4181 2145 4232 illud
2172 4183 2453 4245 vitiosius,
2478 4183 2630 4246 quod
2657 4183 2939 4233 hubentet
2964 4179 3161 4242 reliqui
3178 4189 3397 4238 omnes,

1800 4252 2373 4318 codiceSangerman.
2411 4260 2469 4306 et
2487 4261 2678 4307 vetere
2703 4255 2980 4306 Oxonien.
3019 4252 3269 4304 editione
3303 4261 3403 4300 ex-

1800 4329 1979 4388 cepta,
2007 4327 2199 4389 peribit
2222 4341 2322 4392 pro
2334 4327 2623 4394 praetersbit
2650 4342 2662 4378 :
2689 4328 2866 4379 Graec.
2906 4325 3275 4392 παρελεύσεται.

1862 4429 1879 4457 ⁸
1928 4428 2246 4479 Pronomen
2269 4427 2382 4491 ejus
2417 4427 2747 4478 suifecimus
2793 4438 2867 4476 ex
2909 4423 3068 4475 libris
3116 4419 3402 4485 plerisque

1800 4501 1942 4556 aliis,
1971 4500 2069 4563 qui
2096 4512 2228 4549 mox
2249 4499 2418 4549 etiam
2446 4498 2562 4562 pari
2582 4510 2871 4549 consensu
2907 4496 2966 4543 in
2990 4492 3285 4556 Evangelia
3309 4491 3404 4563 ha-

1720 4568 1779 4641 D
1809 4573 1959 4635 bent,
1982 4562 2166 4635 proin
2194 4570 2459 4634 Symbolo.
2490 4573 2603 4620 Nos
2632 4568 2764 4619 olim
2813 4565 3225 4641 dubitavimus,
3259 4562 3402 4641 quin

1804 4644 1913 4696 hoc
1923 4656 2022 4709 pro
2033 4642 2127 4694 illo
2140 4654 2348 4693 nomen
2360 4642 2739 4692 substitutum
2753 4640 3061 4691 recentiore
3074 4648 3251 4688 manu
3282 4635 3404 4709 fue-

1806 4716 1894 4767 rit.
1923 4704 2057 4766 cum
2085 4713 2440 4778 Symbolum,
2467 4712 2617 4775 quod
2652 4717 2858 4763 vocant
2893 4704 3403 4771 Constantinopoli-

1808 4791 2027 4845 tanum,
2055 4786 2309 4837 obtinere
2341 4784 2401 4835 in
2434 4784 2701 4836 Ecclesiis
2728 4785 2914 4847 caepit.
2942 4784 3050 4833 Sed
3076 4794 3207 4832 cum
3226 4779 3401 4830 hocce

1806 4858 2282 4916 additamentum,
2298 4862 2393 4909 tan
2419 4869 2570 4919 quam
2583 4870 2615 4908 e
2627 4857 2913 4920 Symbolo,
2934 4856 3040 4906 sibi
3055 4865 3285 4919 quoque
3307 4861 3401 4901 ex-

1809 4930 2138 5003 ponendum
2182 4933 2458 4995 proponat
2499 4930 2552 4981 S.
2585 4927 2842 5003 Cyrillus,
2898 4930 3067 4991 cujus
3122 4923 3402 5003 institisse

1808 5002 2065 5067 vestigiis
2092 5003 2381 5062 Ruﬁnum,
2403 5008 2489 5053 tot
2506 5002 2641 5053 locis
2659 5002 2999 5053 adnotatum
3012 5004 3119 5061 est,
3146 4996 3309 5049 nobis
3322 4996 3402 5045 ni-

1807 5074 1886 5125 hil
1910 5074 2211 5124 immutare
2237 5072 2448 5136 placuit
2471 5088 2483 5123 :
2504 5073 2640 5135 quin
2664 5072 2780 5123 imo
2805 5072 3186 5123 verosimilius
3211 5070 3403 5121 visum

1808 5151 1915 5208 est,
1950 5145 2133 5209 ipsius
2155 5144 2229 5194 ab
2254 5156 2320 5195 eo
2345 5144 2645 5209 pericopen
2668 5144 2921 5208 Symboli
2954 5143 3191 5205 laudari,
3228 5149 3404 5205 quam

1809 5220 1982 5280 caput
2006 5215 2252 5279 primum
2281 5227 2335 5266 v.
2368 5217 2444 5277 33,
2492 5217 2558 5265 ut
2602 5216 2804 5266 volunt
2849 5215 3064 5266 Lucani
3095 5212 3407 5279 Evangelii.

1810 5291 1955 5347 Nam
1986 5288 2093 5338 etsi
2109 5286 2178 5337 de
2195 5285 2579 5349 Aquilejensis
2597 5286 2864 5337 Ecclesiae
2877 5285 3147 5349 Symbolo
3163 5286 3406 5337 fortasse

1808 5361 1902 5413 illa
1924 5373 2041 5412 non
2064 5358 2251 5420 fuerit,
2275 5357 2683 5408 communioris
2711 5360 2922 5419 tamen,
2948 5362 3005 5408 et
3049 5356 3204 5420 quod
3240 5357 3408 5408 latius

1810 5432 2120 5494 obtinebat,
2160 5429 2409 5481 maxime
2446 5429 2509 5480 in
2539 5427 2785 5480 Orientis
2815 5427 3104 5491 Ecclesiis,
3148 5433 3207 5479 et
3232 5427 3407 5492 vulgo

1758 5512 1765 5519 '
1811 5503 2203 5569 Apostolicum
2213 5501 2496 5563 audiebat,
2512 5499 2764 5564 Symboli
2778 5499 3011 5550 omnino
3024 5511 3154 5562 pars
3167 5500 3403 5552 exstitit.

1814 5576 1957 5627 Vide
1980 5575 2245 5639 Cyrillum
2270 5585 2429 5624 num.
2445 5572 2494 5628 1.
2521 5578 2578 5625 et
2595 5570 2903 5637 postremis
2926 5569 3111 5622 tribus
3127 5569 3199 5623 ad
3228 5570 3405 5623 finem

1812 5647 2207 5701 Catecheseos.

1873 5728 1894 5757 ⁵³
1919 5728 2147 5780 Habent
2169 5726 2346 5780 ferme
2374 5726 2588 5779 rectius
2609 5724 2723 5787 alii,
2753 5722 3056 5787 conabitur,
3091 5724 3147 5776 et
3168 5734 3305 5777 mox
3343 5720 3406 5785 ﬂ-

1811 5799 1945 5850 deles
1968 5813 2200 5865 quosqae
2220 5797 2434 5862 callida,
2461 5798 2566 5850 ete.
