3898 6440
524 416 626 472 371

1544 407 1789 461 RUFINI
1820 398 2310 467 AQUILEIENSIS
2343 396 2785 452 PRESBYTERI

3720 394 3810 449 372

519 536 851 589 introducat
873 533 1306 591 Antichristum,
1330 531 1400 582 de
1425 542 1539 596 quo
1573 536 1628 583 et
1646 527 1758 603 97
1784 526 2064 579 Dominus
2094 532 2111 550 '
2139 518 2197 588 A
2215 523 2289 574 rit
2316 534 2485 573 verus
2502 520 2788 571 Dominus
2811 521 2844 571 J
2849 532 2984 571 esus
3009 518 3290 579 Christus,
3316 516 3558 575 sedebit,
3597 522 3656 569 et
3678 516 3813 581 judi-

521 627 583 678 in
606 625 927 689 Evangeliis
944 623 1205 687 prmdixit
1231 622 1448 673 Judaeis
1475 641 1487 672 :
1518 624 1663 682 Quia
1692 640 1784 687 ego
1810 625 2004 673 veniin
2029 640 2124 673 no-

525 716 673 765 mine
686 715 865 765 Putris
881 714 1001 775 mei,
1026 720 1195 761 etnon
1229 714 1492 775 recepistis
1522 728 1604 761 me
1629 729 1642 764 :
1680 714 1828 763 alius
1854 716 2019 763 veniet
2064 715 2123 762 in

523 804 742 855 nomine
764 818 879 863 suo,
904 809 949 851 et
984 803 1163 867 ipsum
1201 803 1464 867 recipietis
1494 802 1674 867 (Joan.
1701 806 1788 866 5.).
1818 807 1885 855 Et.
1906 805 2116 856 iterum

525 894 660 945 dicit
683 908 696 943 :
727 894 861 944 Cum
887 892 1123 941 videbitis
1138 891 1597 942 abominationem
1613 894 1955 943 desolationis
1982 899 2127 942 stan-

522 989 625 1033 tem
646 984 708 1031 in
732 982 839 1031 loco
863 988 1060 1037 sancto.
1086 983 1222 1031 sicut
1244 982 1373 1031 dicit
1394 983 1590 1031 Daniel
1613 984 1893 1048 propheta,
1929 985 2026 1049 qui
2052 984 2125 1033 le—

520 1073 599 1137 git
644 1072 910 1136 intelligat
954 1073 1123 1135 (Matt.
1167 1074 1286 1134 24.).
1312 1071 1515 1124 Daniel
1562 1085 1699 1135 ergo
1748 1074 1818 1124 de
1866 1074 2124 1125 adventu

529 1162 733 1214 erroris
748 1162 917 1213 istius
931 1160 1152 1224 plenius
1176 1160 1486 1213 etlatiusin
1507 1163 1629 1213 suis
1645 1162 1967 1213 visionibus
1984 1163 2124 1215 edo-

536 1254 646 1314 cet,
671 1263 743 1301 ex
759 1250 970 1314 quibus
994 1248 1160 1301 valde
1204 1262 1510 1314 operosum
1544 1255 1647 1310 est,
1679 1264 1836 1302 nunc
1860 1254 2123 1319 exempla

530 1353 757 1409 ponere,
780 1339 916 1405 quia
947 1339 1049 1403 [Αι.
1080 1340 1196 1403 qui]
1213 1340 1354 1391 satis
1366 1340 1573 1403 amplis
1596 1342 2016 1394 narrationibus
2039 1343 2123 1394 di-

523 1429 736 1482 latatur
770 1444 784 1480 :
809 1429 1009 1481 etideo
1035 1429 1179 1481 scire
1212 1429 1283 1481 de
1314 1429 1404 1480 his
1428 1429 1653 1494 plenius
1673 1430 1960 1483 volentem
1984 1432 2027 1497 δ,
2048 1433 2121 1484 ad

518 1521 672 1585 ipsas
687 1519 869 1584 magis
884 1519 1268 1571 recensendas
1286 1520 1631 1571 remittimus
1647 1520 1921 1574 visiones.
1941 1522 2048 1574 Sed
2065 1524 2123 1574 et

521 1609 832 1675 Apostolus
857 1609 996 1661 dicit
1019 1610 1089 1660 de
1105 1622 1172 1662 eo
1195 1625 1208 1660 :
1238 1609 1316 1659 Ne
1336 1610 1465 1674 quis
1508 1626 1595 1659 vos
1626 1611 1841 1661 seducat
1867 1611 1977 1661 ullo
2006 1628 2123 1662 mo-

523 1700 619 1750 do:
639 1700 905 1764 quoniam
928 1700 1037 1749 nisi
1058 1700 1299 1749 discessio
1324 1701 1523 1749 venerit
1551 1702 1822 1765 primum,
1857 1707 1903 1751 et
1927 1703 2122 1752 revela-

524 1794 607 1839 tus
620 1788 788 1850 fuerit
813 1790 971 1839 homo
992 1790 1211 1854 peccati,
1234 1789 1381 1853 filius
1403 1792 1744 1855 perditionis,
1764 1793 1857 1855 qui
1877 1793 2122 1842 adversa-

2228 612 2379 663 cium
2403 614 2619 661 statuet
2645 624 2657 660 :
2682 609 2833 660 sicut
2855 622 2874 643 ο
2921 612 2977 660 et
3000 609 3057 659 in
3081 608 3405 672 Evangeliis
3435 608 3575 658 dicit
3601 621 3616 657 :
3664 607 3733 656 Et
3755 623 3811 655 se-

2224 700 2461 765 gregabit
2483 715 2597 747 oves
2617 700 2682 747 ab
2708 700 2868 749 hmdis
2900 699 3108 759 (Matth.
3138 697 3264 761 25.),
3295 698 3352 749 id
3376 699 3481 757 est,
3507 697 3710 761 justos
3737 710 3813 748 se-

2223 790 2484 852 gregabit
2517 789 2588 838 ab
2621 788 2874 851 injustis.
2903 788 3062 839 Sicut
3092 787 3402 852 Apostolus
3420 786 3622 837 scribit
3649 801 3661 837 :
3692 787 3813 844 Quia

2222 894 2403 927 omnes
2427 894 2522 927 nos
2545 884 2684 927 stare
2717 883 2917 941 oportet
2939 883 3063 925 ante
3091 877 3333 926 tribunal
3362 877 3587 934 Christi,
3616 882 3674 924 ut
3706 878 3815 925 reci.

2224 968 2341 1031 piat
2366 968 2739 1031 unusquisque
2780 968 3012 1031 propria
3033 966 3049 996 '
3070 969 3309 1031 corporis
3333 973 3495 1031 prout
3519 967 3700 1031 gessit,
3723 968 3816 1015 sive

2224 1056 2366 1106 bona
2391 1059 2496 1106 sive
2529 1057 2677 1105 mala
2720 1058 2785 1118 (2.
2826 1057 2944 1105 Cor.
2992 1055 3024 1110 5
3068 1056 3195 1118 10.).
3221 1056 3594 1108 Judicabitur
3622 1064 3811 1107 autem

2223 1160 2339 1198 non
2363 1146 2548 1197 solum
2575 1160 2672 1211 pro
2690 1147 2887 1211 gestis,
2912 1147 3008 1197 sed
3033 1148 3204 1198 etiam
3231 1160 3332 1211 pro
3377 1147 3656 1210 cogitatis
3685 1162 3701 1194 :
3746 1159 3817 1197 se-

2223 1236 2482 1287 cundum
2500 1236 2655 1300 quod
2678 1236 2799 1300 ipse
2821 1236 3131 1301 Apostolus
3152 1237 3290 1288 dicit
3314 1251 3328 1286 :
3356 1238 3498 1286 Inter
3517 1252 3571 1285 se
3595 1236 3815 1285 invicem

2222 1326 2635 1389 cogitationibus
2651 1325 3045 1389 accusantibus,
3059 1331 3155 1374 aut
3168 1327 3330 1375 etiam
3347 1325 3756 1389 defendentibus
3771 1326 3815 1371 in

2222 1415 2324 1475 die,
2348 1430 2451 1479 quo
2480 1414 2752 1480 judicabit
2777 1416 2917 1464 Deus
2958 1415 3161 1465 occulta
3207 1416 3498 1464 hominum
3526 1415 3706 1479 (Rom.
3733 1414 3816 1473 2.).

2224 1504 2329 1555 Sed
2358 1503 2496 1555 etde
2519 1504 2610 1556 his
2633 1504 3057 1556 istasut‘tlciant.
3086 1506 3219 1557 Post
3240 1504 3369 1557 haec
3385 1503 3628 1569 ponitur
3650 1505 3715 1557 in
3737 1518 3815 1557 or-

2222 1593 2355 1645 dine
2384 1593 2537 1645 fidei.

2284 1682 2369 1737 35.
2398 1686 2479 1735 Er
2513 1696 2575 1735 IN
2613 1686 2856 1737 διηλιτο
2902 1684 3157 1736 Sucro.
3183 1685 3263 1736 Ea
3299 1696 3433 1748 qua:
3461 1684 3519 1735 in
3549 1685 3657 1749 [Αι.
3700 1685 3814 1749 Ιιοοζ

2224 1773 2613 1836 superioribus
2638 1775 2803 1835 paulo
2828 1774 2896 1825 lat
2910 1774 3081 1825 iusde
3099 1774 3321 1825 Christo
3340 1778 3480 1825 sunt
3495 1774 3736 1837 tradita,
3757 1775 3817 1825 ad

525 1883 616 1928 tur
643 1884 691 1928 et
714 1878 991 1929 extollitur
1014 1894 1178 1945 super
1211 1894 1385 1943 omne,
1423 1881 1568 1944 quod
1592 1881 1799 1929 dicitur
1837 1882 1996 1944 Deus,
2027 1887 2122 1931 aut
2159 1863 2632 1959 Bincaf'nauonis
2656 1868 2713 1914 et
2738 1863 2845 1959 lAl-
2865 1862 3373 1959 Vel'l_l)§35ionis_ej
3386 1876 3452 1914 us
3478 1865 3815 1959 mysmri‘im

521 1968 665 2033 quod
686 1968 881 2019 colitur
907 1984 918 2019 :
943 1969 1023 2017 ita
1049 1974 1109 2018 ut
1140 1970 1201 2017 in
1225 1969 1418 2035 templo
1446 1971 1540 2020 Dei
1556 1971 1748 2030 sedeat,
1776 1973 2053 2021 ostendens
2075 1988 2126 2021 se

524 2062 792 2121 tanquam
816 2056 1010 2120 ipsesit
1052 2056 1193 2105 Deus
1224 2058 1295 2119 {2.
1330 2057 1476 2107 Thes.
1509 2056 1560 2111 2.
1605 2056 1653 2112 3.
1704 2057 1792 2119 4.).
1842 2060 1910 2109 Et
1954 2060 2123 2122 paulo

520 2148 680 2211 post:
708 2146 775 2195 Et
800 2150 926 2194 tunc
968 2145 1286 2195 revelabitur
1325 2154 1344 2175 '
1377 2148 1621 2211 iniquus,
1664 2163 1820 2212 quem
1860 2149 2124 2199 Dominus

520 2234 672 2285 Jesus
701 2236 979 2299 interficiet
1006 2236 1207 2300 spiritu
1236 2236 1346 2285 aris
1366 2236 1530 2299 sui,et
1553 2237 1825 2288 evacuabit
1850 2254 1972 2287 eum
1997 2239 2125 2289 illu-

518 2325 819 2375 minatione
839 2326 1098 2375 adventus
1119 2326 1221 2381 sui.
1263 2326 1418 2391 cujus
1436 2334 1505 2376 est
1529 2328 1787 2377 adventus
1827 2330 2121 2379 secundum

518 2430 683 2479 opera
697 2421 901 2465 satanas
924 2417 985 2465 in
1008 2416 1162 2464 omni
1184 2416 1387 2471 virtvte,
1411 2418 1584 2481 signis
1608 2424 1652 2467 et
1676 2419 1950 2481 ppodigiis
1974 2435 2123 2469 men-

525 2504 744 2555 dacibus
789 2505 943 2561 (Ibid.
992 2509 1037 2557 8.
1088 2506 1175 2569 9.).
1222 2507 1291 2557 Et
1323 2507 1461 2558 item
1511 2507 1617 2571 [Αἱ.
1663 2508 1891 2572 iterum]
1957 2510 2123 2572 paulo

519 2596 680 2659 past:
706 2593 772 2643 Et
789 2594 905 2643 ideo
930 2595 1094 2644 mittet
1120 2595 1228 2644 illis
1268 2596 1403 2644 Deus
1430 2597 1791 2661 operationem
1817 2600 2036 2660 erroris,
2068 2606 2123 2649 ut

520 2683 742 2734 credant
763 2683 1063 2742 mendacio,
1092 2690 1146 2732 ut
1172 2670 1477 2744 iudicentur
1495 2701 1677 2735 omnes
1696 2687 1793 2752 qui
1818 2704 1927 2737 non
1952 2691 2123 2739 credi-

520 2772 715 2823 derunt
742 2773 953 2822 veritati
979 2772 1125 2837 (Ibid.
1168 2772 1250 2828 10.
1308 2773 1433 2837 11.).
1485 2777 1784 2837 Propterea
1820 2790 1956 2839 ergo
1995 2792 2124 2842 pro-

522 2861 763 2926 pheticis
788 2866 845 2913 et
885 2862 1250 2925 evangelicis,
1292 2868 1467 2927 atque
1504 2865 1846 2929 Apostolicis
1872 2867 2122 2920 vocibus

518 2951 687 3004 nobis
712 2952 1137 3015 praenunciatur
1159 2952 1254 3003 hic
1278 2965 1446 3011 error,
1478 2967 1551 3005 ne
1575 2953 1597 2983 ⁸
1620 2955 1717 3019 qui
1744 2969 1843 3020 pro
1866 2957 2121 3011 adventu

518 3040 723 3093 Christi
735 3041 801 3091 ad
811 3045 1048 3093 ventnm
1065 3041 1297 3094 credant
1314 3043 1679 3095 Antichristi:
1701 3045 1802 3096 sed
1835 3046 1987 3099 sicut
2000 3047 2122 3112 ipse

514 3131 794 3183 Dominus
807 3131 967 3184 dicit:
990 3132 1127 3183 Cum
1143 3132 1385 3181 dixerint
1406 3133 1573 3184 vobis:
1596 3150 1703 3183 ecce
1734 3135 1993 3186 Christus
2033 3138 2122 3187 hic

2228 1951 2530 2014 pertinent.
2556 1954 2698 2014 Quae
2721 1951 2860 2003 dum
2882 1952 3070 2003 media
3086 1952 3448 2003 intercedunt
3464 1965 3733 2017 persona
3753 1955 3816 2018 ip

2186 2082 2191 2087 .
2225 2040 2344 2090 sius
2368 2050 2385 2078 ι
2408 2044 2688 2104 coaptata,
2717 2042 2907 2094 Sancti
2937 2041 3179 2105 Spiritus
3212 2043 3815 2095 commemorationem

2220 2129 2390 2193 paulo
2414 2130 2642 2195 longius
2674 2131 3060 2183 reddiderunt.
3087 2133 3368 2183 Caeterum
3395 2132 3442 2183 si
3482 2132 3666 2183 solius
3689 2133 3818 2184 divi-

2223 2219 2417 2271 nitatis
2443 2221 2585 2271 ratio
2610 2220 2905 2279 habeatur,
2952 2234 3019 2273 eo
3062 2221 3248 2284 modo,
3290 2233 3403 2285 quo
3443 2222 3503 2272 in
3546 2223 3817 2287 principio

2222 2309 2443 2366 dicitur,
2472 2310 2651 2361 Credo
2676 2311 2734 2361 in
2760 2311 2874 2361 Deo
2904 2310 2925 2339 "
2951 2312 3111 2362 Patre
3148 2312 3537 2375 omnipotente
3566 2325 3579 2361 :
3608 2316 3667 2363 et
3695 2315 3816 2377 post

2218 2398 2360 2459 haec,
2376 2402 2435 2451 In
2448 2402 2479 2451 J
2486 2414 2589 2451 esu
2601 2401 2827 2452 Christo
2844 2401 2983 2451 Filio
3003 2402 3128 2465 ejus
3153 2402 3322 2452 unico
3341 2402 3579 2453 Domino
3592 2408 3815 2454 nostro:

2222 2488 2301 2540 ita
2329 2490 2625 2552 jungitur:
2670 2492 2735 2540 Et
2773 2490 2829 2541 in
2853 2491 3064 2553 Spiritu
3089 2492 3310 2542 Sancto.
3339 2490 3440 2543 Illa
3463 2505 3599 2543 vero
3629 2495 3819 2544 omnia

2223 2579 2435 2641 quaede
2456 2580 2680 2631 Christo
2700 2584 3095 2632 memorantur
3110 2581 3181 2633 ad
3196 2580 3690 2644 dispensationem
3708 2595 3817 2634 car-

2222 2668 2332 2728 nis,
2358 2672 2424 2720 ut
2456 2668 2729 2731 diximus,
2757 2673 3035 2734 spectant.
3064 2671 3242 2734 Igitur
3263 2671 3322 2722 in
3349 2671 3538 2722 Sancti
3575 2671 3817 2736 Spiritus

2223 2759 2761 2810 commemoratione
2785 2759 3133 2823 adimpletur
3148 2760 3485 2824 mysterium
3502 2760 3814 2812 Trinitatis.

2223 2846 2378 2898 Sicut
2402 2848 2552 2899 enim
2588 2862 2740 2899 unus
2766 2849 2976 2900 dicitur
3005 2850 3186 2912 Pater,
3212 2855 3269 2901 et
3292 2848 3437 2900 alius
3460 2862 3578 2901 non
3603 2856 3701 2903 est
3727 2853 3817 2903 Pa-

2222 2940 2337 2988 ter:
2363 2941 2421 2988 et
2442 2950 2592 2990 unus
2617 2938 2823 2990 dicitur
2842 2940 3177 3005 unigenitus
3208 2939 3406 3003 Filius,
3434 2943 3491 2991 et
3512 2939 3666 2992 alius
3686 2941 3809 2993 uni-

2222 3028 2487 3090 genitus‘
2552 3028 2701 3079 Illius
2747 3041 2864 3080 non
2898 3034 3026 3081 est:
3071 3030 3150 3081 ita
3182 3034 3240 3081 et
3281 3030 3523 3094 Spiritus
3569 3030 3816 3081 Sanctus

2225 3128 2379 3167 unus
2415 3118 2520 3177 est,
2545 3122 2603 3169 et
2640 3116 2789 3170 alius
2826 3131 2942 3170 non
2983 3123 3171 3183 potest
3220 3131 3349 3170 esse
3390 3119 3634 3184 Spiritus
3687 3122 3819 3172 San-

518 3226 614 3270 aut
635 3236 742 3271 ecce
765 3221 893 3283 illic,
918 3221 1083 3270 nolite
1104 3221 1327 3273 credere.
1362 3222 1582 3272 Venient
1605 3224 1751 3272 enim
1775 3225 1939 3275 multi
1965 3242 2120 3291 pseu-
2149 3211 2201 3283 C
2224 3207 2369 3257 cms'
2398 3206 2470 3257 Ut
2505 3206 2638 3271 ergo
2674 3207 2773 3258 ﬂat
2801 3207 3088 3260 (Ῐίενίίηοίίο
3138 3221 3528 3273 personamm’
3561 3209 3817 3261 an‘ecuo‘

516 3309 800 3371 doehristi,
871 3315 917 3359 et
978 3311 1464 3375 pseudoprophetis,
1527 3316 1573 3360 et
1615 3313 1861 3363 seducent
1922 3316 2119 3365 multos

518 3398 726 3462 (Matth.
750 3396 893 3461 94.):
905 3399 1011 3450 Sed
1033 3400 1320 3463 quomodo
1337 3400 2115 3461 demonstraveritjudicium

520 3488 641 3540 veri
664 3487 889 3549 Christi,
915 3487 1233 3540 videamus.
1279 3490 1427 3539 Sicut
1468 3490 1677 3555 fulgur,
1717 3492 1921 3557 inquit,
1951 3495 2013 3543 de
2051 3495 2121 3545 0-

515 3576 685 3626 riente
706 3575 997 3639 resplendet
1021 3592 1192 3641 usque
1206 3579 1264 3626 in
1294 3578 1379 3641 [Al
1426 3579 1516 3642 ad]
1538 3579 2007 3651 0ccidentem,98
2036 3585 2117 3633 ita

516 3665 618 3715 erit
646 3665 904 3715 adventus
925 3666 1031 3731 ﬁlii
1055 3667 1297 3717 hominis
1332 3667 1530 3733 (Ibid).
1555 3671 1697 3721 Cum
1714 3683 1847 3735 ergo
1869 3673 2124 3725 advene-

582 3837 971 3909 {Prmponunt
993 3836 1086 3889 alii
1109 3837 1219 3900 ipse
1243 3853 1256 3889 :
1283 3838 1640 3903 quibuscum
1666 3840 1874 3895 deinde
1908 3848 1965 3896 et
1990 3858 2119 3909 nos,

519 3907 659 3967 Quia
676 3924 767 3971 ego
783 3921 879 3971 pro
892 3924 1013 3973 ergo
1030 3910 1430 3973 rescripsimus
1459 3927 1470 3957 :
1491 3917 1547 3963 et
1570 3914 1964 3978 subsequente
1986 3907 2122 3968 Maté

515 3980 786 4033 thmiloco
802 3980 939 4032 Cum
957 3994 1054 4043 pro
1078 3983 1221 4031 Tunc
1245 3996 1257 4031 :
1288 3987 1461 4045 atque
1484 3982 1595 4035 alia
1618 3985 1864 4038 interius
1889 3988 2116 4041 leviora.

515 4053 676 4115 Quod
702 4054 965 4114 sequitur
982 4055 1181 4103 erroris
1205 4055 1578 4119 resigendum
1604 4059 1869 4121 suspicor
1891 4060 1948 4110 in
1965 4076 2120 4110 erro-

516 4124 623 4179 nis.
650 4122 866 4175 scilicet
899 4124 1246 4177 Antichristi.
1277 4127 1589 4191 Mutuatur,
1605 4133 1800 4180 autem
1824 4129 1952 4182 haec
1967 4132 2123 4183 Ruti-

516 4206 630 4246 nus
652 4194 724 4245 ab
750 4194 953 4257 Cyrillo
977 4208 1119 4246 num
1168 4196 1247 4250 11.
1274 4201 1333 4248 et
1357 4210 1515 4261 seqq.

578 4282 599 4312 ⁵
621 4285 707 4335 Ita
728 4287 787 4335 et
820 4283 943 4335 cod.
993 4285 1470 4347 Sangermanens.
1522 4287 1836 4351 Morellius,
1869 4291 2118 4343 etvetus

515 4354 831 4411 Oxoniens,
858 4355 1032 4407 editio
1056 4355 1314 4407 habent:
1366 4358 1461 4408 alii
1512 4358 1893 4423 delectantem;
1938 4363 2036 4425 qui
2066 4368 2122 4415 et

512 4426 684 4491 paulo
714 4428 844 4491 post
872 4428 1075 4476 extollit
1100 4443 1151 4477 se
1175 4441 1277 4490 pro
1309 4430 1587 4478 extollitur
1611 4431 1826 4495 legunt.
1861 4437 1918 4485 et
1948 4434 2121 4487 ferme

513 4499 725 4551 rectius
750 4499 956 4550 deinde
982 4506 1247 4563 tanquam
1274 4501 1339 4548 sit
1369 4502 1525 4564 Deus,
1553 4504 1774 4567 absque
1804 4506 1938 4570 ipse‘
1963 4508 2119 4569 quod

512 4582 701 4633 neque
741 4572 803 4621 in
823 4571 1022 4623 Graeco
1047 4576 1233 4623 sonat.

2223 3296 2309 3345 nis
2344 3292 2458 3364 99
2490 3297 2767 3348 vocabula
2811 3304 3190 3350 secernuntur
3222 3315 3232 3347 :
3261 3299 3474 3362 quibus
3509 3298 3603 3351 ille
3654 3301 3819 3351 Pater

2219 3384 2585 3451 intelligatur,
2612 3400 2681 3437 ex
2708 3400 2822 3451 quo
2846 3388 3058 3451 omnia,
3084 3393 3141 3440 et
3163 3388 3296 3451 quia
3312 3388 3435 3452 ipse
3459 3400 3579 3439 non
3602 3388 3819 3440 habeat

2222 3480 2444 3538 patrem
2471 3490 2485 3538 ;
2504 3476 2611 3528 iste
2625 3477 2777 3528 illius
2794 3477 2852 3541 [Α
2864 3478 2895 3527 ι.
2919 3478 3095 3529 Filius
3120 3479 3297 3543 vero],
3322 3482 3602 3541 tanquam
3622 3480 3731 3543 qui
3750 3493 3819 3533 ex

2223 3566 2384 3617 Patre
2408 3570 2580 3617 natus
2602 3566 2708 3631 sit;
2733 3572 2791 3618 et
2820 3567 2921 3631 [Αι.
2950 3572 3047 3616 tae.
3076 3567 3142 3632 ei]
3165 3568 3256 3619 hic
3281 3568 3522 3632 Spiritus
3545 3570 3817 3631 Sanctus,

2224 3659 2499 3719 tanquam
2532 3656 2602 3707 de
2628 3661 2870 3721 utroque
2884 3658 3215 3723 procedens,
3246 3660 3303 3710 et
3326 3664 3533 3710 cuncta
3558 3661 3823 3713 sanctiﬁ-

2224 3825 2458 3877 modum
2492 3827 2757 3890 superius
2788 3826 3026 3879 fecimus
3054 3829 3175 3879 suis
3201 3828 3423 3892 proprie
3445 3828 3603 3893 locis,
3629 3831 3737 3882 ubi
3770 3836 3824 3882 et

2222 3898 2300 3949 rei
2322 3910 2560 3950 caussas
2594 3898 2881 3951 addimus.
2908 3900 3076 3953 Paulo
3113 3904 3245 3966 post
3281 3900 3395 3965 alii,
3419 3901 3595 3965 Igitur
3632 3902 3822 3953 Sancti

2223 3968 2461 4034 Spiritus
2484 3972 2887 4022 memoratione.

2281 4068 2526 4119 iTacent
2549 4068 2698 4131 ﬁlius
2725 4069 2817 4120 alii
2847 4087 2858 4118 :
2885 4074 2943 4121 et
2966 4070 3198 4123 inferius
3224 4070 3390 4123 tertio
3429 4070 3502 4122 ab
3548 4069 3661 4123 hoc
3699 4084 3819 4123 ver-

2223 4152 2293 4189 su
2317 4139 2397 4190 sic
2420 4141 2747 4204 praeferunt,
2780 4147 2825 4191 et
2842 4142 2987 4205 quod
3005 4144 3112 4207 ipse
3140 4143 3446 4191 nonhabeat
3470 4143 3715 4207 Patrem,
3746 4143 3825 4193 Fi-

2220 4211 2326 4260 lius
2347 4227 2464 4260 vero
2482 4219 2766 4276 tanquam,
2793 4215 2889 4276 qui
2913 4229 2979 4262 es:
3009 4216 3165 4263 Patre
3189 4221 3349 4263 natus
3371 4215 3453 4269 sit,
3498 4220 3542 4263 el
3575 4214 3820 4279 Spiritus

2223 4282 2451 4333 Sanctus
2476 4291 2742 4349 tanquam
2767 4285 2828 4334 de
2851 4286 2947 4335 Dei
2971 4302 3060 4335 ore
3080 4288 3380 4348 procedens,
3411 4288 3518 4337 etc.
3548 4286 3622 4336 Ut
3647 4290 3822 4338 cete-

2221 4366 2284 4405 ra
2306 4355 2453 4407 bene
2478 4368 2642 4419 aeque
2666 4357 2930 4408 habeant.
2952 4362 3305 4421 postremum
3324 4357 3431 4409 hoc
3454 4362 3609 4409 certe
3634 4359 3699 4406 de
3725 4358 3820 4407 Dei

2220 4441 2326 4489 Ore,
2355 4439 2452 4489 pro
2483 4427 2543 4475 de
2571 4434 2806 4491 utroque,
2850 4428 3157 4480 contictum
3197 4428 3509 4492 posteriore
3534 4441 3716 4480 manu
3741 4430 3819 4481 vi-

2222 4495 2403 4547 detur.
2451 4499 2773 4549 Econtrario
2798 4500 2990 4564 hujus,
3021 4512 3194 4563 quam
3220 4500 3480 4551 Barraaus
3508 4500 3679 4551 unice
3720 4500 3823 4550 ha—

2223 4568 2334 4642 bet,
2355 4568 2613 4642 lectionis
2651 4571 2947 4623 veritatem
2988 4576 3067 4629 (ut
3102 4575 3443 4634 argumenta
3479 4576 3828 4634 praeteream

575 4667 592 4687 °
621 4659 784 4710 Haud
808 4666 960 4713 recte
984 4659 1078 4711 alii
1102 4674 1301 4712 omnes
1332 4662 1668 4719 revelabitur,
1698 4665 2111 4729 inquit,inimi-
2139 4652 2194 4720 Ι)
2518 4642 2720 4729 rat???
2737 4642 3829 4729 lilii}n9?_9f1}i}j‘f‘.’jp$“

514 4745 622 4799 cus,
653 4742 756 4793 pro
777 4730 1003 4792 iniquus
1028 4745 1040 4782 :
1092 4744 1296 4795 nempe
1328 4734 1387 4785 in
1438 4735 1637 4787 Graeco
1664 4736 1842 4799 ἄνομος
1868 4742 1974 4799 est,
1998 4752 2113 4790 non

516 4795 706 4924 ἓχῖρὲἓ
728 4801 931 4923 (ξῗηῖθιι
964 4802 1230 4865 Cyrillum
1264 4818 1421 4857 num.
1450 4805 1536 4860 15.
1562 4819 1723 4870 aquo
1756 4795 1883 4860 haec
1917 4795 2121 4863 Noster

558 4884 628 4924 ei
710 4885 768 4923 v1
798 4909 811 4923 .

580 4959 601 4990 ⁴
624 4960 753 5013 Alii.
777 4976 845 5010 ne
868 4962 1006 5025 quis,
1032 4964 1088 5014 et
1119 4976 1256 5016 mox
1287 4965 1465 5014 credat
1490 4980 1502 5015 :
1528 4969 1653 5016 tum
1704 4967 1795 5015 sed
1827 4972 1872 5016 et
1909 4968 2018 5031 ipse
2062 4974 2119 5021 et

514 5032 686 5098 paulo
710 5037 843 5098 post
865 5034 1319 5085 demonstrabitur
1344 5048 1445 5100 pro
1470 5037 1927 5090 demonstraverit.

577 5130 595 5152 ⁸
621 5122 778 5174 Idem
820 5124 956 5173 sicut
1010 5124 1373 5187 Evangelium
1396 5125 1561 5188 dicit;
1601 5130 1657 5178 et
1695 5127 1825 5178 Mox
1854 5127 2116 5180 Baluzius

515 5205 651 5245 eum
672 5199 1146 5259 Sangermanens.
1175 5196 1307 5247 cod.
1344 5197 1518 5258 justas
1557 5197 1841 5261 separabit,
1892 5213 1992 5263 pro
2036 5216 2116 5249 se-

514 5264 754 5329 gregabit
781 5282 795 5327 ;
830 5272 1099 5319 neutrum
1134 5267 1375 5317 verbum
1403 5266 1617 5318 habent
1639 5267 1731 5320 alii
1764 5269 1921 5325 editi.
1944 5270 2045 5321 sed
2069 5278 2115 5320 et

507 5335 679 5400 justas
703 5336 768 5387 ab
788 5338 1027 5403 injustis,
1060 5337 1364 5400 Morellius,
1392 5338 1543 5403 idest,
1562 5339 1736 5403 justos
1758 5341 1823 5389 ab
1874 5342 1929 5390 in
1930 5341 2110 5404 justis.

582 5426 598 5455 ί
636 5426 803 5480 Falso
826 5428 940 5493 alii,
967 5430 1160 5479 vetere
1182 5427 1486 5480 dumtaxat
1520 5429 1769 5481 editione
1799 5430 2114 5483 Oxoniensi

518 5504 775 5563 excepta,
798 5500 1026 5564 propria
1047 5500 1221 5563 operis
1247 5500 1353 5562 sui,
1378 5512 1479 5564 pro
1503 5502 1765 5562 corporis.
1793 5502 2013 5565 Quippe
2056 5508 2114 5555 et

515 5569 711 5623 Graece
735 5571 909 5623 habet
932 5583 1093 5622 sacer
1117 5574 1330 5635 textus,
1353 5574 1414 5623 τὰ
1436 5574 1514 5622 διὰ
1535 5578 1616 5622 τοῦ
1647 5572 1873 5636 σώματος
1903 5586 1915 5622 :
1943 5573 2079 5636 quid
2100 5604 2107 5609 -

516 5641 651 5705 quid
683 5641 965 5693 Pamelius
989 5648 1243 5706 reponat.
1772 5686 1781 5689 -

578 5722 595 5752 ι
612 5715 697 5765 Ita
729 5716 785 5763 et
816 5711 1078 5765 Baluzius
1102 5728 1173 5767 ex
1196 5713 1319 5766 eod.
1360 5715 1650 5778 Sangerm.
1674 5712 2004 5777 Bemboldo,
2028 5720 2111 5767 at-

520 5794 634 5845 que
658 5784 895 5834 Erasmo
924 5798 937 5835 :
961 5784 1055 5837 alii
1079 5791 1341 5850 cooptata.

580 5852 601 5881 ¹’
621 5852 920 5907 Ablativos
935 5868 1037 5921 pro
1067 5856 1417 5911 accusativis
1441 5855 1816 5919 restituimus,
1831 5856 2107 5922 quemad-

2218 4710 2431 4762 evincit
2462 4713 2782 4765 Rufinianaa
2820 4714 3092 4765 orationis
3126 4714 3319 4775 series,
3348 4715 3526 4775 utque
3549 4713 3825 4764 instituta

2220 4780 2529 4846 disputatio
2560 4784 2630 4835 de
2658 4786 2735 4836 rel
2756 4785 3027 4836 itionibus
3046 4785 3308 4836 Patrisad
3332 4783 3535 4844 ﬁlium,
3562 4791 3622 4835 et
3648 4786 3829 4836 vicis-

2219 4853 2347 4916 sim,
2377 4854 2560 4918 deque
2592 4855 2832 4917 Spiritus
2859 4857 3044 4907 Sancti
3087 4856 3450 4919 processione
3473 4855 3540 4903 ab
3567 4863 3825 4921 utroque.

2217 4925 2496 4977 Caeterum
2521 4927 2645 4978 haec
2669 4941 2738 4977 ex
2765 4927 2969 4991 Cyrillo
2994 4928 3229 4979 totidem
3254 4927 3668 4991 propemodum
3691 4942 3832 4980 ver-

2218 4996 2305 5045 bis
2331 4997 2496 5058 (quod
2523 4998 2730 5047 mirum
2765 5001 2870 5059 est,
2899 5000 3136 5049 Touttee
3177 5011 3295 5050 non
3314 4998 3787 5050 animadvertissl

2217 5069 2420 5119 Noster
2442 5069 2501 5119 in
2526 5070 2793 5121 Latinum
2818 5070 3039 5122 refudit.
3085 5071 3174 5121 Sic
3216 5070 3311 5121 ille
3338 5070 3635 5122 Catechesi
3665 5072 3820 5122 XVI.

2214 5150 2374 5190 num.
2410 5145 2468 5190 3:
2496 5138 2687 5207 "Umep
2719 5140 2780 5197 εἷς
2816 5136 2942 5192 ἐστιν
2971 5143 2997 5193 ό
3044 5143 3163 5207 Θεὸς
3186 5142 3213 5192 ὁ
3243 5136 3421 5207 πατὴρ,
3451 5143 3539 5192 καὶ
3592 5138 3687 5193 οὐκ
3715 5138 3829 5193 ἐστι

2215 5210 2428 5274 δεύτερος
2473 5210 2650 5277 πατήρ
2682 5214 2766 5262 καὶ
2816 5209 2981 5279 ὥσπερ
3015 5221 3075 5268 εἲς
3129 5206 3256 5262 ἐστιν
3290 5214 3341 5279 γὸ
3382 5206 3657 5276 γμονογενὸς
3710 5214 3822 5267 υἱὸς

2213 5282 2295 5350 θεαὶ
2341 5282 2500 5346 Λόγος
2542 5289 2622 5332 τοῦ
2674 5288 2813 5343 Θεοῦ,
2859 5278 2961 5334 καὶ
2990 5279 3194 5348 ἀδελφὸν
3249 5278 3336 5333 οὐκ
3393 5284 3513 5350 ἔχει’
3562 5282 3721 5339 οὕτως
3774 5286 3825 5334 ἕν

2215 5345 2315 5402 ἐστι
2370 5345 2437 5419 to
2476 5352 2610 5417 ἅγιον
2664 5359 2861 5417 Πνεῦμα
2932 5345 3125 5418 μόνον(
3158 5356 3243 5405 καὶ
3298 5345 3515 5419 δεύτέρον
3574 5351 3667 5404 οὐκ
3714 5356 3827 5405 ἔστι

2211 5429 2402 5487 πνεῦμα
2431 5418 2649 5487 ἰσότιμον
2686 5421 2819 5490 αὐτῷ
2840 5444 2887 5477 κ.
2914 5444 2957 5478 τ.
2988 5430 3032 5475 λ.
3085 5424 3233 5473 Sicut
3265 5439 3407 5472 unus
3438 5418 3512 5473 est
3537 5424 3679 5473 Deus
3705 5426 3829 5474 Pa-

2213 5506 2305 5557 ter,
2323 5508 2367 5550 et
2393 5502 2535 5551 alius
2559 5519 2669 5551 non
2699 5510 2769 5553 est
2802 5504 2990 5555 Pater:
3021 5509 3073 5553 et
3094 5504 3230 5553 sicut
3263 5518 3408 5553 unus
3442 5510 3511 5553 est
3548 5505 3827 5566 unigeni-

2212 5576 2296 5619 tus
2312 5573 2500 5636 Filius,
2535 5574 2760 5623 Verbum
2784 5576 2897 5634 Dei,
2946 5581 2991 5625 et
3013 5575 3242 5637 fratrem
3280 5590 3389 5623 non
3419 5575 3569 5624 habet
3604 5593 3614 5623 :
3646 5577 3725 5624 ita
3779 5583 3826 5623 et

2212 5644 2448 5708 Spiritus
2492 5646 2721 5697 Sanctus
2746 5663 2888 5697 unus
2924 5653 3013 5701 est.
3056 5653 3100 5697 et
3135 5647 3278 5696 alius
3302 5647 3541 5711 Spriitus
3574 5648 3683 5711 ipsi
3705 5664 3827 5711 par

2212 5715 2414 5765 honore
2453 5732 2564 5767 non
2598 5724 2687 5782 est,
2740 5724 2847 5771 etc.
2880 5731 3012 5784 qua:
3055 5718 3182 5783 ipsa
3223 5718 3414 5770 Ruﬁni
3465 5718 3639 5771 ferme
3674 5724 3825 5769 sunt

2210 5787 2404 5840 verba.
