3898 6390
106 275 216 333 373

1098 279 1659 334 COMMENTARIUS
1690 278 1766 334 IN
1800 278 2102 331 SYMBOL.
2138 278 2480 332 APOSTOL.

3331 284 3439 341 374

104 389 365 442 cans.Ut
378 389 1156 455 autem'unaeademque,in
1168 391 1438 443 Trinitate
1460 391 1734 444 divinitas
1754 393 1810 468 Α
1841 390 2023 455 Moysi
2056 389 2313 454 quinque
2344 390 2473 443 libri
2497 396 2637 444 sunt
2657 390 2869 457 traditi,
2899 395 3152 459 Genesis,
3178 395 3431 460 Exodus,

103 481 401 533 doceatur
426 495 440 531 :
482 482 634 533 sicut
656 481 873 533 dictum
898 486 1003 541 est,
1025 482 1085 534 in
1106 484 1224 534 Deo
1243 484 1405 535 Patre
1430 483 1599 534 credi.
1634 483 1735 535 ad-

100 571 260 635 jecta
304 571 732 634 pmpositione
766 572 827 619 in
851 586 869 630 ;
902 571 980 623 ita
1003 574 1059 621 et
1088 571 1144 621 in
1175 572 1400 623 Christo
1426 572 1564 622 Filio
1587 575 1732 635 ejus,

102 663 184 714 ita
208 668 271 713 et
292 661 358 712 in
387 662 611 726 Spiritu
638 662 839 711 Sancto
863 667 1228 713 memoratur.
1257 662 1451 717 Sedut
1469 662 1737 713 manifes-

104 752 225 803 tius
252 751 382 815 ﬂat,
407 751 574 813 quod
593 751 863 813 diximus,
883 764 951 802 ex
970 752 1457 814 consequentibus
1473 754 1738 816 approba-

104 842 281 895 bitur.
324 841 617 906 Sequitur
638 854 888 906 namque
913 847 1043 906 post
1068 842 1223 893 hunc
1246 855 1568 894 sermonem
1596 857 1608 894 :

167 931 258 987 36.
289 933 597 983 Sancum
632 941 986 983 BCCLESIAM.
1019 931 1040 960 δ
1061 942 1476 983 REMISSIONEM
1514 942 1736 984 PECCA-

104 1023 328 1065 TORUH
367 1023 579 1066 amns
614 1024 834 1065 camus
860 1024 1431 1065 RESURRECTIONEM.
1455 1013 1737 1065 Nondixit

105 1104 167 1167 [Α
179 1109 213 1153 t.
231 1102 291 1154 di
302 1102 410 1166 xi],
440 1103 510 1155 in
522 1106 782 1155 sanctam
798 1102 1126 1162 Ecclesiam,
1139 1116 1245 1154 nec
1256 1103 1315 1155 in
1330 1103 1736 1156 remissionem

106 1197 524 1258 peccatorum,
554 1205 659 1244 nec
682 1192 740 1245 in
764 1192 952 1245 carnis
975 1193 1479 1245 resurrectionem:
1507 1192 1556 1244 si
1582 1194 1737 1245 enim

102 1281 443 1334 addidisset
457 1283 527 1332 in
540 1295 657 1347 pra:
663 1282 866 1347 positio
874 1295 1148 1346 nem,una
1160 1295 1179 1317 ο
1195 1295 1329 1334 cum
1346 1283 1737 1346 superioribus

104 1370 444 1435 eademque
471 1372 565 1425 vis
589 1372 768 1424 ﬁeret.
791 1373 954 1424 Nunc
964 1376 1158 1424 autem
1176 1372 1235 1423 in
1252 1372 1362 1423 illis
1376 1372 1610 1436 quidem
1628 1384 1736 1425 vo-

108 1459 355 1522 cabulis,
390 1461 502 1513 ubi
526 1461 597 1513 de
619 1461 921 1514 divinitate
939 1461 1237 1514 ordinatur
1253 1461 1417 1525 fides,
1431 1462 1487 1513 in
1501 1464 1616 1514 Deo
1635 1464 1739 1514 Pa-

108 1552 193 1601 tre
222 1549 469 1611 dicitur,
498 1555 556 1602 et
578 1550 637 1602 in
660 1553 799 1603 Jesu
811 1552 1037 1603 Chrlsto
1063 1551 1197 1602 Filio
1219 1552 1365 1615 ejus,
1383 1552 1510 1603 etin
1528 1552 1739 1617 Spiritu

112 1642 343 1693 Sancto.
387 1641 455 1691 In
496 1640 724 1693 ceteris
764 1653 898 1693 vero
932 1640 1030 1692 ubi
1056 1653 1171 1692 non
1195 1640 1266 1693 de
1290 1641 1607 1700 divinitate,
1637 1641 1736 1693 sed

1838 480 2146 538 Leviticus,
2162 490 2180 510 ⁸
2195 483 2237 531 N
2245 483 3118 543 umeri,Denteronomium.Post
3128 485 3253 538 haec
3263 488 3290 536 J
3297 499 3435 539 esus

1837 571 2011 633 Nave,
2036 570 2304 622 Judicum
2329 571 2503 623 simul
2526 585 2657 623 cum
2684 573 2855 625 Ruth.
2883 576 3137 636 Quatuor
3158 581 3287 639 post
3310 575 3440 628 haac

1836 659 2163 723 Regnorum
2191 660 2333 721 libri,
2362 673 2506 723 quos
2534 662 2760 713 Hebraei
2791 661 2937 713 duos
2959 669 3298 715 numerant:
3333 665 3439 715 Pa-

1835 748 2244 811 ralipomenon,
2277 749 2376 813 qui
2412 749 2635 801 dierum
2682 750 2890 803 dicitur
2927 750 3070 803 liber
3104 767 3116 802 :
3161 756 3216 803 et
3241 752 3439 806 Esdrze

1835 835 2113 901 duo,quid
2135 839 2288 902 apud
2311 838 2437 890 illos
2455 839 2666 904 singuli
2686 843 3110 904 computantur,
3136 846 3193 892 et
3214 843 3437 901 Hester,

1836 926 2245 991 Prophetarum
2286 940 2426 978 vero
2471 930 2685 990 Esaias,
2738 929 3039 989 Jeremias,
3075 930 3354 995 Ezechiel,
3385 933 3442 982 et

1836 1015 2337 1080 Daniel:prseterea
2352 1016 2652 1069 duodecim
2675 1018 3085 1083 Prophetarum
3102 1019 3243 1072 liber
3257 1032 3435 1072 unus.

1835 1106 1945 1156 Job
1961 1118 2211 1169 quoque,
2237 1108 2292 1157 et
2315 1105 2524 1157 Psalmi
2549 1107 2731 1158 David
2757 1107 2965 1171 singuli
2985 1114 3122 1161 sunt
3144 1108 3320 1161 libri.’
3335 1110 3438 1162 Sa-

1836 1193 2031 1246 lomon
2056 1207 2192 1247 vero
2211 1199 2325 1247 tres
2350 1196 2619 1247 Ecclesiis
2643 1196 3222 1262 tradidit,Proverbia,
3248 1198 3437 1251 Eccle-

1838 1282 2063 1344 siastes,
2082 1284 2315 1336 Cantica
2332 1285 2715 1337 Canticorum.
2734 1288 2799 1337 In
2809 1285 2901 1338 his
2915 1287 3323 1340 concluserunt
3333 1299 3443 1340 nu-

1838 1385 2060 1424 merum
2083 1373 2362 1426 librorum
2387 1375 2597 1426 veteris
2614 1377 3140 1429 Testamenti.Novi
3162 1389 3295 1430 vero
3306 1388 3438 1441 qua-

1838 1463 1966 1514 tuor
1996 1463 2321 1527 Evangelia,
2349 1464 2624 1525 Matthaai,
2652 1465 2841 1530 Marci,
2872 1466 3059 1526 Luca),
3087 1469 3145 1517 et
3165 1466 3426 1529 Joannis,

1840 1555 2020 1604 Actus
2062 1553 2496 1619 Apostolorum,
2533 1566 2677 1617 quos
2701 1554 2973 1606 describit
2996 1565 3014 1593 ι
3044 1555 3245 1607 Lucas.
3281 1554 3437 1607 Pauli

1839 1642 2097 1708 Apostoli
2111 1644 2377 1708 Epistolas
2392 1644 2843 1708 quatuordecim.
2854 1644 2999 1697 Petri
3013 1645 3272 1709 Apostoli
3283 1644 3432 1697 dum.

113 1729 183 1782 de
214 1730 534 1788 creaturis,
570 1735 628 1781 et
651 1730 721 1781 de
746 1730 1032 1794 mysteriis
1059 1744 1246 1782 sermo
1284 1734 1388 1792 est,
1417 1732 1476 1779 in
1502 1744 1726 1796 praepo-
1754 1710 1809 1785 Β
1837 1734 2034 1784 Jacobi
2064 1732 2254 1784 fratris
2287 1733 2514 1784 Domini
2550 1736 2608 1784 et
2650 1733 2910 1797 Apostoli
2944 1746 3069 1785 una.
3109 1734 3275 1786 Judae
3300 1746 3432 1785 una.

115 1819 243 1870 sitio
282 1831 407 1870 non
447 1818 708 1879 additur,
747 1826 813 1872 ut
845 1819 1083 1881 dicatur,
1120 1820 1179 1870 in
1214 1825 1415 1871 sancta
1455 1820 1741 1872 Ecclesia:

114 1909 207 1958 sed
251 1914 535 1961 sanctam
581 1910 893 1962 Ecclesiim
935 1910 1274 1961 credendam
1324 1923 1478 1973 esse,
1531 1924 1646 1961 non
1680 1912 1745 1961 ut

117 1998 318 2057 Deum,
360 1999 473 2051 sed
514 2003 582 2051 ut
613 1999 918 2051 Eciziesiam
964 2000 1080 2051 Deo
1105 2003 1531 2063 congregalam.
1562 2001 1626 2051 Et
1652 2013 1742 2051 re-

118 2088 467 2139 missionem
484 2093 848 2151 peccatorum
866 2088 888 2118 ἀ
905 2088 1142 2140 credant
1165 2102 1293 2140 esse
1318 2102 1431 2141 non
1456 2088 1513 2139 in
1538 2090 1743 2141 remis-

116 2176 339 2228 sionem
363 2183 772 2242 peccatorum:
805 2182 863 2231 et
892 2179 1370 2231 resurrectionem
1397 2179 1585 2230 carnis
1619 2192 1742 2231 cre-

115 2266 271 2331 dant,
290 2281 413 2318 non
438 2268 500 2320 in
525 2271 1001 2320 resurrectionem
1020 2271 1227 2320 carnis.
1247 2270 1369 2321 Hac
1386 2270 1579 2333 itaque
1600 2281 1746 2335 ρι’ω·

116 2357 418 2420 positionis
452 2357 693 2421 syllaba,
712 2362 982 2410 creatora
1005 2358 1286 2411 creaturis
1314 2359 1653 2423 secernitur,
1679 2363 1737 2410 et

110 2446 302 2499 divina
327 2452 697 2512 separantur,
734 2450 806 2499 ab
837 2448 1127 2500 humanis.
1166 2449 1271 2501 Hic
1298 2449 1472 2513 igitur
1490 2449 1735 2513 Spiiitus

111 2534 354 2587 Sanctus
380 2542 503 2602 est,
537 2538 636 2601 qui
653 2538 712 2588 in
731 2538 904 2589 veteri
920 2538 1293 2589 Testamento
1311 2539 1513 2603 Legem
1529 2544 1586 2590 et
1601 2539 1737 2589 Pro-

123 2624 340 2690 phetas,
368 2627 431 2677 in
476 2639 632 2677 novo
668 2624 1057 2691 Evangelia,et
1079 2626 1386 2691 Apostolos
1408 2627 1730 2692 inspiravit.

114 2714 268 2767 Unde
286 2720 346 2767 et
368 2714 460 2785 Ιο
481 2713 531 2783 ο
550 2717 860 2781 Apostolus
885 2717 1047 2768 dicit:
1079 2717 1208 2767 Onis
1223 2719 1519 2782 scripturas
1536 2718 1741 2767 divini"

115 2810 193 2854 tus
225 2806 533 2872 inspirata,
566 2807 717 2855 utilis
749 2811 819 2855 est
844 2807 917 2856 ad
949 2806 1249 2856 docendum
1274 2804 1340 2872 (2.
1381 2808 1511 2856 Tim.
1542 2807 1635 2871 3).
1661 2809 1730 2859 Et

116 2893 257 2958 ideo,
274 2908 411 2959 qum
428 2901 576 2948 sunt
593 2895 805 2949 noviac
817 2897 1028 2948 veteris
1041 2897 1395 2949 Testamenti
1413 2898 1725 2961 volumlna,

121 2996 246 3047 qum
288 2986 622 3038 secundum
652 2987 935 3051 majorum
988 2986 1351 3061 traditionem
1397 3000 1494 3050 per
1532 2988 1721 3052 ipsum

1843 1822 2082 1874 Joannis
2129 1826 2260 1874 tres.
2299 1822 2672 1887 Apocalypsis
2695 1823 2954 1874 Joannis.
2983 1824 3121 1875 Haec
3144 1827 3284 1875 sunt
3308 1835 3435 1886 qua

1843 1912 2037 1963 Patres
2071 1912 2220 1962 iutra
2255 1924 2533 1963 cinomen
2569 1914 2992 1973 concluserunt,
3025 1918 3084 1964 et
3132 1926 3203 1963 ex
3229 1912 3440 1976 quibus

1842 2000 1975 2052 fidei
1998 2006 2212 2053 nostra;
2234 2001 2579 2053 assertiones
2605 2006 2869 2053 constare
2895 2001 3217 2053 voluerunt.

1904 2088 1990 2145 38.
2030 2091 2333 2143 Sciendum
2380 2096 2574 2143 tamen
2611 2096 2716 2151 est,
2743 2090 2898 2155 quod
2922 2095 2978 2142 et
3006 2090 3100 2143 alii
3123 2090 3249 2143 libri
3282 2096 3435 2153 sunt,

1842 2180 1941 2243 qui
1971 2179 2133 2232 non”
2159 2180 2433 2240 canonici,
2476 2180 2576 2231 sed
2619 2179 3000 2231 Ecclesiastici
3044 2191 3080 2231 a
3122 2181 3437 2244 majoribus

1838 2268 2101 2334 appellati
2142 2276 2294 2329 sunt,
2328 2270 2383 2321 id
2411 2274 2516 2330 est,
2544 2269 2854 2334 Sapientia,
2894 2281 3025 2332 quae
3050 2268 3256 2320 dicitur
3282 2268 3438 2321 Salo-

1837 2360 2043 2425 monis,
2079 2357 2201 2432 |0I
2234 2366 2293 2414 et
2322 2361 2431 2411 alia
2464 2358 2766 2423 Sapientia,
2802 2369 2935 2421 qum
2983 2356 3188 2409 dicitur
3209 2357 3310 2408 ﬁlii
3332 2358 3437 2422 Sy-

1835 2455 2096 2518 rach,qui
2122 2454 2260 2504 liber
2282 2450 2436 2516 apud
2464 2448 2692 2500 Latinos
2716 2447 2826 2499 hoc
2845 2446 2969 2511 ipso
2985 2445 3235 2510 generali
3258 2458 3425 2499 voca-

1836 2545 1971 2596 bulo
1983 2541 2412 2594 Ecclesiasticus
2434 2536 2767 2603 appellatur,
2782 2549 2895 2600 quo
2914 2535 3192 2587 vocabulo
3204 2548 3320 2588 non
3331 2548 3434 2589 au-

1836 2637 1955 2686 ctor
1976 2629 2278 2690 libelli,sed
2303 2629 2608 2694 Scripturae
2635 2626 2881 2691 qualitas
2905 2625 3308 2691 cognominata
3326 2630 3432 2677 est.

1837 2723 2110 2788 Ejusdem
2133 2722 2145 2752 ¹
2170 2732 2306 2773 vero
2327 2718 2543 2771 ordinis
2559 2715 2781 2768 libellus
2801 2718 2890 2767 est
2912 2714 3107 2767 Tobiae
3130 2720 3189 2767 et
3210 2714 3433 2778 Judith,

1832 2817 1892 2865 et
1915 2811 2381 2863 Machabeeorum
2404 2806 2548 2859 libri.
2572 2808 2638 2858 In
2660 2818 2811 2857 novo
2837 2817 2970 2857 vero
2984 2805 3353 2857 Testamento
3365 2804 3435 2856 li-

1835 2902 2038 2967 bellus,
2067 2900 2164 2965 qui
2190 2899 2394 2951 dicitur
2410 2895 2658 2949 Pastoris
2675 2895 2797 2946 sive
2811 2896 3046 2946 Hermes
3064 2913 3075 2942 :
3096 2894 3195 2957 qui
3204 2893 3425 2959 appella

1832 2996 1921 3044 tur
1958 2993 2103 3043 Duae
2136 2990 2265 3046 vim,
2295 2986 2383 3038 vel
2419 2985 2710 3038 Judicium
2737 2983 2901 3035 Petri.
2928 2984 3068 3043 Qum
3093 2983 3289 3034 omnia
3309 2982 3419 3048 legi

120 3073 385 3138 Spiritum
410 3077 692 3128 Sanctum
714 3037 991 3140 inspirata
1012 3054 1343 3139 creduntur,
1370 3037 1429 3128 et
1452 3037 1718 3129 Ecclesiis
1750 3037 1799 3111 Ο
1827 3080 2057 3145 quidem
2085 3078 2143 3129 in
2176 3075 2443 3129 Ecclesiis
2466 3073 2789 3135 voluerunt,
2815 3084 2935 3123 non
2962 3074 3155 3122 tamen
3184 3069 3418 3134 proferri

121 3163 320 3216 Christi
333 3167 539 3227 tradita,
555 3170 877 3230 competens
892 3165 1119 3217 videtur
1128 3166 1237 3218 hoc
1253 3167 1312 3217 in
1329 3166 1450 3218 loco
1467 3165 1719 3218 evidenti

119 3265 376 3318 numero,
416 3255 573 3307 sicut
596 3268 668 3306 ex
691 3257 921 3308 Patrum
948 3256 1344 3309 monumentis
1368 3257 1717 3321 accepimus,

120 3341 432 3409 designare.

177 3432 260 3489 37.
296 3438 508 3501 Itaque
561 3436 770 3489 veteris
811 3436 1183 3500 Testamenti,
1227 3435 1489 3488 omnium
1535 3437 1718 3502 primo

181 3610 198 3630 ⁸
233 3605 368 3656 Erat
399 3605 600 3657 minus
636 3609 792 3657 recta
818 3605 1144 3663 metathesi,
1184 3606 1246 3654 in
1277 3621 1397 3655 una
1431 3606 1718 3670 eademque

129 3672 397 3727 Trinitate.
431 3682 634 3728 contra
656 3681 830 3741 atque
860 3677 1208 3728 habentlibri
1233 3677 1720 3730 aliiomnes.Cou—

125 3741 199 3795 fer
220 3746 497 3810 Cyrillum
529 3762 684 3799 num.
713 3748 764 3803 4.
791 3749 953 3800 Hanc
975 3749 1201 3812 exigua
1225 3748 1522 3812 particulae
1549 3751 1610 3799 in
1633 3750 1720 3801 di-

126 3816 485 3871 stinctionem
512 3819 573 3872 in
595 3821 882 3884 Symbolo,
900 3820 1150 3871 maxime
1176 3826 1341 3883 urget
1367 3821 1419 3870 S.
1440 3821 1719 3885 Ephipha-

125 3887 250 3940 nius
283 3894 356 3944 ad
394 3893 643 3958 Spiritus
677 3892 865 3945 Sancti
899 3892 1257 3944 divinitatem
1274 3892 1717 3956 adstruendam,

127 3958 237 4010 Lib.
281 3965 516 4018 advers.
558 3966 839 4029 Haereses,
864 3965 1070 4017 haeres.
1104 3963 1191 4026 74,
1216 3976 1347 4026 quae
1376 3965 1716 4017 Pneumato-

127 4034 454 4089 machorum
503 4041 613 4088 est.
653 4030 786 4093 εὐθὺς
815 4038 905 4102 γὰρ
944 4031 976 4099 ἡ
1008 4038 1190 4093 ἔκθεσις
1220 4036 1444 4101 ὁμολογεὶ
1495 4056 1542 4087 κ·
1595 4056 1639 4088 τ.
1672 4040 1717 4088 λ.

130 4113 255 4166 quae
275 4107 620 4173 describere,
643 4107 882 4173 longum
908 4113 1012 4158 est.

182 4176 204 4205 δ
226 4179 463 4233 Addunt
500 4193 632 4232 cum
676 4180 900 4232 Barraao
941 4178 1275 4231 Catholicam
1311 4178 1437 4230 heic
1476 4184 1533 4231 et
1554 4180 1723 4244 paulo

128 4252 251 4307 post
272 4251 579 4315 Pamelius,
604 4252 938 4310 Frobenius,
971 4257 1029 4304 et
1053 4255 1221 4303 vetus
1245 4250 1415 4302 editio
1442 4252 1721 4315 Hierony-

128 4318 325 4372 miana.
346 4326 559 4376 Contra
572 4323 666 4375 alii
682 4323 813 4374 editi
833 4336 999 4387 aeque
1016 4328 1189 4386 atque
1207 4335 1344 4374 mss.
1363 4322 1489 4374 libri
1508 4328 1715 4384 tacent,

130 4395 440 4458 nequeipse
452 4408 618 4459 porro
632 4395 875 4446 Ruﬁnus
889 4394 1428 4458 explicat.Vicissim
1442 4394 1720 4458 noshujus

1818 3169 1891 3221 ad
1915 3166 2312 3221 auctoritatem
2336 3176 2407 3215 ex
2422 3162 2513 3213 his
2529 3161 2662 3213 ﬂdei
2673 3159 3149 3212 confirmandam.
3169 3159 3418 3211 Caeteras

1822 3271 1955 3311 vero
1998 3257 2320 3320 Scripturas
2363 3251 2720 3318 apocryphas
2755 3249 3148 3311 nominarunt,
3189 3260 3335 3312 quas
3358 3247 3418 3300 in

1819 3346 2086 3400 Ecclesiis
2120 3345 2234 3409 legi
2270 3343 2591 3395 noluerunt.
2615 3341 2753 3392 Ηωο
2776 3338 2944 3391 nobis
2967 3349 3002 3389 a
3025 3337 3288 3389 Patribus
3312 3339 3420 3389 tra-

1819 3438 1938 3490 dita
1956 3437 1969 3476 i
1998 3439 2153 3499 sunt,
2179 3446 2312 3499 qum
2328 3434 2410 3498 (ut
2425 3430 2556 3495 dixi)
2575 3435 2967 3495 opportunum
2983 3427 3179 3480 visum
3197 3431 3289 3480 est
3306 3427 3417 3479 hoc

1792 3604 2067 3659 vetustis
2112 3602 2483 3663 editionibus,
2529 3598 2776 3665 epistolas
2818 3595 3423 3664 quatuordecim,Petri

1815 3676 2055 3742 Apostoli
2079 3676 2215 3725 duas
2238 3677 2293 3726 et
2316 3686 2445 3737 quae
2469 3673 2790 3735 sequuntur
2812 3668 3005 3742 omnia
3030 3669 3090 3719 in
3109 3666 3425 3742 accusand-

1819 3740 1956 3801 casu
1991 3760 2089 3812 pro
2111 3752 2285 3805 recto,
2313 3757 2484 3810 quem
2510 3744 2644 3795 olim
2668 3746 2726 3795 et
2754 3741 3036 3793 Pamelius
3058 3740 3306 3812 retinuit.

1880 3819 1902 3849 ⁵
1928 3810 2330 3882 Eipunximus
2370 3820 2496 3865 sunt
2543 3816 2806 3872 verbum,
2838 3812 2994 3876 quod
3037 3810 3417 3882 redundabat.

1798 3879 1953 3943 °Mox
1999 3879 2131 3953 quas
2163 3889 2343 3953 primo
2376 3890 2683 3938 occurrunt
2707 3886 2900 3947 verba,
2940 3898 3057 3947 quae
3083 3882 3299 3953 dicitur,
3325 3880 3419 3953 alii

1819 3951 2283 4028 praeter—mittunt.
2310 3957 2582 4028 Baluzius
2595 3957 2651 4028 in
2677 3957 2831 4028 hunc
2848 3953 3059 4028 locum,
3073 3952 3325 4028 auriﬁce,
3339 3951 3419 4028 ait

1821 4021 2005 4098 placet
2037 4030 2238 4083 editori
2279 4027 2590 4081 Oxoniensi
2628 4024 2977 4098 hmciRuﬂni
3002 4023 3073 4074 de
3095 4022 3188 4098 his
3208 4021 3417 4098 veteris

1823 4091 2175 4155 Testamenti
2218 4100 2374 4151 libris
2417 4098 2715 4149 sententia.
2752 4096 2860 4146 Sed
2898 4106 3076 4146 unum
3111 4096 3216 4152 est,
3261 4091 3415 4157 quod

1823 4168 2196 4228 observ‘atum
2230 4172 2417 4223 velim.
2448 4170 2692 4221 Ruﬁnus
2721 4167 2830 4219 hos
2855 4166 3028 4217 libros
3054 4166 3113 4216 in
3137 4176 3416 4215 canonem

1823 4261 1940 4299 non
1963 4246 2317 4305 admittebat,
2336 4243 2433 4295 sed
2459 4255 2563 4294 nec
2587 4254 2684 4293 eos
2712 4239 3195 4304 vituperabat,nec
3223 4234 3415 4287 Eccle-

1822 4321 1957 4381 sias,
1981 4330 2016 4369 a
2039 4320 2248 4380 quibus
2272 4314 2859 4380 recipiebantur.Cum
2881 4311 3272 4381 enimnondum
3290 4310 3418 4381 inter

1821 4376 2022 4441 omnes
2058 4376 2349 4439 Ecclesias
2386 4376 2454 4438 ea
2486 4387 2555 4436 de
2589 4398 2648 4434 re
2680 4384 3062 4442 convenisset,
3089 4379 3292 4430 merito
3313 4376 3415 4428 ad-

132 4453 432 4537 PﬁOnomen
455 4453 531 4519 ad
564 4466 746 4516 carnis
777 4453 1233 4528 resurrectionem,
1271 4466 1425 4529 quod
1456 4453 1717 4517 Barraeus
1746 4464 1802 4537 D
1820 4460 2113 4537 mittendi,
2131 4464 2374 4537 autnon
2393 4453 3233 4537 tramittendi"veniafirmatur1
3240 4454 3419 4537 eti-BC:-

132 4532 327 4602 aliique
364 4537 587 4591 nonulli
631 4538 984 4602 ignoxabant,
1018 4537 1361 4602 addidimus,
1395 4538 1520 4602 ipso
1544 4538 1716 4590 etiam

119 4601 365 4660 ‘Pamelio
392 4610 765 4675 suil'ragante.

188 4687 206 4708 °
227 4678 332 4731 Alii
354 4697 473 4731 una
497 4682 785 4745 eademque
819 4680 898 4730 vis
932 4680 1138 4743 fuisset,
1165 4695 1287 4730 cum
1310 4678 1677 4745 superioribus
1702 4693 1715 4729 :

138 4747 469 4809 quibuscum
502 4758 560 4805 et
596 4766 712 4805 non
748 4752 917 4818 paulo
942 4758 1072 4817 post
1093 4753 1220 4802 Jesu
1252 4765 1466 4804 nomen
1491 4751 1711 4816 supple-

138 4829 275 4872 mus.
292 4826 600 4879 Deindeilli
618 4826 679 4875 de
694 4826 956 4875 creaturis
969 4840 1031 4874 ac
1050 4825 1331 4889 mysteriis,
1354 4824 1720 4883 tum,dicatur

137 4889 192 4961 in
226 4904 467 4949 sanctam
505 4899 815 4961 Ecclesium,
854 4903 899 4947 et
938 4913 1051 4946 non
1071 4903 1130 4947 ut
1153 4897 1213 4946 in
1237 4897 1429 4961 Deum,
1449 4901 1555 4948 etc.
1584 4896 1717 4947 Cod.

139 4960 497 5034 Sangerman.
527 4970 621 5019 Dei
654 4960 1051 5034 congregatum.

196 5032 407 5093 ‘Iidem
452 5032 773 5090 credendam
817 5032 918 5089 esse
951 5054 964 5090 :
998 5040 1097 5103 qui
1129 5043 1189 5092 et
1232 5037 1437 5091 deinde
1480 5037 1721 5089 alterum

139 5106 343 5159 credant
386 5113 677 5164 omittunt.
724 5112 897 5164 Paulo
930 5116 1060 5175 post
1096 5111 1147 5159 Is
1178 5126 1300 5174 ergo
1323 5110 1568 5175 spiritus,
1590 5113 1720 5173 etc.,

138 5178 189 5224 et
212 5177 442 5236 inferius
462 5184 836 5247 Instrumenti,
864 5196 964 5248 pro
995 5182 1328 5233 Testamenli.

196 5255 213 5274 ⁸
240 5255 416 5308 Antea
457 5260 581 5309 erat
621 5255 915 5306 Numerus.
962 5256 1108 5305 Tum
1147 5254 1241 5305 alii
1274 5253 1397 5302 Post
1431 5254 1556 5302 hos:
1594 5252 1718 5303 cod.

143 5315 499 5386 Tangerman.
530 5326 894 5384 Remboldus,
917 5327 1129 5376 Emsm.
1155 5323 1457 5376 Morellius.
1476 5324 1601 5373 Post
1627 5324 1722 5372 hoc

138 5386 282 5444 Idem
310 5409 342 5459 p
359 5402 471 5452 iulo
496 5405 625 5464 post
667 5398 999 5450 dicriininen
1024 5409 1335 5457 occurrere,
1368 5394 1633 5447 Baluzius
1652 5395 1723 5447 ad

142 5465 300 5535 n_«it'1t:
331 5469 455 5522 Mox
481 5484 579 5535 pro
601 5470 861 5520 Judic’tm
897 5469 1098 5521 vitiose
1120 5474 1242 5522 erat
1264 5467 1583 5518 Judicium:
1617 5479 1718 5530 pro

149 5529 453 5605 Reginorum,
479 5529 697 5595 nonulli
722 5541 936 5594 habent
957 5543 1180 5603 Regum.

208 5602 409 5675 'Pleriq
420 5602 484 5665 ue
508 5614 621 5667 alii.
648 5614 955 5664 Salomonis
978 5602 1095 5661 vero
1120 5619 1220 5661 tres
1242 5609 1686 5663 Ecclesiistradili
1709 5623 1722 5657 :

157 5669 325 5750 Folius
348 5669 553 5750 aliique
586 5684 836 5735 tradidit.

210 5747 412 5808 “Iidem
446 5747 721 5821 cicscripsit
748 5771 761 5807 :
798 5759 922 5808 tum
957 5754 1223 5808 Baluzius
1249 5766 1320 5805 ex
1340 5752 1464 5806 cod.
1492 5764 1632 5805 mss.
1672 5756 1728 5803 et

1820 4535 1915 4586 teb
1932 4536 2045 4583 itur
2062 4530 2334 4581 vicissim.
2354 4533 2421 4578 At
2434 4529 2600 4590 longe
2616 4526 2727 4576 alia
2745 4523 3087 4575 Protestanti
3099 4534 3196 4573 um
3208 4519 3418 4584 agendi

1815 4605 1975 4665 ratio,
2020 4602 2119 4666 qui
2156 4602 2247 4651 his
2272 4600 2429 4650 libris
2453 4598 2713 4649 omnium
2739 4607 3028 4647 consensu
3050 4592 3291 4655 receptis
3315 4603 3421 4643 no-

1818 4680 1935 4728 tam
1968 4673 2173 4725 erroris
2210 4673 2577 4727 inusserunt,
2611 4680 2679 4719 ac
2718 4666 2994 4718 Ecclesiis
3024 4675 3159 4728 qua
3187 4674 3418 4728 recepe-

1817 4751 1963 4808 rant,
1982 4745 2205 4808 improb
2224 4756 2304 4795 ire
2326 4744 2451 4794 ausi
2479 4745 2618 4793 sunt
2640 4742 2697 4791 et
2721 4740 3011 4791 damnare.

1878 4819 1892 4857 ³
1916 4820 2130 4870 Tacent
2166 4832 2285 4866 vero
2310 4815 2418 4866 alii.
2446 4818 2503 4866 et
2527 4814 2695 4878 paulo
2725 4814 2855 4877 post
2878 4809 3167 4871 Hermatis,
3191 4808 3412 4872 legunt.

1819 4890 2103 4952 Baluzius,
2127 4901 2259 4939 cum
2282 4887 2508 4938 duobus
2524 4897 2666 4937 mss.
2693 4884 2987 4933 Hermetis:
3014 4880 3308 4952 Morellius
3322 4890 3419 4952 no-_

1820 4963 2045 5014 hiscum
2076 4949 2317 5009 Hermes:
2336 4959 2432 5010 alii
2452 4960 2676 5007 Hermae.
2697 4957 2828 5006 Mox
2851 4967 2949 5019 pro
2967 4952 3249 5004 Judicium
3273 4949 3421 5000 Petri

1821 5034 1945 5086 cod.
1993 5034 2141 5095 Reg,
2173 5033 2343 5082 habet
2362 5030 2647 5081 Judicium
2667 5027 2965 5077 secundum
2988 5025 3152 5087 Petri,
3178 5025 3420 5086 Sanger—

1820 5104 2198 5167 manensis,et
2211 5108 2430 5154 veteres
2445 5105 2519 5150 edi
2528 5100 2769 5167 ti,Judiei
2777 5113 2866 5147 um
2878 5097 3171 5167 secundum
3182 5095 3421 5167 Petrum.

1883 5176 1897 5217 1
1923 5162 2169 5226 Voculae
2200 5178 2325 5221 sunt
2364 5186 2485 5235 quae
2509 5162 2599 5222 alii
2629 5170 2880 5221 reticent.
2910 5168 3042 5217 Mox
3073 5166 3170 5216 ubi
3192 5163 3418 5225 dicitur,

1822 5250 2009 5314 prima
2029 5244 2129 5294 sibi
2154 5243 2441 5293 Ecclesium
2470 5256 2537 5290 ac
2559 5242 2683 5300 fidei
2709 5242 2979 5314 elementa.
2998 5237 3418 5314 quemadmodum

1826 5308 1883 5372 et
1908 5317 2185 5370 Pamelius
2209 5328 2279 5367 ex
2305 5312 2765 5377 Hieronymianis
2789 5311 3017 5362 duabus
3044 5308 3352 5377 editiouibus
3374 5312 3422 5354 et

1827 5393 2016 5444 Festus
2041 5401 2170 5439 cum
2191 5376 2589 5438 vetustissima
2611 5383 2852 5434 editione
2871 5377 3180 5432 Oxoniensi
3196 5376 3421 5429 retinet.

1827 5462 2092 5515 Baluzius
2108 5457 2412 5523 rescripsit,
2442 5455 2632 5520 prima
2648 5454 2773 5518 fidei
2809 5452 3082 5523 elementa,
3101 5449 3300 5523 verbis
3314 5445 3423 5523 sibi

1828 5534 2072 5585 Ecclesiae
2101 5547 2161 5581 ac
2208 5520 2339 5594 qua
2375 5528 2577 5580 vitiose
2623 5524 2880 5577 intersiari
2924 5522 3031 5575 sibi
3060 5520 3421 5594 videbantur,

1829 5605 2129 5669 exuunctis
2153 5590 2333 5653 aucto:
2350 5603 2485 5651 itate
2511 5598 2671 5649 codd.
2692 5609 2830 5647 mss.
2855 5599 2913 5670 et
2938 5597 3297 5670 vetustarum
3317 5590 3424 5670 Cy—

1826 5663 2011 5744 priani
2034 5675 2368 5728 editionum.
2389 5671 2562 5744 Nrbis
2587 5663 3229 5744 Barraeaniexemplari‘s
3242 5663 3426 5744 potior

1829 5732 2141 5802 auctoritas
2168 5749 2275 5807 est,
2304 5746 2363 5797 et
2389 5741 2647 5808 pluribus
2679 5738 2765 5792 uti
2788 5736 3082 5801 suifragils
3111 5732 3358 5787 videtur.
