3898 6392
508 352 613 411 375

1549 348 1795 402 RUFINI
1828 344 2324 409 AQUILEIENSIS
2357 342 2792 394 PRESBYTERI

3698 334 3802 389 376

507 498 568 549 in
592 498 717 548 loco
746 495 1067 559 designare,
1092 492 1165 544 ad
1188 492 1625 543 instructionem
1651 504 1849 542 eorum
1881 491 1979 554 qui
2002 490 2111 554 pri-
2133 466 2192 534 A
2208 488 2393 567 carnis
2419 492 2633 537 nostris
2656 489 2861 549 negat:
2895 484 3223 549 passionem
3255 478 3485 531 Domini
3508 481 3568 531 et
3590 479 3806 530 nativi-

512 600 609 638 ma
649 586 757 636 sibi
806 584 1071 635 Ecclesiae
1108 595 1174 632 ac
1202 581 1332 631 ﬁdei
1362 581 1643 631 elementa
1667 580 2010 644 suscipiunt,
2041 588 2106 631 ut

513 676 715 733 sciant,
742 686 814 725 ex
840 674 1049 736 quibus
1072 672 1177 721 sibi
1204 670 1457 721 fontibus
1482 670 1638 721 verbi
1673 670 1768 721 Dei
1795 670 2108 721 haurienda

520 765 635 815 sint
665 763 883 827 pocula.

577 851 663 906 39.
692 854 871 903 Tenet
894 849 1100 901 deinde
1130 849 1271 900 ratio
1283 847 1433 907 fidei,
1453 857 1731 900 SANCTAM
1749 858 2103 902 ECCLESIAM.

511 942 782 992 Caussam
802 940 925 1003 jam
950 938 1214 1003 superius
1249 938 1523 999 diximus,
1550 952 1653 989 cur
1676 950 1794 989 non
1819 948 1837 966 ·
1858 938 2106 989 dixerint

513 1030 680 1083 etiam
704 1027 815 1092 hic,
840 1029 899 1079 in
918 1032 1177 1079 sanctam
1194 1027 1523 1078 Ecclesiam.
1538 1027 1643 1076 Hic
1658 1025 1832 1089 igitur
1846 1025 1943 1088 qui
1961 1039 2111 1084 supra

512 1119 571 1171 in
598 1131 716 1169 uno
740 1120 858 1169 Deo
883 1116 1113 1169 credere
1135 1116 1316 1167 edocti
1346 1120 1481 1166 sunt
1506 1115 1614 1165 sub
1636 1115 1911 1177 mysterio
1934 1114 2105 1165 Trini

515 1208 668 1268 tatis,
682 1207 910 1258 credere
925 1206 1096 1256 etiam
1113 1205 1221 1275 hoc
1238 1205 1586 1266 debent,una
1601 1216 1790 1254 messe
1804 1204 2111 1255 Ecclesiam

515 1298 793 1359 sanctam,
820 1297 877 1345 in
902 1307 1017 1359 qua
1042 1297 1129 1345 est
1155 1307 1268 1345 una
1291 1293 1433 1344 fides
1459 1296 1515 1344 et
1537 1306 1719 1344 unum
1743 1293 2112 1356 baptisma,in

519 1400 634 1451 qua
656 1401 811 1438 unus
833 1388 985 1437 Deus
1010 1384 1259 1436 creditur
1286 1386 1463 1443 Pater,
1478 1388 1536 1435 et
1554 1397 1706 1434 unus
1725 1386 2114 1432 DominusJosus

519 1477 781 1528 Christus
803 1475 980 1526 Filius
1004 1476 1151 1537 ejus,
1177 1478 1234 1524 et
1258 1486 1413 1524 unus
1442 1473 1685 1535 Spiritus
1711 1475 1973 1524 Sanctus.
1997 1475 2114 1523 Ista

515 1571 605 1617 est
624 1578 756 1628 ergo
791 1569 991 1615 sancta
1016 1563 1280 1625 Ecclesia,
1315 1574 1428 1613 non
1453 1561 1674 1612 habens
1698 1562 2115 1623 maculam,aut

516 1666 743 1719 rugam.
758 1653 922 1703 Multi
943 1652 1097 1703 enim
1120 1655 1179 1702 et
1201 1650 1294 1702 alii
1322 1650 1601 1701 Ecclesias
1622 1655 2117 1714 congregaverunt

509 1749 573 1795 ut
600 1742 855 1794 Marcion
876 1742 915 1802 ⁸⁵,
939 1746 998 1793 et
1020 1741 1380 1799 Valentinus,
1402 1746 1459 1791 et
1484 1740 1663 1791 Ebion
1689 1745 1748 1791 et
1763 1740 2117 1792 Manichteus

2208 583 2379 629 tatem
2405 590 2521 627 non
2541 576 2596 625 in
2620 575 2859 626 veritate
2872 573 3077 632 carnis,
3102 568 3608 633 sedinphantasiis
3625 567 3803 618 fuisse

2207 667 2520 718 confirmat.
2550 664 2860 715 Concilium
2887 661 3155 713 vanitatis
3178 665 3284 715 est,
3304 658 3455 722 quod
3481 657 3696 708 Pauius
3712 659 3806 708 Sa-

2206 760 2556 809 mosutenus.
2587 759 2642 804 et
2669 763 2686 790 ι
2724 754 2847 815 ejus
2871 755 3000 816 post
3016 751 3170 801 hunc
3194 760 3498 800 successor
3523 747 3805 798 Photinus

2206 844 2471 904 asseruit,
2490 843 2779 895 Christum
2803 854 2919 892 non
2942 841 3119 891 fuisse
3141 842 3273 889 ante
3297 838 3489 889 secula
3513 842 3721 888 natum
3736 848 3803 885 ex

2208 936 2387 997 Patre,
2410 933 2510 983 sed
2537 945 2610 983 ex
2635 932 2808 982 Maria
2830 930 3073 992 cmpisse
3093 930 3176 980 :et
3198 940 3316 979 non
3338 939 3470 978 eum
3497 927 3685 977 Deum
3708 925 3810 976 ho-

2209 1024 2425 1075 minem
2454 1025 2673 1083 natum,
2700 1020 2801 1070 sed
2825 1033 2895 1071 ex
2922 1019 3151 1069 homine
3176 1018 3357 1068 Deum
3380 1016 3599 1067 factum
3620 1014 3812 1065 existi-

2208 1116 2346 1163 mat.
2372 1110 2685 1162 Concilium
2710 1108 2979 1161 vanitatis
3002 1111 3109 1167 est,
3127 1105 3281 1170 quod
3304 1104 3475 1156 Arius
3498 1106 3678 1167 atque
3701 1105 3811 1154 Eu-

2209 1202 2438 1253 nomius
2468 1200 2680 1262 docuit,
2720 1198 2819 1262 qui
2853 1197 3058 1249 Filium
3096 1195 3195 1246 Dei
3239 1206 3356 1245 non
3379 1206 3451 1245 ex
3475 1194 3603 1258 ipsa
3630 1192 3813 1243 Patris

2211 1292 2534 1343 substantia
2561 1294 2783 1353 natum,
2827 1287 2924 1339 sed
2951 1300 3027 1337 ex
3050 1285 3226 1337 nihilo
3251 1290 3505 1336 creatum
3522 1284 3544 1312 ⁴
3566 1282 3775 1334 volunt
3798 1296 3811 1331 :

2214 1388 2270 1434 et
2312 1382 2516 1433 Filium
2560 1380 2663 1431 Dei
2707 1380 2915 1430 habere
2959 1377 3204 1437 initium,
3256 1379 3313 1426 et
3353 1375 3642 1425 minorem
3687 1385 3814 1423 esse

2214 1477 2417 1535 Patre;
2452 1472 2551 1522 sed
2590 1474 2647 1521 et
2683 1469 2954 1533 Spiritum
2987 1470 3256 1519 Sanctum
3292 1477 3409 1516 non
3440 1461 3590 1531 |03
3623 1463 3811 1514 solum

2214 1564 2492 1615 minorem
2547 1574 2674 1612 esse
2734 1560 2899 1619 Filio,
2968 1557 3068 1609 sed
3124 1558 3182 1608 et
3234 1554 3668 1607 mittendarium
3724 1566 3819 1603 as-

2217 1657 2431 1703 serunt.
2472 1651 2786 1702 Concilium
2832 1648 3105 1699 vanitatis
3142 1650 3231 1697 est
3258 1647 3315 1695 et
3337 1644 3489 1707 quod
3514 1643 3609 1694 alii
3636 1642 3816 1703 aiunt,

2221 1742 2317 1806 qui
2340 1741 2541 1791 Filium
2565 1740 2693 1791 ‘Dei
2718 1738 2951 1801 quidem
2984 1737 3055 1787 de
3075 1734 3400 1786 substantia
3426 1732 3610 1784 Patris
3635 1732 3817 1783 faten-

514 1836 573 1885 et
605 1831 795 1893 Arius,
822 1836 880 1882 et
912 1830 1101 1881 caeteri
1128 1842 1327 1880 omnes
1352 1829 1623 1880 haeretici.
1652 1829 1761 1879 Sed
1785 1828 1896 1880 illae
1919 1831 2114 1880 Eccle-
2140 1828 2194 1902 B
2222 1832 2608 1894 tur,Sauctum
2633 1841 2765 1880 vero
2796 1827 3066 1891 Spiritum
3092 1827 3358 1889 separant
3381 1827 3437 1873 et
3461 1825 3777 1873 secernunt
3802 1839 3815 1870 :

510 1922 616 1974 sim
642 1933 759 1973 non
791 1921 926 1971 sunt
949 1920 1071 1970 sine
1096 1917 1333 1977 macula,
1351 1921 1445 1969 veI
1469 1930 1613 1981 ruga
1624 1918 1878 1982 perfidiae
1902 1919 2124 1970 :etideo

521 2011 748 2063 dicebat
776 2009 846 2060 de
882 2009 994 2059 illis
1036 2008 1334 2070 Propheta,
1362 2008 1463 2056 Odi
1488 2006 1779 2055 Ecclesium
1804 2007 2123 2070 malignan-

521 2101 678 2159 tium,
697 2105 885 2149 etcum
910 2098 1095 2162 impiis
1111 2112 1220 2146 non
1240 2096 1437 2148 sedebo.
1468 2098 1547 2147 De
1577 2096 1683 2146 hac
1708 2100 1903 2147 autem
1928 2098 2122 2149 Eccle-

521 2188 624 2252 sia,
650 2200 764 2252 qua
798 2186 970 2238 fidem
1004 2183 1152 2254 102
1180 2186 1386 2237 Christi
1428 2186 1709 2250 integram
1748 2191 1964 2247 servat,
1990 2183 2123 2238 audi

523 2278 661 2343 quid
686 2277 837 2329 dicat
854 2277 1096 2342 Spiritus
1121 2276 1366 2327 Sanctus
1382 2275 1439 2326 in
1464 2275 1711 2325 Canticis
1732 2275 2121 2326 Canticorum:

529 2368 651 2417 Una
674 2372 743 2416 est
766 2366 1011 2415 columba
1041 2380 1179 2426 mea,
1209 2380 1327 2413 una
1349 2369 1420 2413 est
1442 2364 1673 2428 perfecta
1696 2377 1715 2397 ο
1738 2365 1992 2426 genetrici
2013 2379 2127 2413 suae

520 2457 700 2519 (Cani.
727 2455 775 2511 6.
802 2455 893 2514 8.).
920 2456 1025 2518 Qui
1048 2468 1182 2519 ergo
1204 2455 1351 2506 hanc
1375 2454 1547 2504 fidem
1572 2454 1631 2504 in
1655 2452 1910 2504 Ecclesia
1936 2454 2131 2505 susci-

516 2545 622 2611 pit,
646 2558 756 2596 non
784 2545 1031 2595 declinet
1053 2544 1113 2595 in
1142 2543 1380 2594 concilio
1410 2542 1699 2603 vanitatis,
1718 2546 1775 2591 et
1787 2541 2127 2604 cuminiqua

520 2634 855 2699 gerentibus
879 2646 995 2685 non
1016 2632 1276 2683 introeat.
1305 2631 1623 2682 Concilium
1648 2646 1865 2691 namque
1887 2633 2128 2679 vanitatis

518 2728 630 2786 est,
657 2722 809 2786 quod
831 2732 854 2752 “
878 2722 997 2786 agit
1020 2721 1291 2783 Marcion,
1316 2721 1414 2783 qui
1436 2724 1631 2783 negat,
1663 2721 1889 2770 Patrem
1917 2719 2123 2771 Christi

527 2815 712 2865 Deum
736 2825 865 2864 esse
886 2816 1218 2867 creatorem,
1254 2810 1349 2871 qui
1378 2822 1476 2873 per
1506 2809 1706 2859 Filium
1736 2821 1909 2859 suum
1930 2808 2127 2860 fecerit

525 2902 826 2954 mundum.
856 2900 1170 2953 Concilium
1192 2898 1459 2950 vanitatis
1481 2903 1587 2960 est,
1601 2898 1755 2961 quod
1775 2898 1953 2949 Ebion
1970 2899 2129 2949 docet

523 2993 604 3044 ita
627 2991 850 3044 Christo
874 2989 1024 3041 credi
1053 2988 1278 3045 debere,
1306 2993 1371 3040 ut
1398 2997 1416 3018 '
1451 2988 1813 3040 circumcisio
1837 2987 2049 3047 carnis,
2071 2992 2128 3039 et

519 3080 841 3134 observatio
888 3078 1172 3139 sabbathi,
1217 3081 1273 3129 et
1320 3078 1731 3129 sacrificiorum
1767 3077 2120 3141 solemnitas,

2220 1933 2353 1972 cum
2378 1920 2574 1982 utique
2600 1930 2775 1969 unam
2804 1916 3182 1978 eamdemque
3205 1914 3471 1965 virtutem
3488 1915 3546 1963 et
3561 1911 3823 1962 divinitao

2221 2016 2336 2062 tem
2359 2008 2647 2060 Trinitatis
2672 2006 2941 2058 ostendat
2964 2006 3222 2055 Salvator
3244 2003 3303 2054 in
3331 2000 3661 2064 Evangelia,
3688 2012 3819 2051 cum

2221 2100 2372 2151 dicit.
2411 2099 2682 2162 Baptisate
2706 2112 2888 2145 omnes
2913 2101 3085 2158 gentes
3104 2095 3165 2142 in
3184 2092 3404 2141 nomine
3428 2091 3609 2140 Patris
3624 2094 3672 2137 et
3694 2089 3823 2139 Filii

2219 2194 2265 2238 et
2288 2189 2525 2253 Spiritus
2549 2187 2735 2237 Sancti
2764 2184 2971 2245 (Matth.
2998 2182 3126 2245 28.).
3154 2185 3223 2233 Et
3245 2184 3335 2233 est
3360 2185 3553 2245 aperte
3577 2180 3825 2241 impium

2222 2277 2471 2340 separari
2492 2278 2564 2327 ab
2593 2276 2847 2336 homine,
2874 2273 3027 2337 quod
3054 2272 3326 2323 divinitas
3359 2270 3641 2334 jungitur.
3676 2269 3823 2318 Con-

2222 2367 2415 2419 cilium
2454 2366 2729 2418 vanitatis
2770 2370 2859 2416 est
2882 2369 2940 2415 et
2960 2364 3086 2424 hoc,
3114 2361 3269 2425 quod
3292 2358 3427 2412 olim
3452 2359 3826 2423 congregavit

2222 2458 2481 2521 pertinax
2505 2460 2561 2507 et
2583 2467 2759 2519 prava
2782 2452 3092 2512 contentio,
3119 2462 3386 2502 asserens
3400 2448 3691 2499 Christum
3704 2459 3826 2497 car-

2222 2560 2353 2598 nem
2399 2546 2633 2609 quidem
2672 2546 2985 2595 humanam
3018 2541 3364 2605 suscepisse,
3391 2551 3508 2589 non
3540 2541 3738 2588 tamen
3775 2539 3827 2587 et

2222 2637 2473 2687 animam
2500 2635 2830 2687 rationalem
2856 2648 2867 2683 :
2894 2646 3023 2685 cum
3052 2634 3249 2695 utique
3276 2637 3331 2683 et
3355 2628 3510 2681 carni
3532 2633 3589 2678 et
3612 2627 3825 2678 animai

2223 2730 2282 2777 et
2305 2725 2500 2776 sensui
2522 2725 2815 2775 humanoi
2854 2736 2919 2773 ac
2956 2723 3134 2774 menti
3165 2733 3280 2772 una
3308 2720 3630 2780 eademque
3669 2717 3824 2767 salus

2223 2829 2257 2867 a
2280 2814 2502 2866 Christo
2526 2813 2730 2864 collata
2765 2814 2851 2863 sit.
2886 2812 2991 2865 Sed
3014 2810 3218 2863 etillud
3230 2808 3532 2861 concilium
3547 2805 3823 2857 vanitatis

2224 2909 2330 2966 est,
2352 2903 2498 2967 quod
2529 2904 2783 2954 Donatus
2798 2915 2896 2966 per
2910 2902 3153 2952 Africam
3169 2899 3496 2952 traditionis
3521 2896 3837 2948 Ecclesiam

2224 2993 2577 3044 criminando
2620 2993 2903 3043 contraxit
2942 3007 2955 3043 :
2996 2997 3055 3043 et
3095 2991 3250 3055 quod
3306 2992 3569 3041 Novatus
3608 2987 3819 3039 sollici-

2228 3083 2369 3134 tavit
2403 3082 2577 3145 lapsis
2611 3081 3005 3145 pceuitentiam
3036 3079 3370 3143 denegando
3403 3095 3415 3126 :
3453 3082 3510 3129 et
3538 3077 3823 3128 secundas

519 3174 863 3232 ceteraque
887 3179 1087 3219 omnes
1112 3168 1492 3219 observantiae
1511 3167 1832 3219 secundum
1849 3168 1992 3232 legis
2009 3167 2132 3219 lite'
2154 3170 2204 3240 C
2239 3171 2468 3236 nuptias
2506 3174 2547 3234 ι,
2573 3183 2705 3222 cum
2732 3170 2872 3222 forte
2895 3170 3018 3221 iniri
3064 3182 3162 3221 eas
3202 3169 3518 3220 necessitas
3553 3168 3823 3231 exegerit,

516 3273 641 3312 ram
672 3261 995 3309 teneantur.
1024 3257 1340 3309 Concilium
1365 3257 1635 3308 vanitatis
1653 3263 1759 3321 est,
1784 3258 1939 3321 quod
1966 3258 2141 3310 docet

523 3347 897 3406 Manichwus,
923 3348 1104 3410 primo
1126 3347 1277 3409 quod
1305 3347 1558 3409 seipsum
1579 3347 1929 3410 paracletum
1958 3348 2139 3398 nomi-

521 3436 690 3490 navit
726 3454 736 3483 :
783 3440 909 3487 tum
942 3436 1165 3494 deinde,
1195 3435 1351 3500 quod
1375 3435 1657 3487 mundum
1683 3449 1717 3486 a
1739 3436 1892 3487 malo
1927 3437 2137 3488 factum

522 3526 678 3585 dicit,
720 3525 905 3576 Deum
942 3529 1256 3577 creatorem
1286 3528 1477 3589 negat,
1502 3527 1939 3577 Testamentum
1970 3530 2140 3578 vetus

534 3615 830 3679 repudiat;
851 3628 1029 3667 unam
1050 3616 1280 3675 bonam,
1308 3614 1476 3666 aliam
1503 3615 1713 3666 malam
1739 3621 2006 3668 naturam
2030 3617 2140 3668 sibi

529 3705 783 3765 invicem
804 3704 821 3734 ί
862 3705 1234 3756 adversantes
1257 3704 1462 3756 asserit
1495 3722 1509 3753 :
1535 3710 1851 3757 coaeternas
1875 3709 1993 3758 Deo
2017 3707 2143 3759 ani-

526 3806 652 3845 mas
666 3794 965 3846 hominum
979 3794 1295 3845 secundum
1313 3794 1715 3857 Pythagormos
1728 3796 1831 3859 [Αι.
1858 3796 2143 3860 Pythago-

523 3883 690 3947 ricos]
714 3884 771 3935 in
796 3884 1043 3948 pecudes
1070 3888 1128 3935 et
1156 3884 1423 3935 animalia
1440 3888 1497 3934 et
1521 3884 1734 3935 bestias
1752 3885 1934 3937 redire
1952 3898 2052 3949 per
2067 3886 2145 3937 di-

524 3986 721 4025 versos
740 3970 1304 4035 ,nascendi'circulos
1328 3972 1577 4025 adstruit
1606 3992 1618 4021 :
1664 3974 2141 4026 resurrectionem

588 4140 610 4169 τι
635 4141 847 4193 Minore
880 4152 1120 4194 numero
1165 4142 1277 4203 alii,
1326 4134 1530 4191 disserit
1557 4159 1567 4190 :
1615 4142 1713 4205 qui
1736 4146 1795 4193 et
1814 4142 2020 4194 deinde
2044 4144 2148 4195 ad-

527 4211 785 4274 dunt,sed
807 4218 1051 4260 sanctam
1074 4213 1361 4261 Ecclesium
1377 4225 1509 4275 quaa
1532 4214 1703 4264 verba
1726 4215 1929 4265 abesse
1949 4216 2144 4266 etiam-

528 4282 753 4346 integro
778 4295 954 4334 sensu
987 4287 1255 4346 possunt.
1304 4285 1452 4334 Tum
1480 4283 1657 4335 iidem
1688 4285 1749 4333 in
1772 4301 1949 4335 unum
1972 4287 2141 4336 Deum

528 4356 739 4405 credere
763 4356 902 4404 docti
924 4361 1192 4417 sunt,etc.

594 4426 616 4456 ¹·
643 4429 748 4478 Pro
791 4433 839 4475 et
879 4428 1173 4490 particula,
1223 4438 1356 4491 qua)
1394 4426 1558 4478 tertio
1594 4429 1880 4491 repetitur,
1928 4430 2141 4481 habent

530 4498 626 4550 alii
657 4504 716 4548 ut
740 4517 752 4547 :
787 4503 912 4550 tum
938 4503 1068 4562 post
1101 4500 1435 4549 Manicheus
1458 4499 1680 4551 addunt
1698 4502 1957 4560 utArius,
1977 4502 2133 4564 quod

2238 3261 2382 3313 cond
2389 3261 2689 3313 emnando.
2699 3262 2780 3311 Ha
2789 3273 2955 3324 sergo
2967 3272 3168 3311 omnes
3181 3259 3341 3310 velut
3352 3258 3827 3322 congregationes

2238 3351 2676 3414 malignantium
2710 3350 2860 3414 fuge.
2885 3350 2992 3401 Sed
3026 3352 3081 3401 et
3102 3362 3219 3411 eos,
3245 3349 3290 3399 si
3317 3348 3416 3412 qui
3448 3347 3528 3398 illi
3562 3352 3725 3403 sunt.
3740 3347 3830 3410 qui

2239 3442 2507 3493 dicuntur
2542 3454 2824 3501 asserere,
2859 3441 3013 3504 quod
3049 3442 3072 3487 l-
3087 3440 3219 3491 ilius
3244 3440 3345 3490 Dei
3365 3451 3484 3489 non
3506 3438 3587 3489 ita
3618 3438 3828 3493 videat.

2242 3532 2329 3583 vel
2361 3531 2585 3583 noverit
2613 3533 2856 3593 Patrem,
2894 3531 3043 3582 sicut
3073 3531 3326 3581 noscitur
3357 3528 3479 3593 ipse
3515 3532 3574 3579 et
3609 3527 3832 3579 videtur

2239 3634 2272 3671 a
2300 3622 2462 3673 Patre
2493 3636 2506 3672 :
2542 3621 2633 3672 vel
2664 3633 2904 3684 regnum
2949 3620 3150 3671 Christi
3197 3631 3324 3670 esse
3362 3617 3703 3677 ﬁniendum,
3742 3621 3833 3668 aut

2241 3712 2429 3762 carnis
2454 3713 2924 3762 resurrectionem
2942 3710 3438 3771 non'inintegram
3468 3712 3701 3759 naturae
3717 3718 3831 3758 suae

2242 3801 2624 3852 substantiam
2649 3800 3019 3863 reparandam
3035 3814 3047 3849 :
3065 3800 3318 3850 futurum
3336 3798 3434 3849 Dei
3444 3798 3673 3860 justum
3706 3808 3833 3858 erga

2242 3902 2440 3941 omnes
2474 3903 2682 3952 negare
2699 3888 3308 3954 judiciumzdiabolum
3332 3900 3366 3938 a
3385 3886 3581 3938 debita
3614 3884 3835 3937 absolvi

2242 3977 2607 4031 damnatione
2640 3990 2958 4043 poenarum.
3004 3978 3092 4029 Ab
3137 3976 3247 4039 his,
3271 3976 3524 4039 inquam,
3557 3975 3831 4026 omnibus

2241 4166 2375 4211 rem,
2388 4154 2493 4201 ctc.
2514 4161 2694 4211 usque
2714 4148 3129 4198 miltendarium
3141 4151 3527 4204 asseruntmon
3543 4142 3828 4205 agnoscit:

2243 4227 2301 4273 et
2336 4226 2400 4273 ut
2433 4221 2567 4271 mihi
2597 4221 2829 4284 quidem
2865 4220 3105 4277 videtur,
3133 4219 3343 4281 verius,
3365 4216 3567 4268 saltem
3591 4216 3666 4267 ad
3686 4214 3834 4266 Ruti—

2244 4292 2398 4345 niani
2411 4294 2679 4356 propositi
2696 4296 3113 4353 contextusque
3139 4290 3370 4349 seriem;
3396 4300 3529 4339 nam
3557 4287 3719 4351 quod
3754 4286 3832 4337 illa

2246 4364 2519 4414 exciderit
2545 4364 2617 4413 ab
2641 4363 2748 4413 hoc
2773 4363 3079 4426 exemplari
3106 4360 3458 4413 librariorum
3484 4358 3674 4422 culpa,
3701 4356 3834 4409 nihil

2242 4436 2471 4499 penitus
2489 4434 2696 4485 indicio
2708 4440 2826 4485 est:
2848 4432 3162 4485 econtrario
3176 4432 3325 4495 quod
3342 4430 3509 4481 fuerit
3523 4433 3829 4490 postmodum

2241 4508 2313 4558 ab
2340 4507 2737 4570 iuterpolatore
2761 4505 3204 4569 aliquoiutrusa,
3235 4503 3415 4554 multa
3438 4501 3827 4552 subindicant.

532 4573 591 4621 et
623 4582 732 4620 nos
774 4583 846 4620 ex
890 4583 1089 4622 eorum
1133 4571 1467 4623 auctoritate
1498 4571 1838 4635 adjecimus.
1874 4545 2133 4636 Denique
2166 4545 2346 4628 DSed
2370 4545 2610 4628 alioi'um
2636 4545 2984 4628 omnitim.ut
3008 4545 3831 4633 diximus,auctoritaticouce-

529 4640 678 4692 infra
701 4641 855 4690 Odiin'
878 4642 1097 4694 habent
1126 4656 1224 4705 pro
1248 4643 1365 4692 Odi.

594 4722 613 4740 ⁶
638 4714 723 4762 Ita
761 4716 818 4762 et
850 4712 973 4762 cod.
1016 4714 1521 4775 Sangermanensis
1564 4730 1576 4765 :
1614 4728 1749 4766 cum
1790 4716 2007 4767 Graeco.
2066 4716 2138 4779 Τῇ

534 4785 680 4864 μητρὶ
714 4782 807 4833 alii
824 4785 1105 4864 genetricis
1126 4786 1450 4849 prml'erunt,
1468 4792 1525 4838 et
1548 4786 1716 4850 paulo
1760 4777 2141 4852 postsuscepei

535 4859 631 4903 rit.
664 4865 767 4903 nro
791 4861 1032 4903 suscmtt.

535 4861 631 4903 rit.
664 4865 767 4903 nro
791 4861 1032 4903 suscim‘t.

605 4866 631 4917 ι,
664 4866 767 4917 pro
791 4866 1032 4917 suscipit.

605 4922 627 4953 ⁴
649 4925 715 4974 In
738 4924 885 4986 aliis,
902 4926 1047 4989 quod
1081 4927 1174 4983 ait,
1203 4926 1446 4979 fortasse
1472 4928 1679 4977 verius.

606 5005 626 5026 ⁸
658 4995 856 5053 Iidem,
892 5003 949 5045 ut
985 5004 1029 5046 et
1066 4999 1439 5048 circumcisio:
1469 5003 1526 5050 et
1563 4998 1731 5062 paulo
1770 5004 1919 5061 post,
1960 5016 2142 5050 omnes

544 5065 953 5129 observationes,
988 5074 1046 5121 et
1067 5069 1245 5122 altero
1275 5071 1347 5121 ab
1382 5070 1489 5121 hoc
1516 5082 1707 5131 versu,
1732 5070 1974 5132 primum
1998 5073 2142 5135 quod

540 5154 592 5188 se
624 5139 979 5203 paracletum,
1006 5146 1110 5191 etc.

604 5209 621 5240 '
652 5210 996 5263 Addidimus
1026 5211 1182 5275 quod
1220 5210 1415 5263 deerat
1450 5210 1743 5261 adversans
1761 5217 1849 5274 est,
1876 5225 1949 5265 ex
1982 5211 2140 5266 libris

540 5279 686 5345 aliis,
733 5286 801 5335 ut
845 5286 904 5334 et
946 5296 1084 5334 mox
1124 5284 1263 5345 Deo,
1302 5282 1533 5342 scilicet,
1566 5289 1853 5334 cocrternas
1887 5286 1993 5336 Deo
2016 5288 2143 5336 ani-

539 5366 676 5401 mas.
704 5359 806 5405 etc.

598 5433 616 5462 ⁸
641 5425 840 5476 Ferme
873 5424 1086 5476 rectius
1112 5422 1226 5483 alii,
1250 5429 1295 5471 et
1319 5429 1433 5485 post
1463 5423 1577 5487 ejus
1606 5440 1887 5477 successor.

602 5502 620 5522 ⁸
648 5495 918 5559 Cogimur
941 5495 1217 5546 librorum
1241 5494 1480 5547 aliorum
1498 5497 1754 5547 omnium
1773 5497 1937 5560 sequi
1951 5500 2142 5549 aucto-

534 5564 762 5617 ritatem
780 5570 837 5619 et
850 5566 1272 5629 tidem.Alioqui
1291 5568 1660 5620 Barraaanum
1674 5569 1964 5632 exemplar
1977 5570 2144 5619 voluit

541 5637 784 5699 praefert,
827 5638 996 5689 ferme
1024 5638 1374 5701 concinnius,
1427 5640 1807 5702 prmcedentis
1846 5639 2027 5689 docuit
2050 5654 2142 5692 re-

545 5714 766 5772 spectu.
796 5711 944 5761 Tum
967 5722 1102 5762 vero
1135 5711 1586 5774 subsequentem
1611 5716 1859 5775 quatuor
1891 5712 2005 5764 fere
2030 5727 2146 5765 ver-

551 5790 725 5833 suum
746 5780 1032 5843 laciniam,
1056 5787 1103 5831 et
1121 5782 1324 5833 Filium
1347 5782 1443 5833 Dei
1460 5782 1650 5834 habere
1663 5783 1886 5833 initium
1901 5790 1950 5834 et
1968 5786 2146 5837 mino-

2239 4649 2449 4705 dimus.
2484 4654 2541 4700 et
2567 4650 2620 4699 in
2648 4649 2793 4700 hanc
2818 4649 3127 4699 maluimus
3152 4657 3385 4709 peccare
3412 4648 3653 4707 partem,
3685 4648 3747 4693 ut
3772 4653 3833 4691 ne

2238 4720 2374 4783 quid
2393 4720 2984 4781 desideraretur,quod
2998 4733 3096 4782 pro
3123 4717 3425 4769 Ruﬂniano
3449 4714 3682 4777 jamdiu
3707 4714 3830 4764 olim

2239 4796 2529 4855 receptum
2566 4791 2788 4842 fuisset.
2828 4793 2911 4841 Ex
2944 4791 3034 4841 his
3072 4802 3269 4840 vocem
3300 4787 3436 4838 Filio
3477 4784 3749 4837 Baluzius
3771 4795 3831 4835 ex

2240 4864 2429 4914 cortice
2448 4863 2925 4919 Sangermanensi
2943 4861 3178 4913 addidit.

2302 4935 2430 4983 ‘Dei
2468 4935 2709 4985 reticent
2746 4935 2857 4993 alii,
2908 4934 3257 4996 quibuscum
3290 4935 3346 4980 et
3371 4942 3480 4979 nos
3512 4928 3686 4990 paulo
3717 4934 3831 4991 pust

2240 5006 2424 5069 utique
2458 5006 2854 5068 rescripsimus
2886 5018 2985 5067 pro
3022 5004 3235 5066 ubique.
3268 5004 3372 5053 Pro
3396 5000 3662 5063 ostendat,
3687 4997 3827 5063 quod

2240 5077 2385 5128 infra
2409 5077 2705 5137 est,iidem
2741 5078 3023 5126 ostenderit
3054 5076 3265 5139 legunt.

2299 5148 2455 5199 lHoc
2505 5160 2737 5211 quoque
2783 5150 2973 5199 tacent
3026 5148 3269 5196 humano
3306 5142 3399 5194 alii
3436 5156 3449 5192 :
3493 5141 3831 5203 quibuscum

2244 5219 2408 5270 tertio
2450 5220 2522 5270 ab
2547 5219 2655 5270 hoc
2693 5232 2865 5270 versu
2891 5218 3134 5279 tegimus
3161 5219 3218 5267 et
3240 5228 3346 5265 nos
3364 5211 3831 5261 traditionisecclc-

2240 5290 2403 5351 siam,
2428 5302 2528 5353 pro
2553 5302 2667 5352 quo
2705 5293 2865 5342 erant
2890 5289 3237 5337 traditionem
3261 5285 3492 5335 ecclesiae.

2303 5364 2325 5395 ι
2355 5362 2421 5411 In
2472 5361 2951 5425 Sangcrmanensi
2990 5359 3113 5411 cod.
3151 5356 3482 5417 Remboldo,
3526 5355 3764 5405 Erasmo
3786 5356 3832 5425 et

2244 5432 2513 5493 Morcllio,
2551 5438 2595 5479 et
2630 5434 2888 5481 secundas
2917 5432 3138 5496 nuptias
3162 5446 3273 5478 non
3309 5427 3466 5485 iniri,
3494 5440 3600 5485 eas,
3628 5424 3831 5496 etiamsi

2242 5504 2520 5551 necessitas
2542 5503 2729 5567 erigit,
2757 5494 3190 5553 condemnanda.
3218 5503 3302 5552 Ita
3325 5503 3379 5550 et
3401 5497 3526 5549 cod.
3565 5500 3705 5560 Reg.
3730 5494 3831 5546 nisi

2243 5574 2394 5637 quod
2419 5589 2506 5622 eas
2534 5577 2696 5625 tacet.

2307 5645 2481 5696 Iidem
2530 5662 2635 5693 non
2672 5648 2883 5709 integra
2930 5652 3145 5695 natura:
3185 5660 3299 5694 suo:
3343 5640 3682 5702 substantia;
3723 5642 3829 5709 tum

2245 5716 2419 5767 ferme
2455 5717 2666 5768 rectius
2719 5708 2979 5767 absolvere
3014 5730 3112 5781 pro
3142 5715 3360 5765 absolvi.
3392 5712 3685 5776 Origenis,
3723 5708 3829 5781 sive

2243 5786 2462 5853 quasilli
2487 5800 2584 5852 per
2600 5787 2657 5841 id
2676 5789 2927 5841 maxime
2945 5777 3215 5853 temporis
3226 5784 3643 5851 objiciebantur
3666 5777 3830 5843 impia
