3898 6392
81 341 183 398 377

1049 330 1609 387 COMMENTARIUS
1643 330 1715 380 IN
1752 327 2049 381 SYMBOL.
2085 326 2426 380 APOSTOL.

3283 324 3389 381 378

83 461 261 514 ﬁdelis
309 459 563 512 declinet
608 457 857 509 auditus.
918 455 1188 506 Sanctam
1222 466 1356 504 vero
1381 450 1690 503 Ecclesiam
1714 446 1767 517 Α
1797 450 1931 502 tibi'
1958 451 2153 503 videar
2171 465 2289 504 non
2332 466 2503 517 posse
2542 454 2823 506 innocens
2874 453 3043 514 efﬁci,
3099 447 3354 523 |05Q111

86 555 209 603 tene
235 559 253 579 ·
279 562 420 614 qua
442 550 630 601 Deum
655 549 875 598 Patrem
891 545 1363 609 omnipotentem,
1391 541 1690 592 etunicum

82 641 283 693 Filium
331 641 466 703 ejus
513 640 715 689 Jesum
744 636 1036 687 Christum
1061 632 1371 685 Dominum
1403 635 1689 694 nostrum,

86 736 139 782 et
162 729 445 794 Spiritum
470 730 745 779 Sanctum
762 724 1030 776 concordi
1053 728 1112 775 et
1141 734 1395 773 consona
1418 721 1691 771 substan-

86 818 179 869 tia
198 817 433 868 ratione
460 816 777 881 profitetur,
802 813 1124 877 Filiumque
1158 808 1308 880 |04
1351 808 1451 861 Dei
1488 814 1690 860 natum

91 920 161 958 ex
209 905 444 970 Virgine
490 917 729 969 passum
761 915 860 966 pro
898 903 1081 955 salute
1111 903 1388 963 humana,
1412 915 1477 952 ac
1502 915 1694 953 resur-

88 997 302 1047 rexisse
322 1009 360 1048 a
380 996 627 1049 mortuis
652 1008 710 1047 in
737 1006 802 1045 ea
824 1006 1012 1056 carne,
1037 994 1097 1045 in
1130 1007 1243 1058 qua
1273 997 1539 1045 mortuus
1585 996 1690 1056 est,

90 1085 277 1138 credit.
296 1085 587 1139 Eumdem
604 1084 848 1147 denique
873 1088 1183 1135 venturum
1194 1083 1449 1148 judicem
1465 1084 1691 1131 omnium

92 1180 306 1240 sperat:
354 1176 417 1226 in
464 1187 580 1239 quo
624 1177 680 1226 et
722 1174 1401 1239 remissio‘peccatorum,
1428 1177 1486 1225 et
1508 1171 1694 1224 carnis

105 1264 445 1319 resurrectio
462 1263 823 1329 pradicatur.

154 1355 238 1409 40.
276 1356 502 1406 Verum
547 1354 617 1405 de
656 1353 997 1405 remissione
1042 1358 1406 1418 peccatorum
1429 1352 1693 1405 sufficere

115 1444 280 1496 debet
293 1443 420 1495 sola
436 1442 771 1495 credulitas.
799 1443 940 1506 Quis
957 1444 1110 1495 enim
1131 1455 1374 1495 caussas
1397 1448 1500 1495 aut
1514 1443 1692 1497 ratio-

96 1546 223 1585 nem
265 1533 543 1597 requirat,
570 1533 664 1584 ubi
687 1531 1042 1597 indulgentia
1067 1532 1342 1596 Principis
1367 1536 1500 1584 est?
1550 1533 1692 1584 Cum

93 1622 291 1676 terreni
312 1623 492 1690 Regis
504 1621 813 1674 liberalitas
826 1622 1176 1675 discussioni
1198 1634 1314 1673 non
1330 1623 1406 1673 sit
1420 1623 1688 1684 obnoxia,

92 1714 157 1764 ab
177 1713 434 1765 humana
463 1712 783 1763 temeritate
803 1712 1110 1764 discutitur
1127 1711 1324 1763 divina
1339 1711 1579 1776 largitio.
1598 1714 1689 1763 So-

1791 541 1948 604 prius
1978 540 2194 593 fueram
2224 543 2603 595 criminosus?
2636 546 2691 595 Si
2714 545 2887 607 enim,
2918 550 2985 597 ut
3000 559 3169 611 supra
3193 552 3387 598 osten-

1792 630 1867 692 di,
1895 637 2139 693 constat,
2168 633 2321 696 quod
2345 647 2459 685 non
2483 634 2541 685 in
2565 634 2732 694 facto,
2761 636 2860 686 sed
2884 635 2944 686 in
2992 635 3291 688 voluntate
3314 638 3389 689 sit

1792 720 2006 772 crimen
2027 740 2037 770 :
2054 722 2205 773 sicut
2222 723 2368 774 mala
2388 724 2673 783 voluntas,
2689 728 2920 777 auctore
2937 724 3087 777 malo
3100 726 3382 788 damone,

1793 815 2023 873 peccato
2068 824 2159 862 me
2184 817 2242 863 et
2266 814 2431 864 morti
2456 813 2586 865 fecit
2609 815 2949 865 obnoxium:
2978 815 3058 865 ita
3079 815 3139 866 in
3168 817 3387 867 bonum

1794 902 2063 952 voluntas
2080 905 2317 965 mutata,
2343 909 2576 955 auctore
2590 906 2736 955 bono
2752 906 2887 964 Deo,
2907 905 3255 957 innocentia
3272 918 3388 957 me-

1792 990 2041 1042 reddidit
2083 992 2188 1055 [Αἰ.
2249 993 2451 1055 reddit]
2496 998 2554 1045 et
2584 994 2737 1046 vita.
2773 994 2982 1045 Similis
3015 1007 3222 1045 caussa
3248 998 3304 1047 et
3327 995 3388 1046 in

1793 1080 2015 1131 cateris
2039 1090 2057 1118 ε
2077 1085 2165 1131 est
2182 1081 2535 1133 criminibus.
2555 1083 2675 1134 Hoc
2692 1082 2862 1133 modo
2879 1083 3022 1134 ﬁdes
3060 1088 3256 1135 nostra
3270 1096 3389 1135 non

1792 1169 2087 1221 invenitur
2109 1170 2470 1222 naturalibus
2487 1172 2808 1223 rationibus
2824 1172 3140 1236 adversari,
3169 1172 3310 1224 dum
3327 1185 3388 1224 re

1792 1258 1995 1310 missio
2032 1266 2417 1325 peccatorum,
2464 1273 2581 1312 non
2622 1262 2819 1326 gestis,
2864 1274 2999 1325 qua
3030 1262 3240 1313 mutari
3270 1274 3387 1313 non

1792 1354 2058 1414 possunt,
2094 1350 2197 1401 sed
2226 1351 2418 1401 animo
2444 1362 2613 1414 quem
2642 1351 2711 1402 de
2736 1351 2884 1403 malo
2907 1351 2967 1402 in
2999 1352 3215 1403 bonum
3255 1364 3389 1403 con-

1793 1440 1938 1491 verti
1962 1445 2180 1491 certum
2205 1444 2313 1503 est,
2337 1440 2657 1505 deputetur.

1856 1529 1941 1583 41.
1971 1530 2077 1581 Sed
2102 1534 2160 1581 et
2195 1530 2215 1559 δ
2239 1531 2476 1582 ultimus
2497 1544 2683 1583 sermo
2706 1532 2834 1597 iste,
2876 1534 2975 1599 qui
3010 1537 3382 1590 resurrectio-

1792 1632 1923 1671 nem
1954 1621 2140 1671 carnis
2166 1622 2176 1651 ί
2201 1603 2567 1685 pronunciat,
2588 1635 2873 1675 summam
2895 1628 3073 1677 totius
3091 1628 3391 1690 perfectio-

1793 1710 1882 1759 nis
1908 1710 2201 1761 succincta
2219 1711 2496 1763 brevitate
2509 1712 2803 1764 concludit
2822 1728 2834 1764 :
2850 1715 3117 1777 quamvis
3134 1716 3304 1767 etiam
3317 1717 3390 1769 de

92 1801 200 1854 ient
213 1802 362 1853 enim
374 1814 515 1853 cum
527 1801 784 1853 irrisione
797 1801 1110 1853 adversum
1126 1815 1232 1853 nos
1246 1802 1435 1853 dicere
1454 1802 1681 1866 Pagani,
1706 1774 1760 1848 B
1796 1800 1905 1851 hoc
1950 1813 2066 1851 non
2112 1803 2302 1852 solum
2345 1814 2380 1852 a
2403 1802 2740 1863 Gentilibus,
2768 1803 2866 1853 sed
2891 1806 2947 1854 et
2970 1806 3043 1857 ab
3093 1806 3391 1858 Hareticis

98 1891 241 1955 quod
269 1892 378 1955 ipsi
402 1904 515 1942 nos
540 1891 911 1956 decipiamus,
937 1892 1035 1954 qui
1059 1904 1078 1925 ο
1121 1894 1394 1955 putemus
1431 1892 1685 1953 crimina,

98 1993 219 2045 qua
240 1994 410 2045 opere
436 1981 753 2032 commissa
777 1984 932 2046 sunt,
978 1981 1172 2033 verbis
1223 1994 1396 2045 posse
1438 1982 1683 2045 purgari.

100 2070 161 2120 Et
204 2070 381 2131 aiunt,
430 2070 729 2133 Numquid
766 2073 972 2135 potest,
1018 2070 1114 2133 qui
1135 2070 1511 2122 homicidium
1537 2071 1684 2133 fecit,

99 2158 373 2211 homicida
396 2171 518 2211 non
542 2173 666 2211 esse
689 2175 701 2211 :
725 2166 781 2212 et
802 2160 1023 2212 adulter
1043 2174 1160 2212 non
1178 2162 1377 2224 videri,
1405 2161 1503 2225 qui
1532 2162 1687 2213 adul-

99 2249 287 2299 terium
302 2250 690 2315 perpetravit?
715 2250 1008 2312 Quomodo
1026 2263 1161 2313 ergo
1173 2251 1572 2315 hujuscemodi
1589 2251 1690 2302 cri-

99 2338 303 2389 minum
332 2351 494 2402 reus,
522 2343 759 2390 sanctus
791 2340 956 2393 vobis
986 2339 1111 2392 elici
1142 2341 1332 2392 subito
1362 2340 1689 2391 videbitur?

102 2426 199 2477 Sed
220 2427 287 2478 ad
311 2427 465 2490 hac,
512 2433 578 2479 ut
621 2428 759 2492 dixi,
808 2429 1014 2481 melius
1068 2429 1200 2491 ﬂde,
1245 2442 1421 2493 quam
1469 2430 1687 2481 ratione

100 2517 413 2582 respondeo.
466 2520 589 2569 Rex
635 2519 787 2595 enim
833 2525 923 2572 est
965 2521 1225 2572 omnium
1260 2520 1357 2583 qui
1382 2519 1535 2570 “hoc
1559 2532 1689 2583 pro-

103 2606 270 2657 misit:
323 2612 496 2660 terra
539 2607 776 2671 calique
820 2608 1087 2660 dominus
1143 2614 1249 2672 est,
1300 2610 1395 2671 qui
1419 2609 1544 2661 hac
1565 2609 1688 2673 pol-

102 2693 302 2747 licetur.
320 2698 451 2749 Non
480 2697 587 2756 vis,
623 2702 688 2749 ut
709 2698 805 2763 qui
830 2711 920 2749 me
944 2712 1017 2749 ex
1041 2703 1191 2750 terra
1217 2699 1504 2749 hominem
1538 2699 1686 2759 fecit,

109 2785 319 2839 credam
357 2786 521 2852 quod
545 2788 923 2839 excriminoso
952 2802 1043 2840 me
1080 2788 1249 2839 faciat
1291 2790 1688 2841 innocentem?

109 2874 168 2925 Et
207 2876 301 2939 qui
342 2889 461 2941 me,
511 2889 642 2927 cum
687 2890 873 2929 essem
918 2890 1122 2941 cacus,
1151 2878 1278 2930 fecit
1300 2879 1517 2930 videre:
1553 2888 1571 2908 ο
1596 2879 1686 2930 vel

108 2976 225 3015 cum
266 2978 451 3017 essem
502 2966 710 3018 surdus
747 2968 972 3019 audire:
1011 2969 1109 3031 qui
1136 2968 1277 3019 mihi
1302 2968 1504 3020 claudo
1527 2982 1685 3034 gres-

110 3065 225 3104 sum
251 3055 523 3118 reddidit,
547 3056 929 3109 iunocentiam
954 3058 1094 3109 mihi
1140 3058 1417 3122 perditam
1441 3072 1557 3109 non
1585 3072 1685 3122 po-

1786 1889 1931 1941 fides
1954 1891 2322 1955 impugnctur
2346 1890 2634 1943 Ecclesia.
2664 1893 2808 1943 Nam
2830 1892 3171 1945 Valentinus
3189 1908 3381 1946 resur—

1786 1980 2095 2031 rectionem
2117 1980 2305 2031 carnis
2349 1980 2506 2032 omni
2535 1981 2706 2032 modo
2728 1987 2918 2046 negat,
2945 1983 3033 2034 etj
3060 1984 3357 2036 Manichai
3378 2024 3391 2047 ,

1788 2070 1938 2120 sicut
1979 2082 2151 2133 supra
2178 2069 2558 2121 ostendimus.
2607 2070 2715 2121 Sed
2762 2071 2855 2123 isti
2897 2072 3124 2124 Esaiam
3150 2074 3383 2137 quidem

1787 2159 2122 2222 prophetam
2145 2158 2447 2219 dicentem,
2468 2160 2759 2223 Resurgent
2770 2163 2972 2210 mortui
2996 2167 3042 2211 et
3054 2161 3387 2212 suscitabun-
3444 2166 3463 2179 ‘

1787 2254 1892 2308 tur,
1931 2249 2029 2311 qui
2071 2254 2198 2297 sunt
2234 2249 2293 2297 in
2337 2249 2593 2311 sepulcris
2640 2250 2807 2312 (Esai.
2860 2248 2947 2304 ‘26.
2999 2250 3125 2314 19.),
3186 2252 3382 2304 audire

1786 2338 2126 2389 noluerunt:
2169 2349 2274 2388 nec
2311 2337 2596 2389 Danielem
2624 2338 3132 2404 sapientissimum,
3160 2344 3383 2405 protes-

1788 2430 2022 2489 tantem,
2049 2428 2189 2486 Quia
2213 2432 2339 2476 tunc
2360 2433 2653 2491 resurgent,
2680 2428 2777 2492 qui
2791 2434 2917 2477 sunt
2943 2428 3005 2478 in
3029 2434 3177 2478 terra:
3196 2429 3382 2495 pulve-

1784 2532 1871 2566 re:
1918 2517 1977 2565 hi
1997 2518 2213 2581 quidem
2234 2518 2296 2566 in
2310 2518 2476 2566 vitam
2490 2524 2764 2580 aeternam,
2791 2519 3049 2567 hiautem
3081 2520 3144 2568 in
3180 2535 3383 2584 oppro—

1786 2606 1963 2655 brium
1988 2612 2032 2656 et
2052 2607 2421 2669 confusionem
2451 2612 2705 2657 aeternam
2728 2608 2890 2670 (Dan.
2918 2607 3044 2671 12.).
3086 2609 3118 2638 Β
3165 2610 3381 2662 Tamen

1785 2696 1879 2748 vel
1911 2697 1971 2747 in
1995 2697 2337 2761 Evangeliis,
2369 2709 2501 2760 qua
2534 2699 2783 2761 recipere
2826 2698 3113 2760 videntur,
3159 2699 3379 2752 discere

1786 2787 2147 2838 debuerunta
2164 2788 2401 2837 Domino
2417 2790 2473 2839 et
2485 2786 2775 2839 Salvatore
2790 2792 3007 2850 nostro,
3027 2788 3379 2841 Sadducaos

1786 2875 2042 2940 docente,
2066 2877 2317 2927 dictum:
2344 2878 2497 2936 Quod
2520 2883 2699 2927 autem
2712 2884 2998 2939 resurgant
3018 2880 3239 2941 mortui,
3266 2895 3375 2928 non

1783 2966 1998 3031 legistis,
2044 2983 2150 3032 quo
2186 2968 2344 3016 modo
2378 2968 2508 3015 dicit
2545 2968 2720 3031 Moysi
2767 2969 2825 3016 in
2860 2968 3012 3029 rubo,
3035 2969 3176 3017 Deus
3212 2969 3390 3019 Abra-

1788 3056 1937 3116 ham,
1964 3056 2101 3105 Deus
2126 3058 2293 3120 Isaac,
2326 3056 2461 3105 Deus
2514 3056 2712 3105 Jacob?
2746 3057 2887 3105 Deus
2924 3062 3102 3106 autem
3140 3073 3252 3106 non
3307 3065 3379 3107 est

109 3143 225 3195 terit
244 3150 620 3211 recuperare?
644 3148 713 3198 Et
735 3151 800 3198 ut
822 3148 1124 3200 veniamus
1144 3148 1217 3200 ad
1252 3148 1433 3213 ipsius
1463 3154 1687 3201 natura
1718 3139 1767 3215 C
1792 3151 2150 3208 mortuorum,
2186 3146 2275 3195 sed
2307 3145 2601 3195 viventium
2626 3146 2814 3211 (Marc.
2848 3143 2900 3199 2.
2927 3144 2996 3199 26
3041 3144 3148 3210 31ο)
3174 3149 3241 3199 In
3269 3160 3383 3212 (1υο

110 3232 508 3287 testimonium.
540 3236 807 3289 Occidere
830 3237 1127 3290 hominem
1146 3251 1261 3290 non
1305 3252 1530 3303 semper
1574 3239 1685 3289 cri-

108 3321 378 3376 minosum
411 3327 524 3387 est,
548 3326 645 3377 sed
670 3326 899 3390 malitia,
924 3340 1041 3378 non
1064 3326 1286 3391 legibus
1320 3328 1574 3380 occidere
1591 3330 1686 3379 cri-

112 3410 378 3466 minosum
403 3417 513 3467 est.
545 3416 668 3466 Non
690 3428 825 3480 ergo
850 3415 1063 3468 factum
1085 3430 1176 3468 me
1192 3418 1253 3469 in
1285 3418 1512 3476 talibus,
1554 3419 1688 3481 quia

111 3497 375 3555 interdum
431 3508 493 3556 et
538 3510 689 3557 recte
722 3506 805 3568 fit,
834 3505 935 3557 sed
959 3506 1190 3558 animus
1215 3507 1361 3560 male
1376 3507 1687 3560 consulens

111 3587 339 3644 damnat.
379 3594 433 3644 Si
467 3607 604 3659 ergo
628 3595 862 3646 animus
881 3596 942 3647 in
967 3609 1073 3657 me,
1103 3597 1201 3660 qui
1231 3597 1573 3649 criminosus
1601 3603 1689 3648 est

113 3678 345 3744 ellectus,
367 3688 423 3735 et
440 3684 507 3735 in
534 3695 650 3749 quo
696 3684 803 3736 fuit
849 3686 1008 3750 origo
1044 3686 1167 3738 vitii
1212 3686 1541 3751 corrigatur,
1588 3699 1690 3737 cur

115 3845 376 3913 dogmata,
402 3852 665 3904 damnari
690 3866 859 3905 nemo
882 3867 998 3906 non
1028 3854 1201 3907 videt.
1218 3856 1337 3907 Hoc
1360 3861 1553 3907 autem
1575 3857 1691 3907 Ru-

117 3916 322 3992 iiniana
344 3923 477 3975 tldei
521 3924 736 3976 all‘atim
781 3925 1137 3989 orthodoxa,
1173 3932 1580 3992 argumentum
1604 3930 1691 3977 est

117 3986 266 4054 longe
294 3997 700 4059 certissimum,
728 4010 843 4060 quo
869 4011 984 4049 uno
1027 4011 1087 4048 se
1126 3986 1204 4049 ab
1240 3986 1375 4062 Ejus
1419 4005 1687 4061 auctoris,

119 4062 268 4137 cuus
279 4067 531 4118 maxime
542 4067 772 4131 ingenio
786 4069 1178 4120 delectabatur
1193 4070 1481 4121 erroribus
1497 4071 1695 4137 abhor-

118 4133 301 4197 ruisse,
326 4137 705 4199 demonstrat,
732 4140 1133 4203 etsuspicione
1156 4142 1229 4192 ab
1246 4144 1398 4191 omni
1418 4134 1690 4193 vindicat.

122 4204 407 4281 Q.uin_puto
436 4224 509 4261 ex
542 4210 633 4261 his
658 4212 1017 4262 occasionem
1036 4216 1335 4275 sumsisse,
1360 4214 1457 4277 qui
1474 4214 1695 4264 Palino-

124 4273 230 4325 dias
248 4278 448 4339 Ruﬁni,
476 4282 698 4345 quasin
716 4282 826 4333 [ine
861 4282 1103 4347 hujusce
1143 4285 1304 4334 Tomi
1326 4273 1695 4346 ‘rEcudimus,

125 4346 517 4425 confinxerunt.
548 4354 655 4405 Eas
679 4354 853 4412 adito,
884 4346 949 4405 ut
971 4360 1028 4405 et
1062 4367 1195 4417 qua
1225 4357 1395 4407 nobis
1431 4358 1609 4407 Tomo
1654 4358 1694 4406 Ι.

125 4415 675 4496 ῌὶειιφηγωὶξωοιιυω
693 4427 942 4490 Operum
965 4427 1035 4477 ad
1050 4415 1342 4491 Theophili
1358 4429 1696 4492 Synodicam

127 4491 474 4558 elusdemque
498 4497 803 4549 Pascliales
832 4498 1111 4560 Episttlas
1141 4491 1413 4551 adnotata
1437 4506 1591 4552 sunt.

1785 3235 1959 3286 etiam
2004 3247 2137 3298 qua
2187 3235 2260 3286 sit
2301 3240 2357 3286 et
2395 3237 2611 3299 quanta
2645 3236 3076 3287 resurrectionis
3100 3235 3301 3301 gloria,
3327 3238 3386 3288 in

1787 3324 2178 3388 superioribus
2203 3326 2562 3388 memoravit,
2578 3338 2711 3376 cum
2729 3325 2876 3376 dixit
2895 3343 2906 3374 :
2927 3326 2991 3374 In
3008 3328 3392 3376 resurrectione

1787 3422 1965 3464 autem
2024 3420 2363 3463 mortuorum
2427 3430 2597 3479 neque
2638 3415 2854 3475 nubent,
2897 3431 3066 3479 neque
3090 3416 3390 3468 nubentur:

1785 3505 1874 3553 sed
1902 3512 2060 3553 erunt
2092 3508 2226 3554 sicut
2260 3506 2451 3569 Angeli
2712 3505 2808 3554 Dei
2862 3506 3067 3570 (Matth.
3132 3504 3219 3560 22.
3283 3504 3390 3570 20).

1787 3594 2238 3646 Resurrectionis
2281 3599 2476 3646 autem
2530 3594 2632 3659 [AL
2671 3595 2826 3659 ergo]
2854 3596 3038 3647 virtus
3064 3594 3389 3661 angelicum

1786 3684 2118 3736 hominibus
2141 3684 2360 3736 confert
2382 3688 2619 3749 statum,
2645 3688 2710 3736 ut
2743 3685 2840 3749 qui
2891 3684 2963 3737 de
3010 3689 3158 3737 terra
3201 3698 3395 3737 resur-

1852 3853 1872 3887 ί
1898 3853 2076 3905 Iidem
2106 3869 2219 3902 non
2250 3854 2435 3904 ridear
2461 3869 2628 3919 posse,
2665 3858 2723 3906 et
2754 3866 2892 3905 mox
2924 3853 3253 3903 ostendimus
3290 3868 3393 3920 pro

1790 3925 2012 3976 ostendi.
2042 3924 2214 3976 Paulo
2228 3930 2358 3989 post
2381 3938 2520 3976 mss.
2539 3929 2597 3977 et
2622 3927 2737 3977 vet.
2762 3924 2898 3976 edit.
2919 3961 2930 3986 ,
2958 3924 3100 3974 bona
3122 3926 3390 3990 voluntas,

1792 4009 1891 4061 pro
1917 3997 1979 4045 in
2007 3997 2206 4045 bonum
2231 3997 2493 4047 voluntas.

1855 4078 1873 4105 σ
1907 4070 2163 4120 Reticent
2212 4069 2303 4121 alii
2360 4074 2453 4118 est:
2500 4070 2624 4119 tum
2654 4067 2873 4119 habent
2893 4070 2939 4115 et
2968 4068 3064 4117 hoc
3088 4068 3262 4126 modo,
3282 4072 3395 4121 etC.

1853 4139 1876 4168 ’³
1914 4140 2196 4191 Pamelius
2229 4153 2398 4204 quem
2440 4139 2629 4191 Fellus
2677 4139 2981 4202 (describit)
3027 4152 3159 4189 cum
3204 4144 3395 4191 vetere

1795 4212 2059 4274 edilione,
2094 4214 2183 4261 Sed
2207 4219 2251 4261 et
2276 4213 2524 4261 ulterius:
2553 4212 2697 4262 falso
2734 4216 2893 4262 ratus
2927 4211 3087 4261 innui
3123 4211 3389 4263 alterum

1796 4284 2097 4335 articulum
2122 4285 2179 4335 in
2204 4284 2489 4348 Symbolo,
2516 4284 2582 4332 Et
2607 4285 2775 4332 vitam
2810 4289 3094 4331 atcrnam:
3134 4284 3231 4347 qui
3259 4288 3396 4334 tunc

1798 4357 2089 4420 proprium
2113 4356 2301 4408 locum
2338 4369 2455 4407 non
2470 4355 2737 4415 habebat,
2766 4354 2869 4406 sed
2889 4354 2948 4405 in
2964 4354 3394 4405 Resurrectione

1799 4429 2077 4480 contineri
2103 4429 2452 4481 credebatur.
2508 4430 2715 4492 Aperte
2758 4428 2811 4477 S.
2862 4426 3246 4487 Hieronymus
3296 4426 3394 4477 lib.

1799 4498 2023 4550 advers.
2086 4502 2249 4552 Joan.
2305 4501 2695 4562 Jerosolymit.
2742 4499 2808 4547 In
2860 4496 3130 4561 Symbolo,
3181 4497 3388 4561 inquit,

180 4568 194 4587 '
216 4562 417 4617 lterum
452 4568 625 4642 iidem
657 4575 843 4630 teneat,
862 4576 918 4621 et
944 4583 1078 4620 mox
1104 4572 1449 4635 unigenitum
1495 4573 1691 4620 Filium
1724 4570 1779 4642 Ι)
1800 4586 1956 4619 omne
1984 4571 2289 4620 Christiani
2312 4573 2578 4635 dognwlis
2600 4575 3017 4642 sacramentum,
3036 4568 3221 4642 carnis
3243 4585 3399 4618 resur

130 4628 243 4691 ejus;
283 4640 336 4685 et
375 4639 543 4701 paulo
583 4643 709 4701 post
746 4628 1101 4690 resurrexisse
1125 4658 1158 4689 a
1182 4628 1411 4691 mortuis
1437 4643 1495 4690 in
1512 4643 1695 4691 eadem

131 4714 272 4753 carne
295 4706 349 4755 in
371 4724 483 4773 qua
506 4716 667 4760 natus
697 4716 784 4772 est,
807 4713 989 4775 credit,
1005 4728 1231 4777 eumque
1249 4714 1699 4778 venturumjudi-

131 4784 242 4826 cem.
267 4780 367 4826 etc.

128 4784 242 4832 cem,
267 4784 367 4829 ειο.

180 4840 371 4922 ⁵,ΑΡι1ἀ
407 4852 549 4904 alios
587 4852 802 4916 deberet,
852 4858 909 4905 et
958 4853 1127 4918 paulo
1168 4859 1315 4919 post,
1360 4855 1700 4920 indulgentia

129 4918 421 4982 principalis
442 4928 547 4975 est?
569 4925 635 4973 Et
661 4931 837 4973 Limen
863 4941 981 4975 cum
1010 4918 1223 4985 terreni,
1265 4931 1370 4978 etc.

160 4988 416 5064 anenuo
461 4996 614 5059 apud
663 4997 824 5061 alios,
874 4998 971 5061 qui
1010 5002 1297 5061 puta-nus:
1327 5003 1384 5049 et
1407 4998 1503 5062 qui
1531 4999 1700 5048 homi-

129 5053 309 5109 cidium
350 5053 611 5117 commisit
686 5053 902 5120 Deinde
940 5053 1271 5118 au-tad-ulter
1293 5053 1616 5129 non-videri,
1642 5076 1700 5122 ct

131 5134 247 5179 ’1101
312 5140 572 5205 quomodo
640 5140 1032 5203 hujuscemodi,
1097 5145 1320 5203 absque
1364 5142 1696 5205 interposito

132 5203 542 5323 gainegenique
584 5210 833 5276 plenius,
894 5210 1067 5261 subito
1126 5213 1338 5261 videtur
1399 5220 1443 5263 et
1491 5203 1698 5278 purus?

169 5282 237 5332 εα,
260 5282 360 5326 etc.

187 5338 432 5423 fr’ljacent
461 5351 629 5406 iidem
659 5356 755 5406 hoc
784 5369 1113 5421 pronomen,
1158 5361 1329 5420 atque
1373 5358 1494 5416 haec,
1543 5356 1694 5420 quod

137 5416 382 5497 “flgitur.
408 5422 551 5497 Tum
585 5426 671 5476 Vis
702 5433 759 5476 ut
786 5416 856 5488 ei,
884 5427 999 5493 qui,
1030 5416 1137 5479 etc.
1158 5466 1171 5491 ,
1199 5416 1312 5477 non
1334 5416 1567 5478 credam;

186 5487 202 5508 '
220 5482 521 5565 9missarvel
547 5497 765 5563 vocula,
794 5482 1009 5551 habent
1030 5499 1142 5553 alii.
1160 5482 1282 5548 cum
1307 5515 1465 5549 essem
1477 5500 1693 5564 surdus,

135 5552 304 5634 {adire
323 5575 401 5634 me
421 5564 561 5627 fecit:
592 5573 713 5621 tum
749 5552 924 5623 verbo
958 5552 1212 5631 reddidit,
1246 5571 1417 5623 aliam
1452 5572 1577 5634 subj
1591 5552 1695 5623 un;

136 5630 263 5706 ἔαρι
274 5632 575 5706 Pericopem
589 5641 939 5705 hujusmodi,
957 5643 1147 5706 quime
1165 5630 1474 5704 inﬁrmum,
1493 5630 1588 5691 san
1603 5658 1692 5690 um

136 5688 264 5778 (scit:
318 5688 552 5772 denique
619 5688 873 5777 reparare
916 5688 1014 5777 pilo
1038 5688 1350 5778 recuperare
1381 5688 1621 5777 habent,
1648 5720 1692 5763 et

140 5765 294 5819 ίαπὶεη
312 5785 408 5837 pro
430 5765 478 5829 et
494 5788 567 5833 ut.

1798 4642 2024 4691 rectione
2046 4643 2386 4692 concluditur
2423 4645 2492 4694 Et
2526 4644 2744 4703 Noster,
2780 4641 2964 4691 Sermo
2998 4641 3093 4704 qui
3136 4656 3399 4691 resurrec-

1800 4713 1999 4761 tionem
2024 4715 2205 4763 carnis
2218 4715 2560 4779 pronuntiat,
2579 4728 2854 4763 summam
2878 4713 3037 4761 totius
3057 4713 3399 4778 perfectionis

1796 4785 2065 4833 succincta
2089 4784 2336 4835 brevitate
2359 4786 2646 4837 concludit.

1861 4856 1988 4908 *Ita
2033 4861 2090 4908 et
2127 4856 2248 4908 cod.
2301 4859 2670 4922 Sangerman.
2717 4855 2811 4908 alii
2853 4856 3214 4921 pranuntiat:
3261 4868 3398 4907 mox

1796 4925 1905 4991 ille,
1943 4932 2000 4979 et
2025 4934 2137 4979 vet.
2160 4929 2292 4979 edit.
2331 4928 2609 4980 Oxonlen.
2652 4929 2903 4978 Gentibus
2937 4941 3036 4992 pro
3082 4927 3394 4988 Gentilibus,

1800 5003 1919 5049 tum
1945 4999 2057 5063 alii,
2082 5000 2169 5048 sed
2203 5001 2365 5049 etiam
2382 5000 2448 5048 ab
2470 5001 2743 5065 haereticis,
2770 5006 2879 5052 etc.

1854 5069 1869 5107 ³
1906 5071 2015 5121 Alii
2053 5071 2309 5136 plerique
2352 5085 2574 5133 omnes,
2616 5077 2660 5120 et
2707 5074 2908 5131 Manes,
2955 5072 3089 5121 sicut
3148 5072 3396 5135 superius

1795 5142 2139 5190 ostendimus.
2177 5143 2279 5193 Sed
2301 5148 2345 5191 et
2364 5144 2470 5207 isti,
2498 5144 2610 5208 qui:
2642 5143 2866 5191 Esaiam
2884 5143 3398 5206 prophetamdicen-

1796 5216 1901 5261 tem.
1925 5214 2161 5276 quidem,
2188 5215 2586 5278 Resurgent.....
2614 5214 2712 5277 qui
2752 5214 2815 5263 in
2848 5215 3213 5263 monumentis
3250 5221 3394 5276 sunt,

1794 5285 1988 5333 audire
2032 5286 2343 5345 noluerunt,
2382 5302 2474 5335 nec
2501 5284 2779 5334 Danielem
2802 5286 3263 5349 sapientissimum
3281 5301 3399 5335 om-

1794 5360 1953 5407 nium
1976 5359 2401 5423 prophetantem.
2430 5359 2780 5409 Postremam
2800 5368 2998 5407 vocem
3021 5362 3396 5421 protestante-m

1794 5435 1961 5483 vetus
1992 5442 2221 5493 quoque
2246 5429 2421 5480 editio
2446 5429 2791 5481 Oxoniensis
2814 5427 3056 5492 prafert.

1854 5505 1876 5536 ι
1912 5501 2085 5552 Iidem
2115 5500 2261 5559 Inde,
2289 5500 2365 5549 vel
2398 5501 2461 5549 in
2491 5500 2822 5563 Evangeliis,
2844 5504 2951 5550 etc.
3000 5499 3121 5548 tum
3157 5497 3395 5549 Domino

1792 5572 2081 5631 Salvatore,
2110 5576 2167 5622 et
2194 5572 2396 5635 Moyses
2419 5582 2520 5635 pro
2540 5570 2728 5634 Moysi,
2755 5570 2999 5632 denique
3041 5580 3141 5632 pro
3177 5568 3268 5617 sed
3312 5570 3394 5618 vi-

1791 5645 2030 5693 ventium
2064 5643 2185 5695 cod.
2229 5641 2757 5707 Sangermanensis,
2791 5640 2880 5689 sed
2926 5639 3200 5689 vivorum:
3254 5651 3388 5703 qua

1793 5716 1965 5766 verba
1988 5715 2047 5766 in
2068 5714 2244 5779 Regio
2268 5724 2374 5765 ms.
2396 5717 2453 5765 et
2489 5712 2747 5779 pluribus
2774 5711 2943 5764 editis
2964 5710 3129 5764 libris
3160 5710 3385 5765 deside—

1790 5788 2005 5838 rantur.
