3898 6398
569 307 675 364 379

1587 304 1830 356 RUFINI
1874 303 2368 367 AQUILEIENSIS
2399 301 2844 355 PRESBYTERI

3761 303 3848 360 380

574 419 828 472 rexerint
863 418 968 484 [Αι.
1020 417 1486 480 resurrexerunt],
1535 429 1652 468 non
1687 416 1891 469 iterum
1915 417 1975 468 in
2000 420 2168 482 terra,
2195 421 2448 492 Avenas
2487 417 2770 468 rimatur?
2823 418 2894 468 Et
2933 416 3170 469 artificis
3227 416 3428 469 oculus
3451 429 3664 469 aurum
3689 418 3844 469 videt.

575 523 710 562 cum
732 509 1071 574 pecudibus,
1095 507 1196 559 sed
1225 507 1284 558 in
1309 507 1450 558 caelo
1479 519 1611 558 cum
1654 507 1896 570 Angelis
1934 509 2162 570 vivant;

573 611 720 663 quos
745 603 937 650 tamen
965 597 1037 647 ad
1064 598 1168 646 hoc
1193 595 1339 646 ratio
1365 595 1500 646 vita:
1527 603 1544 622 ·
1567 595 1810 659 purioris
1838 596 2161 647 admiserit:

573 687 698 739 illos
730 685 968 745 scilicet,
1009 685 1108 747 qui
1139 685 1263 748 jam
1301 697 1458 734 nunc
1501 689 1912 736 conservantes
1957 685 2166 736 animai

577 789 700 828 sua:
724 788 948 826 carnem
978 774 1036 824 in
1056 774 1230 825 castis
1253 773 1548 838 pudicitiae
1561 775 1807 834 actibus,
1825 774 2166 826 obedientiaa

576 866 763 917 Sancti
797 864 1036 928 Spiritus
1063 864 1542 926 subjugaverunt,
1570 868 1627 915 et
1657 865 1809 914 omni
1835 876 1959 914 eam
2001 865 2168 915 vitio-

571 967 701 1006 rum
723 952 848 1005 labe
873 958 1188 1014 tenuatam,
1215 953 1236 981 δ
1260 958 1435 1017 atque
1459 953 1517 1003 in
1539 951 1890 1016 Spiritualem
1923 952 2167 1018 gloriam

574 1041 1043 1094 sanctificationis
1069 1042 1281 1092 virtute
1306 1046 1606 1103 mutatam,
1630 1042 1981 1106 Angelorum
2023 1055 2167 1106 quo-

573 1144 686 1196 que
707 1137 1048 1184 meruerunt
1070 1129 1273 1182 inferre
1296 1130 1619 1182 consortiis.

637 1220 725 1276 42.
751 1220 860 1273 Sed
880 1219 1142 1272 inﬁdeles
1162 1232 1180 1254 ο
1209 1219 1475 1282 clamant,
1501 1225 1559 1272 et
1599 1219 1826 1272 dicunt:
1871 1221 2166 1282 Quomodo

576 1313 770 1376 potest
788 1321 940 1372 caro,
963 1321 1097 1373 qum
1121 1310 1432 1372 putrefacta
1454 1309 1810 1374 dissolvitur,
1835 1312 1937 1362 aut
1963 1309 2023 1361 in
2047 1309 2172 1375 pul-

579 1410 771 1450 verem
793 1397 1048 1462 vertitur,
1061 1397 1236 1450 maris
1253 1398 1422 1450 etiam
1433 1398 1724 1450 interdum
1752 1398 2034 1463 profundo
2051 1411 2171 1450 sor—

581 1489 762 1550 betur,
783 1487 1172 1550 fluctibusque
1196 1487 1554 1552 dispergitur,
1579 1487 1828 1552 recolligi
1851 1501 2084 1540 rursum
2114 1494 2173 1540 et

578 1576 910 1641 reintegrari
931 1577 991 1628 in
1013 1590 1213 1639 unum,
1234 1581 1290 1628 et
1310 1590 1518 1642 corpus
1541 1589 1608 1629 ex
1654 1591 1722 1630 ea
1741 1578 1992 1630 hominis
2014 1591 2172 1643 repa-

579 1666 726 1718 rari?
755 1666 840 1717 Ad
867 1678 1012 1730 quos
1047 1668 1289 1730 primam
1314 1666 1335 1696 ·¹
1358 1667 1586 1719 interim
1615 1668 2048 1732 responsionem
2062 1681 2174 1720 ser-

2264 506 2324 556 ln
2379 519 2494 568 quo
2535 506 2833 570 imperitus
2868 515 2886 543 ε
2931 511 3137 558 terram
3184 509 3364 570 putat.
3406 508 3545 559 Haec
3595 520 3705 558 cur
3751 521 3848 559 non

2273 592 2420 662 107
2451 594 2821 646 concedimus
2867 595 2934 653 ei,
2983 594 3081 658 qui
3119 592 3253 645 fecit
3287 595 3598 654 hominem,
3638 597 3848 658 quando

2265 687 2491 734 tantum
2516 686 2583 748 is,
2609 685 2708 749 qui
2737 687 2810 735 ab
2834 685 2958 749 ipso
2979 683 3162 735 factus
3175 689 3282 745 est,
3303 684 3537 748 assequi
3553 685 3848 748 potestPEt

2265 786 2396 824 cum
2442 774 2562 825 auri
2618 787 2744 826 esse
2794 774 3079 838 propriam
3105 785 3326 835 venam,
3352 777 3408 823 et
3431 774 3662 838 argenti
3683 773 3850 834 aliam,

2265 866 2396 916 teris
2422 875 2649 927 quoque
2672 861 2839 927 longe
2864 863 3145 927 disparem
3169 861 3190 892 ³
3219 901 3230 924 ,
3268 863 3392 914 ferri
3418 875 3486 914 ac
3525 863 3750 926 plumbi
3781 863 3850 912 di-

2267 966 2490 1005 Versum
2511 954 2661 1004 intra
2686 953 2933 1017 speciem
2963 957 3126 1005 terra:
3148 951 3338 1014 latere,
3389 953 3639 1004 mortale
3665 951 3847 1016 depre-

2265 1042 2482 1094 hendat
2513 1043 2807 1107 ingenium
2833 1057 2843 1092 :
2869 1042 3063 1094 divma
3085 1042 3270 1093 virtus
3299 1041 3558 1093 invenire
3604 1055 3778 1106 posse
3799 1055 3851 1092 ac.

2267 1132 2585 1184 discernere
2602 1145 2715 1184 non
2733 1132 3028 1196 putabitur
3049 1131 3512 1196 uniuscujusque
3529 1133 3728 1183 carnis
3751 1145 3850 1196 pro

2267 1221 2451 1287 prium
2484 1221 2496 1251 ‘
2526 1234 2781 1282 censum,
2806 1221 2980 1272 etiam
3006 1220 3055 1271 si
3079 1220 3340 1273 videatur
3360 1219 3670 1284 dispersus
3688 1223 3712 1269 Ρ

2331 1309 2416 1365 43.
2443 1311 2550 1362 Sed
2570 1311 2583 1351 i
2611 1309 2685 1362 ad
2709 1309 2836 1362 haec
2860 1313 3166 1364 tentemus.
3191 1309 3413 1361 animas
3437 1321 3573 1372 quae
3591 1308 3848 1362 deficiunt

2267 1400 2326 1452 in
2351 1400 2480 1462 ilde,
2515 1399 2874 1452 naturalibus
2908 1399 3226 1450 rationibus
3246 1399 3542 1464 adjuvare.
3564 1399 3622 1451 Si
3644 1398 3775 1462 quis
3787 1399 3851 1448 di-

2272 1502 2438 1542 versa
2461 1490 2682 1540 semina
2696 1489 2756 1540 in
2767 1501 2948 1542 unum
2962 1488 3318 1554 permisceat,
3337 1493 3394 1540 et
3407 1488 3536 1540 hinc
3551 1487 3848 1539 indiscreta

2273 1580 2533 1639 seminet,
2584 1581 2672 1632 vel
2729 1579 2942 1644 passim
2991 1582 3220 1644 spirgat
3265 1578 3323 1630 in
3370 1582 3628 1631 terram:
3686 1591 3854 1629 nonne

2271 1669 2732 1733 uniuscujusque
2757 1668 2994 1720 seminis
3015 1667 3045 1698 κ
3069 1680 3330 1733 granum,
3353 1679 3734 1730 quocumque
3762 1665 3848 1718 loci

580 1755 850 1806 monibus
871 1754 1028 1806 Pauli
1051 1754 1346 1820 faciamus,
1375 1756 1616 1808 dicentis
1647 1757 1758 1808 eis:
1796 1757 2058 1822 Insipicns
2092 1763 2168 1818 tu,
2201 1743 2250 1816 Β
2270 1761 2489 1824 jactum
2503 1759 2878 1824 fuerit,compt
2901 1759 3042 1809 tenti
3056 1761 3301 1822 tempore
3317 1757 3646 1808 secundum
3660 1763 3855 1808 naturai

580 1843 726 1907 quod
747 1844 987 1892 seminus
1007 1860 1117 1893 non
1143 1845 1461 1907 viviﬁcatur,
1489 1847 1599 1894 nisi
1618 1847 1777 1912 prius
1802 1848 2086 1898 moriatur.
2106 1847 2176 1896 Et

579 1933 724 1996 quod
755 1933 1008 1994 seminas,
1033 1949 1146 1982 non
1174 1949 1384 1999 corpus,
1403 1935 1550 2000 quod
1569 1935 1825 1997 futurum
1838 1937 2172 2000 estseminas,

578 2021 668 2069 sed
699 2021 912 2070 nudum
945 2037 1186 2086 granum
1236 2024 1415 2088 tritici,
1460 2030 1558 2073 aut
1597 2024 1834 2089 alicujus
1867 2031 2172 2074 ceterorum

577 2111 866 2160 seminum.
902 2111 1043 2162 Deus
1087 2117 1264 2162 autem
1297 2114 1388 2162 dat
1431 2113 1514 2163 illi
1545 2129 1738 2178 corpus
1767 2119 1928 2179 prout
1962 2115 2070 2164 vult
2112 2116 2171 2177 (Ι.

579 2199 703 2250 Cor.
731 2197 854 2264 15.).
884 2202 1042 2262 Quod
1078 2207 1272 2253 autem
1287 2202 1390 2267 [AL
1411 2203 1564 2267 ergo]
1590 2203 1644 2254 in
1668 2203 2011 2267 seminibus,
2038 2216 2174 2268 qua:

580 2289 640 2338 tu
687 2287 746 2338 in
791 2293 999 2341 terram
1027 2291 1190 2353 jacis,
1213 2305 1312 2356 per
1335 2305 1519 2343 annos
1546 2293 1806 2357 singulos
1832 2293 1954 2345 ﬂeri
1987 2295 2170 2356 Vides,

578 2375 688 2428 hoc
712 2377 770 2428 in
795 2382 892 2429 tua
915 2392 1100 2442 carne,
1125 2393 1258 2444 quae
1282 2381 1407 2446 lege
1430 2383 1532 2434 Dei
1559 2383 1876 2434 seminatur
1908 2385 1967 2434 in
2005 2387 2172 2444 terra,

577 2465 837 2519 futurum
853 2481 980 2521 esse
997 2483 1112 2522 non
1134 2471 1319 2524 credis
1333 2476 1356 2523 Ρ
1375 2473 1485 2524 Cur
1503 2485 1705 2536 quaeso
1728 2481 1746 2502 ·
1761 2477 1875 2524 tam
1887 2477 2172 2538 augustus

580 2560 640 2608 et
661 2557 946 2609 invalidus
969 2558 1183 2613 divina
1205 2562 1476 2624 potentiae.
1501 2563 1818 2614 aestimator
1849 2575 1928 2626 es,
1963 2567 2031 2614 ut
2053 2561 2174 2614 dis-

582 2655 813 2707 persum
824 2647 1277 2713 uniuscujusque
1291 2651 1479 2702 carnis
1499 2650 1811 2716 pulverem,
1833 2653 1894 2702 in
1911 2664 2074 2702 suam
2091 2664 2173 2702 ra-

585 2732 800 2784 tionem
847 2733 1034 2799 colligi
1083 2740 1140 2786 et
1161 2737 1405 2800 reparari
1429 2751 1596 2802 posse
1625 2751 1744 2790 non
1767 2737 1786 2772 τ
1808 2737 2053 2790 credas?
2082 2733 2173 2790 ΛΠ

585 2833 704 2873 non
723 2835 976 2886 censeas,
1003 2837 1136 2877 cum
1160 2825 1374 2886 videas,
1409 2826 1564 2890 quod
1581 2828 1753 2879 etiam
1774 2828 2010 2879 mortale
2021 2827 2174 2892 inge~

581 2911 744 2964 nium
770 2912 1064 2967 demersas
1112 2915 1175 2968 in
1208 2914 1559 2981 profundum
1602 2922 1768 2970 terras
1812 2917 2172 2970 metallorum

643 3092 661 3112 ·
691 3085 776 3135 Ita
819 3088 876 3137 et
929 3085 1196 3138 Baluzius
1230 3099 1300 3139 ex
1325 3087 1448 3139 cod.
1483 3090 1976 3154 Sangermanensi,
2003 3096 2058 3142 et
2083 3105 2174 3144 ve-

579 3160 674 3208 tus
708 3156 882 3208 editio
937 3159 1279 3210 Oxoniensis
1331 3161 1584 3226 praefert:
1631 3161 1723 3214 alii
1764 3163 1982 3228 prioris.
2027 3164 2172 3215 Tum

581 3241 931 3292 unaomnes,
957 3233 1053 3294 qui
1066 3233 1187 3296 jam
1211 3249 1323 3283 non
1357 3238 1512 3282 carni
1549 3237 1806 3295 serviunt,
1846 3236 1935 3284 sed
1971 3237 2172 3285 animae

577 3315 685 3349 suae
699 3316 916 3352 carnem
945 3306 1102 3352 castis
1124 3306 1397 3368 pudicitiae
1415 3307 1587 3368 frenis
1599 3307 1662 3354 in
1678 3307 1978 3357 obedientia
2007 3308 2172 3358 Sanc-

584 3372 624 3420 ti
650 3371 1335 3440 Spiritussubj-ugaverunt.
1352 3380 1458 3430 Sed
1483 3381 1978 3438 Barraaanalectio,
1997 3392 2172 3442 quam

583 3444 824 3495 retinere
855 3447 1043 3508 quoad
1087 3449 1210 3512 ejus
1256 3449 1378 3500 lieri
1422 3447 1570 3509 licet,
1618 3450 1934 3512 studemus,
1978 3450 2176 3502 incon-

584 3527 726 3580 grua
750 3517 872 3580 ipsa
895 3530 1122 3582 quoque
1152 3532 1265 3570 non
1299 3524 1407 3572 est.

647 3585 668 3614 δ
701 3589 764 3638 In
792 3588 936 3650 aliis,
961 3597 1006 3638 et
1031 3591 1104 3640 ad
1130 3591 1433 3655 spiritalem
1476 3591 1727 3654 gloriam.
1764 3593 1870 3644 Pro
1913 3605 1980 3644 eo
2019 3592 2173 3656 quod

586 3663 862 3720 sequitur,
876 3663 1162 3712 consortiiis
1181 3663 1401 3726 inferre,
1421 3663 1535 3714 duo
1548 3675 1689 3714 mss.
1715 3664 1865 3728 apud
1880 3663 2173 3715 Baluzium

583 3729 798 3782 habent
849 3733 1128 3782 consortiis
1189 3734 1438 3793 inserere,
1479 3733 1849 3797 Remboldus,
1881 3737 2170 3796 Erasmus,

585 3803 872 3854 Morellius
890 3805 1117 3854 misceri.

644 3884 664 3906 °
698 3875 779 3925 Ita
801 3879 860 3926 et
883 3875 1226 3928 Oxoniensis
1250 3881 1416 3928 vetus
1447 3875 1638 3929 editio.
1682 3875 1852 3940 Apud
1895 3875 2055 3940 alios,
2090 3892 2172 3925 re-

579 3944 833 4005 clamant,
881 3951 938 3998 et
963 3949 1128 3999 tertio
1161 3949 1233 4000 ab
1254 3947 1364 3998 hoc
1391 3961 1560 3999 versu
1581 3948 1963 4012 redintegrari.
2003 3952 2173 4000 Acce-

579 4016 662 4080 pit
680 4016 807 4068 hinc
831 4019 1035 4069 Noster
1058 4021 1163 4070 abs
1187 4019 1694 4082 CyrilloCatechesi
1717 4021 1918 4070 XVIII.
1945 4017 2170 4072 num.°2.

641 4086 662 4116 δ
693 4090 880 4140 Antea
902 4089 1097 4140 iterum
1120 4090 1324 4142 vitiose
1365 4095 1484 4141 erat
1530 4103 1628 4154 pro
1668 4091 1906 4141 interim.
1955 4091 2058 4142 Pro
2091 4091 2174 4138 di-

579 4160 765 4219 eentis,
795 4161 948 4224 quod
981 4161 1257 4225 sequitur,
1279 4166 1336 4214 et
1360 4165 1528 4213 vetus
1559 4173 1790 4225 quoque
1816 4161 1986 4213 editio
2020 4163 2173 4214 Oxo-

580 4230 794 4281 nieusis
843 4233 1034 4288 habet.
1077 4233 1171 4283 alii
1191 4234 1418 4282 dicentes
1443 4234 1779 4298 praeferunt.
1798 4235 1938 4284 Item
1963 4246 2062 4296 pro
2088 4234 2172 4281 vi-

581 4303 848 4368 viﬁcatur,
888 4305 1041 4366 quod
1088 4308 1144 4355 et
1185 4317 1326 4355 mss.
1375 4309 1432 4355 et
1469 4305 1668 4356 eadem
1723 4309 1890 4357 Vetus
1923 4305 2093 4356 editio
2118 4309 2174 4356 et

583 4373 870 4427 Morellius
905 4377 1168 4438 retinent,
1193 4375 1286 4427 alii
1310 4377 1533 4426 malunt
1549 4376 1922 4440 viviﬁcabitur.

639 4447 918 4499 'Addunt
941 4447 1034 4499 alii
1070 4454 1132 4500 te.
1162 4449 1292 4499 Mox
1319 4461 1418 4512 pro
1461 4449 1764 4508 aestimator,
1817 4447 1998 4499 codex
2039 4448 2174 4498 San-

578 4521 994 4584 germanensis,
1021 4521 1317 4573 Rembold.
1351 4522 1560 4571 Erasm.
1587 4523 1943 4571 acistimator.

649 4589 668 4624 τ
688 4592 798 4642 Alii
823 4608 934 4641 non
960 4608 1184 4655 censeas,
1197 4593 1432 4644 omissis
1449 4605 1580 4656 quae
1599 4593 2054 4657 interponuntur,
2069 4605 2174 4640 cre-

587 4660 822 4713 dasilAn
858 4679 990 4727 non,
1031 4666 1244 4728 quibus
1284 4664 1526 4715 alterum
1576 4665 1828 4716 isocolon
1856 4663 2170 4714 inchoatur.

649 4735 774 4784 'Ita
809 4739 867 4786 et
910 4737 1034 4788 cod.
1085 4738 1594 4801 Sangermanensis
1635 4741 1819 4801 putat:
1871 4734 1962 4785 alii
2011 4737 2172 4798 putet.

587 4803 724 4863 Quae
748 4818 881 4858 vero
914 4808 1348 4871 subsequuntur
1385 4807 1554 4868 idem,
1605 4821 1736 4859 cum
1770 4805 2004 4868 re'iquis
2047 4804 2174 4856 vul-

588 4875 737 4938 gatis
760 4877 920 4931 libris
950 4880 1030 4930 sic
1054 4881 1236 4931 ell'ert:
1262 4879 1370 4928 Nec
1417 4883 1632 4928 tantum
1681 4879 1898 4944 quidem
1937 4876 2176 4926 concedi-

587 4964 707 4998 mus
731 4951 796 5016 ei,
819 4953 916 5016 qui
939 4951 1061 5015 fecit
1087 4952 1380 5013 hominem,
1405 4957 1676 5014 quantum
1703 4951 1880 5009 homo,
1920 4949 2034 5012 qui.
2067 4952 2174 4999 etc.

584 5035 686 5087 pro
722 5023 844 5073 Haec
878 5039 976 5073 cur
1001 5040 1128 5086 non,
1148 5031 1256 5077 etc.
1284 5031 1342 5077 et
1365 5023 1588 5089 quando
1619 5026 1835 5070 tantum
1857 5022 1901 5069 is
1926 5021 2040 5085 qui,
2067 5023 2174 5070 etc.

645 5095 668 5125 "
702 5096 812 5147 Alii
834 5095 1073 5160 ferrique
1093 5113 1154 5146 ac
1173 5096 1386 5162 plumbi
1415 5095 1651 5144 diversas
1687 5094 1746 5142 in
1799 5099 1942 5141 terra
1985 5091 2178 5156 species

588 5173 754 5231 terrae,
783 5173 872 5220 etc
897 5173 950 5220 te
969 5171 1180 5232 quibus
1212 5167 1352 5219 illud
1370 5173 1521 5218 certe
1544 5165 1736 5216 minus
1773 5169 1926 5216 recte
1970 5164 2178 5215 habere

589 5240 881 5292 videturin
894 5245 1039 5290 terra
1056 5253 1153 5305 pro
1174 5240 1343 5299 intra,
1362 5237 1849 5302 quemadmodum
1864 5241 2032 5289 vetus
2045 5246 2182 5299 quo-

587 5325 699 5376 que
715 5313 885 5364 editio
901 5311 1247 5364 Uxoniensis
1262 5311 1564 5363 nobiscum
1580 5313 1638 5363 et
1658 5322 1788 5362 cum
1802 5311 2028 5362 Barrseo
2039 5321 2094 5372 pi
2107 5317 2180 5358 aa-

589 5385 716 5438 fert.

653 5453 1114 5518 ‘Rescripsimus
1139 5453 1262 5505 heic
1277 5453 1450 5518 atque
1472 5451 1618 5504 infra
1647 5463 1779 5502 cum
1802 5450 2030 5500 Baluzio
2057 5463 2181 5497 cen-

587 5541 709 5576 sum
731 5539 803 5576 ex
819 5527 1260 5591 Sangermanen.
1279 5537 1387 5576 ms.
1408 5537 1506 5588 pro
1531 5535 1646 5588 quo
1665 5526 1786 5574 erat
1803 5534 2037 5580 sensum,
2051 5524 2180 5591 tam

589 5599 651 5648 in
684 5589 1002 5660 Barraaano,
1027 5608 1200 5660 quam
1220 5597 1275 5648 iu
1301 5595 1532 5660 reliquis
1560 5593 1808 5653 vulgatis
1838 5591 2011 5642 libris.
2049 5589 2180 5660 Mox

590 5669 762 5718 iidem
785 5683 887 5716 esse
917 5659 1139 5720 addunt
1162 5668 1233 5718 ad
1255 5659 1523 5725 videatur,
1559 5669 1617 5715 et
1657 5667 1842 5714 Vetere
1874 5659 2184 5713 Oxoniensi

591 5739 860 5802 editione,
885 5743 942 5790 et
965 5738 1214 5790 Morellio
1237 5738 1510 5801 exceptis,
1537 5736 1860 5799 dispersum,
1878 5745 1978 5798 pro
1990 5733 2187 5795 disper-

589 5825 679 5858 sus
699 5810 918 5872 legunt.
935 5807 1367 5861 Derivavithaec
1389 5819 1618 5871 quoque
1635 5803 1877 5858 Ruﬁnus
1900 5805 1972 5856 ab
1996 5804 2185 5866 Cyrillo

2275 1862 2399 1902 sum
2443 1852 2692 1914 speciem
2743 1848 3011 1912 germen'
3064 1848 3356 1911 producet,
3396 1852 3462 1897 ut
3499 1851 3728 1898 statum
3755 1858 3853 1897 sua

2275 1939 2473 1991 forma
2498 1940 2701 2002 suique
2723 1937 2973 2001 corporis
2998 1939 3220 2000 reparet
3261 1941 3284 1984 'I
3319 1938 3405 1986 Ita
3433 1949 3575 1998 ergo
3600 1937 3855 1987 uniuscu-

2265 2031 2477 2094 jusque
2501 2028 2689 2082 carnis
2717 2027 3058 2090 substantia,
3077 2025 3344 2090 quamvis
3358 2026 3515 2076 varie
3527 2025 3854 2088 diversequs

2272 2119 2532 2183 dispersa
2556 2119 2649 2181 sit,
2675 2119 2818 2169 ratio
2841 2121 3032 2168 tamen
3058 2117 3197 2180 ipsa,
3222 2128 3353 2179 quas
3374 2116 3528 2167 inest
3559 2115 3856 2178 unicuique

2273 2209 2445 2268 carni,
2469 2212 2558 2260 est
2581 2206 2950 2258 immortalis:
2988 2202 3135 2273 |08
3158 2203 3654 2267 quiaimmortalis
3669 2203 3856 2254 anima:

2273 2310 2404 2350 caro
2428 2303 2518 2348 est
2541 2305 2570 2325 ··
2595 2309 2667 2347 ex
2691 2309 2758 2347 eo
2785 2299 3056 2360 tempore,
3084 2306 3198 2356 quo
3233 2291 3539 2344 seminatis
3582 2293 3642 2342 in
3671 2296 3854 2343 terram

2272 2387 2604 2450 corporibus
2637 2387 2884 2450 primum
2913 2385 3029 2436 veri
3059 2383 3156 2434 Dei
3192 2382 3469 2434 voluntati
3501 2381 3721 2444 arrisit,
3765 2379 3856 2431 col-

2272 2477 2484 2528 lectum
2497 2480 2662 2527 terrai
2679 2479 3101 2537 attractumque
3125 2473 3467 2523 substantiae
3481 2483 3611 2522 suae
3634 2481 3852 2522 censum

2272 2567 2476 2624 reddit,
2501 2579 2568 2616 ac
2591 2568 2813 2629 reparat
2844 2565 2902 2615 in
2935 2563 3089 2613 illam
3115 2561 3378 2626 speciem,
3403 2572 3584 2624 quam
3609 2572 3766 2611 mors
3780 2558 3855 2608 ali-

2274 2655 2504 2720 quando
2536 2653 2900 2707 dissolverat.
2927 2655 2997 2704 Et
3018 2653 3096 2703 ita
3119 2651 3184 2702 iit
3211 2656 3278 2703 ut
3309 2650 3630 2713 unicuique
3662 2650 3850 2700 anima

2273 2758 2387 2796 non
2414 2745 2740 2805 confusum,
2781 2747 2884 2795 aut
2913 2746 3252 2794 extraneum
3289 2752 3512 2804 corpus,
3556 2739 3667 2790 sed
3703 2749 3852 2788 suum

2273 2834 2428 2898 quod
2458 2835 2736 2886 habuerat
2772 2837 3079 2897 reparetur,
3120 2831 3186 2882 ut
3219 2832 3648 2893 consequenter
3693 2827 3854 2893 possit

2274 2937 2374 2989 pro
2397 2924 2677 2988 agonibus
2702 2921 3004 2988 prmsentis
3027 2920 3180 2982 vitm,
3203 2932 3334 2971 cum
3366 2919 3562 2970 anima
3598 2931 3712 2970 sua
3743 2927 3853 2967 caro

2193 3118 2242 3193 c
2273 3089 3046 3193 Ci‘ff‘.‘_?iixl£“;§.‘if?'3;

2330 3171 2344 3211 ³
2373 3171 2436 3223 In
2459 3168 2602 3229 aliis,
2636 3165 2736 3216 Sed
2761 3165 2943 3213 adhuc
2974 3167 3245 3211 tentemus.

2331 3242 2360 3271 κ
2388 3242 2740 3292 Barrsezinum
2756 3236 3057 3287 lectionem
3075 3233 3558 3293 retinemus,qum
3585 3229 3683 3281 sin
3714 3231 3852 3278 verior

2270 3309 2376 3368 est,
2402 3305 2544 3354 bene
2572 3306 2721 3352 certe
2746 3300 2937 3351 habet.
2963 3298 3070 3348 Atii
3101 3296 3340 3368 vocibus
3365 3295 3490 3345 heic
3513 3307 3784 3368 granum,
3808 3294 3852 3342 et

2272 3365 2407 3428 mox
2423 3375 2633 3439 jactum
2652 3369 3068 3436 prmtermissis,
3084 3367 3165 3418 sic
3181 3366 3439 3439 etl‘erunt,
3465 3379 3659 3439 nonne
3682 3365 3856 3412 uniusv

2269 3437 2528 3512 cujusque
2554 3444 2792 3506 seminis,
2818 3452 3204 3506 quoquumque
3227 3437 3510 3512 loci/uerit
3529 3438 3703 3498 ratio,
3733 3451 3852 3486 com-

2267 3508 2480 3586 petenti,
2507 3524 2614 3568 etc.
2631 3553 2642 3564 .
2671 3528 2751 3578 qu
2769 3525 3022 3586 unquam
3052 3524 3151 3575 pro
3172 3511 3335 3586 ratio,
3361 3508 3777 3586 quodnnumen
3797 3519 3855 3586 ex

2271 3580 2412 3643 mss.
2438 3588 2733 3641 codicibus
2754 3584 3014 3636 Baluzius
3050 3581 3317 3644 restituit,
3342 3580 3437 3632 alii
3459 3581 3604 3631 editi
3633 3581 3773 3629 satio
3793 3581 3855 3629 le-

2271 3667 2434 3728 gunt,
2461 3667 2523 3714 ut
2545 3665 2602 3712 et
2623 3659 2820 3722 fuerat,
2851 3669 2947 3720 pro
2969 3655 3172 3728 fuerit.
3197 3653 3403 3704 Eodem
3442 3651 3549 3702 hoc
3586 3654 3854 3704 seminum

2271 3726 2532 3798 exemplo
2583 3732 2762 3783 utitur
2812 3731 2864 3781 S.
2901 3726 3138 3798 Cyrillus
3161 3726 3682 3798 in,eum_sensum,_
3705 3734 3854 3788 quem

2275 3795 2732 3872 paulo—superius
2759 3803 2960 3872 Noster
2982 3799 3036 3849 in
3067 3795 3456 3872 discernendis
3505 3795 3853 3872 metallorum

2272 3867 2453 3942 venis,
2481 3867 2758 3926 edisserit.
2792 3871 3060 3923 Adferam
3080 3874 3306 3942 tantum
3334 3867 3532 3942 Latine
3556 3867 3772 3942 locum,
3803 3871 3852 3942 ut

2270 3955 2327 4002 et
2357 3939 2622 4001 brevitati
2652 3943 2964 4002 consulum,
2991 3946 3047 3992 et
3070 3940 3257 3991 Nostri
3293 3939 3590 4002 ingenium
3608 3939 3789 3990 aliena
3809 3941 3855 3988 in

2271 4035 2376 4073 sua
2423 4017 2817 4072 transferentis
2861 4024 3159 4076 agnoscas.
3207 4011 3364 4069 Puta,
3393 4010 3473 4060 ait
3496 4009 3592 4061 ille
3621 4023 3779 4061 num.
3809 4007 3849 4062 3.

2271 4093 2482 4143 diversa
2504 4090 2773 4139 seminum
2797 4101 2974 4150 grana
2998 4083 3464 4134 commixtaesse...
3483 4096 3660 4146 eaque
3674 4081 3856 4146 pugillo

2272 4180 2382 4214 uno
2413 4170 2502 4212 tuo
2531 4158 2810 4211 contineri.
2837 4158 2999 4206 Estne
3021 4154 3134 4214 tibi,
3167 4154 3265 4218 qui
3291 4154 3449 4201 homo
3476 4167 3545 4215 es,
3571 4153 3778 4212 ardua,
3800 4151 3857 4198 ret

2271 4241 2459 4286 contra
2484 4233 2661 4297 facilis
2685 4247 2766 4280 res
2791 4236 2879 4277 tuo
2900 4226 3107 4293 pugillo
3121 4230 3368 4275 contenta
3387 4224 3792 4287 discriminum,
3823 4231 3856 4269 et

2271 4308 2541 4357 seminum
2555 4301 2978 4367 unumquodque
2989 4297 3282 4346 secundum
3295 4298 3584 4360 propriam
3613 4305 3752 4345 natu
3761 4309 3856 4342 rum

2270 4380 2539 4429 collectum
2568 4374 2748 4439 generi
2785 4386 2880 4422 suo
2897 4370 3140 4428 reddere,
3166 4368 3380 4429 Ergone
3409 4372 3465 4415 tu
3489 4382 3572 4416 res
3607 4369 3672 4416 in
3707 4381 3856 4416 manu

2279 4459 2370 4499 tua
2395 4453 2664 4499 contentas
2683 4446 2976 4493 discernere
3001 4439 3207 4489 valeas:
3233 4439 3374 4488 Deus
3394 4453 3514 4486 vero
3543 4453 3628 4488 res
3675 4441 3732 4487 in
3776 4452 3858 4486 sua

2202 4494 2256 4568 D
2279 4523 2450 4587 ipsius
2474 4533 2649 4568 manu
2671 4514 3076 4579 comprehensas
3092 4511 3402 4572 discernere,
3415 4511 3754 4560 etrestituere
3770 4523 3856 4557 non

2274 4580 2431 4658 queat
2455 4596 2697 4643 ?t;zetera
2731 4591 2852 4637 tute
2876 4585 3148 4658 conferas,
3173 4589 3308 4632 nam
3321 4585 3378 4632 et
3399 4580 3622 4644 reliqua
3633 4582 3709 4634 ad
3724 4582 3860 4633 hunc

2276 4653 2390 4717 fere
2415 4663 2648 4714 modum
2675 4659 2732 4708 in
2755 4668 2860 4707 sua
2877 4653 3164 4706 transfert.

2337 4736 2347 4764 '
2381 4738 2447 4786 In
2461 4733 2586 4784 aliis
2611 4727 2876 4794 producit,
2901 4731 2947 4774 et
3000 4724 3242 4773 culmum
3276 4737 3385 4770 sua:
3432 4721 3640 4794 formae,
3683 4723 3856 4785 suique

2275 4806 2513 4872 corporis
2539 4792 2774 4868 reparat.
2803 4796 3025 4872 Confer.
3049 4794 3318 4872 Cyrillum
3335 4807 3494 4872 num.
3521 4792 3638 4872 (iet
3664 4807 3782 4872 seq.

2338 4864 2377 4907 ἰ’
2405 4864 2650 4927 Voculas
2711 4886 2778 4920 eat:
2827 4883 2883 4918 eo
2937 4867 3030 4916 alii
3076 4869 3285 4926 tacent,
3330 4864 3467 4928 quin
3508 4865 3689 4918 etiam
3722 4865 3862 4931 nisi;

2277 4955 2452 5014 στιγμῇ
2487 4943 2762 5009 adposita,
2785 4951 3004 5014 novum
3031 4951 3063 4988 a.
3093 4937 3342 5000 Tempore
3368 4948 3608 5014 sensum
3635 4941 3860 4987 imbuant

2277 5023 2338 5073 in
2363 5007 2520 5072 hunc
2543 5007 2813 5070 modum:
2848 5012 3096 5075 Tempore
3120 5023 3245 5072 quo,
3269 5007 3548 5056 seminatis
3569 5010 3635 5058 in
3675 5016 3858 5059 terram

2277 5091 2605 5158 corporibus,
2629 5087 2875 5154 primum
2898 5081 3115 5131 verbum
3139 5081 3235 5129 Dei
3260 5080 3524 5158 voluntate
3539 5095 3668 5128 eum
3685 5081 3862 5158 arrise-

2277 5164 2348 5212 rit
2367 5151 2644 5212 collectum
2674 5159 2735 5207 de
2759 5161 2902 5204 terra
2927 5157 3338 5214 attracta-mque.
3366 5152 3446 5202 Ita
3471 5164 3603 5202 Vero
3638 5158 3701 5204 et
3725 5151 3861 5202 Balu-

2279 5236 2364 5286 zio
2382 5235 2543 5284 visus
2567 5236 2658 5284 est
2682 5229 2986 5289 corruptus
3009 5223 3102 5274 hic
3121 5221 3302 5282 locus,
3327 5234 3516 5285 quem,
3545 5223 3645 5284 ait,
3672 5224 3857 5288 partim

2278 5319 2348 5358 ex
2377 5303 2656 5365 Pamelio,
2674 5305 2731 5351 et
2752 5297 2880 5349 aliis
2904 5293 3218 5353 nonnullis,
3241 5293 3394 5356 apud
3427 5306 3576 5357 quos
3615 5307 3734 5346 vox
3773 5295 3860 5341 ίηι-

2277 5377 2522 5427 mortalis
2566 5371 2740 5424 semel
2783 5368 3008 5431 legitur,
3048 5365 3254 5428 partim
3300 5376 3372 5415 ex
3402 5365 3677 5426 Morellio,
3703 5371 3760 5417 et
3785 5375 3860 5413 ve—

2280 5452 2440 5501 tusta
2468 5446 2716 5498 editione
2738 5454 2772 5492 a
2803 5436 3046 5490 l’amelio
3071 5435 3242 5486 citata
3266 5433 3860 5488 siclibenteremenda-

2283 5521 2490 5572 veriin:
2518 5517 2676 5566 Ratio
2706 5521 2883 5564 tamen
2908 5509 3046 5573 ipsa,
3074 5522 3190 5572 quae
3214 5507 3345 5555 inest
3369 5508 3668 5572 unicuique
3699 5510 3856 5562 carni,

2283 5592 2416 5655 quia,
2441 5586 2762 5638 ίτητηοτοιαιιε
2784 5582 2983 5632 anima:
3004 5593 3129 5655 caro
3151 5583 3242 5640 est,
3281 5592 3348 5626 ea:
3387 5593 3444 5655 e_o
3467 5585 3733 5655 _tempore,
3769 5591 3857 5642 quo

2282 5649 2560 5710 seminatis
2583 5659 2642 5707 in
2669 5663 2868 5706 terram
2890 5650 3221 5714 c0rporibus,
3252 5651 3358 5697 veri
3381 5649 3476 5699 Dei
3496 5651 3764 5700 voluntati
3788 5664 3857 5698 ar-

2285 5732 2424 5794 risit,
2449 5730 2720 5780 collectum
2741 5728 2802 5776 de
2828 5732 2970 5774 terra
2995 5726 3406 5794 admotumque,
3435 5726 3544 5774 etc.
3568 5722 3658 5774 Ad
3686 5793 3690 5794 γ
3713 5733 3855 5772 eum-

2287 5792 2421 5855 dem
2464 5801 2640 5854 ferme
2688 5797 2944 5856 modum,
2991 5803 3104 5856 quo
3152 5792 3417 5844 Barmus
3458 5798 3655 5847 noster
3677 5793 3852 5849 habet,
