3898 6400
62 331 160 389 381

1041 337 1606 392 COMMENTARIUS
1640 339 1715 390 IN
1751 339 2054 394 SYMBOL.
2090 342 2430 396 APOSTOL.

3285 345 3390 402 382

57 445 149 500 vel
170 443 393 512 pudica
417 447 682 500 coronari
712 447 804 500 vel
847 447 1141 511 impudica
1207 450 1413 514 puniri.
1444 453 1514 504 Et
1556 451 1684 504 ideo
1707 456 1760 530 Α
1785 455 1887 503 nis.
1907 455 1974 506 Et
1997 455 2476 519 in°sequentibus
2492 455 2651 509 addit
2665 461 2724 508 et
2738 455 2892 510 haec:
2923 457 3052 508 Ecce
3069 460 3388 534 mysterium

55 539 193 589 satis
218 541 401 588 caute
429 545 452 565 ⁸
479 537 730 588 Ecclesia
760 540 958 590 nostra
994 539 1167 591 fidem
1199 541 1462 604 Symboli
1496 541 1682 604 docet,

57 637 186 690 quae
214 625 280 675 in
297 637 370 676 eo
388 624 554 689 quod
577 639 613 678 a
649 626 872 678 caeteris
900 629 932 677 ιι
947 627 1158 690 aditur,
1183 629 1381 681 Carnis
1402 643 1683 682 resurrec-

62 716 300 774 tionem,
318 727 446 766 uno
472 715 669 767 addito
681 717 1014 781 pronomine
1028 717 1259 770 tradidit
1288 719 1474 784 Hujus
1493 721 1682 772 carnis

65 804 580 856 resurrectionem.
619 805 794 868 Hujus
827 806 952 858 sine
985 806 1180 868 dubio,
1206 820 1379 871 quam
1416 809 1588 860 habet
1611 811 1678 872 is,

67 893 163 958 qui
207 893 547 958 profitetur,
600 895 893 959 signaculo
931 897 1115 948 crucis
1164 897 1330 949 fronti
1371 898 1679 962 imposito:

61 996 170 1048 quo
195 984 776 1048 sciatunusquisque
795 984 832 1036 fl
851 985 1050 1037 lelium
1063 999 1294 1038 carnem
1321 1003 1463 1037 suam
1477 991 1516 1036 si
1534 1004 1683 1038 mun-

61 1073 190 1126 dam
225 1074 604 1126 servaveritu
628 1081 876 1139 peccato,
895 1075 1156 1128 futurum
1181 1090 1307 1129 esse
1330 1091 1429 1128 vas
1446 1078 1680 1132 honoris

66 1158 200 1215 utile
245 1164 508 1216 Domino
539 1165 614 1216 ad
639 1177 809 1216 omne
851 1178 998 1230 opus
1035 1167 1252 1218 bonum
1285 1173 1587 1234 paratum:
1633 1169 1681 1220 si

69 1265 199 1306 vero
226 1253 694 1305 contaminatam
717 1253 739 1283 ι’
766 1254 828 1306 in
845 1257 1112 1320 peccatis,
1137 1255 1401 1308 futurum
1423 1269 1552 1310 esse
1578 1270 1682 1312 vas

67 1344 160 1396 irae
172 1343 245 1396 ad
262 1343 601 1408 interitum,
631 1340 779 1416 [09
794 1346 923 1396 Jam
946 1359 1084 1398 vero
1103 1346 1172 1398 de
1185 1346 1310 1412 ipsa
1329 1349 1683 1401 resurrectio-

71 1433 159 1485 nis
170 1432 360 1499 gloria
383 1438 447 1486 et
470 1433 547 1487 de
569 1435 1034 1500 repromissionis
1075 1436 1473 1502 magnitudine
1485 1437 1531 1488 si
1547 1439 1680 1502 quis

70 1523 290 1588 plenius
327 1524 486 1575 scire
510 1523 814 1590 desiderat,
831 1525 890 1576 in
905 1526 1174 1578 omnibus
1190 1539 1332 1591 pene
1355 1527 1570 1578 divinis
1587 1542 1686 1579 vo-

69 1612 389 1665 luminibus
413 1613 676 1666 inveniet
700 1614 954 1666 indlcari.
974 1617 1059 1667 Ex
1083 1616 1294 1679 quibus
1319 1628 1426 1667 nos
1439 1629 1688 1668 commo-

73 1703 302 1755 nitionis
328 1705 746 1757 tantummodo
773 1705 955 1770 gratia
971 1718 1151 1770 pauca
1181 1705 1242 1756 in
1265 1707 1537 1771 priesenti
1561 1707 1687 1760 loco

1792 545 1932 594 vobis
1967 546 2112 595 dico:
2155 545 2345 595 Omnes
2381 547 2601 610 quidem
2645 561 3006 612 resurgemus,
3060 563 3171 597 non
3203 565 3395 599 omnes

1787 642 1966 684 autem
2001 635 2448 686 immutabimur:
2475 635 2621 698 {sive
2634 640 2699 687 ut
2728 636 2784 686 in
2812 635 2942 688 aliis
2971 639 3394 702 exemplaribus

1785 725 2151 788 invenimus).
2191 725 2382 775 Omnes
2406 727 2623 790 quidem
2665 727 3012 789 dormiemus,
3061 743 3172 776 non
3210 744 3394 778 omnes

1784 819 1963 863 autem
1979 814 2396 863 immutabimur
2426 829 2438 864 :
2467 816 2524 863 in
2565 821 2849 876 momento,
2878 816 2940 865 in
2979 817 3088 865 ictu
3127 818 3286 879 oculi,
3323 819 3384 866 in

1786 905 2080 953 novissima
2111 903 2254 953 tuba.
2289 905 2450 955 Canet
2473 906 2618 952 enim
2649 905 2790 963 tuba,
2815 912 2863 953 et
2886 907 3091 955 mortui
3114 912 3393 969 resurgent

1784 994 2107 1058 incorrupti,
2137 999 2180 1041 et
2208 1009 2306 1043 nos
2337 994 2770 1046 immutabimur.
2799 995 2974 1047 Sedet
2995 995 3068 1046 ad
3096 995 3392 1048 Thessalo-

1781 1083 2046 1135 nicenses
2070 1083 2444 1135 nihilominus
2458 1085 2716 1135 scribens
2744 1085 2913 1134 dicit:
2947 1084 3083 1134 Nolo
3113 1091 3393 1135 autemvos

1781 1173 2037 1235 ignorare
2051 1175 2246 1236 fratres
2258 1173 2320 1222 de
2337 1173 2740 1236 dormientibus,
2767 1179 2823 1222 ut
2835 1191 2947 1224 non
2967 1175 3378 1235 contristemini,

1781 1263 1975 1312 sicutet
1999 1267 2167 1312 caeteri
2189 1263 2285 1328 qui
2303 1279 2449 1328 spem
2481 1279 2594 1312 non
2613 1263 2822 1314 habent.
2846 1264 2995 1314 Nam
3006 1265 3053 1313 si
3101 1265 3390 1324 credimus,

1784 1355 1930 1418 quod
1950 1355 2102 1404 Jesus
2114 1361 2362 1404 mortuus
2384 1360 2472 1418 est,
2495 1361 2541 1404 et
2565 1357 2862 1405 resurrexit
2888 1371 2900 1407 :
2937 1355 2957 1426 |
3094 1356 3171 1405 ita
3193 1361 3239 1406 et
3252 1357 3393 1406 Deus

1783 1459 1867 1492 eos
1895 1445 1992 1509 qui
2026 1445 2383 1506 dormierunt,
2406 1461 2506 1510 per
2523 1446 2710 1496 Jesum
2731 1447 2958 1496 adducet
2981 1463 3105 1497 cum
3141 1448 3254 1513 illo,
3278 1449 3388 1498 Hoc

1783 1534 1932 1582 enim
1963 1533 2104 1583 vobis
2128 1535 2360 1584 dicimus
2376 1536 2437 1584 in
2472 1535 2622 1586 verba
2645 1536 2889 1598 Domini,
2915 1538 3049 1601 quia
3061 1553 3158 1587 nos
3191 1539 3290 1603 qui
3313 1539 3388 1588 vi-

1785 1623 1978 1683 vimus,
2005 1625 2101 1688 qui
2123 1625 2320 1689 reliqui
2343 1625 2446 1690 [Αἱ.
2476 1625 2674 1689 relicti]
2703 1642 2892 1675 sumus
2933 1627 2992 1676 in
3027 1627 3260 1677 adventu
3288 1629 3390 1678 Do-

1791 1713 1952 1773 mini,
1971 1729 2084 1762 non
2106 1715 2490 1779 praeveniemus
2513 1730 2615 1774 eos,
2658 1716 2756 1779 qui
2799 1715 3176 1768 dormierunt:
3206 1717 3222 1746 '
3257 1718 3391 1782 quia

74 1800 486 1857 memorantes,
515 1795 687 1848 finem
705 1795 999 1861 injunctia
1021 1797 1362 1862 teOpusculi
1389 1798 1680 1850 faciemus.
1713 1781 1765 1855 Β
1788 1804 1898 1868 ipse
1922 1804 2189 1853 Dominus
2213 1805 2271 1853 in
2297 1805 2474 1869 jussu,
2498 1810 2544 1853 et
2580 1805 2641 1853 in
2663 1819 2799 1854 voce
2821 1805 3156 1867 archangeli,
3181 1811 3228 1855 et
3268 1781 3396 1856 tuba

75 1885 245 1949 Igitur
269 1884 596 1938 Apostolus
637 1886 868 1951 Paulus,
915 1887 1066 1949 quod
1091 1899 1110 1922 ο
1138 1889 1404 1954 resurgat
1435 1887 1690 1940 mortalis

80 1985 222 2032 caro,
260 1973 488 2026 talibus
537 1976 744 2028 asserit
777 1977 1154 2041 argumentis,
1191 1977 1428 2028 dicens:
1469 1977 1622 2037 Quod
1642 1978 1690 2026 si

79 2069 386 2114 resurrectio
436 2069 785 2115 mortuorum
809 2081 920 2115 non
956 2071 1056 2130 est,
1081 2081 1203 2131 ergo
1235 2067 1580 2118 necChristus
1607 2085 1692 2117 re-

76 2153 304 2202 surrexit
351 2152 424 2216 (1.
457 2155 584 2206 Cor.
624 2153 749 2220 15),
787 2155 848 2206 Si
873 2161 1051 2205 autem
1079 2155 1324 2205 Christus
1358 2172 1469 2206 non
1501 2173 1684 2206 resur-

81 2243 227 2301 rexit,
252 2243 450 2292 inanis
474 2250 551 2294 est
566 2245 877 2308 praedicatio
926 2251 1113 2294 nostra
1151 2262 1324 2296 vacua
1357 2252 1426 2296 est
1469 2252 1514 2296 et
1555 2247 1688 2310 ﬁdes

81 2338 257 2382 nostra
281 2333 439 2396 (Ibid.
475 2350 526 2396 υ,
576 2333 706 2397 51.).
749 2336 818 2385 Et
855 2338 1025 2399 paulo
1069 2339 1238 2398 post:
1289 2336 1452 2386 Nunc
1505 2342 1688 2386 autem

87 2421 319 2474 Christ-us
341 2424 654 2476 resurrexit
691 2425 958 2475 amortuis
982 2424 1004 2454 ⁴
1048 2425 1276 2475 initium
1309 2427 1532 2476 dormen
1545 2427 1684 2476 tium

83 2515 336 2579 quoniam
359 2515 591 2578 quidem
622 2529 720 2580 per
740 2515 1016 2564 hominem
1040 2530 1201 2575 mors,
1214 2521 1260 2565 et
1283 2531 1377 2578 per
1412 2517 1689 2566 hominem

87 2605 389 2654 resurrectio
413 2609 782 2654 mortuorum.
835 2603 986 2655 Sicut
1007 2605 1156 2654 enim
1187 2605 1248 2654 in
1293 2604 1474 2656 Adam
1509 2621 1690 2655 omnes

88 2694 410 2755 mori-untur,
435 2695 518 2743 ita
563 2698 609 2743 et
639 2693 700 2742 iu
747 2693 959 2744 Christo
1005 2709 1187 2744 omnes
1227 2694 1688 2758 viviﬁcabuntur:

96 2785 453 2849 unusquisque
475 2789 660 2834 autem
682 2782 746 2833 in
775 2799 872 2833 suo
911 2783 1101 2834 ordine
1132 2797 1145 2836 :
1173 2785 1397 2834 initium
1425 2785 1687 2849 Christus,

99 2872 273 2924 deinde
296 2874 357 2924 hi
380 2875 483 2939 qui
511 2879 639 2924 sunt
658 2874 858 2925 Christi
881 2875 942 2923 in
965 2874 1200 2924 adventu
1227 2873 1340 2939 ejus
1365 2889 1377 2926 :
1411 2874 1602 2926 deinde
1623 2877 1684 2937 ﬁ-

93 3056 250 3107 quem
265 3044 358 3098 ille
380 3046 584 3098 tamen
595 3044 895 3106 ignorabat
910 3057 923 3094 :
950 3047 1174 3096 tantum
1186 3043 1338 3108 quod
1352 3043 1468 3097 duo
1483 3046 1680 3107 verba,

1790 1893 1886 1942 Dei
1897 1894 2165 1942 descendet
2199 1894 2260 1943 de
2292 1894 2430 1958 caelo,
2461 1901 2508 1943 et
2548 1895 2749 1944 mortui
2782 1895 2880 1958 qui
2922 1895 2984 1944 in
3010 1895 3220 1946 Christo
3244 1903 3388 1957 sunt,

1790 1988 2065 2046 resurgent
2087 1984 2276 2048 primi.
2302 1985 2503 2033 Deinde
2525 2000 2640 2044 nos,
2681 1985 2778 2050 qui
2802 1985 3052 2045 vivimus,
3077 1985 3172 2046 qui
3194 1985 3394 2050 reliqui

1789 2072 1892 2138 [AL
1930 2073 2353 2136 relicti]sumus,
2389 2075 2554 2122 simul
2577 2089 2702 2123 cum
2727 2074 2835 2123 illis
2860 2075 3212 2138 rapiemurin
3235 2075 3391 2124 nubi-

1789 2168 1883 2217 bus
1906 2167 2115 2217 obviam
2142 2165 2352 2216 Christo
2368 2165 2424 2213 in
2437 2180 2598 2215 aera:
2621 2169 2668 2214 et
2691 2166 2770 2214 ita
2791 2179 2996 2230 semper
3014 2180 3136 2215 cum
3158 2166 3392 2216 Domino

1787 2258 1990 2305 erimus
2009 2255 2081 2317 (1.
2113 2255 2284 2304 Thess.
2313 2254 2403 2316 4.).

1852 2345 1937 2400 44.
1965 2346 2178 2396 Verum
2203 2356 2274 2394 ne
2297 2338 2594 2394 existimes
2623 2342 2750 2396 hinc
2777 2342 2933 2393 Pauli
2959 2343 3156 2406 solius,
3182 2353 3200 2382 ι
3223 2344 3390 2408 quasi

1790 2433 2016 2487 novella
2038 2432 2446 2498 praedicatione
2463 2431 2676 2495 signari
2709 2449 2720 2481 :
2749 2431 2884 2484 audi
2902 2433 3074 2484 etiam
3099 2433 3234 2496 quid
3262 2435 3392 2486 Eze-

1791 2523 1938 2576 chiel
1961 2523 2234 2586 pr0pheta
2249 2522 2384 2573 olim
2409 2534 2511 2586 per
2526 2521 2800 2586 Spiritum
2819 2524 3090 2574 Sanctum
3110 2525 3388 2588 praelocu-

1791 2615 1888 2663 tus
1915 2611 2005 2662 sit.
2042 2611 2175 2660 Ecce
2205 2610 2408 2674 inquit,
2447 2625 2539 2673 ego
2567 2610 2818 2672 aperiam
2855 2610 3099 2674 sepulcra
3120 2616 3312 2673 vestra,
3348 2597 3393 2661 et

1790 2701 2016 2751 educam
2063 2715 2151 2750 vos
2207 2701 2268 2749 de
2321 2695 2577 2765 sepulcris
2621 2698 2804 2748 vestris
2852 2699 3060 2764 [Ezeclu
3109 2697 3235 2764 37.].
3275 2701 3385 2752 Job

1791 2803 2016 2855 quoque
2037 2789 2301 2855 mysticis
2329 2788 2662 2841 redundans
2685 2788 2707 2818 δ
2732 2788 2994 2852 eloquiis,
3034 2788 3170 2840 audi
3219 2801 3394 2853 quam

1791 2879 2087 2933 evidenter
2109 2878 2586 2932 resurrectionem
2616 2881 2970 2930 mortuorum
2995 2878 3276 2941 praedicet.
3298 2879 3393 2928 Est

1786 3052 1914 3115 post
1931 3048 2116 3101 carnis
2146 3047 2617 3115 resurrectionem
2631 3047 2859 3110 justum
2880 3046 3088 3110 cuique
3103 3047 3388 3110 judicium

92 3121 152 3164 est
175 3118 519 3182 immortalis,
548 3129 682 3181 quae
705 3117 832 3168 heic
871 3117 1053 3179 primo
1080 3121 1406 3181 occurrunt,
1450 3117 1683 3181 omittit,

1793 3113 2144 3174 redditurum
2177 3125 2236 3171 et
2273 3113 2382 3178 τοὺς
2426 3122 2617 3176 ἀσεϐεῖς
2643 3121 2729 3171 καὶ
2767 3115 2979 3176 ἀδίκους,
3020 3122 3107 3171 καὶ
3155 3115 3388 3184 ἀνόμους,

95 3162 150 3239 si
163 3162 330 3251 iam;
342 3162 583 3254 ᾗςῖέῐέιὲ
591 3162 742 3238 {Jul
751 3162 1428 3252 animaviaiﬁat
1441 3162 1687 3241 suae:

1793 3162 2144 3174 ,νη-..νυηυηη
2179 3162 2234 3171 ν-
2282 3162 2382 3178 .--ν
2427 3162 2616 3176 ..νην-ν
2648 3162 2728 3171 ...υ
2767 3162 2979 3176 ..π-πη,
3025 3162 3106 3171 η...
3156 3162 3388 3184 ..ηπ-ην,

1793 3197 1872 3245 καὶ
1903 3191 2219 3258 βλασφήμους
2257 3201 2350 3243 τῶν
2395 3188 2659 3258 ἀνθρώπων
2702 3185 2764 3247 εἷς
2800 3193 2856 3241 τὸ
2889 3186 3083 3258 αἰώνιον
3133 3197 3224 3256 πῦρ
3263 3193 3394 3256 πέμ·-

95 3271 211 3312 sum
226 3265 312 3312 est
333 3262 527 3322 nobis,
550 3265 618 3312 ut
637 3262 997 3313 Barrmmam
1021 3261 1319 3312 lectionem
1359 3273 1532 3325 quam
1568 3274 1688 3325 pro-

95 3330 218 3384 bare
232 3333 522 3386 rationum
553 3333 862 3385 momentis
878 3345 992 3384 non
1011 3336 1190 3392 vacat,
1205 3335 1430 3386 caeteris
1456 3333 1685 3398 praefer-

95 3414 294 3468 remus,
318 3410 551 3458 tantum
580 3406 749 3471 paulo
775 3407 900 3465 post
919 3420 1134 3455 censum
1161 3406 1558 3471 rescribentes,
1585 3417 1686 3470 pro

97 3489 312 3527 sensum.
339 3479 427 3530 Tu
448 3479 658 3530 seriem
675 3477 947 3530 orationis
973 3481 1150 3530 totam
1191 3477 1472 3542 expende,
1513 3482 1573 3530 et
1628 3480 1683 3530 S.

99 3546 353 3610 Cyrillum
377 3563 539 3602 num.
564 3548 651 3604 16.
677 3554 734 3600 et
749 3561 907 3612 seqq.
927 3561 1216 3610 compara.

147 3627 164 3646 ⁸
188 3619 314 3670 Plus
336 3621 432 3672 alii
462 3622 696 3685 habent,
734 3621 864 3670 satis
887 3625 1046 3670 cauta
1067 3627 1113 3670 et
1137 3621 1368 3684 provida
1393 3621 1687 3684 adjeclione

96 3689 237 3747 ﬁdem
260 3691 499 3758 Symboti
522 3693 757 3742 Ecclesia
781 3699 964 3741 nostra
980 3693 1272 3757 docet,qua,
1288 3697 1393 3744 etc.
1409 3693 1556 3744 Tum
1585 3705 1686 3756 pro

102 3762 323 3823 tradidit,
348 3765 667 3830 praeferunt
689 3765 872 3824 tradit,
887 3769 942 3815 et
953 3777 1088 3816 mox
1106 3767 1344 3816 ver-bum
1366 3763 1520 3814 habet
1534 3765 1688 3828 igno-

105 3839 325 3898 rantpro
339 3849 454 3900 quo
477 3837 538 3888 in
561 3835 757 3888 iscooli
779 3835 888 3886 ﬁne
899 3835 1546 3897 contingitleguntErusm.
1568 3851 1690 3884 con-

103 3902 206 3962 tigit
218 3919 229 3954 :
241 3907 362 3958 cod.
378 3909 850 3970 Sangermanens.
869 3907 1159 3958 Rembold.
1175 3910 1230 3956 et
1245 3907 1414 3958 Morel
1430 3945 1441 3956 .
1459 3909 1687 3970 contegit

105 3973 326 4027 Ruﬁnus
337 3978 446 4030 hac
457 3978 857 4040 deadjectione
875 3978 1134 4042 pluribus
1155 3977 1684 4041 libenteragitquod

104 4055 218 4096 eam
237 4059 306 4098 ex
329 4049 578 4116 Origene
600 4050 784 4102 labem
797 4050 1044 4102 traxisse
1059 4049 1361 4108 diceretur,
1385 4054 1452 4102 ut
1477 4062 1684 4113 corpus

105 4116 314 4177 quidem
327 4126 772 4174 resurrecturum
785 4121 1231 4172 diceretcarnem
1257 4134 1372 4173 non
1388 4121 1540 4172 item.
1562 4125 1681 4171 Eum

105 4194 238 4258 certe
253 4203 382 4242 cum
399 4194 621 4258 primus
650 4193 922 4255 suggillat
946 4195 998 4244 S.
1025 4191 1412 4256 Hieronymus
1440 4191 1686 4254 Epistola

104 4257 158 4308 in
181 4267 368 4315 nostra
389 4267 729 4317 recensione
761 4265 1062 4316 LXXXIV.
1081 4265 1152 4316 ad
1180 4265 1611 4316 Pammachium
1629 4271 1687 4316 et

105 4327 368 4385 Oceanum
379 4373 390 4385 .
405 4337 689 4387 Credimus
701 4337 962 4399 inquiunt
973 4337 1409 4386 resurrectionem
1435 4336 1685 4400 futuram

106 4413 396 4473 corporum:
428 4409 528 4459 hoc
546 4409 594 4458 si
616 4408 741 4458 bene
763 4409 994 4460 dicatur.
1016 4407 1429 4473 puraco-nfessio
1453 4414 1554 4470 est;
1595 4409 1685 4458 sed

109 4472 227 4534 quia
257 4491 482 4541 corpora
502 4487 632 4530 sunt
655 4480 875 4530 caelestia
905 4485 948 4530 et
973 4472 1262 4544 terrestria,
1287 4485 1333 4529 et
1357 4487 1523 4540 aeret,
1541 4497 1686 4530 aura

109 4545 261 4594 tenuis
275 4548 438 4611 jumta
469 4557 734 4604 naturam
749 4567 908 4601 suam
927 4568 1155 4617 corpora
1171 4553 1551 4610 nominantur,
1578 4567 1686 4601 cor-

109 4627 196 4690 Qtts
221 4629 442 4682 ponunt,
475 4640 590 4674 non
612 4640 851 4686 carnem,
892 4631 953 4674 ut
984 4625 1326 4674 Orthodoants
1370 4640 1562 4690 corpus
1586 4641 1689 4674 au-

109 4683 258 4762 diens,
286 4707 502 4746 carnem
537 4702 702 4762 putet,
732 4683 1019 4747 Hareticus
1039 4698 1296 4762 spiritum
1319 4683 1680 4758 recognoscat.

113 4755 272 4834 Quam
292 4771 488 4820 noster
511 4755 553 4819 a'
569 4781 631 4820 se
667 4755 886 4820 fraudis
923 4755 1310 4834 suspicionem
1340 4755 1556 4832 depulit
1596 4771 1688 4820 In—

115 4833 320 4910 {genva
338 4839 380 4889 Ι.
405 4839 685 4892 adserens
731 4854 794 4893 se
844 4857 959 4891 non
1006 4833 1182 4891 selum
1209 4841 1468 4906 corporis,
1495 4841 1557 4890 in
1580 4856 1686 4906 quo

118 4898 508 4974 (Hieronymus)
545 4913 932 4976 calumnietur,
953 4913 1043 4962 sed
1083 4918 1131 4962 et
1179 4898 1364 4962 carnis
1386 4898 1566 4976 fecisse
1586 4898 1692 4976 frn-

118 4981 315 5032 quenter
326 4986 668 5033 mentionem.
688 4985 832 5036 Vide
848 4997 979 5048 quae
997 4983 1160 5048 plura
1177 4984 1381 5036 dicturi
1393 4985 1499 5035 hac
1515 4985 1586 5037 de
1601 4997 1690 5036 re—

120 5051 303 5160 gali-Eilis
330 5053 401 5105 ad
436 5056 698 5121 ejusdem
731 5055 1064 5121 Apologiam
1098 5055 1170 5108 ad
1201 5058 1411 5121 Papam
1448 5057 1692 5108 Anasta-

148 5125 270 5168 tum.

170 5184 190 5213 ¹⁹
214 5189 330 5264 Alii,
353 5198 726 5248 contaminata
747 5198 914 5262 fuerit
935 5198 996 5247 i'n
1017 5199 1264 5264 peccatis,
1283 5200 1552 5263 futuram,
1581 5203 1686 5251 etc.

121 5253 272 5336 Paulo
285 5253 409 5326 post
454 5271 515 5320 de
535 5253 1380 5336 promissionummagnitudine,
1396 5277 1502 5322 etc.
1536 5253 1690 5324 deni-

121 5335 216 5410 guq
237 5333 776 5410 inpmpositionem
789 5344 996 5394 tacent.
1017 5333 1376 5394 Cumiisdem
1413 5345 1469 5394 et
1491 5355 1600 5394 nos
1617 5344 1695 5394 in-

123 5395 196 5480 ita
205 5395 833 5476 indicarirrscripsimus
850 5425 950 5479 pro
975 5414 1242 5479 judicari,
1261 5414 1414 5478 quod
1430 5415 1694 5480 typotbe-

127 5469 304 5550 lamin,
333 5485 396 5534 ut
424 5469 664 5545 videtur,
697 5469 883 5538 errore
927 5469 1205 5550 scriptum
1232 5469 1382 5538 't-rat.
1409 5469 1693 5538 (sicterum

127 5546 535 5626 flugimemorat
549 5558 661 5608 Nos
669 5546 1243 5617 terrepromissionum
1257 5558 1694 5618 magnitudinem

129 5611 310 5698 iudicio
330 5628 434 5687 est,
457 5629 758 5680 articulum
796 5611 868 5680 de
906 5630 1028 5678 Vita
1069 5633 1286 5690 aeterna,
1327 5611 1551 5680 tametsi
1576 5641 1693 5680 non

130 5689 522 5762 §Xprimeretur,
555 5700 615 5751 in
651 5712 834 5762 prince
857 5699 994 5751 lenti
1014 5700 1268 5760 proxime
1289 5699 1360 5750 de
1381 5700 1566 5750 carnis
1603 5713 1693 5751 re-

136 5759 450 5835 flifrectione
475 5771 640 5822 subin
649 5759 960 5823 tellectum.
975 5759 1056 5824 Ita
1069 5775 1126 5824 et
1139 5773 1193 5824 S.
1206 5772 1464 5824 Irenaeus
1474 5771 1530 5822 in
1541 5771 1698 5835 Sym-

137 5816 246 5878 bolo
265 5841 364 5887 suo
385 5816 1056 5908 sisit—033132113557
1071 5816 1692 5903 armamini-,5.

1715 4580 1772 4653 D

1787 3268 1875 3328 ψη·
1906 3275 2002 3321 τοῖς
2031 3257 2084 3315 δὲ
2123 3265 2338 3323 δικαίοις,
2378 3265 2462 3315 καὶ
2499 3257 2578 3320 τός
2617 3257 2814 3318 ἐντολὰς
2850 3257 2997 3312 αὐτοῦ
3040 3261 3389 3328 τετηρηκόσι...

1789 3325 2062 3410 ἆῷθαρσεαν
2121 3334 2400 3410 ᾷωρήσηται
2455 3337 2542 3410 uoti
2601 3334 2744 3392 δόξαν
2778 3403 2791 3410 _
2811 3329 3008 3410 uiuiviov
3076 3325 3388 3410 περιποιήσῃ.

1787 3409 2002 3470 Impias,
2034 3414 2082 3458 et
2121 3407 2365 3472 injustas,
2407 3407 2656 3460 scelestos,
2693 3411 2736 3455 et
2774 3403 3110 3468 blasphemas
3144 3403 3392 3456 homines

1788 3482 1843 3530 in
1871 3481 2052 3544 ignem
2075 3487 2334 3529 aeternum
2356 3480 2538 3537 mittet,
2558 3479 2722 3542 justis
2751 3493 2873 3526 vero
2887 3483 2933 3526 et
2954 3478 3172 3540 sanctis,
3189 3479 3390 3542 quique

1786 3552 1958 3617 ipsius
1965 3559 2228 3617 praecepta
2239 3557 2596 3611 servaverunt,
2610 3549 3180 3613 incorruptibilitatem
3194 3549 3388 3613 largie-

1787 3631 1894 3688 tur,
1922 3629 1969 3673 et
2003 3624 2178 3687 gloria
2223 3623 2422 3687 afﬁciet
2459 3623 2803 3685 sempiterna.
2835 3621 2993 3673 Paria
3041 3621 3131 3673 his
3167 3621 3228 3673 in
3267 3621 3380 3674 alio

1787 3695 2056 3760 Symbolo
2081 3708 2188 3746 suo
2211 3693 2386 3746 habet
2409 3694 2487 3745 lib
2527 3696 2619 3746 III.
2644 3707 2764 3758 cap.
2781 3691 2830 3747 4.
2847 3693 3229 3745 Tertullianus
3245 3705 3389 3758 quo-

1786 3779 1898 3832 que
1927 3766 1986 3817 in
2011 3779 2138 3825 suo,
2164 3766 2417 3826 itemque
2446 3765 2780 3830 Cyprianus,
2807 3769 2980 3828 atque
3003 3765 3115 3817 alii.

1847 3849 1866 3870 °
1894 3835 2063 3900 Apud
2092 3835 2253 3898 alios,
2279 3835 2426 3899 quod
2467 3840 2755 3898 resurgant
2789 3836 2992 3886 mortui
3025 3833 3240 3898 talibus,
3279 3837 3387 3886 etc.

1785 3921 1917 3972 quae
1938 3906 2528 3970 sequunturApostoli
2550 3907 2878 3958 testimonia
2899 3909 2953 3960 S.
2971 3919 3201 3971 quoque
3225 3904 3402 3970 Cyril-

1783 3981 1876 4032 lus
1901 3983 2070 4044 urget
2092 3992 2252 4030 num.
2282 3979 2347 4034 17
2402 3983 2462 4032 et
2481 3991 2610 4042 _seq.

1847 4051 1868 4082 ⁴
1892 4053 2069 4104 Iidem
2091 4051 2352 4116 primitiae
2373 4051 2589 4102 habent
2610 4062 2710 4114 pro
2723 4048 2948 4098 initium
2971 4063 2984 4100 :
3003 4047 3063 4100 in
3081 4048 3279 4101 Graeco
3305 4051 3394 4101 est

1785 4119 2006 4191 ἀπαρχὴ.
2033 4121 2205 4174 Paulo
2231 4127 2365 4186 post
2397 4135 2498 4187 pro
2531 4121 2964 4182 viviﬁcabuntur,
3009 4120 3392 4182 quemadmo-

1785 4195 1920 4247 dum
1941 4193 2290 4247 etPamelius
2313 4207 2386 4246 ex
2410 4207 2520 4246 ms.
2542 4193 2700 4258 legit,
2719 4196 2776 4244 et
2799 4193 3033 4244 Grmcus
3054 4196 3254 4245 textus
3279 4195 3394 4251 ξωο-

1783 4267 2130 4332 ποιηθήσονται
2156 4268 2456 4334 signiﬁcat,
2496 4267 2716 4333 vulgati
2736 4265 2866 4319 libri
2889 4266 3008 4330 alii,
3045 4270 3103 4319 et
3126 4265 3391 4318 Baluzius

1785 4355 1917 4393 cum
1944 4341 2065 4392 suis
2084 4353 2222 4392 mss.
2256 4341 2617 4395 viviﬁcantur.

1847 4424 1865 4446 ⁸
1889 4413 2088 4476 Iidem,
2117 4419 2162 4462 et
2186 4413 2245 4462 in
2271 4411 2710 4476 consequentibus
2751 4410 2906 4459 addit
2938 4409 3102 4458 etiam
3127 4409 3254 4469 haec,
3277 4407 3394 4470 qui-

1786 4485 2029 4536 buscum
2053 4489 2110 4537 et
2135 4497 2243 4534 nos
2268 4488 2614 4546 postremam
2639 4482 2902 4534 voculam
2943 4481 3050 4530 haec
3073 4479 3392 4543 reﬂximus,

1789 4568 1891 4620 pro
1917 4557 2074 4605 hanc.
2102 4556 2235 4606 Mox
2260 4554 2490 4611 habent,
2515 4554 2604 4602 sed
2619 4568 2730 4601 non
2756 4567 2938 4601 omnes
2954 4550 3394 4615 immutabim-ur,

1790 4627 1896 4676 sive
1911 4633 1970 4675 ut
2009 4627 2068 4675 in
2101 4626 2226 4675 aliis
2255 4624 2710 4690 cmemplaribus...
2743 4638 2926 4673 omnes
2951 4628 3129 4672 autem
3152 4638 3265 4672 non
3297 4623 3394 4671 im-

1785 4697 2124 4748 mutabimur
2146 4697 2345 4762 ;quasi
2385 4696 2753 4749 alterohncce
2788 4693 3030 4758 isocolo,
3053 4707 3168 4746 non
3199 4699 3393 4746 autem

1784 4769 1842 4821 in
1866 4769 2059 4821 verbis
2085 4785 2420 4834 resurgem-us
2437 4773 2494 4820 et
2517 4767 2870 4818 dormiemus.
2897 4771 3112 4819 Auctor
3139 4765 3398 4818 differen-

1785 4841 1927 4892 tiam
1942 4840 2202 4893 lectionis
2225 4844 2404 4901 notet.
2427 4842 2811 4904 Quamquam,
2829 4843 2895 4890 ut
2919 4837 3075 4902 quod
3103 4842 3288 4890 resest
3313 4837 3391 4888 di-

1785 4925 1932 4975 cam,
1959 4911 2070 4964 alia
2105 4913 2164 4964 in
2201 4915 2400 4965 Graeco
2442 4913 2649 4966 saltem
2683 4911 2996 4975 exemplari
3046 4910 3274 4962 varians
3304 4913 3393 4960 est

1785 4983 1970 5047 lectio,
2029 4983 2154 5036 aliis
2202 4985 2622 5050 preferentibus
2675 4984 2856 5040 πάντες
2912 4979 3279 5046 ἆναστήσομεν,
3335 4977 3394 5033 οὐ

1785 5053 1960 5119 πήντες
1983 5055 2037 5107 δὲ
2066 5052 2444 5122 ἀλλαγησόμεθα
2485 5071 2498 5108 :
2526 5071 2709 5105 omnes
2740 5068 3098 5117 resurgemus,
3131 5067 3240 5102 non
3277 5067 3399 5122 om:

1790 5141 1880 5177 nes
1903 5131 2084 5175 autem
2105 5119 2512 5178 irnmutabitur:
2543 5126 2670 5179 aliis
2687 5130 2746 5178 et
2762 5124 2991 5184 rectius,
3022 5122 3311 5187 πάντεςὶμὲν
3337 5119 3394 5175 οὗ

1786 5197 2195 5264 κοιμηθνσότὶεθα,
2220 5199 2396 5256 πάντες
2419 5199 2473 5250 δὲ
2503 5195 2891 5263 ἆλλαγπσόμεθα
2922 5211 2938 5245 :
2972 5209 3154 5245 omnes
3175 5194 3395 5259 quidem

1787 5286 1902 5320 non
1929 5270 2275 5331 dormiemus,
2303 5285 2485 5320 omnes
2515 5275 2696 5319 autem
2729 5267 3167 5318 immutabimur.
3193 5265 3396 5318 Confer
3431 5324 3437 5330 ,

1787 5342 1895 5395 loci
1921 5341 2098 5404 hujus
2123 5343 2471 5406 Interpretes

1852 5413 1873 5448 ί
1893 5413 2004 5466 Alii
2026 5413 2310 5477 quoniam,
2349 5417 2406 5464 et
2433 5413 2496 5461 in
2521 5411 2700 5476 jussu,
2721 5410 2784 5460 in
2829 5425 2948 5460 voce
2971 5407 3302 5473 Archangeli
3331 5409 3393 5458 in

1793 5485 1922 5536 tuba
1946 5485 2060 5544 Dei,
2098 5487 2205 5534 etc.

1855 5567 1874 5597 '
1896 5556 2160 5609 Baluzius
2195 5565 2326 5606 cum
2367 5552 2511 5610 aliis,
2535 5553 2916 5618 praedicatione
2951 5551 3112 5616 quasi
3149 5550 3355 5601 novella
3377 5567 3394 5602 :

1792 5643 1898 5680 ms.
1933 5630 2390 5691 Sangermanens
2410 5628 2466 5677 et
2491 5625 2681 5689 plures
2703 5624 2839 5674 editi
2864 5623 3250 5689 praedicatione
3287 5638 3391 5674 no-

1791 5701 1940 5754 vella.
1978 5700 2106 5752 Mox
2133 5710 2251 5752 una
2273 5709 2474 5750 omnes
2495 5701 2746 5746 sanctum
2773 5699 2964 5748 tacent
2981 5694 3076 5746 ubi
3090 5694 3160 5747 de
3177 5695 3392 5760 Spiritu

1790 5771 2130 5894 distildldunt
2152 5840 2244 5894 alii
2271 5846 2408 5891 totus
2432 5853 2444 5890 :
2471 5838 2642 5904 paulo
2672 5839 2804 5904 post
2847 5837 3020 5898 deﬁcit
3053 5850 3154 5902 pro
3195 5836 3395 5902 deficiet
