3898 6416
589 311 696 368 383

1617 309 1861 362 RUFINI
1894 309 2394 372 AQUILEIENSIS
2435 310 2876 366 PRESBYTERI

3772 309 3850 366 384

582 428 793 493 inquit,
850 427 1034 476 arbori
1069 441 1217 492 spes:
1263 428 1310 476 si
1347 427 1494 476 enim
1533 427 1748 476 absissa
1785 427 2195 492 fuerit,iterum
2219 427 2445 506 Aaliud
2471 427 2753 481 indicatur
2771 430 2832 481 in
2863 429 3316 494 dictisJob,quaa
3331 426 3602 491 superius
3618 429 3850 490 exposui-

583 517 892 584 pullulubit,
917 524 962 566 et
987 519 1282 582 virgultum
1311 517 1423 582 ejus
1458 532 1752 582 nunquam
1778 517 1995 580 deﬁciet.
2028 517 2179 576 Quod

586 607 633 655 si
653 608 885 655 senuerit
906 607 966 654 in
990 613 1133 655 terra
1155 607 1325 656 radix
1347 622 1480 670 ejus,
1504 614 1547 656 et
1579 607 1638 654 in
1663 606 1875 670 pulvere
1907 612 2181 654 emortuus

585 696 752 758 fuerit
783 701 1003 744 truncus
1026 696 1158 760 ejus,
1181 695 1248 744 ab
1272 697 1431 744 odore
1461 711 1614 760 aquae
1636 695 1914 759 rcﬂorebit,
1952 701 1997 744 et
2024 694 2184 756 faciet

585 771 834 848 fruticem
844 786 979 834 sicut
1003 785 1226 835 novella.
1262 785 1355 834 Vir
1375 800 1496 834 vero
1507 785 1554 834 si
1568 791 1809 834 mortuus
1819 785 2001 848 fuerit,
2031 783 2182 846 abiit,

587 878 631 923 et
651 874 895 924 mortalis
921 874 968 923 si
999 874 1260 938 ceciderit,
1295 875 1482 924 ultraa
1509 889 1621 923 non
1667 875 1767 924 erit
1792 873 1924 938 (Job.
1941 873 2027 928 14.
2054 872 2103 926 7.
2124 873 2138 936 )
2157 874 2184 922 ?

590 964 712 1014 Non
746 963 848 1014 tibi
875 963 1102 1015 videtur
1115 963 1176 1014 in
1200 964 1388 1014 verbis
1405 964 1516 1027 his,
1549 977 1680 1015 cum
1695 965 1942 1028 quodam
1969 965 2184 1029 pudore

585 1064 822 1116 arguere
855 1052 1140 1116 homines,
1171 1057 1229 1104 et
1251 1053 1467 1105 dicere:
1516 1056 1674 1106 Itane
1699 1055 1943 1106 stultum
1969 1059 2057 1106 est
2080 1055 2185 1107 ho-

589 1141 806 1193 minum
845 1155 1046 1206 genus,
1083 1144 1146 1193 ut
1183 1155 1314 1194 cum
1368 1143 1605 1195 videant
1648 1145 1925 1197 exscissm
1965 1145 2184 1196 arboris

589 1235 858 1282 truncum
881 1243 1114 1282 rursum
1133 1231 1410 1296 pullulare
1427 1231 1496 1284 de
1512 1232 1978 1298 terra,etlignum
2000 1246 2186 1286 emor-

587 1324 750 1373 tuum
778 1321 987 1372 iterum
1001 1321 1176 1372 vitam
1193 1305 1460 1386 recipere,
1475 1321 1660 1386 ",ipsis
1682 1336 1756 1375 ne
1767 1323 1938 1387 lignis
1949 1324 2183 1386 quidem

583 1409 798 1474 aliquid
851 1410 1033 1462 simile
1083 1411 1155 1463 de
1201 1412 1545 1476 semetipsis,
1579 1411 1681 1480 |||
1731 1426 1838 1466 nec
1884 1413 2184 1465 arboribus

582 1499 886 1563 opinentur
899 1502 925 1550 ‘I
947 1502 1020 1552 Ut
1041 1505 1235 1552 autem
1251 1501 1419 1564 scias,
1447 1502 1601 1566 quod
1618 1503 1798 1554 veluti
1829 1502 2184 1566 interrogan-

585 1588 654 1640 tis
679 1589 850 1640 modo
896 1588 1207 1652 legendum
1262 1591 1339 1642 sit
1361 1591 1516 1655 quod
1541 1592 1703 1643 dixit:
1730 1593 1978 1643 Mortalis
2001 1599 2184 1642 autem

584 1693 707 1727 cum
721 1678 962 1728 ceciderit
1004 1695 1116 1729 non
1139 1687 1376 1744 resurget
1396 1683 1422 1731 *Ρ
1438 1681 1510 1732 de
1530 1681 2012 1744 consequentibus
2029 1695 2047 1716 °
2064 1695 2184 1746 pro-

2289 529 2441 576 mus,
2467 531 2598 568 cum
2623 518 2790 569 dicit:
2816 520 2959 578 Quia
2981 517 3310 569 resuscitabit
3326 517 3514 582 pellem
3545 531 3740 575 meam,
3768 531 3850 578 qus

2284 605 2392 654 haec
2417 622 2564 655 nunc
2589 608 2798 669 haurit,
2827 609 2884 659 id
2908 615 3015 672 est,
3041 620 3174 673 qum
3196 609 3309 658 ista
3346 611 3638 658 tormenta.
3661 608 3850 669 perpeti.

2290 698 2409 745 tur:
2433 709 2624 748 nonne
2645 701 2835 762 aperte
2861 697 2998 748 dicit
3019 697 3389 760 hujuscarnis
3413 694 3850 746 resurrectionem

2276 787 2551 850 futuram,
2579 788 2763 852 hujus,
2793 787 3048 850 inquam,
3075 799 3206 850 qum
3231 786 3671 838 tribulationum
3685 786 3738 834 et
3757 790 3850 835 ten-

2281 877 2566 928 tationum
2585 877 2976 932 cruciamenta
2987 889 3143 929 nunc
3156 877 3443 928 sustinet?
3459 875 3568 926 Sed
3585 878 3643 924 et
3659 879 3850 937 Aposte

2281 965 2372 1017 lus
2401 979 2530 1017 cum
2567 965 2706 1017 dicit
2731 981 2744 1017 :
2771 967 2983 1032 Oportet
3005 966 3150 1014 enim
3167 963 3512 1030 corruptibile
3539 963 3640 1012 hoc
3662 963 3850 1011 induere

2281 1056 2762 1120 incorruptionem,
2787 1061 2834 1105 et
2857 1055 3083 1104 mortale
3108 1055 3206 1105 hoc
3227 1055 3454 1104 induere
3487 1052 3850 1102 immortalita-

2283 1150 2385 1194 tem
2409 1144 2478 1208 (1.
2511 1145 2630 1195 Cor.
2656 1144 2743 1199 15.
2781 1143 2925 1206 53.):
2973 1143 3240 1208 nunquid
3284 1156 3404 1195 non
3443 1155 3657 1206 corpus
3692 1154 3850 1202 suum,

2283 1234 2710 1296 quodammodo
2734 1234 3123 1299 contingentis
3149 1237 3206 1285 et
3237 1232 3420 1296 digito
3449 1229 3736 1296 palpantis
3783 1237 3850 1282 est

2284 1337 2399 1375 vox
2425 1328 2452 1375 ?
2476 1325 2598 1375 Hoc
2621 1337 2757 1389 ergo
2779 1325 2937 1388 quod
2961 1336 3118 1375 nunc
3141 1319 3512 1386 corruptibile
3541 1332 3746 1384 corpus
3767 1323 3850 1376 est.

2283 1415 2713 1466 resurrectionis
2735 1414 2919 1478 gratia
2932 1411 3359 1477 incorruptibile
3370 1411 3477 1462 erit.
3494 1425 3508 1460 :
3527 1415 3588 1462 et
3600 1409 3708 1462 hoc
3724 1409 3850 1473 quod

2283 1517 2440 1556 nunc
2463 1507 2702 1556 mortale
2725 1509 2831 1562 est,
2867 1501 3312 1554 immortalitatis
3335 1500 3654 1552 virtutibus
3676 1499 3850 1551 indue-

2282 1598 2392 1644 tur.
2419 1594 2911 1646 UtsicutChristus
2925 1606 3202 1656 resurgens
3224 1607 3260 1640 a
3283 1590 3528 1653 mortuis,
3544 1588 3562 1618 τ
3599 1588 3737 1638 ultra
3751 1587 3847 1652 jam

2282 1697 2395 1731 non
2414 1683 2667 1745 moritur,
2688 1697 2834 1732 mors
2855 1683 2904 1731 ei
2937 1682 3080 1730 ultra
3103 1696 3215 1730 non
3238 1680 3615 1729 dominabitur
3637 1675 3846 1741 (80111.6-

587 1767 871 1876 bationem
895 1769 1102 1833 accipe.
1122 1771 1431 1835 Subjungit
1454 1783 1704 1834 namque
1717 1771 1932 1823 statim:
1959 1771 2019 1821 Si
2031 1772 2176 1820 enim
2204 1804 2256 1876 B
2285 1770 2358 1835 9.]
2386 1785 2398 1821 :
2427 1771 2506 1823 ita
2528 1777 2587 1824 et
2610 1773 2710 1835 qui
2737 1773 2797 1824 in
2827 1771 3050 1823 Christo
3083 1775 3406 1835 resurgent,
3431 1781 3539 1820 nec
3571 1766 3848 1830 corruptio-

583 1855 687 1919 [Αἰ.
706 1857 922 1920 autem]
946 1864 1193 1908 mortuus
1211 1860 1378 1923 fuerit
1404 1861 1582 1923 homo,
1597 1861 1724 1909 vive'
1751 1861 1820 1912 Et
1842 1859 2008 1924 paulo
2047 1865 2177 1925 post

585 1945 752 1997 dicit:
816 1947 1140 2012 Exspectabo
1187 1963 1464 2014 usquequo
1502 1950 1700 1998 iterum
1751 1951 1899 2012 ﬁam.
1953 1952 2023 2002 Et
2086 1949 2184 2002 ite-

587 2047 712 2086 rum
734 2035 888 2087 idem
911 2037 1051 2088 dicit
1071 2053 1088 2086 :
1115 2038 1218 2096 Qui
1239 2040 1652 2089 resuscitaturus
1674 2045 1743 2089 est
1769 2039 1966 2105 ‘super
1982 2046 2180 2090 terram

583 2123 768 2187 pellem
793 2139 988 2188 meam,
1010 2141 1126 2190 qua:
1150 2127 1256 2176 haec
1275 2143 1423 2178 nunc
1457 2129 1662 2179 haurit.

645 2212 730 2266 45.
749 2215 886 2266 Haec
911 2215 1144 2278 quidem
1180 2216 1253 2268 ad
1279 2219 1670 2282 probationem
1706 2217 1858 2269 dicta
1892 2221 2030 2269 sunt
2057 2230 2180 2282 pro-

584 2301 849 2354 fessionis
867 2309 1102 2365 nostraa,
1126 2319 1242 2370 qua
1264 2308 1602 2359 conﬁtemur
1618 2309 1678 2360 in
1702 2307 1970 2372 Symbolo
1999 2307 2178 2372 hujus

583 2392 770 2443 carnis
798 2395 1290 2447 resurrectionem.
1310 2397 1473 2458 Quod
1511 2399 1663 2448 enim
1701 2397 2045 2462 adjunctum
2070 2401 2176 2453 est.

582 2480 764 2545 hujus,
781 2482 912 2534 vide
938 2497 1112 2548 quam
1142 2499 1464 2539 consonum
1491 2488 1566 2538 sit
1597 2488 1869 2540 omnibus
1901 2487 2009 2549 his,
2043 2499 2176 2550 quae

583 2568 653 2622 de
685 2578 704 2598 '
723 2570 934 2623 divinis
960 2573 1348 2628 voluminibus
1363 2578 1834 2629 memoravimus.
1852 2577 2000 2640 Quid
2025 2577 2176 2628 enim

580 2737 801 2806 legunt,
817 2747 862 2790 et
892 2744 992 2792 erit
1016 2745 1184 2794 radix
1203 2745 1336 2809 ejus.
1375 2747 1435 2796 Si
1459 2753 1638 2795 autem
1663 2748 1724 2796 in
1751 2753 1903 2810 petra
1927 2753 2175 2795 mortuus

579 2811 762 2874 fuerit,
789 2817 914 2875 etc.,
945 2814 1040 2866 alii
1059 2816 1197 2868 editi
1241 2823 1298 2868 et
1323 2832 1461 2869 mss.
1488 2831 1634 2882 quos
1659 2819 1923 2870 Baluzius
1959 2817 2173 2878 laudat,

583 2893 654 2936 est
678 2889 844 2938 radix
867 2889 998 2954 ejus,
1036 2895 1092 2942 et
1115 2892 1187 2940 ad
1224 2895 1434 2942 odorem
1463 2910 1636 2958 aquas.
1669 2898 1774 2944 etc.
1811 2895 2007 2946 GI‘EBce
2047 2899 2170 2943 est:

581 2960 696 3041 Ὲᾲν
721 2963 811 3041 Itiro
833 2964 1032 3041 γηράσῃ
1059 2959 1194 3041 ἐν-γῇ
1217 2960 1388 3041 ἧηρίζα
1423 2963 1586 3018 αὐτοῦ.
1625 2969 1739 3041 Ἐὰν
1773 2966 1826 3016 δὲ
1871 2967 2025 3036 πέτρᾳ
2066 2964 2170 3026 (Al.

578 3032 692 3082 Ἐὰν
727 3032 780 3082 δὲ
826 3032 1041 3098 πέτραιξ)
1075 3032 1342 3099 τέλέυτήση
1373 3057 1419 3088 κ.
1463 3057 1507 3089 τ.
1539 3043 1584 3090 λ.
1633 3040 1949 3098 ΒδΓΓὲΒᾶΠει,
1996 3032 2172 3099 Quam

573 3101 890 3183 retinemus
913 3104 1176 3200 lectiotzin
1200 3097 1431 3170 puluere,
1443 3110 1608 3173 juxta
1634 3112 1893 3158 Hebraeum
1907 3097 1978 3157 est
1997 3097 2162 3167 ἥξω,
2197 3129 2243 3200 C

573 3184 754 3235 eaque
776 3176 896 3238 ipse
910 3189 1048 3228 voce
1066 3179 1446 3242 Hieronymus
1471 3180 1528 3231 in
1546 3194 1651 3231 sua
1675 3194 1747 3230 ex
1767 3183 2008 3231 Hebraeo
2041 3192 2167 3230 ver-

574 3244 730 3294 sione
755 3247 955 3297 Latina
979 3249 1174 3300 utitur.
1193 3252 1400 3302 Mirum
1413 3253 1555 3302 adeo
1573 3253 1780 3314 magis,
1797 3255 1840 3302 si
1859 3253 2043 3314 potuit
2063 3253 2168 3302 Ru-

572 3316 724 3365 tinus
748 3324 991 3380 receptae
1003 3322 1155 3382 apud
1178 3335 1379 3372 omnes
1397 3323 1644 3382 lectioni,
1664 3323 2166 3386 llieronymianam

573 3387 852 3466 prmferre.
871 3389 979 3440 Sed
997 3396 1129 3466 puto
1141 3394 1212 3443 ab
1225 3395 1562 3458 antiquariis
1577 3408 1644 3446 ea
1654 3394 2027 3459 postmodum
2040 3395 2170 3444 sub-

578 3461 782 3508 stituta
805 3473 919 3510 vox
939 3465 1046 3513 est.

639 3555 656 3574 ·
683 3547 810 3599 Plus
833 3548 1048 3601 habent
1069 3549 1162 3602 alii
1172 3551 1293 3615 jam
1312 3566 1475 3606 :mox
1493 3555 1809 3607 econtrario
1837 3559 2058 3606 tantum
2070 3554 2170 3604 ha-

577 3618 714 3670 bent
737 3619 796 3691 in
831 3621 916 3669 his
931 3623 1148 3686 absque
1164 3624 1346 3674 verbis.
1369 3627 1516 3678 Audi
1529 3641 1683 3680 nunc
1701 3628 1988 3691 Cyrillum,
2003 3627 2171 3690 cujus

579 3702 640 3760 se
665 3690 910 3742 Rufinus
921 3694 1041 3757 agit
1057 3698 1440 3760 Interpretem,
1455 3690 2006 3758 Catechesilaudata,
2025 3709 2170 3748 num

579 3759 664 3845 16,
699 3761 860 3845 μόνον.
883 3767 980 3845 γὰρ.
1019 3761 1129 3833 οὐχὶ
1161 3759 1434 3845 δυσωπῶν.
1467 3774 1553 3845 xui
1600 3767 1845 3845 έπιτξμῶν·
1887 3768 2036 3845 (trduo
2079 3770 2171 3845 γὰρ

577 3836 921 3907 ἀναγνωστέον
969 3837 1335 3902 ὲρωτηματικῶς
1372 3844 1444 3900 τὸ.
1485 3839 1661 3896 Οὐκέτι
1701 3839 1833 3894 ἐστίν
1850 3845 1883 3904 ;)
1927 3841 2023 3907 ἆρα
2057 3843 2168 3905 γάρν

577 3905 714 3980 φησὶν
761 3906 901 3980 eis)?“
948 3909 1223 3972 πίπτοντος,
1271 3909 1710 3980 ξιαὶέλειρομένου,
1742 3905 1990 3980 ἅνθρωπός
2030 3907 2172 3965 αὐτὸς

577 3975 633 4024 δι’
664 3977 728 4054 ἓν,
751 3978 810 4054 Τὰ
840 3979 1199 4054 ξ·δλα,γέγονεν,
1233 3978 1340 4054 οὐκΔ
1363 3975 1614 4050 ἐγείρέτὸιη
1641 3975 1718 4036 uti
1755 3975 1842 4036 ἵνα-
1871 3983 1936 4048 μή
1968 3981 2172 4054 νομίσῃς

579 4063 637 4128 ξιε
663 4046 922 4109 βιάζεσθαι,
954 4047 1194 4116 ἀνάγνωθι
1232 4057 1286 4105 τὸ
1321 4046 1608 4108 ἀκόλόυθονέ
1648 4060 1768 4122 μετὰ
1802 4046 1892 4122 γὸιρ
1929 4057 1985 4105 τὸ
2025 4046 2170 4104 εἰπεὶν

579 4123 963 4200 ἐρωτῃματιξιῶς,
999 4127 1170 4175 Πεσὼν
1207 4128 1260 4176 δὲ
1293 4127 1458 4193 βροτὸς
1487 4123 1648 4180 οὺκέτι
1681 4125 1840 4189 ἑστίη
1875 4129 2019 4191 λέγει·
2056 4125 2170 4175 Ἐὰν

576 4189 668 4266 Td}?
706 4189 928 4266 ἀξτοθάξῃ
975 4194 1240 4260 ἅνθρωπος,
1281 4189 1493 4258 ζήσεταιο
1537 4201 1624 4252 καὶ
1659 4194 1790 4256 εὐθὺς
1829 4189 1976 4263 λέγεί,
2027 4196 2172 4248 Ὑπο-

580 4259 710 4319 μένω
741 4262 828 4316 ἓως
865 4259 922 4312 ἂν
947 4259 1090 4316 πάλιν
1120 4268 1356 4330 γένωμαι,
1383 4290 1430 4321 κ.
1462 4290 1505 4322 τ.
1537 4275 1582 4320 λ.
1609 4271 1776 4329 Quasi
1797 4259 2062 4334 pudOI'em
2087 4267 2176 4314 in-

578 4343 780 4406 gerens,
805 4337 852 4380 et
875 4334 1204 4401 increpitans
1231 4339 1319 4401 (sic
1343 4341 1488 4390 enim
1510 4342 1792 4406 legendum
1813 4348 1884 4391 est
1905 4357 2001 4406 per
2015 4341 2177 4389 into-r-

575 4404 912 4478 rogationem
937 4407 1091 4469 illud,
1122 4409 1270 4460 ultra
1299 4424 1415 4462 non
1439 4404 1589 4464 erit—'2
1614 4429 1737 4464 cum
1761 4404 1924 4478 enim,
1971 4413 2170 4477 inquit.

583 4470 794 4550 ι’ίθηῑιηξ
831 4481 1005 4542 cadat,
1044 4487 1088 4530 et
1123 4490 1388 4547 resurgat,
1429 4501 1564 4534 num
1613 4487 1771 4536 homo
1792 4470 1922 4550 ipse,
1959 4470 2174 4550 propter

2284 1871 2419 1911 nem
2437 1860 2690 1912 sentient
2703 1860 2869 1923 ultra,
2899 1873 3004 1911 nec
3038 1858 3165 1928 112
3191 1863 3474 1910 mortem:
3515 1868 3638 1908 non
3672 1857 3847 1906 natura

2279 1949 2466 2000 carnis
2493 1951 2732 2014 abjecta,
2751 1950 2852 2001 sed
2877 1949 3200 2001 conditione
3223 1947 3349 2011 ejus
3373 1951 3431 1998 et
3459 1944 3734 2008 qualitate
3753 1955 3850 1993 mu-

2283 2041 2416 2089 tata.
2441 2039 2559 2090 Erit
2578 2051 2713 2103 ergo
2750 2051 2956 2103 corpus
2981 2038 3135 2102 quod
3171 2039 3431 2100 resurget
3461 2047 3495 2085 a
3516 2032 3753 2085 mortuis
3781 2030 3845 2081 in-

2283 2127 2642 2192 corruptibile
2658 2129 2714 2179 et
2727 2127 3066 2189 immortale,
3083 2139 3202 2178 non
3219 2125 3409 2177 solum
3433 2128 3742 2187 Justorum,
3763 2119 3847 2169 sed

2277 2216 2450 2267 etiam
2481 2221 2868 2281 peccatorum.
2907 2219 3210 2268 Justorum
3242 2213 3492 2278 quidem,
3541 2216 3608 2263 ut
3650 2220 3847 2273 semper

2277 2305 2504 2370 possint
2537 2318 2870 2370 permanere
2901 2318 3035 2356 cum
3059 2304 3302 2356 Christo.
3320 2304 3692 2354 Peccatorum
3715 2310 3846 2355 vero,

2277 2397 2344 2446 ut
2373 2395 2593 2459 absque
2622 2396 2943 2446 interitione
2969 2407 3076 2446 sua
3099 2403 3116 2432 ι
3141 2393 3363 2445 debitas
3387 2391 3552 2443 luant
3574 2401 3782 2456 pmnas.

2339 2482 2426 2539 46.
2448 2484 2610 2548 Quod
2625 2489 2819 2537 autem
2827 2484 2972 2549 justi
2985 2496 3212 2548 semper
3226 2496 3356 2534 cum
3368 2482 3616 2533 Domino
3637 2479 3658 2508 "
3673 2481 3845 2530 nostro

2277 2572 2502 2625 Christo
2526 2576 2916 2638 permaneant,
2937 2575 3057 2638 jam
3077 2573 3210 2624 etin
3225 2571 3620 2636 superioribus
3635 2565 3843 2620 edocui-

2276 2742 2532 2805 veritate,
2561 2744 2684 2794 sive
2714 2744 2882 2805 LXX,
2899 2743 3154 2794 virorum
3175 2739 3668 2805 interpretatione,
3692 2736 3844 2805 inter-

2275 2804 2585 2878 rogationis
2619 2817 2688 2866 ad
2704 2804 2939 2866 sensum
2956 2814 3162 2878 Cyrilli,
3177 2817 3352 2875 atque
3368 2811 3510 2885 adeo
3535 2809 3740 2885 Ruﬁni,
3757 2804 3842 2885 ad-

2275 2887 2559 2948 ponenda:
2597 2888 2907 2951 vestigium
2932 2892 3178 2938 exstare.
3205 2886 3434 2941 Contra,
3451 2883 3554 2944 ait,
3579 2882 3776 2944 legitur
3793 2882 3841 2926 in

2275 2957 2520 3008 Hebraeo
2544 2964 2601 3010 et
2635 2959 2890 3022 Vulgata,
2926 2959 3020 3008 Ubi
3044 2971 3214 3020 quaeso
3256 2959 3360 3005 est?
3395 2955 3567 3017 quasi
3589 2955 3839 3022 integram

2275 3034 2332 3079 et
2360 3021 2779 3094 irreparabilem
2803 3031 3053 3082 hominis
3083 3027 3262 3080 semel
3286 3030 3495 3077 mortui
3524 3021 3839 3076 consumtio-

2271 3115 2403 3153 nem
2430 3105 2713 3167 signiticet
2731 3109 2950 3156 auctor.
2977 3101 3084 3154 Sed
3110 3100 3312 3151 eadem
3341 3098 3473 3149 huic
3489 3097 3616 3149 loco
3631 3095 3840 3148 adcom-

2268 3174 2553 3226 modanda
2588 3175 2994 3240 interpretato,
3031 3184 3203 3236 quam
3233 3171 3472 3233 Cyrillus
3513 3170 3675 3221 alteri
3706 3168 3840 3229 ejus-

2263 3245 2396 3297 dem
2421 3247 2450 3297 J
2458 3249 2549 3297 obl
2573 3248 2714 3308 loco,
2743 3249 2793 3298 si
2815 3245 3136 3297 descenderit
3150 3245 3308 3292 homo
3324 3241 3385 3289 in
3425 3241 3723 3304 infernum,
3746 3251 3837 3284 non

2265 3317 2519 3382 amplius,
2541 3321 2800 3378 ascendet,
2825 3335 2917 3368 nec
2939 3322 3225 3366 revertetur
3237 3315 3298 3361 in
3308 3313 3597 3376 prapriam
3623 3313 3840 3382 domum:

2266 3381 2475 3452 nempe
2497 3389 2790 3441 hominem
2813 3394 3108 3440 mortuum
3131 3383 3379 3449 amplius
3403 3395 3516 3434 non
3534 3396 3663 3435 esse
3685 3383 3738 3432 in
3759 3381 3840 3430 ho-

2267 3451 2508 3519 minum,
2535 3462 2632 3524 qui
2657 3462 2727 3510 ad
2752 3462 3234 3514 consuetudinem
3261 3459 3398 3516 vitae
3430 3459 3616 3511 redire
3641 3451 3842 3530 possint

2264 3544 2524 3582 numero.
2558 3537 2701 3584 Loca
2724 3540 2916 3586 autem
2954 3535 3089 3597 duo,
3131 3537 3180 3586 si
3207 3537 3355 3585 enim
3395 3537 3644 3582 mortuus
3677 3526 3837 3588 fuerit.

2271 3603 2449 3662 homo,
2477 3604 2625 3666 vivet,
2672 3611 2727 3656 et
2773 3607 3102 3670 Exspectabo
3156 3622 3445 3672 usquequo
3492 3605 3688 3652 iterum
3728 3598 3839 3658 ﬁam

2267 3687 2383 3725 non
2407 3676 2582 3726 alium
2612 3683 2820 3740 praeter
2843 3679 3272 3730 resurrectionis
3309 3673 3593 3743 generalis
3630 3676 3839 3744 sensum

2268 3747 2435 3808 juxta
2447 3737 2632 3800 Lxx.‘
2641 3750 2976 3814 interpretes
2995 3752 3140 3802 lecta
3152 3737 3361 3802 habere
3379 3747 3676 3806 videntur;
3693 3737 3780 3791 sed
3793 3737 3840 3814 in

2269 3819 2513 3870 Hebraeo
2540 3828 2592 3870 et
2618 3809 2864 3886 Vulgata
2887 3823 3056 3874 aliam
3100 3823 3218 3873 vim
3243 3823 3496 3873 habent:
3544 3825 3744 3888 nempe
3781 3809 3840 3888 (ie

2268 3891 2426 3942 nullo
2463 3892 2713 3945 hominis
2726 3885 2904 3946 Semel
2935 3893 3251 3945 mortuilad
3285 3901 3656 3944 communem
3678 3885 3840 3936 homi-

2269 3973 2410 4011 num
2436 3963 2616 4014 vitam
2641 3965 2826 4016 reditu
2849 3964 3270 4026 intelliguntur.

2331 4051 2350 4073 °
2381 4043 2490 4093 Alii
2514 4045 2705 4107 probat
2731 4049 2977 4096 tantum.
3015 4046 3252 4096 Temere
3299 4046 3494 4096 autem
3519 4037 3690 4090 editio
3711 4033 3842 4085 Oxo—

2269 4110 2485 4164 niensis
2509 4121 2695 4178 vetus,
2721 4117 2962 4166 ceciderit
2987 4117 3047 4165 in
3071 4115 3388 4177 inﬁmitate
3408 4127 3516 4162 suae
3527 4109 3728 4165 mortis,
3748 4113 3839 4178 ﬁt?"

2270 4193 2504 4250 resurget
2529 4187 2587 4234 in
2611 4173 2873 4237 aeternum
2896 4191 2921 4240 .9
2948 4188 3022 4237 De
3044 4173 3484 4250 consequentibus
3516 4182 3673 4233 habes
3692 4173 3844 4244 ρνοῢα

2273 4258 2492 4320 tionem,
2517 4263 2624 4310 etc.

2335 4328 2356 4358 ἀ
2381 4329 2569 4380 Codex
2597 4331 3106 4396 Sangermanensis
3130 4331 3192 4380 de
3222 4336 3381 4380 terra.

2335 4418 2354 4438 '
2371 4411 2539 4474 Apud
2561 4410 2702 4462 alios
2715 4412 2776 4460 de
2789 4413 3045 4478 exemplis
3057 4413 3372 4462 divinorum
3396 4405 3733 4478 voluminum
3753 4409 3844 4478 της·

2273 4481 2640 4533 morabamus.
2671 4484 2791 4534 Uno
2819 4476 2988 4535 verbo
3013 4485 3436 4533 memoravimus
3473 4478 3601 4530 cod.
3638 4476 3845 4533 Saﬂger'

582 4557 739 4625 quem
759 4537 1056 4625 Γαεεαῄςάηι
1080 4554 1250 4619 ligna,
1411 4564 1648 4620 resurget
1671 4562 1694 4609 ?
1726 4537 1984 4624 Atgue'ult
2006 4537 2072 4604 ne
2093 4570 2176 4603 me
2199 4553 2257 4625 Ι)
2279 4564 2430 4603 man.
2457 4559 2514 4603 et
2537 4559 2704 4605 vetus
2729 4560 2910 4606 Oxon.
2932 4555 3104 4607 editio
3119 4557 3424 4625 nobiscum
3446 4549 3677 4624 faciunt.

585 4613 694 4694 vim
719 4617 830 4696 loco
855 4621 1066 4684 adferre
1091 4613 1257 4688 putes,
1284 4628 1389 4692 lege
1425 4613 1856 4694 quodvsequitu'r.
1885 4631 2176 4691 Postquam

585 4699 730 4758 enim
752 4695 1137 4756 interrogando
1162 4699 1322 4758 dixit,
1351 4699 1601 4750 Mortalis
1624 4705 1819 4752 autem
1841 4701 1888 4752 si
1917 4697 2180 4750 Occiderit

587 4753 736 4807 ultra
757 4771 875 4812 non
895 4753 1037 4815 erit?
1068 4769 1165 4825 ait,
1207 4771 1259 4820 Si
1297 4753 1444 4821 enim
1492 4777 1750 4824 mortuus
1801 4771 1972 4824 fuerit
2007 4771 2180 4822 homo

591 4829 774 4908 vivet;
807 4835 1094 4908 statimque
1113 4839 1308 4900 subdit,
1336 4844 1617 4906 Exspecto
1643 4857 1944 4908 usquequo
1975 4843 2178 4892 iterum

587 4895 746 4975 llam:
773 4909 818 4952 et
842 4905 974 4955 alibi
1001 4895 1253 4971 rursum,
1292 4895 1397 4974 Qui
1420 4895 1984 4968 resuscitalurusest
2011 4920 2181 4975 super

590 4973 798 5023 terram
802 4977 1027 5052 _pell_em
1050 4993 1255 5043 meam,
1274 4973 1406 5047 qum
1417 4986 1542 5038 haec
1555 4988 1814 5040 sustinet.
1839 4973 2182 5052 Apertissime

588 5055 766 5123 ver-0...
790 5047 840 5096 Ε
841 5050 1030 5100 sechiel
1053 5055 1315 5118 propheta
1339 5058 1481 5116 dicit,
1510 5060 1652 5111 Ecce
1690 5071 1797 5123 ego
1819 5047 2068 5122 aperiam
2095 5068 2185 5106 se-

589 5114 786 5194 Enicra
800 5127 1011 5194 vestra,
1025 5114 1080 5176 et
1095 5114 1336 5180 educam
1353 5142 1456 5180 vos
1469 5114 1540 5180 de
1553 5114 1830 5194 sepulcris
1843 5114 2052 5180 vestris
2069 5133 2176 5180 etc.

588 5187 788 5241 Confer
809 5191 1237 5250 adnotationem
1259 5201 1518 5265 proxime
1551 5187 1710 5264 inseq
1723 5204 1969 5253 uentem.

650 5278 871 5354 {Antea
895 5283 1026 5348 ipsis
1051 5288 1244 5340 minus
1268 5295 1420 5342 recte
1444 5305 1456 5341 :
1493 5294 1615 5342 tum
1651 5290 1760 5344 alii.
1798 5305 1892 5338 nec
1919 5290 2084 5354 lignis
2107 5293 2183 5340 si—

589 5351 969 5434 mile‘atiquid,
1010 5361 1401 5434 praetermisso
1431 5363 1668 5426 quidem.
1716 5361 1846 5434 Mox
1902 5351 2000 5426 prb
2038 5363 2184 5428 quod

588 5423 754 5504 ξίξίεξιν
783 5428 952 5504 Editio
969 5435 1208 5504 utraque
1221 5423 1586 5495 Oxoniensis,
1601 5432 1748 5496 quod
1761 5439 1814 5480 ut
1827 5423 1968 5482 diiit
1977 5423 2185 5498 patien-

589 5501 825 5568 tissimus
852 5501 968 5552 Jub.
989 5503 1250 5556 Diximus
1277 5505 1444 5556 modo
1464 5517 1590 5564 nos,
1616 5508 1789 5568 atque
1824 5506 2182 5557 ostendimus

588 5566 717 5620 haec
738 5571 1013 5625 Ruﬁnum
1039 5576 1467 5638 transcripsisse
1513 5587 1588 5626 ex
1625 5565 1847 5639 Cy—rillo,
1880 5582 2054 5640 atque
2077 5579 2184 5630 hoc

592 5643 843 5694 maxime
860 5645 1206 5707 quodnomt,
1245 5658 1312 5697 ac
1355 5647 1434 5697 rei
1458 5653 1628 5708 ciput.
1659 5653 1765 5707 est,
1787 5649 1914 5700 Jobi
1949 5655 2181 5701 senten-

596 5710 728 5762 tiam
751 5727 850 5776 per
871 5716 1374 5780 interrogationem
1403 5717 1725 5781 legendam.
1747 5719 2028 5772 Observat
2051 5734 2186 5774 vero

595 5782 652 5836 Ρ.
680 5785 991 5837 Toutteein
1011 5787 1168 5839 hunc
1195 5787 1382 5841 locum
1407 5790 1629 5842 nullum
1663 5791 1785 5845 sive
1807 5791 1868 5844 in
1907 5793 2186 5848 Hebraica

2280 4628 2410 4686 post
2433 4637 2532 4687 pro
2555 4627 2690 4688 quia
2719 4626 2886 4678 iidem
2913 4627 3011 4692 qui
3035 4627 3277 4679 habent:
3307 4623 3466 4675 Adde
3489 4631 3645 4672 nunc
3665 4617 3765 4666 ista
3785 4619 3846 4692 es

2277 4693 2580 4756 ipsiusmet
2609 4699 2800 4750 Rufini
2833 4689 3182 4763 Apologiaad
3210 4689 3843 4753 Anastasium,quamm

2279 4764 2450 4815 terius
2485 4779 2589 4818 suo
2618 4767 2742 4820 loco
2763 4770 3138 4821 exhibemus:
3167 4767 3271 4818 Sed
3303 4771 3349 4814 et
3373 4763 3556 4814 carnis
3582 4763 3760 4809 nostra:
3781 4764 3846 4798 re-

2277 4839 2657 4888 surrectionem
2680 4840 2916 4904 fatemur
2947 4842 3148 4904 integre
3169 4845 3215 4889 et
3238 4836 3456 4903 perfecte
3477 4834 3736 4904 futuram,
3766 4823 3846 4904 hu:

2271 4906 2366 4970 jus
2387 4909 2557 4972 ipsius
2579 4897 2763 4960 carnis
2785 4918 2976 4961 nostrae
2998 4897 3194 4976 invqua
3218 4897 3366 4958 nunc
3378 4908 3632 4956 vivimus.
3661 4899 3775 4950 Νοη
3798 4897 3844 4938 υτ

2280 4979 2508 5041 quidam
2521 4983 2954 5043 calumniantur,
2968 4985 3199 5033 alterum
3209 4997 3312 5047 pro
3331 4982 3432 5029 hac
3445 4978 3700 5027 resurrecl
3709 4978 3840 5018 uram

2281 5051 2530 5113 dicimus,
2555 5055 2644 5102 sed
2670 5060 2714 5103 et
2738 5056 2880 5105 hanc
2901 5056 3096 5119 ipsam.
3123 5053 3274 5102 nullo
3306 5049 3532 5102 omnino
3567 5047 3678 5112 ejus
3699 5049 3841 5119 mem"

2281 5119 2372 5170 bro
2419 5101 2720 5188 amputato,
2745 5126 2823 5176 vel
2859 5101 3051 5190 aliqua
3094 5124 3334 5189 corporis
3364 5122 3520 5186 parile
3544 5101 3749 5193 desecto,
3771 5101 3844 5193 35"};

2280 5194 2369 5242 cui
2391 5175 2538 5244 nihil
2559 5199 2784 5247 omnino
2807 5213 2874 5248 eo:
2897 5175 3050 5248 omni
3083 5175 3288 5246 natura
3315 5175 3419 5244 3.2a
3442 5191 3590 5252 desit,
3611 5184 3716 5238 nisi
3750 5175 3846 5228 sold

2280 5267 2568 5330 corrupt-io.

2344 5366 2360 5395 '
2381 5368 2596 5419 Tacent
2643 5365 2738 5418 alii
2762 5366 2906 5416 ultra
2941 5364 3298 5425 adverbium,
3357 5359 3508 5426 quod
3541 5356 3666 5412 heic
3697 5355 3842 5426 etiam

2282 5439 2585 5490 nobiscum
2609 5442 2818 5490 retinet
2841 5438 3012 5490 editio
3036 5419 3393 5490 Oxoniensis'
3407 5437 3592 5486 vetus.
3613 5428 3747 5478 Tum
3759 5419 3844 5468 ha-

2283 5509 2420 5562 bent
2442 5526 2540 5574 neq
2551 5524 2612 5558 ue
2632 5525 2778 5559 mors
2801 5511 2856 5560 ei
2886 5510 3029 5559 ultra
3043 5507 3435 5576 dominabitur,
3461 5508 3518 5556 et
3538 5511 3670 5554 mox
3694 5501 3842 5543 resur-

2281 5587 2436 5646 gunt,
2466 5594 2566 5646 pro
2589 5587 2884 5644 resurgent.
3791 5601 3814 5637 ,ε

2345 5662 2363 5690 ε
2392 5654 2568 5704 Iidem
2593 5653 2787 5715 absque
2812 5653 3171 5701 internecione
3201 5651 3304 5699 sui.
3755 5703 3783 5715 μ

2347 5725 2366 5754 δ
2390 5727 2600 5776 lterum
2612 5705 2780 5776 iidem
2807 5730 2986 5774 nostro
2999 5725 3254 5776 reticent.
3289 5723 3424 5774 Mox
3446 5718 3518 5772 de
3533 5724 3684 5770 more
3698 5705 3842 5757 relict:

2284 5809 2386 5861 pro
2409 5797 2606 5862 reliqui
2629 5796 2863 5850 habent.
