3898 6396
24 452 138 507 385

1017 457 1571 511 COMMENTARIUS
1605 458 1680 509 IN
1715 459 2016 516 SYMBOL.
2054 466 2388 520 APOSTOL.

3256 484 3359 543 386

19 580 189 631 mus,
209 567 319 619 ubi
338 569 730 635 ostendimus,
758 570 891 635 quia
914 571 1228 635 Apostolus
1252 570 1391 622 dicit
1416 586 1427 621 :
1456 571 1658 621 Deinde
1672 572 1729 647 Α
1757 586 1961 638 corpus
1977 577 2220 630 animale
2250 580 2307 631 in
2331 594 2537 646 corpus
2553 585 2828 647 proiicere
2846 589 3138 653 spirituale
3159 596 3357 648 creda-

23 672 130 705 nos
157 658 269 721 qui
300 659 555 719 vivimus,
577 660 883 725 quireliqui
900 676 1110 725 sumus,
1133 661 1434 711 simulcum
1452 661 1559 709 illis
1576 677 1659 709 ra-

12 748 267 810 piemur
290 749 353 798 in
374 749 610 815 nubiqus
632 751 846 801 obviam
872 752 1082 802 Christo
1108 752 1165 800 in
1184 751 1361 815 abera,
1384 756 1429 800 et
1445 752 1521 800 ita
1532 766 1660 800 sem-

17 852 126 899 per
156 853 295 887 cum
323 838 561 889 Domino
584 841 787 891 erimus
809 841 874 905 (ι.
910 841 1054 891 Thes.
1082 840 1131 895 4.
1160 839 1245 896 16.
1273 844 1307 901 ).
1338 844 1453 893 Nec
1488 842 1659 893 mire-

20 928 106 977 ris
136 938 156 957 ·
186 966 201 985 ,
234 928 436 980 sicam
461 934 795 982 sanctorum
824 932 884 982 in
909 935 1131 982 tantam
1174 930 1415 995 gloriam
1456 943 1529 982 ex
1564 944 1655 981 re-

21 1018 403 1069 surrectione
416 1020 757 1083 mutabitur,
771 1024 833 1071 ut
853 1020 909 1071 in
926 1022 1237 1072 obcursum
1258 1021 1359 1071 Dei
1375 1033 1655 1083 suspensa

18 1108 323 1171 nubibus,
356 1109 486 1159 etiu
509 1121 640 1161 aere
659 1112 816 1160 vecta
838 1112 1254 1173 rapiatur,cum
1271 1110 1392 1172 ipse
1411 1112 1656 1174 Aposto-

23 1196 143 1259 lus,
182 1208 492 1261 exponens
537 1202 817 1262 quantum
841 1200 1092 1251 conferat
1114 1202 1271 1250 Deus
1293 1200 1399 1264 his,
1427 1199 1653 1262 quidui-

21 1291 183 1349 gunt
208 1299 371 1345 eum,
397 1287 737 1347 dicatzouia
760 1289 780 1317 ⁸³
805 1289 1191 1338 transmutabit
1207 1305 1400 1352 corpus
1429 1289 1652 1337 humili-

26 1377 157 1423 ‘atis
218 1381 421 1426 nostrae
469 1376 742 1439 conforme
806 1379 926 1441 ﬁeri
976 1380 1189 1443 corpori
1237 1378 1501 1428 claritatis
1538 1394 1647 1426 suae

28 1466 201 1527 Phil.
232 1465 287 1520 3.
314 1464 401 1520 ‘21.
426 1468 462 1530 ).
492 1467 642 1519 Nihil
664 1481 800 1533 ergo
822 1470 1142 1521 absurdum
1170 1471 1276 1533 est,
1322 1470 1370 1520 si
1412 1474 1647 1521 sancto-

21 1566 157 1604 rum
183 1566 431 1618 corpora
453 1555 1055 1608 dicanturnubibusin
1077 1570 1212 1609 aera
1229 1558 1471 1622 sustelli,
1514 1571 1645 1608 cum

19 1643 95 1693 ad
122 1643 385 1695 formam
408 1646 661 1710 corporis
698 1646 925 1710 Christi,
964 1647 1117 1711 quod
1161 1648 1222 1698 in
1268 1647 1509 1699 dextera
1548 1648 1646 1699 Dei

20 1735 214 1796 sedet,
272 1734 537 1786 dicantur
582 1736 964 1788 reformanda.
1020 1737 1129 1788 Sed
1177 1742 1237 1789 et
1266 1738 1373 1788 hoc
1404 1742 1644 1788 sanctus

22 1823 379 1886 Apostolus,
405 1825 497 1876 vel
513 1825 584 1876 de
609 1839 687 1885 se,
712 1827 803 1878 vel
826 1827 897 1877 de
928 1827 1152 1878 caeteris
1176 1827 1263 1877 sui
1279 1828 1386 1878 loci
1412 1828 1503 1879 vel
1530 1840 1646 1877 me-

1761 668 1853 714 tur
1876 669 1900 715 ?
1931 668 2065 718 Haec
2086 669 2320 732 quidem
2349 676 2519 735 atque
2546 674 2632 724 his
2658 677 2865 729 similia
2892 680 3072 732 multa
3096 682 3358 738 invenies

1754 753 1815 803 in
1839 755 2139 820 Scripturis
2164 758 2376 811 divinis
2401 763 2470 813 de
2487 768 3216 832 resurreetionejustorum.
3236 777 3355 828 Da-

1755 843 1907 894 bitur
1928 850 2121 898 autem
2146 848 2315 900 etiam
2340 854 2749 918 peccatoribus,
2781 861 2844 907 ut
2870 872 3042 922 supra
3068 860 3346 929 diximus,

1754 933 2193 999 incorruptionis
2218 944 2274 989 et
2318 940 2762 995 immortalitatis
2810 960 2883 998 ex
2936 955 3353 1005 resurrectione

1753 1024 2021 1087 conditio,
2054 1032 2119 1078 ut
2146 1028 2297 1080 sicut
2314 1031 2489 1093 justis
2515 1032 2529 1061 '
2553 1034 2699 1084 Deus
2722 1036 3012 1090 ministrat
3035 1041 3121 1091 'ad
3160 1055 3352 1107 perpe-

1757 1115 2018 1166 tuitatem
2044 1116 2269 1180 gloriae:
2296 1120 2375 1170 ita
2406 1125 2802 1184 peccatoribus
2846 1127 2918 1178 ad
2965 1128 3346 1189 prolixitatem

1752 1203 2106 1257 confusionis
2127 1208 2416 1260 ministret
2438 1215 2493 1261 et
2518 1225 2719 1275 paenae.
2750 1216 2838 1265 Sic
2862 1218 3017 1269 enim
3064 1220 3350 1284 pr0pheti-

1752 1306 1882 1344 cum
1916 1294 2177 1348 definivit
2205 1298 2513 1363 eloquium,
2534 1305 2699 1365 cujus
2722 1310 2779 1355 et
2806 1308 2972 1368 paulo
2988 1313 3121 1359 ante
3148 1312 3350 1362 memi-

1750 1383 1959 1443 nimus,
1985 1387 2083 1437 ubi
2114 1386 2252 1439 dicit
2277 1404 2290 1439 :
2322 1389 2387 1437 Et
2412 1390 2571 1439 multi
2591 1397 2941 1457 resurgenlde
2965 1402 3347 1463 terraeputvere

1752 1474 1810 1522 hi
1836 1475 2051 1537 quidem
2075 1477 2137 1525 in
2162 1478 2326 1527 vitam
2341 1483 2881 1545 azternam,hiautem
2902 1487 2957 1534 in
2977 1487 3347 1549 confusionem

1747 1570 1794 1613 et
1816 1566 2167 1628 approbrium
2188 1574 2445 1618 aeternum
2474 1572 2631 1633 (Dan.
2668 1572 2750 1626 1‘2.
2778 1573 2869 1638 2.).

1837 1654 1965 1722 114
1996 1658 2079 1711 48.
2104 1659 2159 1709 Si
2184 1672 2320 1723 ergo
2365 1660 2771 1727 intelleximus,
2823 1678 2939 1728 qua
2982 1668 3349 1720 veneratione

1747 1746 1899 1796 Deus
1923 1748 2288 1811 omnipotens
2313 1750 2473 1801 Pater
2489 1751 2727 1812 dicatur,
2768 1765 2955 1815 quove
2986 1761 3347 1808 sacramento

1753 1835 2026 1886 Dominus
2057 1841 2255 1888 noster
2277 1839 2449 1889 Jesus
2475 1839 2735 1890 Christus
2769 1842 2970 1893 unicus
3009 1845 3131 1906 ejus
3170 1844 3343 1895 Filius

22 1913 118 1962 riti
146 1912 335 1975 addit,
363 1918 418 1964 et
439 1913 595 1965 dicrt.
613 1914 751 1973 Quia
773 1916 1147 1965 consuscitabit
1167 1929 1185 1950 ο
1208 1932 1304 1965 nos
1329 1931 1452 1965 cum
1481 1917 1643 1966 Chri-
1672 1899 1723 1972 Β
1750 1922 2045 1984 habeatur,
2072 1930 2127 1975 et
2156 1939 2272 1988 qua
2293 1927 2630 1989 perfectione
2664 1932 2899 1980 sanctus
2936 1899 3061 1994 eju;
3104 1933 3348 1996 spiritus

22 2008 122 2061 sto,
150 2003 429 2066 simulque
456 2003 615 2065 faciet
637 2005 809 2053 sedere
832 2005 893 2053 in
914 2005 1193 2054 caelestibus
1221 2007 1431 2070 (Ephcs.
1463 2006 1515 2061 (2.
1550 2006 1641 2071 6.).

25 2092 193 2143 Unde
215 2105 355 2143 cum
371 2093 496 2144 haec
511 2098 569 2144 et
584 2106 782 2146 eorum
796 2094 998 2145 similia
1014 2095 1435 2160 quamplurima
1465 2098 1645 2148 sancti

25 2182 127 2231 Dei
156 2182 221 2231 in
248 2182 795 2245 repromissionibus
827 2186 863 2234 h
884 2186 1079 2236 ibeant
1122 2184 1180 2236 in
1226 2186 1642 2237 resurrectione

13 2274 338 2332 justorum,
371 2283 489 2321 non
514 2272 622 2322 erit
642 2275 763 2334 jam
787 2273 1016 2323 difﬁcile
1055 2275 1282 2325 credere
1311 2275 1484 2325 etiam
1527 2274 1641 2336 illa,

20 2372 162 2421 quin
189 2360 493 2424 prophetae
520 2362 922 2427 prmdixerant,
950 2364 1102 2421 Quod
1117 2364 1255 2428 justi
1283 2365 1499 2415 scilicet
1530 2364 1641 2427 [ιιι-

24 2450 231 2513 gcbunt
260 2450 396 2499 sicut
418 2452 512 2509 sol,
540 2458 584 2499 et
607 2454 741 2500 sicut
760 2453 1011 2515 splendor
1037 2452 1056 2520 |
1206 2455 1545 2515 ﬁrma-menti
1582 2456 1641 2510 in

28 2554 202 2602 regno
231 2539 328 2588 Dei
352 2540 501 2602 (Sap.
529 2540 580 2594 3.
615 2540 663 2593 7.
689 2544 724 2603 ).
747 2544 845 2592 Cui
874 2542 1027 2593 enim
1065 2542 1295 2608 difficile
1338 2542 1639 2607 videbitur,

26 2642 135 2679 eos
165 2628 450 2693 fulgorem
475 2629 611 2680 solis
642 2631 952 2696 habituros,
979 2645 1045 2682 ac
1076 2632 1345 2694 siderum,
1364 2644 1431 2683 ac
1455 2633 1642 2683 ilrma-

25 2719 218 2769 menti
241 2718 419 2783 hujus
444 2718 747 2783 splendore
771 2720 1143 2786 decorandos,
1160 2721 1373 2785 quibus
1391 2723 1479 2773 vel
1503 2724 1642 2773 vitia

24 2814 83 2860 et
108 2808 220 2872 [AL
250 2808 361 2874 vel]
391 2811 752 2862 conversatio
777 2814 1127 2875 Angelorum
1163 2812 1262 2863 Dei
1309 2816 1538 2875 paratur
1580 2813 1641 2864 in

27 2900 220 2962 caelis,
253 2899 346 2951 vel
370 2902 758 2952 contormandi
784 2901 1052 2952 dicuntur
1074 2902 1145 2952 ad
1173 2902 1418 2965 gloriam
1442 2916 1642 2967 corpo-

26 2992 108 3041 ris
131 2990 366 3049 Christi,
383 2990 457 3041 ad
477 3003 650 3054 quam
666 2991 901 3055 gloriam
928 2992 949 3020 ἀ
963 2991 1272 3043 Salvatoris
1292 3006 1387 3044 ore
1404 2996 1641 3057 promis-

28 3095 182 3145 sam,
208 3082 523 3145 respiciens
554 3088 787 3134 sanctus
806 3081 1117 3148 Apostolus
1135 3083 1297 3135 dicit:
1320 3084 1461 3142 Quia
1482 3086 1641 3133 semi-

1748 2012 2097 2078 nominetur,
2124 2023 2303 2079 utque
2328 2022 2531 2069 sancta
2549 2019 2799 2070 Trinitas
2814 2033 2993 2071 unum
3016 2021 3092 2072 sit
3110 2035 3207 2085 per
3221 2024 3352 2073 sub-

1748 2102 2041 2166 stantiam,
2091 2104 2195 2155 sed
2244 2105 2453 2158 all‘ectu
2489 2110 2865 2172 personisque
2910 2110 3183 2162 discreta:
3214 2111 3350 2174 quid

1746 2195 1919 2245 etiam
1936 2200 2135 2259 partus
2162 2196 2429 2260 Virginis,
2454 2197 2591 2260 quid
2620 2199 2786 2248 Verbi
2802 2198 2860 2249 in
2875 2212 3042 2251 carne
3057 2201 3173 2250 nati
3187 2201 3347 2260 vitas,

1746 2284 1884 2348 quid
1912 2291 2336 2337 sacramentum
2359 2287 2562 2343 crucis,
2590 2300 2720 2351 qua:
2738 2287 2955 2339 utilitas
2980 2288 3159 2339 divini
3174 2289 3243 2340 ad
3263 2290 3348 2340 in-

1746 2374 1904 2424 ferna
1924 2374 2258 2438 descensus,
2280 2384 2296 2413 ε
2315 2375 2452 2439 quid
2478 2377 2915 2428 resurrectionis
2938 2378 3134 2441 gloria,
3153 2383 3211 2429 et
3231 2381 3348 2426 ani-

1743 2476 1966 2515 marum
1991 2463 2061 2516 de
2090 2463 2327 2515 infernis
2354 2470 2617 2517 revocata
2645 2466 2967 2529 captivitas,
2992 2467 3131 2529 quid
3175 2468 3342 2519 etiam

1745 2567 2024 2605 ascensus
2045 2554 2171 2617 ejus
2194 2554 2267 2605 ad
2293 2555 2496 2606 caalum
2520 2558 2577 2607 et
2603 2555 2830 2606 venturi
2846 2555 3056 2619 judicis
3085 2564 3344 2618 exspecta-

1746 2644 1821 2695 tio
1850 2660 1864 2692 :
1895 2645 1997 2695 sed
2022 2650 2079 2696 et
2104 2650 2323 2697 sancta:
2348 2645 2617 2697 Ecclesiae
2649 2646 2926 2697 adversus
2952 2647 3344 2711 congregatio-

1744 2748 1849 2785 nes
1870 2735 2143 2786 vanitatis
2169 2734 2352 2799 qualis
2372 2736 2567 2787 haberi
2590 2735 3048 2800 debeatagnitio,
3074 2737 3170 2800 qui
3185 2752 3347 2786 sacro-

1742 2836 1872 2875 rum
1898 2825 2267 2877 Voluminum
2284 2839 2580 2886 numerus,
2597 2838 2804 2889 quaeve
2832 2826 3236 2878 haereticorum
3262 2829 3344 2875 vi-

1747 2914 1921 2966 tanda
1962 2917 2391 2967 conventicula:
2421 2921 2478 2967 et
2500 2916 2521 2945 "
2572 2915 2727 2979 quod
2761 2916 2821 2966 in
2866 2920 3232 2980 peccatorum
3257 2929 3345 2968 re-

1744 2996 2017 3047 missione
2029 2996 2242 3048 divinaa
2252 2996 2501 3047 libertati
2518 3008 2887 3059 nequaquam
2904 2996 3045 3047 ratio
3062 2996 3345 3047 naturalis

1743 3086 2017 3138 obsistat:
2043 3091 2100 3138 et
2116 3091 2181 3138 ut
2220 3086 2406 3138 carnis
2446 3091 2661 3137 nostrae
2697 3086 3190 3151 resurrectionem,
3228 3099 3347 3138 non

32 3178 209 3224 natur
232 3186 428 3237 carpus
446 3172 702 3234 animale,
748 3179 981 3237 resurget
1026 3172 1131 3237 [Αι.
1184 3174 1399 3238 surget]
1442 3189 1661 3270 carpas,
1684 3179 1732 3253 ρ
1756 3178 1941 3229 solum
1963 3177 2178 3230 divinae
2205 3189 2394 3238 voces,
2420 3176 2519 3227 sed
2543 3178 2599 3227 et
2619 3175 2803 3240 ipsius
2827 3174 3055 3227 Domini
3072 3180 3128 3227 et
3152 3176 3340 3228 Salva-

26 3266 340 3335 spirituate.
374 3265 431 3317 Si
466 3264 620 3316 enim
646 3276 846 3315 verum
869 3269 973 3323 est,
989 3265 1136 3316 sicut
1149 3271 1298 3317 certe
1320 3278 1642 3328 verumest.

31 3357 196 3424 quod
215 3358 235 3419 j
248 3361 411 3407 ustos
422 3366 682 3418 quosque
698 3358 756 3405 et
771 3358 1020 3417 sanctos,
1043 3356 1392 3419 Angelorum
1407 3372 1641 3413 consor-

30 3452 131 3502 tiis
164 3445 409 3499 sociabit
431 3444 626 3497 divina
649 3443 925 3508 dignatio.
954 3450 1174 3497 certum
1224 3448 1331 3511 est,
1384 3450 1537 3512 quod
1582 3456 1640 3503 et

34 3550 281 3604 corpora
301 3547 501 3588 eorum
518 3533 580 3585 in
605 3533 916 3598 spiritualis
950 3536 1204 3600 corporis
1234 3535 1472 3602 g10riam
1511 3552 1642 3592 ver-

36 3633 119 3682 tet
142 3629 202 3693 [A
215 3628 251 3678 ι.
278 3624 503 3688 vertat].

96 3717 189 3772 47.
216 3718 332 3769 Nec
365 3715 475 3767 hoc
501 3714 601 3766 tibi
621 3719 819 3768 contra
842 3716 1168 3768 naturalem
1202 3718 1458 3782 corporis
1478 3718 1643 3771 ratio-

36 3821 177 3861 nem
201 3806 470 3859 videatur
486 3818 613 3858 esse
630 3807 997 3871 promissum.
1014 3807 1070 3857 Si
1082 3806 1236 3858 enim
1252 3807 1538 3860 credimus
1553 3822 1641 3861 se-

38 3898 301 3951 cundum
319 3909 403 3959 ea,
436 3907 568 3960 quae
582 3896 791 3961 scripta
816 3902 971 3960 sunt,
1000 3897 1153 3960 quod
1177 3898 1465 3961 accipiens
1487 3900 1639 3951 Deus

40 3990 247 4040 limum
266 3991 455 4049 terrai,
478 3986 786 4051 plasmavit
806 3986 1124 4039 hominem:
1155 3986 1357 4039 ethaac
1392 3988 1499 4040 fuit
1531 3989 1636 4053 [At

42 4079 150 4142 est]
173 4080 386 4129 natura
405 4076 656 4140 corporis
678 4077 878 4140 nostri,
911 4082 976 4129 ut
1009 4076 1305 4129 voluntate
1338 4078 1437 4129 Dei
1495 4080 1642 4131 terra

42 4170 364 4222 verteretur
381 4167 440 4218 in
463 4158 722 4217 carnem:
744 4175 763 4196 θ
791 4179 892 4217 cur
917 4166 1017 4217 tibi
1038 4169 1139 4218 aut
1162 4167 1501 4232 absurdum,
1541 4171 1643 4220 aut

40 4256 394 4311 contrarium
439 4256 684 4320 videtur,
732 4256 781 4307 si
811 4255 1019 4308 iisdem
1059 4257 1378 4309 rationibus
1423 4258 1637 4322 quibus

45 4354 195 4401 terra
214 4346 524 4413 proiecisse
552 4345 758 4398 dicitur
780 4346 841 4399 in
873 4359 1081 4412 corpus
1116 4347 1381 4411 animale,
1404 4360 1639 4400 rursum

107 4529 127 4550 ι
157 4521 244 4571 Ita
265 4523 323 4571 et
347 4525 517 4572 vetus
529 4521 701 4573 editio
724 4520 1096 4573 Oxoniensis:
1128 4520 1221 4571 alii
1244 4520 1517 4585 plerique,
1534 4520 1642 4571 Nec

51 4593 264 4641 mireris
284 4592 332 4639 si
376 4599 717 4641 sacrosancta
760 4594 1085 4643 Sanctorum
1128 4608 1357 4658 corpora
1400 4592 1459 4641 in
1510 4597 1641 4641 tan-

49 4672 179 4725 tam,
206 4668 333 4715 etc..
363 4665 750 4714 mutabuntur:
774 4669 942 4731 pejus
965 4666 1153 4716 adhuc
1176 4666 1270 4716 alii
1294 4678 1426 4717 cum
1468 4666 1642 4729 Regio

49 4738 262 4800 eodic»,
293 4737 398 4786 Nec
422 4753 594 4803 mora,
613 4746 972 4802 sacrosancta,
989 4745 1096 4789 etc.
1124 4754 1137 4799 ;
1162 4751 1298 4789 mox
1328 4737 1501 4789 ferme
1530 4751 1646 4788 01n-

49 4822 175 4871 nes,
198 4810 257 4856 in
281 4824 562 4858 occursum
587 4811 869 4861 Domini...
896 4815 942 4859 et
958 4825 1077 4859 aere
1100 4816 1303 4858 vectata
1325 4811 1641 4873 rapiantur.

113 4882 134 4909 "
159 4883 286 4931 Duo
303 4894 441 4932 mss.
468 4883 619 4945 apud
646 4883 966 4947 Buluzium,
992 4883 1087 4947 qui
1113 4882 1539 4943 transformavit,
1588 4883 1646 4931 et

50 4968 183 5005 cum
237 4953 548 5005 Remboldo
603 4960 776 5018 atque
840 4958 1072 5007 Επειδωο
1118 4958 1389 5019 con/orme
1433 4954 1646 5019 corpori

54 5026 180 5075 Filii
218 5025 503 5076 Morellius
553 5029 825 5088 conforme
877 5028 996 5090 ﬁeri
1046 5029 1257 5092 corpori
1317 5028 1463 5079 Filii.
1511 5030 1645 5080 Ter-

58 5101 134 5151 tio
160 5101 233 5150 ab
266 5100 368 5149 hoc
396 5111 567 5150 versu
591 5099 688 5149 Dei
731 5113 943 5151 nomen
1000 5101 1332 5151 sutl‘ecimus
1378 5114 1451 5152 ex
1496 5102 1642 5166 aliis,

58 5174 113 5222 in
143 5173 352 5233 quibus
386 5177 444 5222 et
472 5187 575 5221 esse
596 5172 827 5224 additur
847 5174 919 5224 ad
949 5173 1221 5222 dicantur.
1248 5174 1451 5225 Confer
1469 5176 1646 5239 Cyril~

58 5245 173 5294 lum
194 5256 349 5294 num.
376 5242 461 5297 18.
489 5249 548 5295 et
571 5257 690 5309 seq.

116 5329 134 5350 ο
159 5315 283 5373 Alii,
308 5317 635 5380 concitavit,
658 5326 709 5369 et
737 5330 873 5369 mox
909 5317 1039 5368 fecit
1054 5330 1153 5381 pro
1176 5317 1350 5381 faciet.
1377 5320 1522 5369 Tum
1541 5332 1641 5371 vo-

60 5401 149 5439 ces
176 5388 357 5437 Sancti
383 5389 477 5436 Dei
499 5390 785 5449 omittunt,
812 5395 869 5441 et
895 5390 1083 5439 habeat
1122 5391 1436 5439 resurrectio
1470 5390 1645 5454 justo-

62 5476 178 5508 rum
205 5473 300 5524 pro
328 5461 556 5509 habeant
581 5462 639 5509 in
665 5464 1065 5521 resurrectione,
1090 5469 1216 5525 etc.,
1248 5463 1469 5525 legunt:
1497 5464 1645 5514 deni-

62 5548 169 5596 que
190 5534 581 5598 praedixerunt,
608 5535 752 5599 quod
766 5534 903 5599 justi
943 5534 1238 5598 fulgebunt,
1286 5537 1508 5598 absque
1552 5538 1647 5584 sri-

84 5611 181 5657 iret.

122 5682 141 5709 ⁴
168 5679 346 5731 Verba
366 5680 620 5744 Corporis
646 5681 867 5743 Christi,
894 5681 966 5730 ad
982 5696 1146 5745 quam
1168 5681 1401 5745 gloriam
1427 5682 1645 5733 sulleci-

66 5767 184 5805 mus
195 5766 267 5805 ex
279 5752 402 5803 aliis
420 5752 704 5816 plerisque
720 5754 989 5804 omnibus
1001 5753 1175 5809 libris.
1193 5766 1326 5817 quae
1342 5765 1375 5805 a
1388 5756 1644 5803 Barraaano

67 5824 379 5892 exemplari,
404 5823 649 5877 solemni
668 5824 1029 5878 librariorum
1043 5827 1228 5891 lapsu,
1267 5826 1498 5890 quando
1530 5838 1642 5878 vox

1742 3272 1880 3326 toris
1912 3270 2095 3323 nostri
2125 3267 2454 3330 exemplum
2475 3268 2531 3317 et
2547 3266 2959 3330 consequentia
2974 3266 3249 3318 naturalis
3266 3280 3349 3318 ra-

1742 3362 1913 3415 tionis
1937 3361 2213 3425 assignet.
2234 3358 2289 3409 Si
2309 3358 2544 3421 inquam
2573 3356 2731 3408 ‘haac
2749 3355 3073 3409 secundum
3093 3356 3347 3409 traditio-

1740 3454 1834 3505 nis
1864 3464 2038 3516 supra
2062 3449 2344 3514 expositm
2372 3447 2632 3511 regulam
2656 3451 3072 3511 consequenter
3095 3445 3345 3500 adverti-

1739 3555 1893 3606 mus,
1917 3541 2297 3605 deprecamur
2309 3541 2374 3589 ut
2403 3536 2571 3589 nobis
2594 3541 2653 3588 et
2679 3537 2968 3601 omnibus,
2995 3535 3093 3601 qui
3108 3536 3344 3589 hmcau-

1740 3635 1927 3696 diunt,
1959 3631 2238 3684 concedat
2270 3630 2573 3693 Dominus,
2605 3628 2718 3680 ﬁde
2750 3641 2928 3693 quam
2978 3628 3344 3694 suscepimus

1741 3722 2048 3781 custodita,
2086 3733 2262 3772 cursu
2293 3721 2713 3783 consummato,
2732 3725 3067 3784 exspectare
3102 3720 3345 3784 justitia:

1740 3812 2052 3878 repositam
2076 3822 2364 3869 coronam,
2391 3812 2450 3860 et
2471 3809 2714 3860 inveniri
2742 3810 2892 3861 inter
2914 3822 3014 3860 eos
3031 3809 3131 3872 qui
3153 3822 3352 3861 resur-

1740 3906 1917 3967 gunt'
1950 3890 2011 3951 in
2035 3899 2220 3952 vitam
2244 3903 2550 3949 aeternam:
2572 3897 2795 3949 liberari
2811 3910 2944 3949 vero
2969 3898 3354 3951 aconfusione

1740 3998 1797 4045 et
1823 3988 2125 4056 opprobrio
2157 3992 2394 4049 aeterno,
2421 4000 2519 4051 per
2559 3986 2849 4038 Christum
2887 3986 3198 4037 Dominum
3243 3999 3348 4039 no-

1743 4087 1946 4142 strum,
1974 4093 2074 4145 per
2100 4090 2275 4142 quem
2313 4082 2403 4128 est
2426 4077 2543 4127 Deo
2594 4076 2743 4127 Patri
2788 4075 3168 4140 omnipotenti
3217 4089 3346 4128 cum

1742 4172 1955 4237 Spiritu
1980 4171 2189 4223 Sancto
2214 4167 2394 4234 gloria
2418 4171 2477 4219 et
2500 4165 2825 4231 imperium,
2851 4165 2913 4217 in
2934 4165 3147 4219 saecula
3170 4178 3348 4219 sacu-

1741 4261 1947 4315 lorum.
1977 4262 2184 4314 Amen.

1744 4523 1947 4576 eadem
1976 4522 2234 4581 recurrit,
2261 4520 2615 4572 exciderunt.
2649 4518 2802 4570 Infra
2822 4516 2997 4570 etiam
3021 4530 3093 4569 ex
3116 4516 3342 4581 iisdem,

1667 4609 1724 4682 D
1745 4611 1909 4682 quosq
1918 4611 1989 4682 ue‘
2000 4608 2105 4677 pro
2127 4609 2338 4682 quoque
2354 4594 2620 4682 legimus.

1804 4676 1823 4697 ⁸
1853 4671 1919 4719 In
1942 4668 2066 4718 aliis
2090 4667 2251 4731 quid:
2279 4671 2336 4718 et
2360 4668 2527 4730 paulo
2552 4669 2700 4729 post,
2726 4663 2920 4727 quibus
2958 4662 3132 4710 lutum
3160 4662 3341 4725 profc-

1742 4740 1868 4789 cisse
1889 4740 2106 4799 dicitur,
2134 4744 2190 4791 et
2212 4751 2346 4789 mox
2371 4740 2651 4802 proﬁcere:
2686 4740 2809 4788 erat
2849 4735 3002 4799 apud
3048 4737 3340 4785 Barrazum

1742 4818 1991 4875 utroque
2040 4810 2250 4863 inloco
2274 4810 2570 4874 proﬁcisci:
2613 4810 2809 4861 minus
2841 4810 3009 4859 recte.
3060 4809 3342 4859 Caeterum

1744 4886 1920 4936 verba
1943 4898 2169 4931 rursum
2196 4898 2391 4946 corpus
2433 4882 2678 4932 animale
2713 4883 2773 4933 in
2814 4893 2957 4932 mss.
3006 4879 3341 4941 Remboldo,

1745 4959 1980 5008 Erasmo
2010 4960 2067 5006 et
2112 4954 2360 5006 Morellio
2383 4955 2611 5005 desunt.

1807 5028 1823 5058 ί
1856 5029 2117 5079 Barreeus
2141 5039 2275 5078 cum
2288 5026 2535 5077 Morellio
2558 5028 2616 5077 et
2640 5020 3344 5077 Pameliointruduntbeic

1744 5114 1959 5152 nomen
1981 5101 2120 5148 Deus
2154 5098 2309 5161 quod
2341 5097 2607 5149 Baluzius
2644 5098 2983 5148 auctoritate
3028 5094 3153 5146 cod.
3202 5094 3343 5143 San-

1744 5171 2159 5236 germanensis,
2183 5170 2437 5233 itemque
2462 5168 2776 5226 Rembodi,
2803 5173 2861 5219 et
2878 5169 3100 5218 Erasmi
3122 5178 3342 5229 expun-

1746 5247 1849 5305 xit,
1882 5255 2130 5306 cumque
2160 5254 2226 5293 eo
2243 5255 2369 5293 nos.
2395 5241 2567 5291 Paulo
2590 5244 2722 5303 post
2745 5239 2840 5290 alii
2862 5239 3050 5293 deﬁnit
3072 5250 3173 5303 pro
3212 5237 3344 5300 defi-

1742 5320 1895 5368 nivit.

1807 5402 1825 5429 κ
1863 5388 1971 5441 Alii
1994 5401 2137 5453 quae;
2169 5397 2484 5451 pronomen
2507 5388 2703 5435 autem
2726 5384 2857 5446 ejus,
2884 5381 3038 5446 quod
3071 5380 3220 5433 infra
3252 5385 3344 5434 est

1744 5466 2048 5594 mfeltildem,
2078 5536 2239 5594 utque
2264 5530 2323 5577 in
2360 5532 2713 5591 peccatorum,
2749 5528 2855 5576 etc.
2898 5529 3022 5575 tum
3057 5525 3197 5573 vocis
3240 5539 3342 5589 pro

1744 5622 1886 5657 voces
1911 5608 2131 5657 :tacent
2158 5615 2292 5654 vero
2317 5600 2485 5649 nostri
2503 5598 2654 5662 quod
2682 5597 2957 5659 sequitur.

1808 5682 1819 5709 ί
1848 5680 2032 5729 Antea
2058 5678 2154 5726 hoc
2175 5680 2317 5727 erat:
2347 5677 2404 5726 et
2427 5684 2564 5724 mox
2590 5671 2940 5735 deprecamur
2965 5679 3062 5731 pro
3093 5666 3337 5732 depreco-

1742 5766 2003 5875 mrklias
2025 5822 2098 5873 ad
2124 5826 2312 5883 vitam,
2338 5822 2464 5871 tum
2491 5816 2813 5877 sempiterno
2833 5825 2934 5879 pro
2950 5817 3161 5863 eterna.
