3898 6402
519 527 3814 579 W

608 715 1775 885 HISTORIA
2003 703 3735 879 MONACHOBUM

799 1186 1404 1330 LIBER
1589 1185 1834 1328 DE
2019 1180 2555 1328 VITIS
2741 1171 3551 1320 PATRUM

1422 1487 2216 1607 AUCTOBE
2313 1483 2931 1599 RUFINO

1282 1718 2095 1837 AQUILEIENSI
2222 1714 3095 1812 PRESBYTERO.

1801 1899 2672 1944 W-

1914 2058 2442 2188 prologue.

551 2413 680 2484 ||5
702 2440 730 2453 -
755 2411 774 2480 |
796 2409 885 2481 |6
912 2409 1261 2464 Benedictus
1285 2416 1304 2436 ·
1329 2409 1504 2470 Deus,
1529 2404 1632 2469 qui
1655 2403 1780 2456 vult
1800 2415 2000 2454 omnes
2025 2401 2216 2455 salvos
2238 2403 2375 2462 ﬂeri,
2399 2408 2456 2456 et
2477 2403 2553 2456 ad
2577 2404 2921 2469 agnitionem
2966 2403 3200 2458 veriatis
3249 2403 3446 2457 venire
3469 2402 3516 2468 (1
3557 2403 3694 2455 Tim.
3725 2403 3831 2468 2.):

543 2504 640 2568 qui
665 2503 839 2554 etiam
861 2504 1126 2551 nostrum
1149 2496 1256 2547 iter
1276 2495 1486 2546 direxit
1513 2491 1589 2544 ad
1627 2493 1958 2556 Egyptum,
2010 2495 2070 2542 et
2123 2491 2376 2542 ostendit
2419 2491 2698 2542 mirabilia
2737 2503 2950 2556 magna
2988 2491 3064 2543 ad
3097 2491 3454 2556 posteritatis
3503 2491 3843 2544 memoriam

544 2589 865 2654 profutura:
893 2586 914 2615 δ
937 2599 1008 2637 ex
1031 2585 1244 2648 quibus
1268 2593 1386 2634 non
1411 2579 1599 2632 solum
1622 2579 1791 2630 nobis
1815 2589 2020 2628 caussa
2040 2575 2242 2628 salutis
2265 2577 2518 2638 oriretur,
2537 2591 2735 2630 Verum
2752 2592 2824 2630 ex
2847 2579 3088 2630 historia
3110 2577 3439 2643 exemplum
3452 2578 3656 2630 salutis
3667 2583 3845 2642 atque

543 2675 804 2729 doctrina
817 2671 1047 2738 pietatis
1059 2669 1357 2734 aptissima
1381 2667 1740 2733 conderetur,
1762 2676 1894 2727 quae
1911 2663 2138 2716 virtutis
2156 2665 2260 2715 iter
2279 2677 2447 2728 agere
2466 2665 2808 2728 volentibus,
2826 2670 3122 2730 gestorum
3140 2666 3588 2730 praecedentium
3603 2665 3716 2717 nde
3729 2677 3848 2716 am-

544 2761 872 2828 plissimum
897 2758 1183 2810 tramitem
1219 2753 1448 2818 pandat.

607 2847 882 2910 Quamvis
909 2845 980 2897 ad
1007 2847 1295 2896 tantarum
1320 2851 1514 2892 rerum
1537 2837 1922 2890 narrationem
1947 2835 2140 2888 minus
2165 2835 2353 2888 idonei
2379 2837 2579 2901 simus,
2615 2851 2722 2889 nec
2745 2837 2984 2902 dignum
3010 2837 3466 2903 videaturjmgen
3478 2837 3622 2890 tium
3651 2852 3850 2892 rerum

547 2941 785 3002 exiguos
811 2947 878 2986 ac
903 2944 1114 2998 parvos
1149 2931 1272 2981 fleri
1294 2933 1576 2989 auctores,
1603 2924 2022 2990 praecelsasque
2040 2925 2278 2975 virtutes
2303 2925 2502 2976 humili
2531 2937 2760 2976 narrare
2783 2939 3072 2977 sermone:
3102 2933 3294 2978 tamen
3317 2928 3591 2990 quoniam
3608 2925 3850 2979 fratrum

545 3028 774 3088 caritas,
801 3035 998 3075 eorum
1027 3033 1046 3054 ο
1077 3019 1177 3084 qui
1199 3024 1392 3070 monte
1415 3019 1614 3068 sancto
1637 3014 1838 3066 Oliveti
1862 3017 2244 3075 commanent,
2271 3012 2380 3064 hoc
2402 3026 2436 3064 a
2459 3015 2626 3065 nobis
2659 3011 2786 3082 ||7
2809 3042 2837 3054 -
2868 3013 2997 3082 ||8
3055 3017 3378 3079 frequenter
3435 3015 3709 3080 exposcit,
3785 3021 3855 3068 ut

551 3113 948 3180 Egyptiorum
981 3109 1398 3161 monachorum
1424 3106 1621 3164 vitam,
1650 3105 2002 3166 virtutesque
2029 3103 2220 3166 animi,
2240 3107 2296 3153 et
2317 3103 2534 3154 cultum
2563 3106 2805 3168 pietatis,
2827 3111 3001 3168 atque
3025 3105 3586 3168 abstinentimrobur,
3613 3107 3773 3169 quod
3792 3107 3852 3158 in

542 3205 626 3258 eis
656 3215 848 3254 coram
875 3199 1140 3258 vidimus,
1169 3195 1522 3260 explicemus
1551 3208 1564 3244 :
1589 3192 1852 3258 precibus
1879 3204 2129 3255 ipsorum
2144 3191 2243 3254 qui
2257 3193 2364 3242 hoc
2387 3192 2687 3255 imperant,
2697 3192 3022 3256 iuvandum
3041 3205 3134 3244 me
3155 3193 3411 3255 credens,
3427 3196 3731 3258 aggrediar
3747 3209 3856 3243 non

538 3297 658 3346 tam
669 3305 739 3344 ex
757 3294 813 3340 st
814 3307 839 3353 ἀ
851 3289 904 3341 lo
925 3287 1154 3339 laudem
1170 3287 1483 3348 requirens,
1502 3295 1673 3347 quain
1684 3295 1758 3334 ex
1770 3282 2094 3333 narratione
2105 3293 2296 3332 rerum
2327 3281 2762 3334 mdilicationem
2779 3281 3031 3334 futuram
3055 3284 3377 3347 legentibus
3413 3296 3669 3348 sperans,
3709 3283 3858 3335 dum

547 3386 844 3448 gestorum
869 3376 1267 3439 unusquisque
1293 3374 1688 3424 inﬂammatus
1709 3370 2006 3435 exemplis,
2023 3369 2352 3422 horrescere
2371 3370 2602 3435 quidem
2627 3370 2824 3424 smculi
2839 3371 3154 3434 illecebras,
3179 3372 3387 3425 secrari
3410 3385 3544 3425 vero
3573 3373 3858 3438 quietem,

538 3475 596 3524 et
621 3470 694 3522 ad
721 3468 948 3534 pietitis
973 3465 1244 3518 exercitia
1266 3465 1561 3514 inVit-itur.

607 3559 737 3611 Vidi
762 3569 916 3622 ergo,
951 3560 1011 3608 et
1031 3567 1164 3608 vere
1189 3552 1306 3606 vidi
1331 3553 1668 3603 thesaurum
1693 3549 1903 3600 Christi
1921 3549 1982 3602 in
2005 3549 2276 3602 humanis
2291 3550 2696 3602 absconditum
2708 3550 2978 3618 vasculis,
2993 3563 3284 3616 quemque
3315 3551 3651 3604 thesaurum
3664 3565 3865 3616 reper-

607 3732 624 3751 '
653 3715 1014 3782 Rosweydus
1058 3716 1167 3801 ait:
1215 3713 1454 3801 Elegans'
1489 3713 1714 3791 omnino
1761 3711 2021 3801 Prologus
2063 3728 2158 3776 qui
2187 3730 2236 3801 Α
2258 3711 2484 3801 periodi,
2653 3713 3164 3776 incipit,Quumvis,
3189 3727 3374 3762 sensus
3417 3719 3487 3762 est
3537 3715 3688 3778 apud
3747 3716 3880 3766 ραι-

545 3795 811 3857 Ruﬁnum
835 3804 941 3837 non
967 3788 1167 3836 dedecet
1185 3805 1206 3857 ιγ
1235 3792 1281 3833 et
1305 3787 1350 3832 si
1366 3785 1520 3832 stilus
1555 3783 1613 3830 in
1645 3790 1746 3831 toto
1783 3783 1905 3832 libri
1932 3791 2158 3832 decursu

547 3856 660 3916 non
710 3863 790 3912 ita
818 3859 1152 3924 respondeat.
1183 3856 1284 3906 Sed
1308 3860 1652 3904 narrationes
1688 3870 1756 3904 ese
1775 3860 1984 3904 suntex
2017 3857 2164 3904 Grae-

548 3953 624 3997 co,
661 3942 716 3984 ut
742 3933 975 3999 opinor‘
1009 3970 1022 3983 .
1045 3934 1346 3978 transuta:
1372 3942 1508 3992 quas
1531 3935 1586 3974 ut
1617 3929 1766 3990 apud
1815 3929 2018 3976 Graecos
2059 3929 2163 3976 Itu-

545 4008 667 4058 mili
690 4013 736 4056 et
758 4004 1036 4069 familiari
1057 4003 1176 4050 stilo
1200 4004 1428 4065 scriptas
1474 4000 1698 4058 invenit,
1742 4003 1921 4046 eodem
1952 4013 2164 4062 quoque

548 4080 758 4132 Latinis
799 4079 954 4128 dedit.
989 4076 1222 4138 Ruﬁ-nus
1265 4071 1671 4137 praefationem
1717 4071 1878 4119 libros
1908 4071 2137 4133 Recogni

552 4154 765 4202 tionum
793 4149 1092 4209 Clementis,
1115 4151 1270 4209 (quos
1288 4143 1353 4194 ab
1387 4160 1444 4192 eo
1459 4143 1745 4194 Latinitatt
1773 4145 2018 4201 donatos,
2072 4147 2162 4191 tes-

552 4231 708 4274 tatur
755 4220 1070 4271 Gennadius
1091 4219 1154 4265 in
1180 4216 1433 4278 Catalogo
1459 4217 1652 4280 b‘cript.
1680 4213 1872 4262 Eccles.
1920 4213 2162 4280 0013.17,)

551 4295 612 4345 de
631 4301 843 4344 ratione
879 4288 1258 4339 translationis
1301 4302 1406 4335 suae
1435 4290 1509 4336 ad
1555 4286 1922 4336 Gaudentium
1963 4286 2161 4349 episeo-

546 4383 702 4433 pum,
727 4381 826 4415 cur
848 4366 1037 4411 minus
1063 4368 1262 4409 ornata
1277 4374 1339 4407 ea
1360 4364 1447 4420 sit,
1495 4362 1569 4406 ita
1619 4357 1806 4433 refert:
1827 4359 1919 4433 rln
1963 4359 2165 4409 ceteris

550 4429 770 4501 autem,
793 4441 1076 4500 quantum
1113 4433 1429 4496 potuimus,
1465 4443 1694 4494 operam
1727 4429 2011 4492 dedimus,
2048 4445 2166 4481 non

552 4516 746 4564 solum
781 4522 898 4560 non
920 4520 954 4557 a
979 4504 1302 4562 sententiis,
1331 4505 1430 4553 sed
1453 4515 1557 4552 nec
1577 4515 1612 4552 a
1641 4505 2004 4552 sermonibus
2039 4504 2166 4566 qui-

555 4585 687 4635 dem
707 4588 847 4633 satis
869 4577 1404 4638 elocutionibusque
1424 4573 1730 4624 discedere.
1745 4581 1884 4634 Quae
1897 4587 2169 4634 resquam-

563 4656 654 4706 vis
678 4653 868 4704 minus
891 4653 1176 4710 ornatum,
1202 4660 1387 4710 magis
1413 4651 1606 4696 tamen
1636 4646 1798 4696 lidele
1829 4649 2167 4697 narrationis

559 4726 757 4778 reddit
782 4722 1094 4784 eloqmum.
1128 4720 1192 4768 Ut
1216 4719 1386 4782 igitur
1417 4719 1865 4781 Rccognitionum
1891 4718 2168 4768 Clementis

557 4795 845 4846 translatio
868 4793 1055 4841 minus
1100 4799 1300 4840 ornata
1345 4795 1433 4850 est,
1472 4791 1606 4854 quia
1645 4797 1872 4853 angusto
1907 4791 2168 4839 sermonis

555 4868 684 4918 calle
703 4871 1028 4926 coarctatur,
1051 4877 1222 4928 quam
1247 4862 1604 4910 historiarum
1625 4861 1862 4925 Eusebii,
1885 4863 1977 4910 ubi
1993 4863 2169 4910 liberis

555 4939 798 5007 passibus
824 4939 1086 5002 interpres
1103 4934 1348 4984 ambulat
1377 4939 1423 4984 et
1458 4938 1746 4998 spatiatur,
1769 4935 1976 4982 mirum
2000 4935 2169 4983 videri

554 5029 666 5063 non
707 5009 865 5072 debet,
907 5011 956 5058 si
993 5015 1038 5058 et
1087 5007 1174 5056 hic
1219 5009 1407 5056 minus
1445 5007 1645 5070 ﬂorida
1678 5007 1744 5054 sit
1775 5007 1960 5070 Ruﬁni
1991 5007 2170 5068 dictio,

555 5100 678 5136 cum
698 5089 746 5132 et
787 5081 1030 5132 eamdem
1079 5080 1167 5129 hic
1202 5079 1578 5128 translationis
1595 5085 1866 5129 rationem
1883 5079 2070 5127 iniisse
2091 5078 2173 5125 ii-

2260 3785 2487 3833 mdium.
2514 3786 2916 3836 Roswunts.

2319 3867 2337 3887 ο
2371 3857 2477 3916 Qui
2517 3857 2575 3906 in
2599 3863 2790 3908 incute
2815 3861 3014 3908 sancto
3043 3856 3268 3909 Oliveti.
3297 3856 3434 3920 ]Hic
3458 3856 3874 3922 aliquantulum

2261 3928 2435 3975 variat
2461 3929 2646 3989 tun/ini
2664 3930 2922 3992 Prologus
2937 3945 2972 3977 a
2997 3929 3235 3978 Palladii
3250 3944 3530 3993 procemto.
3550 3931 3878 3990 liu/inusait

2261 4016 2309 4047 se
2350 3999 2494 4048 Vitas
2518 4001 2746 4050 Patr-um
2773 4001 2995 4050 scribere
3018 4002 3075 4049 in
3105 4007 3341 4064 gratiam
3366 4002 3608 4065 fratrum
3629 4003 3689 4049 in
3721 4018 3880 4052 mon-

2263 4077 2307 4120 te
2333 4071 2514 4120 Uliveli
2542 4073 3320 4135 commanentium,Paltadius
3347 4087 3468 4121 vero
3491 4080 3683 4136 rogatu
3707 4074 3881 4124 Lausi

2261 4144 2551 4208 praepositi.
2596 4146 2722 4193 Alia
2763 4160 2972 4208 quoque
3015 4145 3225 4193 diuersa
3249 4148 3496 4208 quaedam
3528 4144 3680 4193 habet
3701 4147 3888 4196 Palla-

2263 4217 2386 4264 dius
2410 4231 2444 4263 a
2467 4216 2685 4280 Ruﬁno,
2709 4225 2766 4264 ut
2797 4217 2942 4280 quod
2970 4217 3252 4266 Palladius
3280 4232 3336 4264 tn
3361 4217 3618 4280 procemio
3643 4217 3796 4280 dicat,
3825 4235 3881 4267 ea

2264 4302 2380 4350 qua
2402 4289 2578 4349 refert,
2602 4302 2652 4335 se
2691 4290 2897 4352 partim
2934 4289 3144 4350 vidisse,
3179 4289 3384 4352 partim
3425 4289 3689 4350 audiisse;
3730 4290 3883 4352 Rufi-

2266 4374 2368 4406 nus
2412 4360 2586 4407 solum
2629 4362 2808 4422 re/‘ert,
2861 4375 2912 4408 se
2963 4359 3461 4421 vidisse,Pattadius
3488 4359 3640 4408 addit
3663 4375 3716 4408 se
3745 4367 3799 4409 et
3825 4364 3885 4409 de

2269 4430 2580 4478 mulieribus
2610 4431 2903 4488 dicturum,
2943 4432 3176 4495 Ruﬁnus
3223 4432 3367 4480 nihil
3410 4435 3470 4480 de
3509 4447 3570 4480 ea
3598 4447 3673 4480 re.
3725 4461 3786 4470 —
3815 4434 3880 4482 1n

2266 4510 2442 4551 mante
2488 4502 2672 4552 Uliteti
2707 4504 2953 4552 cellulam
2988 4519 3144 4552 suam
3191 4509 3237 4552 et
3271 4504 3663 4552 monasterium
3689 4504 3886 4553 habuit

2265 4577 2512 4637 Ruﬁnus.
2563 4577 2719 4624 Testis
2744 4577 2853 4640 ipse
2875 4578 3136 4624 lnvectiva
3171 4575 3220 4628 ‘2.
3258 4577 3530 4638 Alioquin
3566 4576 3614 4626 si
3653 4578 3887 4628 inlicias

2267 4651 2374 4707 eat,
2399 4650 2573 4698 etiam
2606 4654 2780 4698 testes
2806 4649 3511 4712 quamplurimosl'rati-um
3544 4648 3759 4699 habere
3775 4663 3886 4712 pos

2269 4732 2418 4782 sum,
2440 4721 2539 4782 qui
2562 4721 2622 4769 in
2651 4719 2796 4769 meis
2817 4727 3029 4770 cellulis
3041 4726 3361 4777 manentes,
3385 4723 3445 4769 in
3460 4725 3658 4770 monte
3674 4719 3887 4772 Oliveti

2269 4792 2724 4855 quamplurimas
2750 4803 2799 4841 ei
2818 4791 2878 4840 Ci
2913 4792 3102 4842 eronis
3115 4791 3382 4854 Dialogus
3406 4793 3843 4854 descripserunt
3870 4808 3882 4842 :

2268 4876 2399 4926 qum
2413 4875 2512 4913 um
2527 4867 2586 4913 et
2614 4875 2746 4925 ergo
2771 4865 3195 4925 quaterniones,
3224 4874 3357 4912 cum
3380 4863 3710 4914 scriberent.
3757 4864 3875 4914 fre-

2269 4941 2510 4998 quenter
2534 4937 2596 4984 in
2621 4933 2886 4983 inanibus
2924 4936 3080 4984 tenui
3101 4937 3158 4984 et
3181 4932 3351 4996 relegi
3377 4947 3390 4982 :
3417 4940 3470 4984 et
3487 4935 3644 4996 quod
3668 4947 3885 4986 merce~

2271 5010 2373 5058 des
2399 5006 2508 5056 illis
2531 5004 2715 5056 multo
2746 5008 2938 5068 iaigiOi
2953 5020 3015 5056 es
3043 5018 3217 5068 quam
3246 5018 3346 5068 pro
3393 5003 3517 5056 aliis
3578 5006 3882 5069 scripturis

2273 5078 2474 5137 solent,
2497 5078 2570 5128 al)
2593 5083 2705 5126 isto
2732 5077 2812 5127 eis
2838 5080 3129 5139 darentur,
3172 5078 3401 5141 agnovi.
3460 5076 3594 5127 Milii
3647 5090 3884 5140 quoque

557 5157 763 5215 deatur,
790 5169 955 5219 quam
980 5153 1110 5227 iniit
1133 5166 1193 5227 in
1209 5151 1658 5227 Recognitionum
1707 5151 1874 5202 libris.
1921 5151 2064 5201 Sane
2091 5159 2167 5204 vet
2196 5155 2248 5227 B
2269 5152 2375 5227 ipsi
2398 5149 2705 5227 aliquando
2723 5161 2854 5199 eum
2882 5153 2952 5200 de
2977 5147 3778 5227 BetheleiieinrJei'Osolymam
3798 5163 3888 5227 ye-

554 5245 621 5278 ωε
645 5228 886 5278 Palladii
915 5225 1271 5275 translatione
1312 5225 1426 5272 licet
1453 5224 1713 5286 colligere,
1751 5238 1921 5286 quam
1966 5239 2166 5286 parum

555 5303 787 5364 Ruﬁnus
813 5317 848 5348 a
873 5300 1048 5348 Graeco
1079 5302 1226 5345 tea-lu
1258 5297 1510 5354 discedat,
1561 5310 1682 5342 cum
1715 5309 1832 5357 qua:
1877 5295 2032 5342 isthic
2075 5295 2172 5342 Ita-

557 5372 746 5421 bentur
769 5376 834 5420 ab
865 5373 1086 5420 Her-velo
1106 5385 1132 5416 e
1165 5369 1357 5418 Graecis
1389 5382 1657 5431 expressa,
1706 5367 1886 5415 eodem
1917 5381 2067 5430 paene
2110 5373 2174 5422 (et

553 5459 687 5493 nore
723 5444 811 5492 hic
836 5460 871 5492 a
891 5445 1088 5504 [tu/ina
1113 5439 1486 5489 exhibrantur.

615 5516 636 5544 δ
661 5517 744 5566 Ex
769 5516 986 5580 quibus
1011 5526 1129 5578 npn
1155 5514 1342 5562 solum
1365 5511 1532 5561 nobis
1558 5518 1766 5580 caussa
1801 5507 2021 5580 salutis.
2048 5513 2174 5576 elc,]

553 5579 816 5636 Periodtts
855 5591 962 5636 hec
1009 5601 1074 5634 ea:
1133 5582 1386 5634 Palladio
1439 5579 1786 5641 adumbrata,
1833 5579 1926 5627 ubi
1983 5579 2063 5628 ita
2113 5581 2174 5628 in

554 5659 856 5708 Prooemio:
890 5660 961 5711 Ut
985 5670 1088 5710 eos
1111 5658 1460 5708 aemulentur
1479 5664 1547 5704 ac
1569 5652 1866 5702 imitentur
1888 5690 1904 5714 ,
1928 5653 2028 5716 qui
2063 5664 2178 5704 ese.

557 5729 762 5782 lestem
788 5731 992 5782 volunt
1014 5731 1192 5782 vitam
1215 5738 1399 5789 agere,
1427 5728 1484 5774 et
1507 5735 1640 5786 qua
1659 5724 1733 5775 ad
1777 5736 2019 5788 regnum
2063 5736 2178 5777 cae-

556 5792 746 5853 lorum
771 5801 952 5867 ducit,
976 5801 1156 5854 vitam
1178 5795 1419 5863 ingredi,
1443 5800 1581 5867 etc.,
1620 5800 1685 5848 ut
1713 5796 2006 5863 exemplar
2048 5808 2179 5862 pro-

553 5877 834 5938 ponatur,‘
869 5866 1124 5926 et'amor
1177 5869 1458 5923 excitetur
1515 5866 1604 5921 iis.
1675 5867 1863 5919 Etiam
1915 5868 2179 5934 sequentis

2268 5225 2414 5274 nissi
2430 5225 2468 5277 t,
2495 5220 2820 5270 etcooictm
2847 5233 3042 5270 secum
3061 5221 3378 5279 detulisSel,
3404 5223 3587 5282 inquo
3603 5226 3730 5271 erat
3765 5221 3886 5270 Uia-

2273 5295 2438 5357 logus
2469 5293 2578 5342 (κίοι
2596 5303 2773 5351 ronis,
2789 5298 2845 5342 et
2867 5293 3018 5342 idem
3041 5305 3160 5356 ipse
3178 5293 3240 5340 (ἐι
3255 5305 3413 5343 aecus
3439 5294 3710 5354 Platonis,
3729 5293 3885 5356 quod

2271 5365 2702 5428 dederitipsum
2728 5364 3000 5422 codicem,
3043 5371 3101 5414 et
3143 5363 3477 5428 aliquandiu
3518 5364 3689 5415 futrit
3727 5366 3884 5428 apud

2271 5451 2380 5497 ine,
2418 5439 2574 5486 nullo
2597 5448 2805 5499 genere
2830 5449 3038 5500 negare
3075 5445 3278 5502 potest.
3309 5437 3722 5488 Roswnvncs.

2332 5508 2612 5557 ll'allitur
2665 5509 3006 5571 ltosweydus,
3065 5518 3225 5574 utque
3296 5509 3442 5556 enim
3500 5509 3767 5572 interpres
3823 5509 3884 5555 de

2275 5582 2468 5639 Graeco,
2495 5581 2584 5628 sed
2605 5595 2907 5642 prtmartus
2931 5583 2971 5629 Α
2984 5589 3130 5630 uctm-
3161 5581 3424 5644 hujus,est
3466 5579 3614 5628 Libri
3625 5581 3883 5643 Rufinus,

2274 5667 2433 5717 quem
2466 5653 2688 5700 nomine
2737 5653 2922 5703 Sancti
2965 5655 3212 5704 Petronii
3252 5652 3611 5702 Bononiensis
3645 5653 3879 5716 scripsit.

2285 5725 2408 5776 Vide
2431 5738 2548 5788 quae
2568 5723 2773 5790 capiose
2795 5727 2938 5775 dicta
2959 5727 3062 5775 hac
3086 5726 3149 5775 de
3161 5740 3219 5775 re
3241 5726 3448 5775 suntin
3500 5723 3619 5776 Vita
3672 5725 3762 5776 lib.
3807 5724 3885 5774 Il.

2275 5801 2377 5846 toto
2409 5811 2526 5861 cap.
2557 5795 2640 5852 1‘2.
