3898 6404
64 434 166 489 389
1255 437 1596 491 HISTORIA
1649 438 2177 492 MONACHORUM.
3259 439 3363 496 390

50 552 167 598 tum
188 546 356 599 nolui
372 552 673 612 tamquam
696 549 932 601 invidus
957 549 1261 609 occultare,
1290 550 1390 601 sed
1416 550 1583 614 quasi
1610 563 1707 614 pro
1721 550 1916 602 multis
1934 551 2241 604 inventum
2263 550 2513 615 proferre
2539 551 2597 602 in
2620 550 2893 613 medium,
2918 555 2975 603 et
2988 551 3172 603 facere
3199 565 3357 604 cum-

53 649 291 688 munem
316 643 542 690 :certus
567 640 722 702 quod
747 642 964 703 quanto
982 638 1173 704 plures
1189 652 1260 690 ex
1286 652 1352 691 eo
1378 640 1588 691 fuerint
1611 640 1793 695 ditati.
1818 644 1976 692 tanto
1994 642 2132 692 mihi
2155 642 2402 706 amplius
2418 642 2766 705 acquiretur.
2792 644 2907 705 Ego
2933 642 3087 694 enim
3104 642 3359 709 locuple-

49 724 150 774 tior
177 724 337 789 ﬁam,
357 737 493 777 cum
516 724 758 778 aliorum
783 725 940 778 salus
980 726 1283 778 ministerii
1310 726 1422 778 mei
1448 727 1616 778 fuerit
1637 729 1885 791 quaesita
1910 729 2299 780 mercimonio.

110 840 176 889 In
192 838 625 905 principioergo
648 841 992 892 narrationis
1022 846 1234 893 nostra;
1257 842 1459 893 adesse
1472 842 1638 892 nobis
1670 855 1964 906 precamur
1995 843 2236 907 gratiam
2272 842 2500 893 Domini
2522 843 2703 894 nostri
2741 845 2882 895 Jesu
2924 843 3163 907 Christi;
3191 846 3362 908 cujus

59 926 265 977 virtute
290 928 488 979 omnia
508 928 635 980 ham
660 928 885 992 pietatis
896 929 1164 980 exercitia
1190 929 1345 993 apud
1369 930 1595 993 Egypti
1609 930 1923 981 monachos
1938 930 2238 980 habentur.
2265 931 2522 982 Vidimus
2541 931 2693 981 enim
2708 930 2860 994 apud
2882 944 2982 982 eos
3024 931 3237 983 multos
3262 944 3362 996 pa-

50 1019 164 1066 tres
188 1015 494 1068 caalestem
524 1017 701 1069 vitam
725 1018 785 1069 in
811 1021 959 1069 terra
981 1019 1201 1082 positos
1220 1024 1473 1082 agentes,
1497 1022 1748 1071 etnovos
1761 1018 2045 1083 quosdam
2062 1019 2368 1083 prophetas
2389 1024 2504 1070 tam
2518 1020 2827 1071 virtutibus
2843 1020 3034 1080 animi,
3066 1033 3243 1084 quam
3262 1033 3364 1072 va—

45 1105 320 1157 ticinandi
343 1106 530 1158 ofﬁcio
553 1108 882 1171 suscitatos,
896 1108 1105 1171 quibus
1118 1108 1188 1159 ad
1216 1108 1612 1160 testimonium
1628 1109 1976 1172 meritorum,
1994 1122 2100 1159 nec
2119 1109 2417 1173 signorum
2439 1109 2669 1173 quidem
2683 1122 2749 1160 ac
2761 1111 3149 1175 prodigiorum
3170 1109 3366 1161 deerat

49 1192 346 1244 efﬁcacia:
378 1197 435 1244 et
468 1194 694 1246 merito.
738 1195 848 1246 Cur
876 1198 1031 1246 enim
1058 1195 1132 1254 hi,
1164 1195 1264 1258 qui
1287 1195 1429 1246 nihil
1470 1200 1783 1255 terrenum,
1816 1194 1960 1246 nihil
1989 1195 2217 1247 carnale
2256 1195 2512 1259 cupiunt,
2556 1208 2675 1247 non
2718 1197 2896 1261 accipi
2917 1202 2997 1247 :nt
3040 1196 3360 1248 caelestium

49 1284 396 1344 potestatem
435 1285 459 1328 7
482 1282 798 1333 Nonnullos
823 1295 1074 1346 namque
1097 1295 1291 1334 eorum
1315 1283 1393 1333 ita
1407 1284 1480 1334 ab
1505 1283 1661 1335 omni
1690 1282 1924 1334 malitia:
1952 1282 2293 1347 cogitatione
2318 1297 2383 1334 ac
2408 1283 2735 1347 suspicione
2760 1284 3014 1335 vidimus
3034 1283 3364 1342 defaacatos,

45 1372 106 1419 ut
129 1381 237 1420 nec
263 1368 315 1437 si
336 1366 556 1432 aliquid
581 1369 717 1420 mali
733 1369 925 1422 adhuc
945 1375 1239 1434 gereretur
1263 1370 1323 1421 in
1348 1370 1581 1434 smculo,
1596 1370 2013 1422 meminissent.
2041 1371 2222 1422 Tanta
2238 1370 2297 1421 in
2321 1369 2403 1421 eis
2419 1369 2604 1422 inerat
2628 1370 3012 1433 tranquillitas
3034 1371 3227 1433 animi,
3248 1376 3367 1422 tan-

56 1461 271 1520 tusque
291 1458 611 1510 inoleverat
633 1458 716 1511 eis
740 1458 1017 1512 bonitatis
1039 1459 1299 1523 aﬁ‘ectus,
1328 1464 1396 1512 ut
1418 1460 1620 1512 merito
1650 1459 1722 1513 de
1742 1460 1825 1512 eis
1843 1461 2064 1512 dictum
2096 1460 2170 1512 sit
2197 1473 2210 1510 :
2240 1460 2365 1511 Pam
2392 1458 2565 1509 multa
2598 1459 2947 1525 diligentibus
2969 1475 3168 1511 nomen
3195 1465 3351 1510 tuum

50 1548 282 1596 Domine
307 1548 474 1611 {PsaL
504 1546 665 1611 118.).

108 1669 127 1688 ι
144 1660 532 1712 Commanent
558 1665 753 1713 autem
782 1673 1149 1726 pereremum
1163 1660 1409 1726 dispersi
1434 1665 1491 1714 et
1516 1661 1761 1726 separati
1785 1661 2021 1720 cellulis,
2062 1661 2167 1713 sed
2201 1662 2435 1715 caritate
2459 1662 2720 1714 connexi.
2762 1662 2846 1715 Ob
2870 1662 2981 1714 hoc
3003 1665 3199 1714 autem
3225 1659 3362 1713 diri-

50 1753 293 1800 muntur
314 1748 678 1809 habitaculis,
708 1750 772 1800 ut
797 1748 1003 1801 silentii
1027 1749 1218 1813 quiete
1246 1754 1302 1801 et
1320 1749 1640 1801 intentione
1657 1750 1867 1801 mentis
1891 1749 2082 1801 divina
2106 1752 2413 1812 sectantes,
2442 1763 2549 1802 nec
2570 1764 2685 1802 vox
2707 1751 2914 1815 aliqua,
2956 1763 3063 1802 nec
3088 1764 3362 1805 occursus

48 1838 221 1901 ullus,
237 1840 344 1887 aut
379 1848 569 1888 sermo
593 1836 801 1899 aliquis
824 1836 1042 1887 otiosus
1059 1837 1343 1888 obturbet.
1367 1838 1611 1888 Intentis
1635 1849 1768 1901 ergo
1784 1849 1889 1888 suo
1914 1836 2162 1899 quisque
2185 1836 2310 1887 loco
2333 1838 2561 1900 animis,
2596 1836 2756 1889 velut
2787 1839 2919 1888 boni
2942 1839 3119 1902 patris
3155 1838 3367 1890 Christi

49 1927 391 1989 exspectant
404 1924 721 1976 adventum
741 1938 754 1973 :
778 1925 879 1975 aut
903 1927 1200 1986 tamquam
1229 1924 1396 1975 miles
1419 1927 1653 1988 paratus
1682 1924 1742 1975 in
1765 1924 1968 1974 castris
1991 1923 2345 1986 imperatoris
2358 1926 2746 1988 praesentiam,
2774 1925 2863 1975 vel
2897 1930 2959 1977 ut
2988 1924 3186 1977 ﬁdeles
3216 1927 3371 1977 servi

46 2014 456 2065 adventantem
480 2011 781 2062 dominum
802 2012 1107 2074 sustinent,
1138 2011 1457 2063 libertatem
1482 2011 1587 2063 sibi
1603 2010 1809 2075 pariter
1832 2014 1888 2063 et
1906 2022 2140 2062 munera
2163 2011 2519 2074 largiturum.
2538 2011 2752 2063 Omnes
2782 2025 2916 2076 ergo
2942 2012 3227 2065 hinullam
3253 2014 3366 2063 cibi

49 2107 146 2153 aut
170 2100 517 2162 indumenti,
535 2104 638 2151 aut
662 2098 814 2150 illius
839 2100 1045 2150 horum
1067 2098 1509 2150 sollicitudinem
1534 2102 1756 2162 gerunt.
1786 2098 1983 2150 Sciunt
2015 2097 2188 2161 enim,
2230 2098 2383 2161 quia,
2411 2099 2560 2151 sicut
2599 2100 2876 2164 scriptum
2901 2104 3007 2161 est,
3037 2100 3141 2149 hac
3172 2101 3365 2149 omnia

50 2192 234 2238 Gentes
258 2189 500 2252 cogitant
520 2187 734 2249 (Matth.
760 2187 851 2249 6.).
884 2187 997 2251 Ipsi
1026 2199 1156 2238 vero
1169 2186 1457 2250 justitiam
1472 2190 1529 2238 et
1547 2198 1788 2251 regnum
1815 2186 1915 2238 Dei
1936 2185 2275 2262 requirunt:
2302 2190 2359 2236 et
2393 2186 2521 2238 hinc
2554 2187 2752 2238 omnia
2776 2187 3097 2239 secundum
3120 2187 3372 2252 promis-

49 2280 271 2329 sionem
290 2274 607 2329 Silvatoris
632 2278 999 2339 apponuntur
1019 2275 1121 2326 eis.

104 2391 370 2454 Denique
394 2389 625 2454 plurimi
648 2401 861 2450 eorum,
890 2388 939 2439 si
963 2388 1023 2439 in
1044 2387 1237 2452 aliquo
1254 2387 1397 2440 forte
1412 2388 1756 2440 necessariis
1773 2387 1845 2439 ad
1860 2401 2001 2439 usus
2014 2388 2263 2451 corporis
2276 2387 2553 2453 eguerint,
2577 2400 2695 2438 non
2709 2387 2782 2439 ad
2813 2386 3065 2439 humana
3090 2386 3343 2453 perfugia
3357 2426 3370 2453 ,

45 2480 142 2530 sed
175 2478 249 2530 ad
279 2479 459 2529 Deum
487 2476 648 2539 versi,
674 2482 731 2528 et
755 2478 827 2528 ab
850 2476 973 2540 ipso
1000 2481 1296 2539 tamquam
1326 2490 1360 2526 a
1399 2481 1555 2540 pitre
1581 2481 1899 2539 poscentes,
1935 2488 2066 2539 quae
2101 2478 2465 2540 poposcerint
2513 2474 2662 2526 illico
2700 2479 3152 2538 consequuntur.
3182 2476 3364 2527 Tanta

48 2579 304 2630 namque
329 2568 389 2616 in
412 2566 493 2616 eis
519 2566 664 2617 ﬁdes
688 2571 792 2625 est,
814 2576 947 2628 qua),
977 2565 1149 2615 etiam
1176 2562 1492 2622 montibus,
1521 2567 1587 2613 ut
1604 2563 2038 2625 transferantur,
2068 2562 2254 2614 valeat
2277 2562 2571 2626 imperare.
2602 2560 2763 2614 Unde
2788 2564 2843 2612 et
2866 2560 3128 2612 nonnulli
3144 2573 3363 2617 eorum,

48 2655 403 2717 irruptiones
420 2652 583 2703 ﬁuvii
605 2652 681 2703 ita
708 2653 1011 2719 perniciem
1031 2652 1342 2701 vicinarum
1358 2651 1657 2713 regionum
1688 2650 2020 2712 concitatas,
2060 2649 2419 2700 orationibus
2444 2654 2841 2713 represserunt
2876 2648 3021 2712 (Vid.
3062 2648 3211 2700 infra
3242 2660 3368 2712 cap.

50 2746 96 2805 9,
127 2741 202 2791 de
227 2741 582 2791 Patermuto
611 2758 623 2802 ;
666 2754 784 2804 cup.
805 2737 855 2793 2.
881 2738 951 2790 de
974 2741 1275 2800 Ammone,
1304 2750 1426 2802 cap.
1457 2736 1543 2798 11,
1574 2736 1646 2788 de
1671 2736 1927 2800 Heleno.)
1956 2738 2026 2787 Et
2060 2736 2203 2801 pede
2242 2734 2260 2804 |
2284 2733 2369 2805 |9
2406 2734 2552 2804 120
2580 2736 2910 2789 incedentes
2926 2737 3071 2788 alvei
3095 2739 3218 2800 ejus
3246 2750 3373 2802 pro-

50 2831 233 2882 funda
254 2830 503 2895 digressi
532 2834 687 2892 sunt,
707 2829 1103 2892 immanesque
1121 2831 1244 2891 ejus
1280 2827 1493 2879 bestias
1510 2830 1890 2890 peremerunt,
1913 2831 1971 2877 et
1993 2826 2239 2891 plurima
2254 2831 2426 2891 atque
2450 2828 2753 2879 innumera
2778 2827 3105 2891 signa,quae
3126 2829 3199 2879 ab
3224 2830 3375 2891 Apo-

50 2918 220 2970 stolis
251 2921 312 2970 et
334 2918 631 2983 prOphetis
656 2917 971 2981 antiquitus
996 2922 1157 2983 gesta
1178 2916 1419 2979 fuerant,
1438 2917 2006 2975 consummaverunt,
2034 2917 2101 2966 ut
2123 2914 2372 2966 dubitari
2404 2927 2524 2966 non
2547 2914 2772 2981 debeat,
2798 2915 2820 2944 δ
2858 2916 3116 2980 ipsorum
3145 2915 3364 2967 meritis

50 3008 247 3059 adhuc
267 3013 422 3059 stare
444 3008 746 3058 mundum.

114 3121 233 3172 Sed
253 3119 397 3171 illud
425 3119 591 3171 valde
614 3120 825 3171 mirum
850 3124 955 3182 est,
982 3131 1116 3170 cum
1132 3122 1159 3152 "
1186 3129 1410 3182 semper
1430 3130 1448 3151 °
1473 3117 1688 3181 optima
1712 3128 1960 3180 quaeque
1991 3127 2117 3167 rara
2141 3115 2258 3167 sint
2280 3120 2338 3167 et
2362 3115 2630 3177 difﬁcilia,
2645 3116 2706 3167 in
2727 3115 2838 3167 illis
2857 3118 3046 3168 tamen
3059 3119 3370 3180 utrumque

50 3210 270 3273 pariter
294 3207 657 3271 convenisse,
678 3213 742 3259 ut
762 3211 820 3258 et
843 3220 1078 3258 numero
1113 3206 1531 3267 immensisint,
1557 3210 1615 3256 et
1642 3204 1949 3255 virtutibus
1965 3204 2477 3268 imcomparabiles.
2494 3205 2641 3255 Sunt
2657 3206 2812 3255 enim
2824 3203 2912 3255 alii
2934 3205 2994 3255 iu
3024 3204 3369 3255 suburbanis

47 3297 216 3357 locis,
243 3294 345 3347 alii
370 3308 467 3359 per
490 3307 639 3359 rura,
679 3294 871 3359 plures
887 3302 1085 3345 autem
1103 3296 1157 3344 et
1180 3294 1391 3357 egregii
1417 3306 1514 3356 per
1543 3305 1798 3343 eremum
1822 3291 2084 3355 dispersi,
2114 3296 2170 3341 et
2184 3289 2588 3354 velutquidam
2612 3290 2859 3343 caelestis
2874 3293 3160 3343 exercitus
3178 3292 3234 3342 in
3249 3304 3371 3357 pro-

49 3390 254 3439 cinctu
284 3386 528 3450 positus,
561 3391 734 3448 atque
756 3385 817 3435 in
842 3389 865 3436 t
886 3382 1224 3436 ibernaculis
1250 3382 1467 3447 degens
1479 3382 1553 3433 ad
1571 3381 1953 3433 obedientiam
1966 3385 2383 3445 praeceptorum
2395 3381 2512 3445 regi
2526 3382 3042 3445 semperintentus,
3069 3384 3245 3433 armis
3261 3394 3377 3433 ora-

50 3479 285 3528 tionum
321 3486 606 3538 pugnans,
639 3478 695 3524 et
712 3477 875 3524 scuto
890 3472 1021 3523 ﬁdei
1044 3472 1116 3522 ab
1138 3470 1368 3522 inimico
1384 3468 1687 3521 insidiante
1707 3475 2268 3534 protectus,regnum
2281 3470 2388 3519 sibi
2407 3468 2635 3521 cazleste
2653 3470 2958 3535 conquirit.
2974 3472 3122 3522 Sunt
3140 3482 3275 3534 ergo
3295 3481 3376 3521 or-

46 3565 169 3616 nati
196 3575 259 3614 m
282 3559 1530 3625 tribus,quieti,lenes,tranquilli,etcaritatis
1547 3557 1775 3609 vinculo
1792 3559 1945 3609 velut
1971 3556 2219 3621 quadam
2253 3556 2630 3621 germanitate
2672 3559 2983 3611 constricti.
3015 3558 3102 3609 Ad
3138 3558 3376 3610 aemula-

48 3653 277 3703 tionem
317 3661 450 3700 vero
490 3649 767 3700 virtutum
795 3654 1083 3699 certamen
1126 3646 1332 3711 ingens
1357 3650 1627 3698 exercent
1649 3650 1705 3696 et
1735 3658 1968 3710 agones.
1996 3645 2197 3695 Studet
2219 3645 2370 3696 enim
2396 3645 2798 3710 unusquisque
2827 3646 3158 3699 clementior
3178 3644 3375 3706 altero,

50 3737 389 3801 benignior,
415 3735 682 3787 humilior
713 3749 780 3788 ac
799 3735 1102 3801 patientior
1126 3736 1388 3786 inveniri.
1417 3735 1471 3785 Si
1501 3735 1630 3799 quis
1646 3738 1841 3785 autem
1867 3733 2176 3797 sapientior
2199 3733 2424 3785 caeteris
2449 3733 2633 3795 fuerit,
2667 3734 2762 3786 hic
2783 3736 2865 3786 ita
2887 3735 3212 3787 communis
3246 3748 3379 3799 erga

49 3841 267 3881 omnes
293 3830 354 3878 et
375 3823 679 3877 mediocris
703 3825 917 3888 existit,
938 3829 1003 3876 ut
1018 3822 1342 3876 secundum
1368 3822 1704 3875 mandatum
1720 3820 1949 3873 Domini
1972 3821 2233 3873 omnium
2253 3822 2551 3888 minimus,
2567 3828 2623 3876 et
2654 3824 2915 3876 omnium
2931 3835 3135 3875 servus
3156 3834 3285 3875 esse
3330 3823 3385 3874 vi

52 3918 287 3969 deatur.

116 4029 274 4091 Quia
298 4039 437 4089 ergo
464 4026 564 4077 Dei
590 4037 823 4076 munere
848 4024 1125 4076 donatum
1155 4023 1300 4074 mihi
1320 4025 1427 4087 est,
1455 4023 1782 4075 utviderem
1797 4022 2342 4085 eos,etinteressem
2354 4022 2772 4074 conversationi
2786 4035 3005 4087 eorum,
3054 4025 3126 4077 de
3148 4024 3388 4090 singulis

45 4122 171 4183 jam
207 4127 386 4175 nunc,
414 4126 544 4178 quae
567 4114 638 4164 ad
663 4114 997 4164 memoriam
1022 4113 1302 4164 Dominus
1325 4111 1638 4175 reduxerit,
1664 4124 1784 4162 enat
1800 4122 1925 4163 rare
1951 4112 2208 4172 teutabo;
2227 4109 2375 4171 uthi,
2391 4112 2485 4173 qui
2504 4123 2626 4161 nun
2649 4112 2918 4161 viderunt
2931 4124 3027 4163 eos
3043 4112 3369 4176 incorpore,

43 4224 228 4278 Opera
262 4220 466 4261 eorum
491 4208 794 4263 -liscentes.
822 4209 1115 4270 vitamque
1147 4207 1456 4271 perfectam
1475 4205 1961 4257 lectionisindicio
1973 4204 2409 4270 colligentes,ad
2424 4204 2804 4257 imitationem
2825 4210 3005 4258 sancti
3021 4205 3209 4272 operis
3228 4206 3369 4259 invi-

54 4307 283 4363 tentur,
310 4302 368 4349 et
390 4295 657 4363 perfectae
682 4296 979 4361 sapientiae
998 4298 1248 4361 palmam
1283 4297 1374 4348 vel
1397 4295 1689 4360 patientia:
1704 4297 2014 4359 requirant.
2688 4301 2702 4315 ‘

113 4476 132 4495 ·
152 4454 545 4535 Οοωωδηεῃῐ
570 4463 671 4510 aut
692 4471 1060 4535 pereremum
1075 4459 1318 4535 dispersi
1340 4464 1399 4510 et
1424 4459 1668 4535 separati
1694 4464 1753 4535 Α
1780 4528 1792 4535 _
1837 4470 1856 4492 ε
1880 4458 2107 4535 Optima
2130 4470 2377 4535 quinque
2393 4470 2520 4535 rara
2542 4458 2660 4510 sint
2688 4464 2746 4510 et
2767 4459 3056 4523 difﬁcilia]
3088 4461 3241 4511 Vetus
3258 4480 3377 4513 ver-

48 4536 287 4591 cellulis
336 4533 720 4595 Signiﬁcanter
764 4531 905 4579 dixit
944 4531 1187 4595 dispersi
1231 4537 1288 4581 et
1326 4532 1588 4596 separati,
1610 4534 1668 4579 ut

1810 4545 1899 4578 um
1928 4543 1941 4579 :
1966 4530 2169 4582 Χαλεπὰ
2197 4531 2257 4579 τὰ
2285 4528 2433 4580 καλά.

48 4625 166 4660 non
196 4603 523 4660 cenobium,
541 4603 631 4652 sed
650 4603 817 4653 Gellia
851 4618 943 4651 seu
971 4605 1210 4652 Lauram
1232 4603 1556 4652 insinuaret.
1597 4605 1679 4652 Ita

50 4683 142 4732 hic
169 4679 317 4728 libro
342 4678 434 4727 III.
478 4675 650 4741 (cujus
679 4676 843 4723 etiam
884 4681 1073 4723 auctor
1104 4677 1143 4736 ί,
1185 4675 1278 4733 vel,
1306 4676 1568 4740 interpres
1604 4674 1682 4724 υει

48 4751 331 4817 pre/ator
354 4754 487 4797 certe
510 4748 860 4797 existimatur
876 4748 1121 4811 Ruﬁnus)
1142 4762 1293 4797 num.
1319 4746 1443 4801 ‘219.
1467 4750 1606 4798 Nam
1622 4746 1682 4797 in

54 4826 272 4876 eodem
300 4823 428 4872 loco
445 4820 576 4871 circi
588 4824 668 4871 ter
680 4820 932 4883 quinque
946 4819 1121 4871 millia
1136 4820 1338 4870 divisis
1361 4820 1578 4871 cellulis
1591 4820 1685 4870 ha-

53 4897 337 4949 bitabant
356 4907 368 4942 :
384 4892 531 4956 quod
545 4893 885 4954 desumptum
898 4907 963 4940 οδε
981 4893 1042 4943 D.
1080 4893 1413 4957 Hieronymo
1429 4891 1578 4957 epist.
1593 4889 1682 4945 ‘2‘2.

55 4968 133 5018 ad
151 4964 524 5017 Eustochium
540 4964 603 5012 de
618 4968 816 5012 custod.
843 4964 1086 5029 virginit.
1110 4964 1236 5014 Vide
1258 4964 1318 5013 in
1348 4964 1685 5014 Onomastico

59 5040 246 5092 Gellia
279 5042 334 5086 et
351 5039 549 5087 Laura.
578 5037 901 5087 Roswavn.

120 5113 143 5141 ⁵
167 5112 447 5172 Ιριοιιιιιη
466 5108 691 5160 meritis
714 5108 903 5159 adhuc
935 5112 1086 5160 stare
1114 5107 1436 5172 mundum]
1471 5107 1558 5157 Ad
1590 5108 1688 5158 hoc

62 5184 368 5248 respiciens
390 5181 662 5244 Ruﬁnus’
689 5182 775 5231 hic
805 5182 893 5233 lib.
929 5183 1022 5234 ΙΙΙ.
1057 5182 1184 5231 inde
1212 5182 1506 5244 Prologum
1525 5196 1687 5231 suum
1850 5184 1876 5211 “
1912 5180 2314 5244 Expunximus
2338 5181 2387 5227 si
2410 5180 2697 5242 voculam,
2743 5193 2874 5244 qua:
2900 5195 3132 5233 sensum
3158 5179 3387 5234 interci-

63 5257 323 5319 auspicat
333 5270 416 5302 ur.
1787 5254 1994 5317 piebat.

1844 4638 1862 4672 ί
1892 4636 2041 4688 Nihil
2064 4635 2275 4686 minus.
2302 4634 2690 4699 Rosweydum
2714 4636 2989 4689 dedocere
3011 4638 3138 4703 ipsa
3162 4644 3381 4703 poterat

1784 4710 2214 4775 Hieronymiani
2242 4709 2347 4760 loci
2365 4722 2533 4773 quem
2550 4708 2762 4767 laudat,
2776 4710 3037 4764 imitatio.
3064 4713 3172 4763 Sed
3197 4726 3382 4777 neque

1781 4782 2079 4847 interpres,
2104 4794 2292 4845 neque
2340 4781 2607 4845 praefator
2655 4784 2783 4843 ejus
2816 4788 2905 4834 est
2947 4782 3076 4835 libri
3119 4785 3382 4848 Ruﬁnus,

1784 4854 1941 4917 quod
1965 4856 2091 4919 ipsa
2113 4855 2208 4905 illi
2233 4854 2496 4906 Praefatio
2509 4854 2649 4906 satis
2668 4855 2974 4908 manifesto
2989 4857 3222 4909 indicat.
3240 4857 3383 4909 Vide

1782 4939 1891 4977 nos
1922 4926 1980 4977 in
2008 4926 2229 4978 Prmfat.
2252 4926 2522 4992 generali.

1845 4999 1866 5033 2
1896 4998 2124 5049 Minime
2150 5012 2303 5063 vero,
2351 5012 2537 5063 neque
2581 4999 2733 5051 enim
2755 5004 2958 5053 auctor
2992 5001 3118 5064 ejus
3145 5002 3237 5053 est
3256 4998 3381 5052 libri

1787 5072 2051 5124 Ruﬁnus.
2082 5070 2149 5121 Vi
2174 5072 2244 5123 de
2268 5085 2375 5123 nos
2398 5073 2744 5135 praacedenti
2773 5078 2928 5125 nota.
