3898 6394
529 451 3802 480 __________________________________.________________.

847 609 1832 756 HISTORIA

1031 919 1266 970 CAPUT
1302 917 1604 968 PRIMUM.

1015 1046 1092 1085 DE
1117 1044 1348 1086 SANCTO
1375 1042 1392 1062 ¹
1415 1044 1665 1086 JOANNE.

579 1152 824 1204 Primum
841 1151 1018 1215 igitur
1031 1154 1327 1214 tamquam
1340 1163 1472 1201 vere
1487 1149 1925 1200 fundamentum
1937 1147 2115 1198 nostri

511 1241 706 1304 Operis
729 1240 802 1291 ad
826 1241 1156 1303 exemplum
1197 1240 1477 1290 bonorum
1513 1237 1772 1288 omnium
1817 1249 2115 1288 sumamus

507 1330 809 1390 Joannem,
836 1328 934 1390 qui
963 1340 1088 1377 vere
1113 1326 1286 1377 etiam
1310 1325 1467 1376 solus
1482 1326 1619 1376 satis
1645 1337 1929 1388 superque
1957 1326 2116 1376 suill-

506 1417 618 1467 ciit
648 1416 943 1480 religiosas
967 1419 1024 1466 et
1053 1416 1167 1466 Deo
1192 1414 1433 1465 devotas
1466 1417 1693 1464 mentes
1716 1411 1789 1463 ad
1833 1414 2114 1465 virtutum

505 1504 733 1556 culmen
748 1504 982 1567 erigere,
1009 1507 1068 1554 et
1085 1502 1158 1553 ad
1175 1503 1536 1566 perfectionis
1553 1502 1780 1564 fastigia
1804 1502 2112 1554 concitare.

569 1595 738 1644 Hunc
771 1594 922 1642 enim
947 1591 1202 1644 vidimus
1227 1591 1456 1654 (Pallad.
1485 1590 2113 1656 cap.43.)in'l'hebaidis

510 1682 766 1747 partibus
790 1681 845 1732 in
869 1693 1218 1744 eremo,quae
1234 1683 1304 1732 ad
1305 1683 1458 1745 jacet
1473 1681 1693 1732 civitati
1706 1681 1876 1745 Lyco,
1897 1683 1957 1732 in
1973 1694 2112 1746 rupe

510 1771 758 1834 quadam
784 1771 997 1821 montis
1021 1769 1185 1821 ardui
1219 1774 1696 1821 commanentem.
1720 1772 2016 1820 Ascensus
2040 1771 2110 1820 ad

509 1872 642 1910 eum
665 1858 928 1923 difllcilis,
953 1859 1145 1910 aditus
1185 1859 1519 1910 monasterii
1548 1873 1671 1922 ejus
1695 1860 2028 1910 obstructus
2052 1864 2111 1911 et

511 1948 762 2010 clausus,
785 1949 867 2000 ita
883 1951 947 2000 ut
969 1961 1003 2000 a
1027 1949 1466 2014 quadragesimo
1483 1951 1673 2001 astatis
1691 1961 1812 2000 suae
1834 1962 1985 2002 anno
2009 1963 2110 2000 us-

508 2050 617 2102 que
629 2037 700 2088 ad
716 2041 1179 2102 nonagesimum,
1199 2052 1371 2102 quem
1390 2043 1526 2090 tunc
1561 2040 1809 2102 gerebat,
1829 2051 1962 2090 cum
1977 2052 2111 2090 eum

512 2127 784 2192 vidimus,
818 2129 1229 2180 monasterium
1247 2132 1297 2193 ej
1309 2143 1376 2180 us
1392 2127 1911 2180 nullusintraverit.
1932 2128 2111 2180 Adve-

509 2217 800 2268 nientibus
821 2230 950 2268 vero
966 2230 1065 2282 per
1075 2218 1382 2270 fenestram
1399 2231 1461 2270 se
1479 2218 1793 2270 videndum
1818 2219 2112 2282 praebebat
2140 2193 2192 2266 Β

501 2310 558 2356 et
575 2306 708 2358 inde
744 2307 847 2369 eis,
869 2307 961 2359 vel
981 2309 1218 2358 verbum
1235 2309 1334 2358 Dei
1355 2307 1429 2359 ad
1459 2308 1924 2368 aedificationem,
1949 2307 2040 2358 vel
2061 2307 2112 2357 si

506 2408 619 2460 qua
630 2395 1180 2460 fuissetconsolatio,
1197 2410 1474 2462 responsa
1503 2397 1794 2450 reddebat.
1811 2396 2112 2448 Mulierum

515 2488 704 2538 tamen
721 2484 855 2538 illuc
878 2485 1054 2548 nulla,
1086 2500 1194 2539 nec
1221 2488 1294 2539 ad
1318 2492 1693 2552 conspectum
1725 2487 1960 2552 quidem
1983 2489 2110 2550 ejus

511 2577 773 2636 accessit,
799 2575 901 2628 sed
917 2581 973 2628 et
1003 2576 1108 2629 viri
1131 2582 1350 2637 raro,et
1371 2579 1540 2628 certis
1559 2578 1883 2641 quibusque
1899 2580 2113 2641 tempo-

511 2665 690 2716 ribus.
709 2665 919 2717 Cellam
937 2679 1076 2719 sane
1095 2667 1455 2732 hospitalem,
1471 2668 1838 2718 extrinsecus
1851 2666 1972 2718 fleri
1985 2679 2112 2729 per-

509 2755 682 2818 misit,
698 2755 756 2807 in
767 2769 880 2820 qua
891 2756 1276 2810 adventantes
1292 2770 1324 2810 e
1335 2757 1670 2821 longinquis
1685 2759 1974 2818 regionibus
1994 2771 2114 2817 pau—

504 2843 686 2896 lulum
702 2847 1146 2913 requiescerent,
1163 2848 1284 2913 ipse
1307 2859 1436 2900 vero
1447 2846 1800 2898 intrinsecus
1813 2845 1990 2909 solus,
2005 2845 2110 2896 soli

504 2935 620 2986 Deo
643 2949 857 2988 vacans
875 2938 935 2987 [Α
947 2943 1020 2989 nt.
1043 2937 1300 3000 vocans‘,
1319 2948 1439 2988 non
1456 2936 1678 2999 diebus,
1696 2949 1814 2988 non
1842 2937 2110 2988 noctibus

507 3028 542 3068 a
561 3018 858 3082 colloquiis
878 3020 980 3070 Dei
1003 3025 1061 3070 et
1074 3019 1332 3071 oratione
1347 3020 1616 3070 cessabat
1643 3019 1931 3079 ;diviuum
1951 3019 2108 3081 illud,

509 3111 567 3158 et
587 3110 741 3172 quod
766 3121 940 3172 super
959 3121 1192 3160 omnem
1208 3111 1460 3159 mentem
1475 3113 1582 3168 est,
1605 3112 1723 3160 tota
1740 3109 1950 3160 mentis
1966 3109 2113 3172 puri-

511 3200 626 3248 tate
637 3207 996 3249 consectans.
1016 3199 1240 3258 Quanto
1252 3197 1403 3248 enim
1423 3210 1484 3248 se
1501 3199 1573 3248 ab
1588 3198 1862 3249 humanis
1886 3200 2039 3249 curis
2054 3205 2112 3250 et

511 3283 812 3348 colloquiis
837 3287 1252 3348 sequestrabat,
1277 3291 1435 3338 tanto
1451 3286 1530 3336 illi
1549 3287 1786 3338 vicinior
1802 3289 1858 3338 et
1891 3289 2113 3352 propin-

511 3376 677 3440 quior
698 3377 853 3426 Deus
878 3381 1018 3428 erat.
1055 3379 1120 3428 In
1155 3380 1316 3429 tanta
1335 3377 1585 3441 denique
1607 3375 1730 3444 Ι2Ι
1754 3379 1966 3430 mentis
1996 3381 2111 3430 sin-

507 3467 740 3518 ceritate
773 3466 1102 3532 profecerat,
1128 3471 1195 3520 ut
1214 3481 1332 3520 non
1355 3471 1544 3522 solum
1583 3482 1781 3521 eorum
1806 3481 1935 3533 quae
1958 3483 2110 3534 prai-

2017 601 3506 753 MONACHOBUM.

2135 918 2190 989 Α
2276 912 2532 975 Quodam
2573 912 2746 963 etiam
2791 913 3044 974 tempore
3085 908 3314 973 (Pallad.
3360 925 3480 974 cap.
3526 907 3656 972 43.),
3685 922 3824 962 cum

2215 1015 2359 1067 gens
2391 1001 2721 1066 Ethiopum
2741 1003 3064 1052 Romanum
3081 1000 3318 1051 militem
3353 999 3502 1050 circa
3540 1001 3822 1063 Cyrenem

2213 1093 2477 1156 [Syenem
2511 1090 2668 1154 Pall.]
2696 1103 2830 1154 quae
2868 1091 3051 1154 prima
3079 1093 3169 1140 est
3192 1101 3264 1140 ex
3300 1088 3605 1152 Ethiopian
3634 1088 3816 1152 parti-

2213 1182 2322 1232 bus
2335 1179 2638 1230 Thebiidis
2654 1180 2872 1242 civitas)
2888 1179 3222 1240 incursaret,
3247 1181 3305 1228 et
3323 1182 3544 1240 strages
3563 1177 3819 1236 plurimas

2212 1275 2539 1321 nostrorum
2562 1268 2834 1331 dedisset,
2857 1267 3227 1332 prmdaque
3243 1267 3526 1326 duxisset,
3561 1267 3819 1318 venienti

2212 1360 2283 1409 ad
2307 1372 2368 1410 se
2392 1360 2648 1409 Romano
2665 1357 2816 1420 duci,
2839 1361 2898 1408 et
2921 1357 3198 1408 metuenti
3221 1356 3526 1419 conﬂigere
3553 1368 3688 1406 cum
3714 1356 3816 1416 eis,

2215 1447 2366 1512 quod
2377 1448 2616 1510 exiguus
2634 1447 2684 1497 ei
2698 1451 2817 1498 erat
2828 1446 3074 1497 militum
3090 1457 3384 1506 numerus,
3400 1449 3458 1496 et
3472 1445 3656 1494 hostis
3684 1457 3820 1496 con-

2213 1540 2299 1588 tra
2328 1549 2388 1587 se
2412 1537 2714 1587 innumera
2738 1535 3064 1597 multitudo,
3083 1536 3334 1585 Joannes
3367 1535 3653 1584 statutum
3670 1532 3816 1584 desi-

2212 1639 2396 1692 gnans
2431 1626 2618 1677 diem:
2649 1626 2845 1689 Perge,
2875 1626 3080 1689 inquit,
3127 1637 3382 1687 securus,
3408 1623 3499 1674 die
3525 1624 3680 1674 enim
3702 1634 3815 1686 qua

2212 1717 2348 1776 dixi,
2374 1722 2432 1768 et
2454 1716 2679 1768 hostem
2696 1715 3027 1781 prostrabis,
3045 1713 3286 1778 etspolia
3305 1715 3511 1777 capies,
3526 1713 3812 1778 praedam-

2212 1819 2321 1870 que
2353 1807 2665 1858 revocabis.
2701 1811 2863 1867 QUOU
2885 1813 3022 1854 cuin
3061 1804 3269 1854 fuisset
3289 1803 3610 1868 impletum,
3637 1804 3810 1854 etiam

2210 1895 2365 1959 apud
2391 1897 2744 1959 Augustum,
2774 1893 2909 1958 quia
2924 1906 3089 1944 carus
3114 1894 3163 1944 ei
3180 1898 3562 1956 acceptusque
3575 1893 3803 1944 futurus

2210 1989 2382 2041 esset,
2409 1984 2696 2048 praedixit.
2723 1983 2831 2034 Sed
2847 1983 2974 2034 haec
2987 1982 3141 2047 apud
3163 1981 3323 2032 illum
3349 1982 3665 2046 prophetia:
3684 1994 3812 2046 gra-

2210 2076 2290 2126 tia
2313 2075 2392 2126 ita
2415 2074 2750 2137 habebatur,
2795 2077 2858 2124 ut
2880 2073 3066 2135 magis
3101 2071 3443 2123 hocillorum
3463 2071 3560 2135 qui
3580 2085 3812 2136 percon-

2213 2167 2497 2227 tabantur,
2544 2176 2719 2226 quam
2761 2162 2882 2213 suis
2930 2162 3151 2213 meritis
3175 2161 3539 2212 adscriberet.
3573 2161 3811 2213 Dicebat

2211 2254 2361 2303 enim
2395 2265 2513 2304 non
2542 2265 2641 2316 pro
2680 2264 2742 2303 se
2767 2252 2910 2315 haec,
2948 2252 3050 2302 sed
3075 2263 3172 2314 pro
3211 2250 3322 2302 illis
3357 2250 3454 2314 qui
3477 2250 3745 2314 audiunt,
3778 2262 3812 2301 a

2209 2343 2450 2394 Domino
2475 2341 2862 2406 praenuntiari.

2272 2421 2444 2472 Aliud
2462 2434 2689 2486 quoque
2715 2419 2880 2472 valde
2902 2419 3114 2470 mirum
3143 2419 3375 2483 (Pallad.
3415 2433 3534 2484 cap.
3573 2417 3681 2482 43.)
3716 2431 3814 2484 per

2208 2524 2343 2562 eum
2367 2511 2644 2562 Dominus
2659 2509 2930 2562 ostendit.
2948 2509 2968 2537 ι’
2987 2510 3275 2560 Tribunus
3291 2508 3526 2573 quidam
3555 2507 3628 2560 ad
3650 2520 3817 2573 agen-

2207 2601 2347 2653 dum
2369 2599 2611 2652 militem
2654 2612 2918 2664 pergens,
2957 2599 3116 2651 venit
3147 2599 3218 2649 ad
3243 2611 3392 2664 eum,
3425 2603 3484 2650 et
3516 2598 3816 2650 obsecrare

2209 2703 2342 2742 eum
2365 2692 2554 2754 caepit,
2573 2691 2997 2754 utpermitterel
3019 2702 3122 2740 con
3123 2692 3323 2753 jugem
3339 2699 3505 2740 suam
3528 2688 3727 2740 venire
3740 2687 3817 2739 ad

2211 2795 2292 2843 se,
2305 2781 2485 2831 multa
2497 2793 2744 2844 namque
2761 2792 2886 2830 eam
2901 2778 3126 2830 dicebat
3142 2779 3448 2843 pertulisse
3471 2778 3726 2842 pericula
3741 2777 3818 2830 ob

2210 2871 2318 2922 hoc
2348 2872 2588 2930 tantum,
2611 2873 2676 2920 ut
2698 2868 2899 2920 faciem
2922 2870 3052 2932 ejus
3075 2868 3308 2920 videret.
3337 2869 3496 2919 Tunc
3527 2867 3621 2919 ille
3643 2869 3820 2930 negat

2211 2959 2319 3011 sibi
2343 2971 2620 3023 umquam
2643 2959 2818 3010 moris
2846 2959 3022 3010 fuisse
3047 2957 3276 3010 videndi
3299 2957 3584 3018 mulieres,
3599 2960 3654 3008 et
3674 2969 3818 3021 prm-

2209 3050 2389 3116 cipue,
2418 3063 2488 3100 ex
2505 3062 2622 3112 quo
2643 3049 2702 3099 in
2718 3047 2868 3099 illius
2882 3049 3042 3112 rupis
3061 3061 3122 3099 se
3135 3048 3482 3099 monasterio
3499 3047 3816 3098 conclusis-

2210 3146 2317 3193 set.
2343 3141 2631 3190 'l‘ribunus
2671 3138 2922 3203 persistit
2964 3139 3338 3202 obsecrando,
3377 3141 3433 3189 et
3470 3138 3816 3189 conﬁrmare

2209 3229 2392 3296 caapit,
2419 3229 2573 3294 quod
2597 3229 2710 3280 nisi
2736 3227 2952 3280 videret
2988 3241 3140 3290 eum,
3171 3232 3327 3279 esset
3378 3227 3501 3278 sine
3529 3225 3708 3279 dubio
3737 3239 3816 3279 ex

2209 3319 2390 3371 multa
2421 3318 2648 3370 tristitia
2670 3319 2942 3382 peritura.
2972 3319 3229 3380 Cumque
3253 3317 3462 3368 iterum
3501 3329 3568 3367 ac
3593 3316 3815 3381 saepius

2208 3409 2408 3461 eadem
2429 3411 2772 3472 precaretur,
2791 3411 2848 3458 et
2865 3419 3130 3458 caussam
3157 3404 3177 3474 |
3194 3405 3244 3473 2
3255 3404 3304 3472 2
3324 3405 3523 3458 mortis
3539 3418 3673 3458 eum
3685 3418 3815 3458 suae

2207 3499 2330 3562 conj
2341 3497 2469 3560 ugis
2486 3497 2849 3548 conﬁrmaret
2862 3495 3138 3559 futurum,
3156 3501 3329 3559 atque
3341 3496 3474 3547 inde
3488 3495 3812 3560 interitum,

505 3556 692 3608 sentia
706 3561 883 3621 erant,
903 3557 1200 3610 scientiam
1217 3565 1658 3623 consequeretur
1681 3573 1715 3612 a
1731 3561 1994 3624 Domino,
2021 3573 2110 3612 ve—
2139 3569 2188 3644 ρ
2212 3556 2364 3638 unde
2381 3556 2629 3638 gamth
2652 3591 2996 3650 speraverat,
3037 3556 3406 3650 aedem—uram
3430 3600 3446 3635 ε
3490 3591 3606 3637 mm
3629 3556 3812 3637 ﬁdem'

501 3658 630 3697 rum
649 3651 705 3698 et
727 3659 921 3698 eorum
937 3661 1067 3712 quae
1082 3648 1274 3701 futura
1293 3654 1454 3702 erant
1485 3650 1902 3714 preescientiam
1926 3663 2102 3704 mere-

499 3741 670 3788 retur.
695 3735 1000 3789 Evidenter
1013 3753 1262 3803 namque
1281 3743 1332 3791 ei
1346 3741 1626 3792 Dominus
1649 3741 1964 3806 prophetiae
1979 3754 2098 3806 gra-

505 3826 644 3878 tiam
669 3829 942 3880 contulit:
987 3829 1069 3882 ita
1092 3835 1157 3882 ut
1175 3842 1286 3882 non
1305 3835 1534 3882 tantum
1551 3831 1772 3882 civibus
1797 3836 1854 3882 et
1869 3834 2098 3896 provin-

496 3916 733 3969 cialibus
747 3919 886 3983 suis,
901 3919 949 3970 si
967 3919 1109 3972 forte
1124 3925 1609 3984 percontarentur,
1621 3920 1814 3972 futura
1830 3921 2099 3986 praedice-

493 4012 600 4072 ret,
625 4008 727 4062 sed
749 4011 1149 4076 etImperatori
1170 4011 1508 4072 Theodosio,
1536 4014 1628 4064 vel
1663 4025 1808 4076 quos
1838 4013 1970 4064 belli
1989 4013 2100 4063 exi-

498 4101 598 4149 tus
629 4099 932 4152 habiturus
953 4107 1124 4163 esset,
1142 4100 1237 4154 vel
1261 4103 1475 4166 quibus
1491 4102 1678 4153 modis
1694 4103 1994 4154 Victoriam
2013 4115 2098 4154 ca-

499 4192 659 4252 peret
680 4189 752 4242 de
786 4191 1064 4256 tyrannis,
1091 4191 1192 4244 sed
1214 4196 1274 4244 et
1292 4196 1436 4256 quot
1455 4191 1798 4256 irruptiones
1818 4205 2096 4258 passurus

495 4282 654 4330 esset
676 4279 941 4344 gentium
966 4283 1359 4348 barbararum,
1391 4293 1544 4350 stepe
1567 4286 1851 4350 praedixit.

557 4448 830 4517 'Joanne]
885 4454 1342 4520 Martyrologium
1389 4457 1698 4510 Roman-um
1733 4460 1818 4516 27.
1862 4465 2090 4518 Martii:

492 4524 559 4602 In
581 4523 826 4604 {Egypto
923 4527 1162 4604 Joannis
1205 4529 1486 4604 _Eremitae,
1526 4544 1751 4604 magnae
1775 4539 2093 4590 sanctitatis

495 4599 752 4673 viri,rqui
776 4599 922 4673 inter
951 4602 1138 4673 cetera
1161 4599 1432 4673 virtutum
1456 4601 1517 4652 in
1555 4602 1728 4668 iguia,
1762 4608 1934 4658 etiam
1964 4621 2093 4673 pro-

495 4672 718 4734 phetico
743 4669 943 4733 spiritu
965 4669 1183 4732 plenus,
1205 4672 1523 4725 Theodosio
1557 4677 1698 4741 Imp.
1729 4669 1991 4734 victorias
2021 4687 2092 4739 de

498 4744 758 4818 tyrannis
791 4741 1038 4818 Maximo
1073 4748 1140 4818 et
1175 4745 1432 4818 Eugenio
1463 4749 1743 4811 praedimt.
1783 4754 1854 4802 Dc
1881 4757 1995 4818 hoc,
2031 4764 2094 4810 ut

495 4815 762 4894 existimo,
811 4815 1010 4894 Meister/.1
1059 4813 1128 4868 ‘20
1160 4815 1602 4894 Septembmvijan
1646 4828 1732 4872 τοῦ
1764 4818 1814 4872 ἐν
1845 4813 2089 4894 ὁμολόγη-

2199 3689 2374 3741 quam
2394 3677 2884 3741 importunitatem
2913 3677 3039 3740 ejus
3058 3675 3342 3740 aspiciens
3367 3675 3579 3727 senior:
3625 3674 3806 3732 Vade,

2198 3767 2398 3832 inquit,
2427 3767 2644 3819 videbit
2659 3779 2750 3818 me
2775 3770 2902 3831 conj
2914 3780 2990 3817 ux
3009 3771 3107 3818 tua
3121 3766 3230 3818 hac
3249 3771 3418 3818 nocte
3436 3780 3450 3830 ;
3473 3777 3591 3818 non
3605 3770 3808 3818 tamen

2204 3858 2395 3910 veniet
2422 3857 2555 3921 huc,
2577 3856 2678 3908 sed
2692 3857 2753 3908 in
2777 3857 2948 3908 domo
2974 3869 3096 3918 sua,
3114 3859 3288 3920 atque
3310 3857 3369 3908 in
3384 3857 3530 3908 lecto
3555 3868 3663 3907 suo
3686 3867 3808 3907 ma-

2197 3948 2370 3999 nebit.
2411 3948 2546 3998 Post
2574 3947 2702 3998 heec
2728 3948 2899 3998 verba
2931 3946 3194 3998 ascendit
3223 3946 3326 4010 vir,
3365 3945 3807 4010 ambiguitatem

2195 4037 2459 4101 responsi
2473 4050 2512 4088 n
2535 4043 2759 4101 pectore
2776 4049 2881 4088 suo
2901 4049 3161 4088 versans.
3191 4038 3448 4100 Cumque
3470 4035 3597 4087 huic
3627 4035 3806 4088 etiam

2195 4128 2324 4190 conj
2335 4126 2435 4191 ugi
2456 4127 2808 4190 nuntiasset,
2837 4126 3008 4178 simili
3025 4125 3397 4178 nihilominus
3409 4126 3586 4178 etiam
3600 4123 3807 4178 mulier

2193 4216 2474 4269 sermonis
2492 4217 2709 4269 incerto
2732 4216 3096 4282 fatigabatur.
3125 4217 3233 4269 Sed
3251 4216 3349 4268 ubi
3364 4215 3552 4269 somni
3569 4220 3801 4280 tempus

2195 4306 2268 4359 ad
2278 4307 2450 4371 venit,
2465 4306 2812 4360 adest'homo
2826 4307 2924 4359 Dei
2945 4319 3048 4372 per
3069 4307 3283 4368 visum,
3303 4310 3361 4359 et
3384 4306 3671 4358 assistens
3690 4318 3795 4357 mu

2195 4479 2366 4528 sancti
2379 4495 2470 4528 seu
2492 4479 2615 4544 vivi,
2640 4494 2731 4528 seu
2753 4485 3077 4544 postquame
3101 4480 3213 4528 vita
3241 4484 3586 4536 excesserunt,
3617 4493 3801 4542 quan—

2194 4553 2365 4615 doque
2390 4552 2855 4616 vivisappareant.
2894 4552 2960 4600 Et
2981 4557 3100 4616 post
3147 4551 3318 4600 multa
3355 4549 3604 4613 ambigue
3629 4549 3795 4611 dicta,

2196 4625 2337 4672 hanc
2361 4625 2422 4672 de
2443 4625 2656 4673 Joanne
2693 4625 2789 4673 hoc
2813 4624 3154 4672 historiolam
3191 4623 3370 4684 infert.
3399 4622 3594 4673 Talem
3619 4620 3800 4672 fuisse

2191 4697 2542 4748 credendum
2560 4702 2651 4747 est
2672 4696 2831 4747 illum
2845 4698 3128 4747 Joannem
3143 4694 3510 4756 monachum,
3528 4707 3703 4757 quem
3721 4695 3795 4745 de

2193 4768 2322 4819 belli
2347 4769 2528 4819 civilis
2541 4773 2758 4821 eventu
2776 4769 2958 4832 major
2976 4769 3335 4819 Theodosnus
3360 4765 3648 4817 consuluit
3670 4768 3806 4826 impe

2187 4847 2369 4893 rator:
2429 4842 2680 4891 habebat
2707 4840 2919 4904 quippe
2964 4841 3136 4890 etiam
3172 4838 3542 4904 prophetiam.
3591 4839 3788 4900 Neque

494 4896 596 4944 ταῖς
642 4887 866 4976 μςγίοξου
889 4887 1119 4968 Ἰωέννου
1151 4896 1233 4938 τοῦ
1270 4891 1571 4954 Αἰγυπτίιυε
1611 4887 2087 4953 Commemoratzo

2200 4913 2335 4965 anim
2359 4911 2621 4976 singulos
2639 4887 3460 4975 sinjgularmunerumrismrum,
3492 4908 3591 4959 sed
3617 4887 3794 4960 etiam

487 4959 729 5011 Joannis
754 4958 1021 5022 Egyptii,
1037 4960 1270 5010 maximi
1296 4962 1443 5012 inter
1455 4963 1838 5018 Confessores.
1863 4970 2089 5020 Notissi-

487 5045 610 5079 mus
636 5031 722 5105 llic
745 5030 1204 5105 apudﬁcr—iptorcs
1218 5032 1627 5105 Ecclesiasticos.
1654 5038 1728 5086 De
1747 5053 1806 5088 eo
1830 5041 2085 5105 Augusti-

487 5117 592 5151 nus
617 5102 678 5150 de
703 5101 971 5151 Civit.Dei
997 5101 1134 5153 libro
1167 5105 1225 5154 V.
1256 5107 1428 5168 capite
1448 5103 1534 5159 '26.
1570 5109 1862 5158 Cassianus
1888 5101 1976 5164 lib.
1996 5115 2086 5166 [ν.

487 5188 605 5236 cap.
641 5171 728 5226 ‘23.
760 5173 934 5222 Ιηςιίι.
961 5179 1005 5220 et
1039 5175 1224 5225 Uotlat.
1268 5177 1335 5226 ll.
1365 5191 1480 5240 cap.
1521 5187 1574 5242 9-
1605 5187 1649 5226 ει
1675 5181 1863 5232 σοίίαίι
1896 5185 2085 5238 XXIV-

487 5261 606 5309 cap.
633 5243 719 5298 26.
747 5243 1050 5294 Eucherius
1074 5246 1136 5294 de
1161 5247 1319 5295 laude
1335 5249 1516 5312 eremi,
1545 5251 1807 5302 Sidonius
1834 5257 2090 5306 Carmine

491 5317 578 5371 16.
604 5322 649 5365 et
673 5317 770 5364 alii
790 5319 950 5366 varii.

555 5402 744 5448 Frater
784 5397 1134 5446 Theodoricus
1163 5399 1334 5448 Loher
1353 5401 1714 5454 Cartusianus
1749 5405 1810 5454 in
1846 5422 1948 5456 sua
1977 5409 2094 5456 edi-

493 5469 635 5517 tione
659 5469 964 5518 Coloniensi
989 5471 1899 5527 Vituruml’atrumadscribithunc
1921 5481 2088 5529 Joan-

491 5555 613 5588 nem
641 5555 708 5588 επ
726 5542 780 5588 Μ
791 5547 874 5590 art
883 5542 1083 5605 yrotog.
1104 5549 1161 5590 ut
1179 5546 1446 5606 existimo,
1465 5545 1528 5599 ‘25
1560 5548 1787 5611 Aprilis,
1801 5552 1888 5598 sed
1913 5551 1984 5598 ibi
2002 5552 2092 5600 de-

487 5612 596 5687 alio
621 5611 835 5687 Joanne
857 5613 1040 5662 abbate
1064 5617 1264 5678 agitur,
1292 5620 1386 5682 qui
1415 5619 1689 5668 suerone
1719 5623 1955 5671 Isaurico
1989 5639 2092 5687 pro

489 5683 636 5756 cultu
654 5683 968 5746 lmaginum
985 5688 1282 5753 decertavit,
1299 5690 1386 5738 hic
1411 5706 1527 5740 vero
1558 5697 1787 5756 tempore
1817 5683 2093 5744 Theodosii

489 5755 616 5828 fuit,
630 5761 688 5803 ut
701 5762 841 5820 patet
854 5757 942 5806 hic
955 5759 1055 5806 init
1064 5761 1113 5808 io
1124 5766 1167 5808 et
1180 5764 1287 5824 ﬁne
1299 5763 1466 5826 hujus
1476 5755 1685 5828 capitis.
1711 5767 2092 5822 ROSWEYDUS

557 5827 579 5856 δ
603 5829 895 5912 Tribunus
923 5833 1200 5912 quidam.]
1233 5835 1298 5885 D.
1318 5827 1670 5912 Augustin-us
1705 5839 1838 5891 libro
1861 5841 1925 5890 de
1959 5857 2094 5892 cura

500 5914 600 5964 pro
624 5905 855 5954 mortuis
875 5906 1107 5969 agenda,
1153 5920 1270 5970 cap.
1309 5907 1394 5963 16.
1433 5911 1644 5975 diputat
1671 5913 1735 5964 de
1775 5915 1934 5965 modo
1967 5931 2091 5980 quo,

2114 4996 2170 5064 D
2190 4984 2318 5066 plua
2339 4997 2522 5066 unum
2545 4985 2957 5066 habereposse,
2976 4995 3096 5066 non
3107 4983 3351 5065 ambigo.
3381 4983 3636 5066 Joannes
3655 4993 3795 5045 ergo

2185 5057 2294 5108 iste
2309 5057 2532 5107 cuidam
2552 5056 2770 5107 mulieri
2792 5056 3258 5120 νωιὶεἱοεὶεεὶωεθ,
3275 5053 3639 5118 impatienter
3649 5065 3788 5104 eum

2191 5128 2383 5179 videre
2418 5128 2690 5192 cupienti,
2715 5139 2889 5191 atque
2917 5133 2979 5178 ut
3001 5127 3112 5178 hoc
3135 5127 3483 5190 impetraret,
3503 5137 3602 5188 per
3627 5125 3796 5176 mari-

2191 5203 2313 5250 tum
2333 5213 2508 5250 suum
2529 5202 2898 5251 vehementer
2912 5200 3170 5262 instanti,
3187 5212 3320 5250 cum
3337 5201 3426 5248 ille
3440 5197 3636 5260 nollet,
3652 5208 3799 5260 quo-

2189 5273 2344 5322 niam
2373 5271 2430 5321 id
2447 5284 2744 5336 nunquam
2772 5271 3106 5335 permiSerat
3125 5271 3369 5329 feminis,
3385 5268 3563 5329 Vade,
3584 5268 3796 5332 inquit,

2189 5342 2281 5393 dic
2317 5342 2477 5394 uxori
2509 5352 2643 5406 tuae,
2685 5343 2900 5394 videbit
2923 5356 3016 5394 me
3062 5347 3230 5394 nocte
3277 5341 3554 5405 proxima,
3595 5343 3699 5390 sed
3740 5352 3797 5390 in

2192 5415 2430 5464 somnis.
2465 5417 2534 5465 Et
2560 5414 2773 5464 factum
2799 5418 2905 5466 est.
2954 5415 3289 5477 Monuilque
3311 5414 3486 5475 illam,
3513 5410 3795 5476 quidquid

2191 5485 2416 5536 lidelem
2431 5488 2800 5550 conjugatam
2814 5489 2997 5537 ilionei
3013 5487 3029 5536 i
3045 5488 3361 5550 Oportebat.
3376 5491 3518 5544 Quae
3538 5498 3674 5534 cum
3689 5483 3797 5534 evi-

2191 5558 2442 5622 gilasset,
2472 5558 2638 5608 talem
2676 5572 2736 5608 se
2781 5560 2995 5608 vidisse
3034 5558 3322 5608 hominem
3366 5559 3464 5608 Dei
3501 5556 3624 5606 viro
3669 5569 3792 5618 suo,

2192 5634 2419 5692 qualem
2447 5630 2538 5680 ille
2557 5643 2687 5681 eum
2717 5635 2972 5690 noverat,
2992 5631 3194 5692 etquid
3212 5631 3284 5680 ab
3308 5628 3401 5679 illo
3417 5629 3682 5681 audierit.
3711 5630 3796 5679 in-

2192 5701 2424 5752 dlcavit.
2449 5702 2556 5762 Qui
2579 5702 2688 5753 hoc
2703 5705 2775 5754 ab
2793 5704 2874 5752 eis
2903 5703 3194 5765 comperit,
3209 5700 3401 5752 retulit
3416 5700 3554 5750 mihi
3573 5700 3795 5765 virgra-

2193 5774 2283 5824 vis
2313 5779 2368 5824 et
2391 5773 2618 5838 nobilis,
2645 5781 2701 5826 et
2725 5775 3102 5840 dignissimus
3129 5776 3300 5826 credi.
3348 5773 3474 5822 Vide
3506 5773 3794 5837 Tityi-seum

2193 5851 2440 5896 nostrum
2453 5847 2515 5896 de
2530 5849 2700 5897 variis
2715 5848 3144 5914 Apparitionum
3164 5847 3361 5900 modis.
3384 5848 3792 5900 ROSWBYDUS.
