3898 6406
55 436 173 493 393

1282 437 1621 490 HISTORIA
1655 439 2171 492 MONACHORUM.

3284 440 3389 497 394

54 549 214 602 lieri:
247 548 437 612 Fides,
454 548 664 615 inquit,
684 550 786 602 tua
806 560 1017 614 magna
1039 554 1147 610 est,
1173 561 1207 600 o
1229 549 1454 609 mulier,
1480 549 1532 601 ei
1555 549 1682 601 ideo
1706 555 1761 628 Α
1788 555 1853 604 ut
1868 564 1996 605 eam
2020 552 2356 617 perduceret
2366 552 2439 604 ad
2463 552 2755 605 hominem
2772 552 2891 605 Dei.
2906 553 3008 605 Cui
3028 566 3155 606 cum
3167 567 3399 620 respon-

52 639 196 692 veni
223 638 512 692 desiderio
536 642 635 691 tuo
654 638 1006 692 satisfacere:
1026 644 1080 691 te
1096 644 1290 691 tamen
1312 651 1541 700 moneo,
1563 651 1678 691 non

52 733 125 780 ut
140 729 349 781 faciem
370 729 721 793 corporalem
761 742 1064 781 servorum
1096 729 1199 780 Dei
1243 728 1550 794 desideres,
1577 730 1680 782 sed

50 822 121 871 ut
158 820 330 883 gesta
352 823 411 871 et
433 824 597 871 actus
616 831 715 882 per
731 818 993 883 spiritum
1018 819 1436 883 contempleris.
1464 822 1680 880 Spiritus

51 910 218 961 enim
245 914 337 961 est
360 908 459 972 qui
479 908 748 972 vivificat,
766 921 901 960 nam
927 921 1057 960 caro
1092 921 1211 961 non
1254 908 1486 973 prodest
1514 909 1680 972 quid-

49 1012 241 1064 quam
271 999 454 1064 (Joan.
487 998 581 1063 6.).
606 1001 725 1064 Ego
753 1001 946 1051 autem
969 1012 1088 1051 non
1124 1000 1289 1063 quasi
1329 1000 1546 1064 justus,
1577 1006 1679 1053 aut

47 1089 362 1154 propheta,
387 1092 457 1141 ut
470 1093 663 1153 putas,
687 1089 787 1141 sed
804 1100 906 1153 pro
922 1088 1035 1141 ﬂde
1050 1093 1244 1141 vestra
1257 1088 1553 1141 intercessi
1574 1102 1677 1154 pro

47 1177 229 1230 vobis
249 1177 407 1243 apud
423 1176 750 1240 Dominum,
771 1178 829 1228 et
850 1176 1139 1229 concessit
1150 1174 1248 1228 tibi
1261 1176 1517 1229 omnium
1528 1190 1677 1229 mor-

46 1269 277 1319 borum
300 1268 473 1331 (quos
496 1266 556 1318 in
576 1278 808 1331 corpore
838 1269 937 1319 tuo
961 1265 1187 1331 pateris)
1215 1267 1536 1318 sanitatem.
1557 1266 1677 1317 Eris

43 1370 193 1421 ergo
217 1369 298 1409 ex
322 1357 432 1409 hoc
457 1367 601 1408 sana
623 1359 682 1408 et
705 1359 788 1416 tu,
815 1360 873 1408 et
905 1356 992 1407 vir
1017 1360 1173 1419 tuus,
1208 1360 1266 1409 et
1306 1356 1678 1409 benedicetur

44 1446 251 1499 omnis
277 1446 487 1498 domus
504 1452 714 1499 vestra.
739 1444 850 1498 Sed
873 1449 931 1498 et
949 1458 1057 1498 vos
1078 1458 1363 1498 memores
1379 1449 1563 1498 estote
1577 1447 1677 1498 be-

41 1535 246 1589 neﬁcii
272 1548 308 1588 a
336 1537 453 1588 Deo
484 1535 654 1589 vobis
679 1535 888 1599 collati,
909 1539 967 1587 et
989 1534 1186 1587 timete
1209 1535 1517 1588 Dominum
1535 1546 1681 1587 sem-

44 1638 171 1691 per,
184 1638 301 1678 nec
310 1625 558 1690 amplius
575 1637 747 1689 quam
759 1624 1061 1689 stipendiis
1075 1624 1283 1676 vestris
1313 1623 1570 1687 debetur,
1583 1624 1677 1677 ali-

44 1714 192 1779 quid
217 1714 545 1778 requiratis.
568 1713 826 1767 Sufficiat
846 1725 981 1778 ergo
1000 1714 1100 1764 tibi
1124 1712 1252 1777 hoc,
1273 1713 1427 1777 quod
1448 1713 1677 1765 vidisti-

45 1818 145 1857 me
170 1807 235 1856 in
262 1804 503 1865 somnis,
531 1808 590 1856 et
631 1804 882 1867 amplius
919 1815 1036 1855 non
1085 1803 1361 1867 requiras.
1386 1804 1676 1868 Evigilans

1787 640 1948 693 deret
1972 641 2059 694 vir
2074 653 2235 705 suus,
2268 654 2387 693 non
2420 643 2471 693 ei
2495 654 2621 694 esse
2644 642 2822 694 moris
2846 641 3077 695 videndi
3099 644 3396 709 mulieres,

1779 736 1942 794 rogat
1971 734 2036 782 ut
2057 731 2335 783 indicaret
2357 732 2408 782 ei
2434 731 3254 785 tantummodoimbecillitatis
3271 748 3394 787 suae

1779 831 2067 883 caussam,
2093 824 2150 871 et
2172 820 2571 884 deprecaretur
2594 825 2660 872 ut
2682 821 2996 873 orationem
3041 822 3248 876 faceret
3290 836 3393 889 pro

1779 922 1858 961 se.
1889 911 2147 972 Cumque
2181 908 2527 974 legationem
2550 909 2885 974 pertulisset
2898 911 2969 962 ad
2983 924 3117 963 eum
3139 913 3225 965 vir
3241 913 3389 977 ejus,

1778 1010 1949 1049 orans
1975 1002 2035 1050 et
2059 998 2403 1050 benedicens
2430 998 2639 1062 oleum,
2668 999 2844 1051 mittit
2865 1000 2938 1051 ad
2974 1013 3121 1052 eam.
3151 1003 3237 1053 Ex
3274 1014 3390 1066 quo

1776 1100 1876 1152 per
1898 1087 2153 1140 triduum
2178 1088 2518 1153 contingens
2542 1087 2739 1140 oculos
2764 1101 2919 1152 suos,
2951 1090 3142 1143 visum
3157 1091 3389 1157 recepit,

1776 1182 1834 1228 et
1862 1177 1979 1229 Deo
2002 1177 2217 1242 gratias
2240 1178 2375 1241 egit.
2401 1176 2510 1229 Sed
2534 1178 2719 1229 multa
2748 1182 2888 1230 sunt
2919 1179 3046 1243 ejus
3070 1184 3233 1245 gesta
3256 1194 3390 1245 qua:

1775 1278 2038 1319 enarrare
2063 1266 2302 1332 longum
2323 1272 2429 1319 est.
2457 1268 2619 1321 Unde
2642 1267 2873 1322 omissis
2895 1266 2988 1319 his
3015 1269 3242 1323 interim
3255 1283 3389 1335 qum

1774 1356 1977 1409 auditu
2002 1356 2407 1421 comperimus,
2431 1357 2503 1410 ad
2522 1372 2589 1411 ea
2611 1370 2743 1422 quas
2767 1357 2947 1410 oculis
2970 1360 3184 1411 nostris
3200 1359 3391 1425 inspe-

1776 1445 1985 1509 ximus,
2020 1448 2337 1498 veniamus.

1837 1537 1847 1565 ί
1882 1537 2110 1599 Septem
2139 1535 2353 1587 fuimus
2376 1536 2550 1589 simul
2584 1538 2928 1592 comitantes
2976 1539 3209 1604 (Pallad.
3265 1555 3384 1605 cap.

1773 1619 1900 1685 43.),
1926 1622 2023 1685 qui
2050 1621 2122 1674 ad
2147 1634 2280 1675 eum
2314 1623 2616 1676 venimus:
2663 1637 2912 1689 cumque
2966 1626 3388 1680 salutassemus

1773 1722 1925 1773 eum,
1956 1711 2230 1775 omnique
2255 1725 2363 1764 nos
2384 1712 2586 1765 laetitia
2607 1714 2975 1779 suscepisset,
3000 1727 3390 1780 unumquem-

1776 1812 1887 1865 que
1908 1804 2173 1853 nostrum
2194 1802 2451 1866 gratiﬂce
2473 1802 2801 1868 alloquitur,
2821 1809 2877 1856 et
2892 1810 3128 1869 rogatus
3144 1810 3232 1858 est
3246 1819 3280 1857 a
3293 1819 3391 1859 no-

42 1898 255 1948 autem
270 1894 497 1956 mulier,
512 1893 789 1946 indicavit
802 1892 923 1945 viro
939 1904 1045 1944 suo
1066 1905 1196 1956 quas
1217 1892 1663 1956 Videril,qutequo
1775 1890 1885 1954 bis,
1909 1894 1977 1942 ut
1999 1891 2311 1942 orationem
2336 1892 2511 1944 simul
2534 1896 2593 1944 et
2615 1893 3071 1946 benedictionem
3088 1894 3249 1947 daret
3268 1895 3390 1960 (hic

44 1982 329 2046 audierit,
351 1981 452 2034 sed
470 1984 529 2033 et
550 1980 812 2033 habitum
827 1980 935 2032 viri
950 1985 1011 2033 et
1024 1981 1274 2044 vultum,
1290 1985 1466 2045 atque
1482 1980 1675 2033 omnia

46 2073 226 2137 signa
254 2072 383 2134 ejus
405 2070 692 2134 exposuit.
720 2070 898 2134 Super
920 2081 1035 2133 quo
1060 2069 1301 2121 miratus
1327 2068 1411 2122 vir
1432 2075 1578 2135 ejus,
1592 2083 1674 2122 re-

45 2171 300 2225 gressus
324 2158 396 2210 ad
418 2158 706 2211 hominem
732 2157 852 2219 Dei,
878 2157 1093 2222 gratias
1116 2156 1285 2209 refert
1303 2158 1454 2221 Deo;
1491 2161 1542 2210 et
1574 2170 1671 2211 ac-

45 2254 220 2316 cepta
241 2250 320 2302 ab
343 2262 410 2301 eo
434 2247 846 2311 benedictione,
876 2246 1121 2312 perrexit
1141 2246 1201 2299 in
1223 2259 1379 2312 pace.

109 2339 247 2393 Alio
273 2350 509 2403 quoque
526 2336 1021 2402 tempore(Pallad.
1042 2351 1161 2401 cap.
1187 2335 1294 2399 43.)
1326 2336 1673 2401 praepositus

45 2429 295 2494 quidam
304 2427 555 2480 militum
569 2428 717 2478 venit
736 2427 805 2478 ad
825 2438 975 2489 eum,
991 2427 1159 2490 cujus
1174 2439 1317 2477 uxor
1326 2425 1586 2491 gravida,
1597 2428 1670 2478 ab

45 2532 113 2571 eo
138 2517 350 2571 relicta
373 2520 463 2569 est
490 2517 549 2568 in
572 2515 744 2568 domo
774 2528 898 2567 sua.
924 2518 1001 2567 At
1034 2515 1123 2566 illa
1164 2514 1291 2580 ipsa
1313 2515 1403 2567 die
1440 2527 1555 2578 qua
1575 2514 1670 2567 ille

44 2609 117 2660 ad
143 2609 391 2660 beatum
403 2608 690 2677 Joannem
712 2608 964 2665 venerat,
985 2609 1214 2669 partum
1226 2604 1422 2665 edens,
1457 2604 1667 2669 pericli-

43 2699 303 2750 tabatur.
342 2697 509 2748 Tunc
539 2699 774 2747 sanctus
796 2694 971 2745 homo
998 2692 1103 2745 Dei
1139 2692 1234 2744 :Si
1258 2692 1453 2755 scires,
1478 2691 1668 2756 inquit

49 2788 282 2839 donum
308 2785 427 2848 Dei,
456 2784 589 2849 quia
612 2784 714 2836 tibi
745 2783 913 2835 hodie
935 2786 1108 2834 natus
1123 2787 1212 2834 est
1254 2781 1424 2842 illius,
1466 2794 1667 2846 ageres

44 2876 301 2929 Domino
324 2874 559 2940 gratias.
585 2872 693 2925 Sed
719 2871 859 2924 scito
871 2870 1283 2935 matrempueri
1307 2872 1663 2933 periclitatam;

44 2966 240 3018 aderit
264 2968 464 3017 tamen
484 2961 784 3022 Dominus,
811 2964 870 3013 et
888 2959 1143 3012 invenies
1168 2972 1293 3011 eam
1317 2972 1545 3012 sanam:
1586 2960 1666 3011 fe-

44 3057 205 3112 stina
234 3064 398 3117 ergo,
422 3055 481 3104 et
511 3050 648 3114 redi,
678 3055 735 3103 et
756 3048 1019 3102 invenies
1052 3046 1201 3116 I23
1218 3062 1457 3115 puerum
1480 3056 1665 3110 septem

40 3149 296 3206 dierum,
310 3148 369 3196 et
386 3141 616 3195 vocabis
641 3153 849 3192 nomen
866 3140 994 3204 ejus
1015 3141 1326 3192 Joannem:
1346 3138 1442 3190 hic
1461 3139 1669 3192 nutriao

1774 1980 1927 2031 enim
1956 1992 2084 2032 mos
2118 1985 2208 2032 est
2251 1981 2407 2046 apud
2449 1984 2784 2047 Egyptum,
2829 1988 2897 2036 ut
2919 1983 3020 2035 ubi
3048 1984 3390 2039 advenerint

1772 2068 1992 2133 fratres,
2027 2070 2222 2122 statim
2246 2083 2345 2135 per
2363 2072 2677 2123 orationem
2700 2072 2808 2123 sibi
2840 2073 3091 2127 invicem
3113 2074 3388 2140 confcede.

1771 2161 2007 2223 rentur).
2041 2161 2437 2225 Interrogabat
2457 2174 2613 2225 ergo,
2641 2162 2690 2213 si
2734 2162 2863 2227 quis
2908 2162 2969 2214 in
3016 2162 3187 2216 nobis
3231 2167 3387 2217 esset

1771 2246 2012 2301 clericus
2025 2250 2052 2299 ?
2074 2250 2144 2301 Et
2165 2254 2227 2300 ut
2242 2262 2445 2301 omnes
2472 2250 2835 2315 negavimus,
2856 2250 3168 2316 respiciens
3177 2251 3251 2305 ad
3265 2252 3386 2305 sin-

1770 2337 1959 2402 gulos,
1987 2336 2273 2391 intellexit
2295 2348 2424 2391 esse
2447 2338 2594 2391 inter
2621 2352 2728 2392 nos
2752 2340 3080 2405 quemdam,
3097 2341 3198 2405 qui
3209 2342 3383 2408 hujus

1770 2430 1893 2479 erat
1915 2426 2136 2479 ordinis
2161 2429 2202 2489 9,
2230 2427 2334 2479 sed
2362 2427 2536 2479 latere
2567 2427 2716 2496 I24
2745 2429 3040 2495 cupiebat;
3064 2435 3185 2484 erat
3226 2432 3381 2485 enim

1768 2514 2074 2567 diaconus:
2100 2517 2157 2567 et
2192 2515 2303 2568 hoc
2342 2521 2553 2581 praeter
2582 2530 2767 2569 unum
2791 2517 2981 2570 solum
3004 2519 3102 2583 qui
3145 2521 3195 2572 ei
3227 2520 3381 2574 fidus

1768 2609 1904 2673 erat,
1940 2604 2114 2657 etiam
2136 2604 2247 2669 ipsi
2261 2605 2480 2657 itineris
2505 2607 2744 2659 comites
2761 2608 3119 2671 ignorabant.
3137 2610 3384 2662 Visurus

1766 2694 1921 2747 enim
1952 2694 2094 2747 tales
2118 2707 2184 2747 ac
2208 2697 2399 2747 tantos
2415 2695 2563 2748 viros
2588 2696 2927 2749 humilitatis
2967 2699 3149 2763 gratia
3196 2700 3383 2753 celare

1764 2783 1949 2837 voluit
1971 2784 2186 2848 gradus
2212 2784 2302 2836 sui
2345 2784 2642 2850 honorem,
2667 2790 2734 2838 ut
2771 2786 3000 2840 inferior
3026 2787 3383 2842 inveniretur

1760 2887 1829 2955 in
1851 2873 2049 2926 ordine
2072 2873 2185 2937 his,
2210 2873 2444 2938 quibus,
2468 2886 2531 2926 se
2542 2874 2865 2927 inferiorem
2885 2888 3019 2928 esse
3049 2877 3268 2930 meritis
3283 2879 3381 2944 ju-

1763 2965 2011 3018 dicabat.
2034 2965 2281 3015 Smctus
2304 2976 2439 3027 ergo
2454 2965 2708 3015 Joannes
2737 2968 2802 3016 ut
2824 2978 2955 3017 eum
2978 2966 3138 3033 vidit,
3164 2973 3222 3021 et
3245 2972 3379 3034 qui-

1766 3055 1897 3107 dem
1921 3065 2055 3105 cum
2077 3056 2229 3104 esset
2250 3051 2664 3105 adolescentior
2705 3054 2927 3118 ceteris,
2961 3054 3140 3122 digito
3185 3062 3382 3113 osten-

1768 3144 1913 3209 dens
1935 3155 2095 3195 eum:
2122 3142 2245 3205 Hic,
2280 3141 2484 3207 inquit,
2510 3141 2786 3195 diaconus
2811 3146 2918 3196 est.
2952 3146 3020 3196 Et
3043 3159 3174 3199 cum
3190 3148 3379 3203 adhuc

48 3242 143 3288 tur
177 3235 243 3287 in
267 3205 445 3285 domo
462 3231 787 3295 tuaabsque
806 3229 924 3282 ulla
956 3229 1437 3282 contaminatione
1451 3229 1656 3282 Gentill
1682 3205 1731 3280 Ο
1765 3205 1973 3297 negare
1999 3233 2262 3297 tentaret,
2286 3205 2723 3296 apprehendens
2749 3245 2881 3285 eum
2894 3246 3073 3287 manu
3098 3249 3204 3290 sua
3214 3250 3383 3293 oscu-

44 3331 274 3391 septem
299 3322 541 3384 annuis;
567 3322 774 3385 quibus
793 3319 1053 3385 peractis,
1077 3319 1236 3370 trade
1250 3331 1382 3370 eum
1407 3322 1665 3369 monachis

44 3411 438 3466 erudiendum
462 3409 676 3460 sanctis
703 3412 763 3459 et
795 3406 1122 3459 caelestibus
1146 3405 1482 3470 disciplinis.

107 3501 318 3555 Multis
356 3502 638 3564 praeterea
686 3496 761 3549 ad
812 3508 874 3548 se
895 3495 1264 3549 venientibus
1290 3494 1523 3556 (Pallad.
1559 3510 1661 3560 cap

45 3591 179 3657 43.),
209 3591 342 3643 sive
366 3586 835 3655 provincialibus,
890 3586 1017 3639 sive
1053 3586 1397 3652 peregrinis,
1423 3598 1557 3639 cum
1576 3598 1668 3637 res

40 3680 434 3748 poposcisset,
460 3677 687 3730 occulta
719 3675 910 3729 cordis
948 3689 1148 3730 eorum
1206 3676 1516 3739 indicabat,
1534 3677 1588 3727 et
1617 3674 1666 3727 si

40 3770 185 3837 quid
208 3769 361 3823 forte
388 3766 605 3832 peccati
627 3767 700 3820 ab
737 3766 821 3819 eis
855 3766 916 3818 in
946 3766 1170 3819 occulto
1213 3765 1420 3818 fuisset
1462 3766 1668 3818 admis-

40 3874 195 3925 sum,
227 3857 515 3912 secretius
545 3856 856 3922 corripiens
890 3856 1202 3921 arguebat,
1229 3858 1285 3908 et
1321 3855 1390 3907 ad
1430 3854 1674 3907 emenda

44 3953 270 4005 tionem
319 3960 389 4000 ac
434 3946 835 4013 paenitentiam
886 3945 1257 4011 provocabat.
1308 3944 1415 3996 Nili
1442 3956 1673 4008 quoque

40 4040 309 4095 numinis
331 4037 453 4090 sive
474 4036 889 4089 abundantiam
911 4048 1208 4100 aquarum,
1235 4033 1357 4086 sive
1368 4034 1667 4099 penuriam

40 4132 305 4184 futuram
354 4139 484 4181 esse
537 4125 886 4192 prmdicebat
919 4126 1027 4190 [Αι.
1063 4124 1451 4190 prasdicabat].
1478 4123 1586 4176 Sed
1611 4131 1670 4176 et

42 4222 89 4273 si
118 4221 275 4274 forte
300 4230 373 4270 ex
400 4218 614 4270 offensa
635 4216 937 4269 hominum
960 4215 1130 4281 plaga
1155 4214 1347 4279 aliqua
1381 4219 1441 4267 et
1483 4225 1671 4267 corre-

41 4312 162 4376 ptio
233 4320 270 4359 a
315 4308 434 4360 Deo
502 4305 848 4365 immineret,
924 4304 1197 4357 similiter
1258 4303 1667 4369 praemonebat,

42 4404 98 4453 et
122 4400 175 4453 si
203 4397 348 4463 quid
384 4408 608 4449 caussa:
655 4400 830 4457 esset,
884 4407 986 4461 pro
1026 4406 1142 4459 qua
1190 4393 1667 4455 introduceretur,

44 4486 376 4553 castigatio,
414 4485 770 4550 designabat.
814 4484 1096 4537 Sanitates
1148 4495 1383 4548 quoque
1408 4488 1467 4536 et
1499 4496 1666 4536 curas

1764 3323 1932 3396 latur,
1986 3326 2045 3374 et
2086 3320 2234 3373 dixit
2270 3320 2417 3382 Noli,
2463 3321 2564 3385 ﬁli,
2606 3334 2818 3385 negare
2854 3325 3099 3388 gratiam
3148 3326 3263 3390 Dei,
3307 3341 3382 3381 ne

1764 3398 2024 3465 lncurras
2048 3423 2147 3475 pro
2168 3411 2319 3462 bono
2336 3411 2573 3475 malum,
2611 3423 2714 3475 pro
2760 3412 3095 3468 humilitate
3141 3416 3380 3470 menda-

1765 3501 1937 3554 cium.
1960 3499 2294 3552 Cavendum
2316 3512 2567 3564 namque
2584 3504 2673 3552 est
2700 3502 3052 3555 omnimodis
3064 3507 3382 3558 mendacium

1768 3591 1890 3644 sive
1913 3604 2014 3657 pro
2027 3590 2192 3654 malo,
2208 3590 2329 3642 sive
2346 3592 2519 3642 etiam
2539 3603 2641 3655 pro
2663 3592 2814 3644 bono
2825 3592 3059 3657 proferri
3087 3595 3382 3673 videatur;

1767 3682 1903 3746 quia
1926 3693 2093 3733 omne
2115 3680 2481 3732 mendacium
2504 3693 2623 3733 non
2644 3686 2735 3734 est
2761 3694 2796 3734 a
2819 3683 2957 3747 Deo,
2976 3684 3076 3736 sed
3111 3684 3261 3738 sicut
3281 3689 3383 3737 Sal‘

1767 3774 1931 3824 vatur
1971 3769 2130 3832 dicit,
2174 3782 2210 3821 a
2252 3769 2404 3821 malo
2446 3773 2537 3822 est
2573 3769 2855 3835 (Matth.3;
2887 3772 3052 3825 Joan.
3083 3772 3173 3838 8.).
3194 3776 3381 3830 Atille

1764 3859 1857 3913 his
1870 3858 2080 3912 auditis
2092 3858 2398 3922 acquievit,
2424 3858 2811 3924 blandamque
2827 3860 2953 3925 ejus
2965 3864 3381 3927 correptionem

1766 3948 2165 4013 aaquanimiter
2189 3946 2344 3999 tulit:
2370 3952 2429 4000 et
2448 3960 2581 4000 cum
2604 3949 2917 4001 orationem
2940 3951 3185 4004 Domino
3210 3953 3381 4007 obtu-

1765 4038 2054 4099 lissemus,
2079 4038 2211 4101 post
2242 4037 2416 4088 finem
2438 4038 2682 4101 unuSZex
2705 4037 2976 4091 fratribus
2991 4042 3206 4093 nostris
3232 4051 3250 4072 ·
3268 4047 3382 4096 ter-

1766 4126 1922 4179 ti-lno
1948 4130 2082 4191 typo
2115 4125 2459 4190 gravissime
2487 4126 2902 4191 vexabatur,et
2921 4129 3159 4193 rogabat
3188 4129 3379 4183 homi-

1767 4228 1902 4269 nem
1925 4215 2046 4278 Dei,
2066 4220 2131 4267 ut
2164 4215 2236 4266 ab
2265 4227 2332 4267 eo
2357 4219 2676 4280 curaretur;
2703 4216 2802 4280 qui
2821 4217 2902 4269 ait
2936 4219 3007 4269 ad
3032 4231 3194 4272 eum:
3238 4221 3380 4274 Rem

1771 4306 1872 4358 tibi
1891 4305 2277 4358 necessariam
2298 4304 2460 4370 cupis
2491 4306 2764 4370 abjicere;
2792 4311 2856 4359 ut
2870 4307 3024 4359 enim
3045 4321 3281 4374 corpora
3295 4310 3379 4362 ni-

1769 4397 1856 4447 tro
1869 4397 1960 4447 vel
1976 4395 2106 4446 aliis
2118 4394 2215 4459 huj
2225 4394 2455 4447 usmodi
2477 4394 2804 4448 lenimentis
2825 4397 3138 4449 abluuntur
3160 4410 3195 4450 a
3206 4398 3379 4451 sordi-

1766 4484 1878 4536 bus
1897 4499 1910 4536 :
1922 4484 2004 4536 ita
2016 4483 2226 4535 animae
2237 4483 2631 4547 languoribus,
2644 4484 2882 4548 aliisque
2894 4484 2993 4549 huj
3002 4486 3228 4539 usmodi
3238 4490 3379 4536 casti-

45 4588 378 4644 corporum,
402 4575 483 4629 ita
504 4574 951 4640 deposcentibus
980 4572 1325 4638 conferebat,
1357 4578 1424 4625 ut
1446 4586 1677 4627 omnem
1701 4573 2099 4653 Dgationibus
2122 4572 2512 4638 purificantur.
2530 4576 2600 4626 Et
2614 4576 2814 4638 postea
2835 4587 3009 4638 quam
3037 4574 3108 4629 de
3130 4575 3222 4628 his
3233 4579 3380 4628 nobis

45 4681 116 4721 ex
140 4667 260 4719 hoc
270 4664 609 4731 jactantiam
633 4664 867 4729 fugeret.
888 4664 1015 4717 Non
1030 4663 1182 4715 enim
1202 4663 1571 4729 permittebat
1596 4664 1671 4717 ad

47 4772 106 4811 se
129 4755 634 4811 incommodantes
649 4755 824 4820 [Forte
838 4753 933 4819 leg.
951 4752 1430 4818 incommodatos]
1445 4754 1669 4819 deferri,

45 4848 146 4901 sed
180 4845 533 4900 benedicens
556 4845 748 4899 oleum
772 4843 964 4909 dabat,
986 4857 1058 4897 ex
1083 4857 1197 4910 quo
1225 4844 1507 4910 peruncti,
1542 4844 1669 4897 sani

46 4939 263 4991 fierent
283 4948 320 4989 a
347 4946 704 5002 quacumque
725 4934 1012 4987 infirmata
1035 4938 1384 4988 tenerentur.

106 5026 411 5083 Senatoris
445 5024 750 5091 cujusdam
788 5023 1021 5089 (Pallad.
1060 5039 1179 5090 cap.
1218 5024 1319 5090 43.)
1363 5024 1669 5090 aliquando

50 5131 205 5173 uxor
226 5117 518 5172 excaecata
531 5118 642 5170 est:
662 5115 790 5170 hinc
811 5114 1226 5182 deprecabatur
1246 5115 1436 5169 virum
1471 5128 1666 5168 suum.

111 5300 129 5320 ·
199 5287 468 5341 Tertiano
511 5290 649 5353 typo
693 5286 1035 5353 gravissime
1078 5286 1437 5350 vexabatur.]
1488 5286 1668 5352 Inepte

50 5362 338 5412 Goldastus
371 5360 667 5423 haereticus,
691 5359 936 5413 tertiono
980 5372 1211 5425 pyrepo,
1253 5358 1464 5408 divinat
1494 5358 1669 5422 legen-

51 5436 201 5484 dum.
217 5434 422 5484 Rarior
444 5432 661 5497 quidem
673 5447 778 5481 vox
790 5437 834 5481 et
845 5432 1171 5495 significatio
1190 5431 1325 5496 lypi,
1343 5437 1473 5481 nota
1487 5437 1626 5481 tame
1647 5446 1665 5479 ι

55 5508 273 5571 Galerio,
318 5505 417 5571 qui
464 5502 663 5554 librum
684 5505 795 5571 περὶ
835 5505 1000 5555 τύπων
1036 5504 1266 5567 scripsit,
1314 5509 1489 5553 etesse
1540 5504 1673 5553 dici.

52 5580 178 5637 τάξιν
207 5572 477 5633 ἐπιτάσεως
504 5577 589 5628 καὶ
621 5572 836 5633 ἀνέσεως
858 5575 917 5623 id
951 5580 1041 5638 est,
1075 5576 1331 5626 ordinem
1373 5575 1588 5626 extenti
1620 5600 1661 5621 ο-

51 5651 140 5703 n'ls
157 5655 214 5703 et
231 5647 593 5703 remissionis
635 5648 694 5698 in
729 5646 1000 5700 febribus.
1050 5646 1234 5696 Oratio
1272 5646 1341 5697 est
1379 5648 1438 5696 in
1466 5646 1668 5696 Sarra-

56 5723 325 5774 mentario
351 5720 408 5774 S.
435 5719 679 5785 Gregorii
698 5724 888 5770 contra
916 5725 1113 5785 typum
1133 5719 1426 5770 tertianam
1450 5720 1526 5772 vet
1541 5735 1667 5786 quo-

57 5792 624 5848 tidianum.laidorus
647 5790 850 5845 tib.lV.
889 5805 1008 5858 cap.
1035 5788 1086 5849 7.
1128 5789 1274 5857 Orig.
1300 5791 1485 5860 Typhi
1529 5797 1666 5850 sunt

61 5866 282 5935 frigidm
305 5865 515 5933 febres,
540 5875 671 5934 qua
708 5863 953 5921 abusive
985 5863 1148 5933 typhi
1190 5863 1551 5943 appellantur
1591 5867 1665 5923 ab

347 5984 641 6045 Paraot.
682 5983 851 6046 XXI.

1769 4661 1953 4714 multa
1976 4674 2074 4727 per
2095 4661 2417 4715 doctrinam
2454 4662 2759 4726 mysticam
2804 4662 3093 4729 disseruit,
3144 4665 3381 4719 benedi-

1769 4764 1905 4806 cens
1930 4756 2123 4804 tamen
2155 4751 2344 4805 oleum
2386 4751 2545 4804 dedit
2593 4754 2664 4817 ei,
2717 4765 2832 4816 quo
2876 4757 3189 4819 perunctus
3225 4767 3381 4821 aeger

1769 4853 2003 4895 omnem
2026 4842 2298 4895 continuo
2320 4841 2739 4895 abundantiam
2763 4842 2904 4896 fellis
2920 4845 3195 4907 evomuit,
3221 4850 3278 4898 et
3297 4857 3381 4898 sa-

1767 4931 2052 4986 nissimus
2076 4932 2354 4997 redditus,
2379 4933 2627 4998 pedibus
2654 4933 2778 4986 suis
2799 4933 2871 4986 ad
2892 4933 3270 4988 diversorium
3293 4947 3382 4989 re-

1767 5022 1889 5076 diit.
1925 5022 2062 5075 Post
2080 5021 2208 5075 haec
2231 5021 2401 5085 jubet
2422 5022 2609 5076 ofﬁcia
2663 5035 2800 5089 erga
2844 5036 2953 5077 nos
3000 5024 3379 5078 humanitatis

1765 5114 1940 5178 atque
1961 5108 2367 5175 hospitalitatis
2392 5112 2628 5177 expleri,
2650 5116 2711 5166 et
2732 5114 2986 5181 corporis
3009 5126 3207 5169 curam
3231 5114 3375 5181 geri:

1764 5284 1946 5338 herba
1956 5281 2360 5349 queejnascitur
2383 5282 2447 5334 in
2465 5295 2634 5348 aqua.
2658 5283 2763 5335 Sed
2774 5284 2837 5335 in
2862 5299 2921 5336 re
2943 5284 3159 5338 modica
3178 5285 3379 5338 Gateno

1760 5376 1775 5425 γ
1800 5358 1942 5409 υιίοτ·
1964 5356 2107 5420 ﬁdas.
2137 5357 2540 5407 Roswavnus.

1832 5430 1986 5480 1Hic
2008 5427 2275 5492 quaedam
2300 5427 2372 5478 de
2424 5428 2613 5491 seipso
2654 5426 2944 5480 interserit
2988 5427 3271 5481 Palladius
3321 5427 3380 5482 in

1766 5502 2007 5555 historia
2032 5499 2308 5551 Lausiaca
2332 5511 2463 5562 quae
2488 5499 2579 5550 hic
2604 5499 2833 5551 desunt.

1828 5576 1849 5608 ²
1875 5576 2003 5639 Ipse
2030 5571 2101 5625 de
2130 5584 2190 5623 se
2214 5570 2371 5635 loqui
2404 5570 2645 5632 videtur,
2665 5573 2833 5636 cujus
2856 5571 2983 5624 haec
3003 5570 3235 5624 nomine
3249 5572 3377 5623 scri-

1765 5651 1863 5711 pta
1893 5648 2049 5709 sunt,
2077 5644 2128 5695 S.
2156 5643 2456 5696 Petronius
2496 5642 2891 5695 Bononiensis.
2943 5642 3275 5695 Gennadius
3308 5643 3379 5696 de

1763 5717 1887 5779 illo:
1908 5716 2324 5778 Monachorum,
2351 5714 2449 5778 ait,
2472 5713 2668 5767 studiis
2692 5714 2759 5768 ab
2788 5714 3143 5767 adolescentia
3173 5715 3378 5768 excrci-

1768 5794 1927 5853 tatus,
1953 5791 2224 5861 scripsisse
2245 5794 2474 5856 putatur
2521 5789 2663 5841 Vitas
2706 5790 2938 5843 Palmm
2982 5787 3378 5841 Monachorum

1766 5864 2006 5931 ﬁgypli.

2959 5975 3019 6041 l3
