3898 6394
603 428 707 484 395

604 545 662 592 et
683 541 806 604 ipse
819 552 949 592 vero
974 541 1060 591 sui
1074 540 1387 603 negligens,
1414 540 1593 590 nostri
1614 539 1889 591 sollicitus
1907 544 2040 591 erat.
2055 542 2206 591 Jam-

606 630 760 681 enim
806 629 1191 681 continuousu
1215 629 1409 691 etjugi
1432 629 1849 682 consuetudine
1874 629 2121 693 recipere
2135 628 2207 678 ci-

603 716 742 766 bum
772 714 883 765 nisi
902 714 962 765 in
987 726 1223 778 vespera
1245 718 1485 777 poterat,
1511 717 1566 766 et
1588 715 1742 766 hunc
1765 716 2035 780 exiguum
2058 719 2208 766 :erat

600 805 751 855 enim
776 806 1126 864 attenuatus,
1153 808 1210 855 et
1228 803 1369 855 aridi
1390 804 1659 868 corporis,
1688 816 1807 869 prae
1827 804 2201 856 abstinentia:

1647 430 1887 481 RUFINI
1922 430 2414 491 AQUILEIENSIS
2450 430 2884 480 PRESBYTERI

3821 436 3859 485 3!

2226 544 2282 616 Α
2306 542 2629 605 abjecerint,
2654 541 2733 591 ita
2756 546 2939 605 agunt
2962 544 3016 593 et
3047 544 3127 593 ita
3153 543 3432 601 sentiunt,
3455 554 3626 606 quasn
3668 546 3860 595 emine}

2313 632 2482 682 tiores
2510 632 2625 681 sint
2668 630 2794 691 illis,
2839 632 3051 695 quibus
3099 632 3312 696 aliquid
3354 632 3544 695 largiti
3590 638 3758 685 sunt.
3804 635 3858 684 Al

2310 731 2446 774 vero
2475 716 2625 787 I26
2658 724 2746 776 est
2769 721 3059 786 jactantiae
3084 720 3325 785 species,
3359 733 3492 772 cum
3524 722 3660 784 quis
3677 721 3750 772 ad
3773 736 3860 772 sur

2307 828 2464 867 mam
2488 818 2758 868 virtutem
2783 812 3139 877 perveniens,
3165 822 3279 860 non
3304 814 3487 861 totum
3510 812 3650 873 Deo,
3685 810 3785 861 sed
3805 823 3860 860 su

600 891 786 955 capilli
814 893 938 955 eius
959 896 1017 943 ει
1040 893 1217 943 barba
1232 892 1398 955 (Ιυειεί
1421 906 1493 944 ex
1515 892 1788 957 languore
1812 893 1988 944 nimio
1999 904 2125 943 rara
2148 896 2207 944 θῐ
2305 908 2593 958 laboribus
2618 917 2685 957 ac
2710 902 2915 957 studiis
2946 900 3213 965 deputat:
3247 904 3304 951 et
3325 899 3463 950 dum
3489 900 3562 950 ab
3585 898 3860 951 hominibi

600 980 809 1045 tenuis,
823 983 1021 1045 utpote
1033 994 1204 1045 quam
1222 982 1414 1033 nullus
1427 982 1719 1033 sufficiens
1731 984 1893 1034 cibus
1909 984 2202 1052 enutriret,

595 1092 701 1132 nec
717 1078 1331 1144 laatioraliquishumor
1340 1080 1679 1132 inl‘underet.
1698 1081 2053 1134 Observabat
2068 1083 2200 1130 enim

595 1169 768 1221 etiam
787 1172 943 1233 tunc,
966 1182 1099 1221 cum
1119 1170 1241 1234 jam
1275 1171 1739 1234 nonagenariam,
1764 1175 1829 1222 ut
1852 1184 2026 1235 supra
2047 1170 2198 1221 dixi-

593 1271 743 1321 mus,
774 1262 967 1324 ageret
995 1264 1244 1323 eetatem,
1266 1264 1331 1311 ut
1357 1258 1579 1311 nullum
1601 1272 1702 1324 per
1724 1261 1912 1324 ignem
1937 1264 2197 1324 paratum

596 1354 854 1401 sumeret
880 1349 1071 1400 cibum
1097 1349 1276 1413 Igitur
1299 1354 1429 1413 post
1452 1349 1857 1413 hospitatitatis
1879 1349 2085 1413 ofﬁcia,
2109 1361 2197 1401 re-

591 1450 828 1502 gressus
845 1437 1120 1489 adsodere
1136 1438 1434 1502 nosjubet,
1455 1442 1511 1490 et
1529 1442 1665 1490 tunc
1682 1438 1917 1490 demum
1940 1438 2090 1490 unde
2102 1438 2195 1490 vel

591 1539 694 1579 cur
736 1528 1161 1590 advenerimus,
1205 1528 1459 1591 inquirit,
1486 1540 1617 1579 cum
1644 1528 1765 1591 jam
1788 1541 1895 1579 nos
1921 1528 2107 1589 laetos,
2140 1533 2195 1580 et

590 1616 748 1667 omni
778 1629 909 1667 cum
940 1616 1149 1680 gaudio
1179 1614 1327 1683 125
1389 1622 1666 1684 tanquam
1712 1622 1880 1669 natos
1936 1617 2191 1681 proprios

590 1705 945 1768 suscepisset
966 1719 978 1755 :
1006 1718 1255 1769 cumque
1270 1706 1770 1770 respondissemus
1783 1705 1935 1769 quod
1959 1705 2068 1757 deJ
2077 1718 2171 1758 ero
2182 1739 2200 1749 -

588 1794 824 1859 solymis
848 1794 920 1845 ad
943 1808 1074 1846 eum
1091 1795 1349 1847 utilitatis
1371 1800 1427 1847 et
1449 1794 1735 1860 profectus
1746 1796 1955 1847 animm
1974 1800 2189 1848 nostris

584 1896 790 1937 caussa
824 1884 1170 1947 venerimus,
1200 1886 1265 1936 ut
1287 1897 1355 1937 ea
1377 1896 1512 1947 quae
1536 1884 1669 1936 olim
1699 1884 1771 1935 ad
1794 1884 2056 1937 auditum
2087 1898 2193 1938 nc-

587 1979 774 2026 strum
800 1974 948 2026 fama
971 1974 1299 2039 pertulerat,
1324 1974 1435 2038 ipsi
1459 1988 1614 2025 nunc
1636 1975 1817 2027 oculis
1831 1988 2196 2028 cerneremus

581 2064 881 2135 (quoniam
898 2064 1130 2128 quidem
1146 2065 1394 2116 tenacius
1406 2063 1593 2117 solent
1614 2064 1766 2117 inhee
1774 2079 1888 2117 rere
1905 2068 2197 2120 memoriaa

582 2166 649 2206 ea
664 2166 796 2218 qua:
809 2154 1009 2206 oculus
1022 2153 1242 2216 viderit,
1264 2166 1436 2217 quam
1448 2166 1579 2217 quas
1592 2155 1747 2205 auris
1764 2156 2038 2221 audierit),
2057 2163 2195 2211 tunc

582 2244 788 2296 beatus
802 2245 1055 2295 Joannes
1083 2243 1246 2296 vultu
1276 2243 1686 2307 placidissimo,
1713 2247 1768 2297 et
1805 2246 1971 2309 quasi
2015 2249 2197 2300 subri-

581 2333 743 2398 dens,
768 2347 840 2386 ex
863 2333 1219 2386 abundantia
1238 2334 1455 2386 laetitiae
1479 2334 1585 2385 hoc
1608 2334 1778 2386 modo
1803 2336 2100 2400 respondit
2122 2339 2195 2391 ad

581 2436 690 2477 nos
716 2442 728 2472 :
750 2424 936 2485 Miror,
972 2424 1175 2488 inquit,
1200 2423 1531 2487 admodum,
1558 2423 1877 2475 dulcissimi
1902 2425 2021 2489 ﬁlii,
2046 2425 2197 2478 labo-

579 2525 701 2566 rem
722 2525 829 2566 vos
863 2513 1007 2566 tanti
1036 2514 1255 2565 itineris
1287 2514 1627 2578 suscepisse,
1653 2527 1785 2566 cum
1802 2514 1943 2566 nihil
1964 2515 2036 2567 ad
2052 2515 2196 2568 haec-

582 2611 825 2676 dignum
849 2611 909 2662 in
931 2611 1100 2663 nobis
1124 2611 1315 2663 videre
1345 2611 1603 2675 possitis:
1634 2612 1897 2663 homines
1922 2613 2077 2664 enim
2094 2627 2198 2664 su-

577 2713 713 2753 mus
735 2700 985 2752 humiles
1010 2704 1068 2752 et
1083 2701 1293 2764 exigui,
1308 2700 1450 2751 nihil
1461 2700 1740 2753 habentes
1761 2703 1820 2753 in
1851 2704 2020 2753 nobis
2043 2704 2196 2766 quod

581 2789 674 2843 vel
693 2790 882 2855 expeti
912 2791 1118 2842 debeat
1146 2790 1237 2843 vel
1258 2789 1465 2840 mirari.
1489 2792 1559 2840 Et
1577 2795 1768 2841 tamen
1792 2791 2019 2843 etiamsi
2042 2799 2198 2845 esset

586 2879 800 2944 aliquid
817 2880 877 2930 in
888 2880 1056 2931 nobis
1070 2879 1391 2931 secundum
1404 2878 1731 2943 opinionem
1746 2885 2015 2943 vestram,
2054 2894 2195 2933 num

585 2970 722 3034 quid
738 2970 1045 3033 tale,quale
1076 2969 1264 3033 legitis
1287 2969 1347 3019 in
1372 2969 1662 3033 prophetis
1678 2970 1776 3021 Dei
1793 2974 1849 3020 et
1871 2971 2198 3033 Apostolis?

585 3059 693 3122 Qui
719 3061 912 3123 utique
937 3060 1011 3111 ob
1036 3059 1144 3109 hoc
1169 3059 1228 3109 in
1250 3059 1522 3110 omnibus
1546 3060 1647 3110 Dei
1674 3058 1941 3111 Ecclesiis
1963 3062 2197 3113 recitan-

583 3153 693 3212 tur,
719 3154 786 3201 ut
808 3148 1069 3211 exempla
1090 3147 1225 3200 vita:
1246 3148 1596 3213 hominibus,
1626 3162 1742 3201 non
1766 3150 1835 3202 de
1868 3150 2197 3216 longinquis

584 3243 642 3291 et
659 3237 974 3303 peregrinis
987 3236 1125 3289 locis
1142 3244 1491 3301 quaerantur,
1512 3239 1614 3290 sed
1640 3240 1795 3291 domi
1817 3244 2182 3303 unusquisque

584 3331 645 3379 et
679 3327 831 3390 apud
857 3338 919 3377 se
943 3326 1150 3377 habeat
1177 3327 1329 3389 quod
1358 3328 1563 3379 debeat
1585 3328 1809 3380 imitari.
1839 3330 1997 3381 Unde
2028 3331 2192 3394 pluri-

578 3428 742 3467 mum
760 3415 1318 3468 mirorintentionem
1338 3418 1511 3468 vestri
1525 3418 1811 3469 laborisac
1828 3418 2021 3480 studii,
2038 3420 2189 3483 quod

579 3505 863 3570 profectus
874 3505 1083 3557 anima:
1102 3510 1308 3558 vestrae
1322 3518 1529 3557 caussa
1548 3511 1737 3559 tantas
1756 3520 2022 3571 superare
2036 3510 2190 3573 regio

580 3616 705 3667 nes,
752 3605 1058 3667 tantosque
1097 3603 1323 3657 labores
1369 3605 1531 3657 adire
1578 3606 1859 3669 voluistis,
1905 3620 2039 3658 cum
2083 3621 2189 3659 nos

582 3707 840 3758 eousque
864 3694 1093 3758 pigritia
1126 3695 1460 3758 desidiaque
1477 3696 1850 3760 constringat,
1872 3702 1940 3749 ut
1959 3710 2062 3749 nec
2086 3700 2191 3750 cel-

580 3784 727 3836 lulas
750 3788 976 3835 nostras
993 3785 1252 3848 progredi
1283 3787 1616 3837 audeamus.
1636 3787 2046 3838 Verumtamen
2062 3800 2191 3852 quo-

579 3874 736 3926 niam
761 3875 975 3938 putatis
1001 3875 1208 3926 essein
1238 3875 1405 3926 nobis
1421 3875 1655 3939 aliquid,
1685 3888 1756 3928 ex
1782 3889 1895 3940 quo
1917 3881 2190 3942 prolicere

580 3964 855 4016 debeatis.
890 3965 1000 4017 hoc
1027 3965 1279 4029 primum
1310 3964 1475 4018 vobis
1498 3966 1869 4018 indicandum
1882 3967 2190 4032 est,uthoc

580 4061 772 4120 ipsum
796 4053 952 4119 quod
974 4056 1219 4108 venistis
1244 4054 1315 4108 ad
1342 4068 1468 4121 nos,
1496 4061 1553 4108 et
1583 4057 1809 4108 tantum
1838 4056 2091 4109 laborem
2113 4058 2191 4110 vi-

582 4153 754 4205 dendi
784 4167 909 4217 nos,
934 4156 1289 4218 suscepistis,
1313 4169 1385 4207 ne
1403 4157 1697 4220 jactantiae
1721 4158 1969 4224 alicujus
1983 4162 2191 4217 habeat

582 4245 959 4307 prospectem,
986 4247 1049 4295 ut
1064 4257 1181 4295 non
1194 4248 1309 4296 tam
1326 4246 1597 4309 proiicere
1610 4247 1681 4298 ad
1708 4250 1883 4302 animi
1901 4253 2187 4318 virtutem,

583 4345 757 4397 quam
801 4333 1068 4398 praeferre
1110 4346 1170 4385 se
1195 4337 1250 4385 et
1277 4335 1494 4398 jactare
1520 4338 1918 4403 unusquisque
1933 4348 2189 4396 vestrum

583 4423 736 4488 velit,
762 4435 862 4487 pro
897 4435 962 4476 eo
993 4423 1145 4487 quod
1167 4424 1371 4476 viderit
1394 4437 1511 4490 eos,
1537 4427 1635 4491 qui
1659 4430 1808 4495 apud
1831 4430 1971 4484 alios
1995 4445 2069 4487 ex
2098 4448 2193 4487 au.

581 4513 706 4566 ditu
737 4513 858 4567 solo
887 4514 1098 4580 cogniti
1118 4514 1438 4569 videantur.

648 4629 871 4684 ‘Grave
899 4637 986 4683 est
1001 4634 1296 4697 jactantiaa
1333 4635 1556 4702 vitium,
1591 4640 1648 4690 et
1684 4640 2068 4703 periculosum
2108 4643 2191 4694 ni-

582 4718 713 4783 mis,
743 4724 802 4772 et
825 4721 981 4783 quod
1003 4722 1071 4774 de
1102 4723 1225 4787 ipso
1250 4726 1419 4777 etiam
1443 4728 1801 4791 perfectionis
1816 4730 2044 4795 fastigio
2059 4731 2189 4795 deji-

577 4810 701 4863 ciat
721 4810 970 4877 animas;
999 4816 1056 4865 et
1079 4814 1205 4866 ideo
1233 4816 1343 4868 hoc
1367 4830 1471 4869 vos
1491 4818 1675 4883 primo
1697 4822 1958 4874 omnium
1990 4837 2189 4878 cavere

583 4899 732 4953 volo.
759 4902 859 4953 Est
879 4908 1070 4955 autem
1084 4906 1301 4969 species
1327 4907 1463 4959 mali
1477 4908 1654 4973 hujus
1668 4910 1879 4975 duplex
1896 4914 2185 4976 quadam.

584 4992 885 5045 Nonnullis
901 4994 1052 5046 enim
1071 4997 1276 5050 accidit
1298 4998 1358 5048 in
1382 4998 1523 5063 ipsis
1536 5000 1732 5052 statim
1756 5002 1932 5054 initiis
1953 5017 2191 5058 conver-

583 5082 762 5135 sionis
789 5096 930 5148 suae,
968 5098 1101 5137 cum
1125 5100 1329 5151 parum
1350 5088 1568 5153 aliquid
1593 5090 1680 5143 vel
1699 5092 2191 5148 abstinentissim-

580 5174 901 5239 penderint,
929 5177 1018 5229 vel
1046 5178 1307 5242 pecunia:
1323 5179 1384 5230 in
1396 5192 1676 5244 pauperes
1693 5181 1783 5248 pie
1796 5186 2156 5248 erogaverint
2174 5201 2186 5239 :

581 5275 638 5323 et
652 5279 785 5319 cum
798 5266 869 5318 de
884 5279 950 5319 ea
961 5268 1041 5321 ita
1062 5270 1273 5322 sentire
1290 5270 1549 5334 debeant,
1571 5273 1734 5336 quasi
1752 5274 1905 5338 quod
1923 5278 2193 5339 impediret

646 5452 662 5472 ·
688 5444 830 5507 Quia
853 5442 989 5495 vitia
1012 5454 1084 5494 ex
1108 5446 1267 5506 parte
1300 5440 1480 5505 ipsius
1514 5442 1692 5509 sunt]
1724 5444 2047 5499 Exhortatio
2084 5451 2191 5501 haec

579 5516 814 5568 Joannis
830 5516 964 5564 deest
994 5514 1255 5564 Palladio.
1289 5513 1546 5563 Melcltior
1586 5516 1868 5568 Gotdastus
1907 5522 2185 5575 Colteetan.

580 5589 653 5638 ad
667 5602 964 5636 sermonem
997 5585 1271 5634 Valeriani
1293 5585 1354 5634 de
1379 5584 1513 5635 bono
1566 5587 1881 5653 disciplinae,
1908 5592 2189 5656 legendum

580 5665 763 5720 censet,
785 5657 919 5722 quia
934 5657 1071 5708 vitia
1094 5669 1165 5708 ex
1192 5658 1346 5720 patre
1364 5670 1430 5709 eo
1456 5663 1626 5711 sunt:
1654 5662 1760 5710 Nec
1783 5676 2111 5729 quamquam
2130 5667 2191 5716 de

581 5732 683 5782 hac
726 5729 942 5780 lectione
985 5728 1362 5779 dubitaturum
1394 5736 1569 5796 putat,
1595 5732 1728 5797 quia
1750 5728 1994 5799 sequitur
2018 5738 2104 5788 hic
2128 5738 2191 5788 de

581 5802 791 5854 diabolo
836 5801 1084 5867 principe
1118 5808 1174 5858 et
1193 5810 1442 5858 auctore.
1471 5805 1572 5856 Sed
1590 5808 1807 5868 ﬁrmius
1832 5808 2063 5863 haesisset
2084 5810 2190 5863 Sap-

2303 996 2540 1060 gloriam
2564 994 2792 1059 quaerit,
2816 991 2999 1057 perdit
3021 1002 3145 1042 eam
3170 1001 3301 1052 quae
3327 1000 3361 1040 a
3389 989 3505 1040 Deo
3535 990 3649 1040 est.
3694 990 3860 1053 Propt

2302 1086 2475 1151 quod,
2489 1085 2663 1145 filioli,
2689 1082 2846 1135 omni
2866 1093 3074 1145 genere
3094 1079 3209 1143 fugi
3226 1091 3302 1129 im
3314 1092 3379 1128 us
3392 1080 3677 1142 jactantae
3690 1078 3860 1131 vitiun

2300 1188 2373 1228 ne
2391 1175 2532 1227 forte
2555 1174 2917 1226 incurramus
2942 1170 3184 1234 lapsum,
3199 1180 3369 1232 quem
3385 1167 3659 1219 diabolus
3682 1166 3860 1220 incuri

2359 1266 2517 1316 Tunc
2538 1265 2812 1328 praeterea
2835 1259 2989 1311 cordi
3013 1261 3214 1310 nostro
3235 1262 3292 1309 et
3312 1257 3766 1321 cogitationibus
3784 1270 3860 1322 pre

2296 1355 2460 1420 cipua
2471 1351 2798 1405 adhibenda
2814 1348 3213 1412 estdiligentia
3229 1345 3679 1398 Observandum
3704 1362 3860 1407 namQt

2296 1449 2406 1509 est,
2423 1457 2497 1495 ne
2513 1454 2625 1507 qua
2642 1440 2947 1505 cupiditas,
2965 1450 3035 1489 ne
3051 1449 3167 1501 qua
3182 1436 3448 1489 voluntas
3462 1448 3665 1501 prava,
3678 1448 3752 1488 ne
3767 1449 3860 1499 quo

2294 1533 2641 1586 desiderium
2656 1542 2892 1591 vanum,
2907 1532 2966 1580 et
2978 1527 3131 1591 quod
3148 1539 3266 1577 non
3278 1530 3369 1577 est
3385 1525 3719 1578 secundum
3739 1527 3860 1577 Deui

2293 1623 2514 1676 radices
2537 1622 2597 1673 in
2620 1620 2788 1673 corde
2805 1623 3006 1671 nostro
3027 1616 3257 1680 deﬂgat.
3281 1617 3366 1667 Ex
3389 1614 3736 1679 hujusmodi
3765 1616 3860 1667 enii

2290 1713 2580 1768 radicibus
2606 1710 2879 1762 continuo
2909 1706 3193 1772 pullulant
3216 1716 3384 1758 vanae
3407 1713 3467 1757 et
3485 1704 3733 1757 inutiles
3769 1718 3859 1767 00g

2292 1804 2555 1863 tationes,
2571 1801 2696 1853 etin
2720 1804 2949 1851 tantum
2966 1796 3229 1848 molesta:
3245 1798 3398 1856 sunt,
3425 1800 3494 1847 ut
3506 1807 3618 1847 nec
3651 1807 3776 1846 oran
3786 1798 3859 1842 Libt

2298 1893 2468 1945 nobis
2493 1892 2735 1946 cessent,
2762 1902 2869 1940 nec
2892 1888 2952 1938 in
2986 1887 3299 1949 conspectu
3326 1884 3427 1935 Dei
3456 1884 3860 1936 consistentibu

2303 1983 2487 2045 nobis,
2514 1987 2571 2033 et
2595 1992 2790 2045 preces
2812 1991 2913 2042 pro
2939 1977 3122 2027 salute
3147 1977 3344 2026 nostra
3365 1973 3767 2035 oil‘erentibus,
3789 1987 3859 2025 eri

2298 2074 2535 2125 bescant
2561 2070 2575 2119 ε
2598 2069 2696 2121 sed
2719 2068 2945 2131 rapiant
2965 2078 3000 2119 a
3021 2065 3188 2117 nobis
3213 2064 3497 2127 captivam
3532 2068 3811 2126 mentem,
3845 2077 3859 2114 ε

2298 2175 2431 2214 cum
2455 2170 2687 2224 corpore
2711 2162 2863 2209 stare
2898 2156 3196 2208 videamur
3225 2154 3283 2205 in
3306 2154 3584 2216 oratione,
3628 2166 3806 2206 sensu
3842 2166 3860 2203 ε

2296 2251 2641 2315 cogitatione
2667 2258 2982 2310 evagamur
3002 2250 3058 2297 et
3089 2244 3427 2295 abducimur
3450 2256 3550 2308 per
3573 2242 3815 2296 diversa.
3841 2244 3860 2293 Ξ

2299 2340 2429 2404 quis
2454 2352 2588 2404 ergo
2613 2343 2718 2400 est,
2748 2336 2847 2400 qui
2889 2348 2951 2387 se
2985 2336 3151 2398 putat
3187 2332 3551 2385 renuntiasse
3592 2332 3808 2383 mundo
3840 2344 3860 2381 ε

2298 2429 2563 2493 operibus
2585 2426 2815 2487 diaboli,
2841 2437 2959 2477 non
2983 2422 3197 2475 sufﬁcit
3216 2422 3276 2473 in
3300 2433 3396 2473 ore
3427 2421 3810 2479 renuntiasse,
3832 2433 3859 2471 u

2300 2518 2697 2583 possessiones
2728 2518 2784 2567 et
2818 2513 3048 2579 praedia,
3098 2517 3397 2575 ceteraque
3431 2509 3638 2563 saeculi
3682 2510 3857 2574 negoti

2298 2608 2369 2660 de
2387 2606 2695 2671 reliquerit,
2713 2604 2825 2655 nisi
2842 2604 3017 2655 etiam
3030 2601 3271 2667 propriis
3287 2599 3443 2652 vitiis
3453 2598 3857 2651 renuntiaverit

2299 2700 2356 2750 et
2377 2696 2608 2748 inutiles
2634 2707 2701 2746 ac
2732 2706 2907 2746 venas
2926 2691 3195 2755 abjecerit
3217 2690 3561 2753 voluptates.
3590 2690 3733 2741 Haec
3745 2688 3859 2740 enin

2300 2790 2437 2837 sunt
2451 2784 2521 2836 de
2534 2784 2746 2847 quibus
2766 2780 3077 2846 Apostolus
3094 2779 3261 2830 dicit:
3285 2778 3565 2828 Desideria
3587 2792 3735 2827 vana
3755 2782 3795 2825 et
3810 2792 3859 2823 nt

2297 2876 2433 2935 eiva,
2464 2890 2583 2938 quae
2607 2877 2861 2935 mergunt
2880 2871 3155 2920 hominem
3169 2870 3229 2917 in
3249 2868 3531 2917 interitum
3560 2870 3630 2929 (2.
3650 2867 3781 2917 Tim.
3806 2866 3855 2925 6.]

2298 2966 2421 3017 Hoc
2446 2966 2535 3015 est
2563 2976 2698 3025 ergo
2724 2961 3089 3013 renuntiasse
3112 2958 3338 3009 diabolo
3362 2960 3420 3009 et
3444 2957 3721 3021 operibus
3757 2956 3858 3018 ejus

2299 3053 2569 3106 Diabolus
2587 3052 2738 3103 enim
2756 3063 2852 3115 per
2870 3050 3111 3113 alicujus
3125 3047 3248 3100 vitii
3262 3046 3624 3099 occasionem
3638 3051 3697 3097 et
3708 3056 3859 3110 prava

2298 3143 2613 3198 voluntatis
2637 3141 2856 3193 aditum
2880 3138 3074 3203 irrepit
3096 3138 3150 3189 in
3170 3150 3268 3189 cor
3286 3141 3547 3189 nostrum
3561 3144 3602 3197 ³,
3620 3136 3755 3200 quia
3766 3134 3859 3184 viti;

2214 3244 2262 3319 ρ
2288 3247 2361 3288 ex
2387 3235 2541 3298 parte
2566 3232 2747 3296 ipsius
2775 3232 2931 3289 sunt,
2956 3228 3105 3279 sicut
3132 3227 3376 3280 virtutes
3398 3237 3473 3278 ex
3502 3226 3628 3278 Deo
3661 3227 3807 3276 sunt.
3824 3223 3858 3271 Si

2291 3338 2425 3389 ergo
2440 3325 2577 3375 sunt
2592 3321 2733 3373 vitia
2747 3320 2806 3371 in
2829 3318 2998 3371 corde
3011 3321 3227 3376 nostro,
3242 3328 3375 3367 cum
3390 3314 3618 3367 venerit
3627 3314 3858 3379 princeps

2291 3426 2488 3467 eorum
2503 3409 2785 3472 diabolus,
2808 3408 2973 3473 quasi
2990 3406 3212 3472 proprio
3224 3405 3440 3457 auctori
3452 3403 3593 3456 dant
3606 3404 3812 3465 locum,
3825 3406 3856 3451 ei

2291 3502 2668 3557 introducunt
2691 3512 2825 3551 eum
2850 3497 3011 3550 velut
3030 3495 3103 3548 ad
3129 3494 3553 3560 possessionem
3600 3506 3781 3545 suam.
3816 3492 3856 3541 Et

2289 3592 2422 3645 inde
2446 3589 2695 3655 estquod
2711 3584 3375 3651 numquam‘hujusmodi
3391 3583 3559 3635 corda
3579 3595 3775 3648 pacem
3787 3581 3854 3631 ha

2291 3684 2425 3735 bere
2446 3682 2710 3747 possunt,
2726 3688 3047 3741 numquam
3071 3675 3358 3739 quietem;
3382 3672 3483 3726 sed
3511 3685 3741 3737 semper
3756 3682 3852 3722 con-

2294 3772 2614 3833 turbantur,
2643 3779 2869 3831 semper
2901 3768 3189 3821 tenentur,
3222 3765 3280 3816 et
3302 3774 3458 3815 nunc
3482 3772 3640 3814 vana
3674 3758 3847 3813 laetitia

2290 3873 2445 3913 nunc
2462 3858 2647 3911 inutili
2660 3856 2893 3909 tristitia
2906 3853 3337 3918 deprimuntur:
3355 3851 3571 3904 habent
3587 3853 3742 3903 enim
3758 3852 3850 3897 iniri

2293 3962 2354 4001 se
2367 3948 2745 4001 habitatorem
2762 3943 3100 4010 pessimum,
3115 3942 3208 3993 cui
3223 3939 3549 3993 introeundi
3562 3940 3642 3992 ad
3660 3954 3710 3989 se
3726 3941 3850 3987 locus

2292 4052 2391 4104 per
2415 4038 2714 4103 passiones
2741 4046 2875 4086 suas
2901 4035 2960 4085 et
2990 4032 3131 4085 vitia
3165 4031 3443 4083 fecerunt.
3477 4031 3725 4082 Econtra
3754 4036 3848 4079 veri

2290 4139 2474 4191 mens,
2494 4138 2625 4190 qua:
2638 4137 2770 4176 vere
2785 4120 3136 4175 renuntiavit
3148 4118 3386 4181 mundo,
3404 4118 3514 4171 hoc
3529 4123 3640 4181 est,
3656 4128 3778 4182 qua:
3793 4114 3847 4166 ab

2292 4215 2458 4268 scidit
2481 4219 2537 4267 et
2560 4212 2879 4278 amputavit
2901 4223 2936 4264 a
2961 4223 3023 4263 se
3041 4222 3213 4263 omne
3239 4209 3462 4269 vitium,
3479 4210 3539 4259 et
3560 4206 3780 4260 nullum
3795 4204 3846 4254 in-

2292 4304 2556 4357 troeundi
2582 4303 2654 4355 ad
2691 4315 2753 4353 se
2766 4300 2991 4353 diabolo
3015 4300 3240 4351 aditum
3270 4296 3602 4362 dereliquit:
3632 4307 3761 4361 qum
3780 4294 3842 4343 ira

2290 4394 2559 4447 cundiam
2584 4392 2826 4455 cohibet,
2852 4390 3102 4442 furorem
3126 4388 3399 4454 reprimit,
3418 4386 3780 4439 mendacium
3791 4382 3844 4433 [ιιι

2290 4485 2406 4549 gat,
2437 4485 2767 4535 exsecratur
2788 4479 3083 4541 invidiam,
3109 4484 3167 4531 et
3188 4491 3307 4530 non
3354 4475 3543 4529 solum
3575 4473 3723 4545 127
3768 4482 3842 4527 ιιοι

2206 4598 2262 4671 D
2287 4570 2600 4634 detrahere,
2616 4570 2717 4623 sed
2728 4583 2833 4621 nec
2846 4568 2995 4621 male
3007 4568 3243 4633 quidem
3262 4567 3470 4621 sentire
3487 4572 3590 4620 aut
3606 4566 3842 4631 suspicer

2293 4675 2354 4714 se
2378 4661 2447 4713 de
2472 4662 2730 4726 proximo
2756 4672 2859 4711 suo
2888 4658 3117 4724 patitur,
3141 4670 3271 4722 quae
3306 4656 3496 4709 fratris
3534 4656 3742 4721 gaudia
3777 4660 3840 4703 sui

2292 4752 2468 4811 ducit,
2482 4754 2540 4803 et
2552 4750 2842 4803 tristitiam
2855 4750 2899 4813 ej
2910 4762 2999 4813 us,
3015 4760 3181 4800 suam
3199 4746 3488 4800 tristitiam
3505 4745 3840 4810 deputati)“8

2291 4854 2425 4905 ergo
2449 4840 2575 4892 haec
2598 4844 2656 4892 et
2684 4839 2887 4892 horum
2911 4836 3119 4889 similia
3150 4837 3416 4890 observat
3450 4848 3637 4899 mens,
3659 4832 3838 4898 Spiritu

2292 4930 2499 4982 Sancto
2524 4930 2702 4994 aperit
2724 4929 2781 4980 in
2806 4941 2867 4980 se
2885 4928 3092 4990 locum,
3119 4927 3365 4991 quicum
3390 4926 3687 4990 ingressus
3701 4920 3836 4974 fuerit

2291 5022 2350 5073 et
2364 5019 2742 5071 illuminaveri
2752 5022 2771 5070 t
2782 5031 2926 5078 eam,
2947 5029 3174 5082 semper
3188 5016 3266 5067 ibi
3278 5018 3400 5081 jam
3415 5014 3645 5079 gaudia,
3663 5020 3835 5073 sempe

2290 5106 2507 5173 latitia,
2534 5121 2758 5174 semper
2785 5108 3007 5171 caritas,
3033 5106 3325 5172 patientia,
3347 5100 3834 5170 longanimitas,bo

2289 5198 2443 5253 nitas
2466 5199 2601 5265 (Gal.
2638 5198 2689 5253 5.
2719 5201 2759 5263 ),
2782 5203 2840 5251 et
2859 5210 3060 5250 omnes
3083 5196 3183 5262 qui
3206 5202 3343 5250 sunt
3362 5196 3585 5248 fructus
3622 5192 3834 5259 Spiritus

2290 5288 2568 5344 oriuntur.
2582 5290 2653 5343 Et
2664 5289 2773 5343 hoc
2786 5290 2905 5341 erat
2920 5287 3075 5354 quod
3088 5287 3313 5340 dicebat
3326 5285 3607 5339 Dominus
3621 5284 3682 5336 in
3697 5284 3832 5335 Evan

2285 5458 2501 5527 pientiae
2526 5459 2693 5524 capiti
2718 5458 2765 5514 4.
2794 5474 2859 5509 ex
2885 5472 2989 5523 quo
3024 5459 3138 5523 ipse
3170 5458 3322 5509 citat:
3354 5456 3655 5527 Imitantur
3682 5451 3830 5527 diabO

2289 5529 2428 5595 lum,
2452 5531 2549 5595 qui
2570 5535 2707 5582 sunt
2731 5543 2801 5581 ex
2826 5530 3166 5594 parteillius.
3193 5532 3366 5587 Quare
3392 5527 3610 5591 vulgata
3634 5526 3767 5575 lectio
3789 5526 3830 5567 to

2290 5602 2490 5665 nenda,
2517 5602 2963 5651 consentientibus
2990 5600 3373 5665 manuscriptis
3396 5598 3659 5649 omnibus.

3414 5672 3795 5723 Roswnvnus.

2357 5742 2373 5779 ι
2409 5741 2557 5797 Hinc
2579 5756 2762 5810 usque
2787 5744 2858 5795 ad
2887 5742 3077 5796 locum
3094 5741 3354 5809 proxime
3371 5745 3737 5806 sequenteme
3751 5730 3825 5788 Pal

2286 5812 2441 5869 ladio
2476 5821 2761 5881 notatum,
2788 5815 3186 5870 desiderantur
3212 5814 3326 5870 fere
3347 5812 3680 5870 inPalladio.
