3898 6398
30 451 128 505 397

1244 448 1585 503 HISTORIA
1620 443 2148 497 MONACHORUM.

3240 449 3342 506 398

30 561 179 627 gélio
218 560 371 612 :Non
409 565 577 626 potest
624 559 786 610 arbor
833 559 973 610 bona
1013 560 1182 611 malos
1206 561 1414 623 fructus
1436 560 1637 626 facere,
1666 560 1720 633 Α
1744 552 1853 606 1100
1885 552 2159 618 diXimus,
2183 555 2232 606 Si
2256 567 2397 619 pura
2421 569 2585 608 mens
2608 557 2795 623 fuerit,
2839 572 2945 612 nec
2980 559 3114 612 ullis
3151 572 3345 625 prava

28 666 205 716 neque
252 650 426 701 arbor
480 650 632 700 mala
662 650 871 712 fructus
900 649 1061 700 bonos
1084 650 1255 713 facere
1272 652 1486 715 (Matth.
1519 658 1564 703 7.
1589 660 1646 707 et

32 740 157 804 12.).
186 743 279 792 Ex
309 740 600 792 fructibus
629 740 781 792 enim
806 740 974 791 arbor
997 741 1381 805 cognoscitur.

90 832 247 882 Sunt
271 834 469 882 autem
493 828 770 891 nonnulli,
788 830 884 893 qui
913 829 1182 881 videntur
1204 831 1415 885 smculo
1433 845 1646 885 renun~

33 922 231 981 tiasse,
269 925 330 972 et
357 932 558 971 curam
582 931 699 972 non
717 919 933 971 habent
955 920 1026 971 ad
1050 920 1396 972 munditiam
1436 922 1642 983 cordis,

30 1023 228 1075 neque
254 1011 326 1062 ut
348 1009 489 1063 vitia
510 1015 568 1063 et
590 1009 887 1074 passiones
910 1015 1173 1063 resecent
1194 1024 1267 1062 ex
1290 1012 1484 1064 anima
1520 1025 1641 1075 sua,

31 1111 351 1165 moresque
376 1103 755 1164 componant:
797 1098 899 1150 sed
922 1098 1033 1151 hoc
1064 1104 1290 1153 tantum
1315 1102 1554 1155 student
1581 1107 1646 1155 ut

32 1190 276 1243 videant
286 1189 542 1253 aliquem
555 1193 884 1241 sanctorum
902 1189 1152 1253 Patrum,
1170 1194 1226 1241 et
1241 1190 1477 1243 audiant
1493 1195 1554 1241 ab
1572 1194 1645 1241 eis

33 1279 230 1343 aliqua
252 1278 453 1339 verba,
478 1290 609 1342 quae
643 1280 940 1331 narrantes
980 1278 1108 1331 aliis
1132 1279 1446 1343 glorientur
1487 1294 1549 1333 se
1573 1282 1645 1332 ab

31 1369 123 1420 illo
139 1368 232 1421 vel
257 1367 357 1419 illo
383 1366 674 1427 didicisse,
698 1372 757 1419 et
781 1368 964 1419 sicubi
982 1367 1127 1419 forte
1144 1367 1230 1420 vel
1246 1369 1531 1421 audiendo
1554 1371 1645 1423 vel

34 1457 323 1510 discendo
340 1469 547 1522 parum
563 1457 777 1521 aliquid
795 1457 1051 1510 scientiae
1063 1458 1493 1522 conquisierint,
1510 1472 1647 1512 con-

35 1548 199 1599 tinuo
224 1547 502 1599 doctores
526 1546 646 1599 ﬁeri
670 1545 890 1610 volunt,
925 1551 981 1599 et
1004 1547 1207 1600 docere
1244 1561 1364 1601 non
1401 1560 1469 1600 ea
1514 1562 1646 1613 quat

36 1637 280 1702 egerint,
309 1636 416 1689 sed
442 1648 511 1688 ea
533 1648 666 1700 quae
681 1636 966 1688 audierint
989 1641 1045 1688 et
1064 1636 1326 1700 viderint,
1357 1642 1416 1690 et
1453 1638 1645 1704 despi-

38 1728 199 1778 ciunt
222 1732 471 1780 ceteros.
500 1725 782 1777 Aﬂ’ectant
804 1726 915 1789 ipsi
936 1725 1009 1777 ad
1040 1727 1446 1793 sacerdotium,
1471 1732 1648 1793 atque

37 1814 387 1878 immergere
412 1825 476 1865 se
505 1814 784 1864 conantur
806 1811 879 1863 ad
903 1811 1137 1875 clerum,
1166 1814 1491 1866 nescientes
1515 1816 1647 1880 quia

1747 641 2065 695 voluntatis
2097 643 2371 697 sordibus
2394 651 2690 711 occupata.
2710 647 3000 700 Etideoin
3014 652 3106 698 hoc
3133 652 3348 699 maxime

1745 735 1966 798 oportet
1987 746 2218 798 operam
2247 735 2384 788 dare
2413 748 2514 789 eos
2538 738 2636 801 qui
2657 739 2986 791 renuntiare
3032 739 3266 804 saeculo,
3292 742 3350 792 et

1742 823 1925 873 Deum
1947 823 2108 886 sequi
2132 823 2422 885 videntur,
2444 826 2593 878 sicut
2610 827 2887 892 scriptum
2912 832 3034 879 est:
3064 829 3276 889 Vacate,
3302 833 3349 878 ct

1744 913 2051 976 cognoscite,
2077 913 2353 970 Quoniam
2376 929 2468 978 ego
2491 929 2613 964 sum
2634 916 2901 966 Dominus
2929 916 3091 979 (Psal.
3116 917 3242 981 45.).
3291 919 3350 969 Si

1745 1012 1880 1065 ergo
1904 1001 2243 1065 cognoverit
2255 1003 2456 1067 Deum,
2476 1003 2820 1068 inquantum
2846 1004 3061 1057 homini
3077 1005 3350 1072 possibile

1744 1092 1851 1147 ost.
1876 1094 2018 1143 tunc
2039 1089 2277 1144 demum
2291 1091 2463 1144 etiam
2488 1093 2838 1157 reliquorum
2853 1107 2987 1159 quae
3006 1099 3161 1160 sunt,
3175 1095 3352 1149 scien-

1744 1179 1887 1230 tiam
1911 1180 2114 1245 capiet,
2137 1184 2195 1233 et
2217 1182 2489 1246 mysteria
2505 1182 2606 1233 Dei
2630 1189 2928 1248 agnoscet,
2950 1189 3007 1237 et
3021 1189 3237 1249 quanto
3252 1198 3353 1251 pu-

1745 1268 1860 1321 rior
1878 1269 1939 1321 in
1962 1281 2029 1322 eo
2054 1269 2226 1323 fuerit
2240 1283 2426 1337 mens,
2454 1272 2615 1324 tanto
2639 1272 2804 1337 plura
2834 1273 2886 1326 ei
2919 1274 3136 1327 revelat
3177 1276 3349 1338 Deus,

1747 1361 1806 1409 et
1838 1358 2090 1410 ostendit
2119 1358 2170 1410 ei
2196 1363 2412 1411 secreta
2435 1372 2559 1412 sua.
2577 1361 2816 1414 Amicus
2837 1362 3118 1428 enimjam
3139 1365 3353 1415 efficitur

1709 1493 1714 1498 .
1745 1447 1868 1510 Dei,
1890 1447 2043 1499 sicut
2065 1447 2165 1511 illi,
2186 1448 2257 1499 de
2286 1449 2502 1513 quibus
2527 1450 2751 1504 dicebat
2764 1452 3053 1505 Salvator:
3078 1453 3208 1503 Jam
3240 1469 3352 1505 non

1744 1536 1862 1586 dico
1883 1550 1970 1586 vos
1990 1552 2180 1601 servos,
2206 1537 2296 1587 sed
2316 1540 2519 1589 amicos
2536 1539 2715 1601 (Joan.
2744 1539 2850 1606 15.)
2871 1555 2884 1593 :
2910 1545 2969 1594 et
2990 1554 3160 1594 omne
3192 1543 3352 1607 quid-

1748 1625 1885 1689 quid
1920 1627 2145 1691 petierit
2173 1627 2246 1678 ab
2269 1639 2358 1689 eo,
2375 1632 2649 1693 tanquam
2666 1630 2850 1683 amico
2872 1643 3022 1695 caro,
3038 1636 3279 1697 praestat
3301 1633 3354 1686 ei

1746 1716 1921 1767 Deus.
1947 1718 2097 1780 Ipsa:
2119 1728 2350 1781 quoque
2364 1718 2607 1771 virtutes
2625 1719 2930 1784 Angelicae,
2950 1726 3009 1773 et
3024 1726 3235 1774 cuncta
3249 1737 3355 1786 my-

1747 1805 1920 1857 steria
1939 1805 2153 1870 divina,
2180 1811 2459 1871 tanquam
2471 1808 2720 1860 amicum
2733 1810 2834 1862 Dei
2852 1809 3103 1876 diligunt
3118 1823 3278 1875 eum,
3298 1816 3358 1866 et

0 1892 5 1895 ’
37 1902 283 1954 minoris
304 1900 803 1955 condemnationis
828 1904 932 1966 est,
960 1902 1009 1953 si
1031 1902 1161 1966 quis
1186 1902 1310 1968 ipse
1330 1904 1644 1958 virtutibus

1749 1895 2147 1958 obsequuntur
2183 1896 2311 1960 ejus
2350 1896 2741 1961 petitionibus.
2783 1900 2853 1951 Et
2874 1899 2967 1951 hic
2989 1905 3097 1963 est,
3124 1913 3297 1965 quem
3319 1913 3354 1954 a

40 1992 272 2059 polleat,
304 1993 452 2046 alios
468 1998 660 2046 tamen
672 1992 875 2045 docere
890 2004 1007 2044 non
1019 1992 1244 2057 audeat,
1271 2005 1447 2057 quam
1459 1993 1508 2044 si
1519 1994 1648 2058 quis

37 2084 158 2148 ipse
172 2083 551 2149 passionibus
572 2088 633 2135 et
653 2083 807 2135 vitiis
823 2086 1129 2147 prematur,
1151 2086 1210 2134 et
1228 2082 1369 2134 alios
1381 2083 1452 2135 de
1465 2083 1649 2137 virtu-

37 2173 197 2225 tibus
221 2173 447 2225 doceat.
478 2174 570 2225 Sic
592 2185 746 2238 ergo,
773 2170 928 2224 filioli
947 2171 1078 2233 mei,
1098 2184 1290 2237 neque
1306 2172 1647 2238 fugiendum

37 2261 393 2314 omnimodis
415 2261 661 2313 dicimus
682 2262 1013 2314 clericatum
1025 2261 1116 2314 vel
1129 2262 1532 2327 sacerdotium,
1550 2276 1650 2315 ne-

39 2365 153 2416 que
164 2364 374 2404 rursus
389 2352 738 2403 omnimodis
752 2351 1155 2416 expetendum,
1170 2351 1272 2403 sed
1283 2352 1472 2404 danda
1497 2368 1647 2414 opera

36 2447 149 2505 est,
172 2446 244 2493 ut
268 2441 409 2494 vitia
427 2441 663 2505 quidem
686 2453 720 2492 a
737 2442 905 2493 nobis
925 2441 1299 2506 depellantur,
1330 2444 1646 2496 etvirtutes

38 2531 259 2584 animae
289 2531 832 2595 couquirantur.Dei
855 2536 1049 2583 autem
1079 2531 1297 2596 judicio
1319 2532 1646 2597 relinquen-

41 2620 185 2672 dum
210 2625 318 2681 est,
344 2632 517 2684 quem
539 2618 692 2683 velit,
716 2625 772 2672 et
797 2621 845 2671 si
860 2620 995 2674 velit
1016 2632 1311 2673 assumere
1326 2621 1434 2673 sibi
1446 2622 1519 2674 ad
1535 2623 1644 2675 mi-

41 2713 354 2765 nisterium
380 2710 474 2762 vel
499 2710 903 2763 sacerdotium.
925 2712 1054 2763 Non
1077 2712 1230 2763 enim
1255 2711 1354 2776 qui
1390 2716 1646 2777 seipsum

35 2803 373 2869 ingesserit,
391 2801 493 2853 sed
505 2813 679 2865 quem
692 2801 974 2854 Dominus
990 2804 1455 2869 assumserit,ille
1467 2808 1643 2869 proba-

38 2900 142 2946 tus
166 2898 260 2946 est
285 2890 353 2956 (‘2.
392 2891 513 2942 Cor.
552 2889 678 2953 10.).

107 2981 373 3035 Monachi
396 2983 594 3033 autem
611 2978 749 3032 illud
772 2993 919 3045 opus
935 2981 1025 3033 est
1046 2982 1420 3048 praecipuum,
1441 2986 1505 3037 ut
1528 2998 1645 3038 ora-

36 3075 262 3125 tionem
282 3083 489 3135 puram
513 3069 711 3122 offerat
724 3071 856 3132 Deo,
871 3070 1016 3123 nihil
1029 3071 1250 3124 habens
1278 3072 1337 3123 in
1354 3075 1643 3127 conscien-

38 3164 120 3215 tia
131 3159 579 3227 reprehensible,
600 3160 749 3211 sicut
772 3164 829 3211 et
844 3160 1124 3212 Dominus
1140 3161 1277 3213 dicit
1301 3162 1358 3213 in
1376 3165 1643 3230 Evange-

35 3254 149 3305 lio:
185 3252 324 3303 Cum
347 3250 591 3300 steteritis
626 3249 700 3298 ad
735 3249 1057 3314 orationem,
1094 3252 1345 3301 remittite
1374 3252 1643 3315 fratribus

38 3342 247 3399 vestris,
270 3338 466 3404 siquid
491 3338 690 3389 habetis
705 3344 895 3388 contra
917 3353 1018 3400 eos,
1045 3354 1113 3389 ea:
1153 3340 1401 3390 cordibus
1432 3344 1644 3395 vestris:

35 3431 155 3480 nisi
177 3430 329 3480 enim
351 3427 662 3477 remiseritis
679 3427 947 3491 fratribus
957 3429 1155 3490 vestris,
1182 3444 1275 3479 nec
1290 3428 1434 3480 vobis
1455 3431 1649 3482 remit-

41 3527 111 3571 tet
136 3521 303 3570 Pater
317 3524 496 3584 vester,
519 3518 615 3582 qui
640 3518 701 3566 in
717 3517 857 3568 caelis
872 3520 944 3567 est
960 3518 1173 3580 (Matth.
1201 3518 1252 3573 6.
1300 3520 1470 3572 Marc.
1512 3521 1643 3587 11.).

35 3613 94 3663 Si
131 3622 270 3675 ergo
293 3607 607 3672 mundo(ut
641 3619 815 3672 supra
842 3607 1110 3670 diximus)
1134 3609 1304 3661 corde
1344 3612 1649 3663 asiiterimus

35 3703 176 3753 ante
196 3700 401 3758 Deum,
436 3695 585 3764 128
613 3700 670 3748 et
690 3695 851 3747 liberi
875 3697 950 3748 ab
972 3696 1247 3749 omnibus
1279 3697 1373 3750 his
1408 3698 1567 3751 vitiis
1592 3707 1650 3754 et

41 3802 115 3856 pa
126 3787 423 3841 ssionibus
447 3798 581 3851 quae
603 3797 778 3850 supra
800 3785 1283 3850 memoravimus;
1308 3787 1647 3851 poterimuS,

1754 1983 1988 2035 caritate
2012 1984 2117 2037 Dei
2137 1986 2287 2049 (quae
2312 1990 2402 2039 est
2423 1987 2484 2038 in
2513 1988 2739 2039 Christo
2761 1989 2920 2052 Jesu)
2958 2001 3148 2053 neque
3192 2001 3355 2042 mors

1750 2077 1993 2138 separat,
2026 2086 2216 2138 neque
2237 2075 2373 2139 vita,
2398 2089 2585 2141 neque
2610 2077 2832 2142 Angeli,
2858 2062 3049 2143 neque
3071 2079 3357 2146 principa-

1749 2165 1863 2225 tus,
1884 2175 2075 2227 neque
2098 2167 2429 2229 potestates,
2450 2179 2641 2231 neque
2654 2166 2766 2219 alia
2790 2173 3046 2220 creatura
3063 2169 3238 2232 (Rom.
3253 2169 3349 2233 8.).

1746 2253 1817 2303 Et
1858 2251 2005 2313 ideo,
2042 2253 2339 2317 carissimi,
2375 2256 2847 2320 quandoquidem
2870 2256 3267 2324 hocelegistis,
3287 2264 3354 2312 ut

1745 2342 1863 2393 Deo
1886 2341 2179 2407 placeatis,
2197 2348 2256 2395 et
2270 2343 2343 2395 ad
2367 2344 2663 2397 caritatem
2675 2346 2800 2410 ejus
2820 2346 3188 2412 perveniatis,
3219 2348 3353 2400 date

1750 2442 1983 2495 operam
2003 2431 2172 2483 alieni
2187 2431 2336 2484 efﬁci
2354 2434 2428 2485 ab
2452 2434 2607 2485 omni
2619 2435 2998 2500 jactantia,ab
3032 2436 3195 2488 omni
3212 2436 3347 2489 vitio

1743 2518 1941 2584 animi,
1968 2520 2042 2571 ab
2075 2521 2350 2575 omnibus
2380 2521 2601 2574 deliciis
2650 2524 3059 2588 corporalibus,
3103 2524 3350 2577 Delicias

1745 2613 1940 2661 autem
1963 2610 2281 2674 corporales
2299 2623 2417 2664 non
2427 2611 2615 2665 solum
2628 2612 2753 2664 illas
2772 2613 3010 2677 putetis,
3029 2613 3243 2678 quibus
3254 2614 3352 2667 ho-

1745 2698 1932 2751 mines
1965 2700 2163 2752 seaculi
2179 2700 2477 2765 fruuntur;
2507 2701 2609 2755 sed
2650 2703 2982 2756 abstinendi
3015 2706 3211 2782 deliciae
3240 2719 3352 2755 cre-

1745 2796 1951 2850 denda:
1967 2802 2123 2861 sunt,
2136 2810 2309 2851 omne
2324 2799 2602 2864 quidquid
2620 2813 2756 2852 cum
2773 2800 3086 2866 cupiditate
3097 2804 3341 2852 sumserit

1749 2887 1973 2940 etiamsi
1990 2888 2099 2942 vile
2122 2889 2261 2941 illud
2286 2890 2377 2954 sit,
2390 2894 2450 2942 et
2468 2889 2623 2955 quod
2638 2891 2698 2943 in
2708 2904 2821 2943 usu
2836 2904 2967 2944 esse
2984 2892 3351 2945 abstinentli-

1747 2979 1857 3030 bus
1874 2977 2034 3031 solet.
2063 2977 2083 3047 |
2101 2975 2212 3048 29
2248 2982 2417 3045 Aqua
2432 2980 2680 3044 denique
2695 2981 2821 3046 ipsa
2836 2981 2927 3035 vel
2941 2983 3128 3048 panis,
3140 2983 3188 3035 si
3206 2995 3340 3035 cum

1746 3067 2058 3132 cupiditate
2084 3069 2435 3131 sumatur,id
2460 3075 2567 3131 est,
2583 3082 2700 3122 non
2717 3073 2781 3122 ut
2811 3071 3142 3125 necessitati
3158 3086 3340 3134 corpo-

1746 3155 1844 3221 ris,
1870 3156 1970 3208 sed
2005 3161 2071 3209 ut
2097 3156 2273 3209 animi
2303 3157 2582 3211 desiderio
2630 3159 2969 3223 satisfaciat,
3014 3161 3125 3214 hoc
3165 3163 3337 3216 etiam

1746 3201 1844 3221 -__,
1871 3201 1970 3208 --κ
2011 3201 2071 3209 _-
2099 3201 2273 3209 πη..
2305 3201 2580 3211 ..-νηνην
2630 3201 2969 3223 summm",
3014 3201 3124 3214 ..νυ
3166 3201 3337 3216 νυηι...

1678 3201 1726 3276 C
1745 3247 2056 3299 abstinenti
2079 3246 2408 3300 deliciarum
2429 3248 2566 3302 vitio
2591 3248 3092 3316 ducitunOportet
3113 3254 3250 3302 enim
3285 3254 3339 3303 in

1743 3337 2014 3388 omnibus
2039 3339 2702 3401 consuescere,animam
2744 3340 2888 3393 vitio
2935 3353 3146 3394 carere.
3206 3341 3342 3397 Ideo

1746 3426 1995 3490 denique
2006 3427 2286 3479 Dominus
2297 3428 2500 3480 docere
2513 3428 2714 3481 volens
2744 3430 2998 3483 animam
3019 3433 3285 3482 desideriis
3297 3438 3343 3483 et

1746 3516 2140 3581 voluptatibus
2165 3517 2286 3569 suis
2309 3518 2594 3579 resistere,
2623 3518 2876 3572 dicebat:
2907 3521 3110 3571 Intrate
3121 3536 3220 3586 per
3241 3537 3343 3572 an-

1747 3610 1961 3670 gustam
1980 3613 2215 3672 portam,
2233 3608 2369 3673 quia
2389 3608 2502 3658 tata
2516 3613 2587 3658 est
2609 3614 2655 3659 et
2676 3612 2917 3675 spatiosa
2933 3611 3040 3675 via,
3061 3625 3176 3675 quae
3195 3610 3347 3662 ducit

1748 3695 1822 3745 ad
1844 3701 2066 3746 mortem
2079 3698 2287 3761 (Matth.
2322 3698 2389 3762 7.)
2404 3713 2422 3758 ;
2445 3704 2697 3763 angusta
2717 3705 2914 3753 autem
2936 3703 2996 3753 et
3039 3705 3199 3753 arcta
3248 3701 3345 3754 via

1748 3790 1854 3848 est,
1881 3798 2011 3850 quas
2054 3786 2215 3839 ducit
2253 3787 2326 3839 ad
2350 3788 2546 3841 vitam.
2574 3790 2807 3841 Lataest
2832 3802 2966 3854 ergo
2989 3790 3085 3842 via
3106 3790 3342 3856 animai,

36 3880 394 3943 inquantum
411 3875 681 3941 possibile
696 3878 802 3938 est,
819 3874 1000 3927 etiam
1014 3877 1199 3927 Deum
1215 3875 1425 3941 videre,
1443 3883 1487 3926 el
1500 3892 1649 3926 oran-
1750 3887 1882 3926 cum
1898 3875 2302 3940 qualicumque
2318 3876 2600 3930 desiderio
2617 3890 2723 3930 suo
2737 3878 3081 3931 satisfecerit
3098 3895 3111 3932 :
3128 3887 3345 3941 angusta

40 3970 157 4035 tes,
181 3965 414 4019 oculum
438 3964 626 4017 cordis
646 3963 831 4016 nostri
854 3963 913 4017 in
947 3963 1138 4028 ipsum
1153 3963 1414 4030 dirigere,
1448 3969 1505 4017 et
1558 3965 1646 4018 vi-
1749 3977 1884 4027 vero
1907 3968 2016 4027 est,
2041 3977 2173 4017 cum
2199 3965 2597 4031 voluptatibus
2623 3968 2745 4019 suis
2770 3973 3079 4033 repugnat.
3096 3967 3345 4022 Multum

40 4059 183 4111 dere
222 4054 575 4109 invisibilem
618 4056 832 4118 mente,
879 4066 998 4106 non
1044 4067 1311 4119 corpore:
1350 4054 1648 4108 intellectu
1748 4057 2266 4125 tamenprodestad
2282 4056 2735 4110 haacobtinenda
2753 4057 3023 4109 secretior
3038 4057 3340 4120 habitatio,

40 4146 327 4209 scientia.
351 4157 470 4197 non
493 4144 682 4197 Carnis
705 4146 962 4208 aspectu.
987 4145 1032 4195 Ν
1038 4156 1168 4196 emo
1185 4144 1341 4196 enim
1388 4157 1451 4196 se
1483 4147 1648 4210 Ρυῑθι
1746 4165 1806 4213 et
1838 4156 2193 4211 conversatio
2219 4153 2486 4216 solitaria,
2506 4154 2641 4218 quia
2662 4154 2953 4207 interdum
2970 4168 3069 4220 per
3093 4155 3348 4208 occasio-

38 4248 219 4303 DOSSG
254 4235 439 4300 ipsam
463 4235 631 4299 (Sicut
653 4235 759 4296 est)
780 4233 1039 4286 diVinam
1078 4233 1464 4286 summm-iam
1507 4247 1646 4287 ϐοη-
1745 4261 1879 4302 nem
1902 4244 2342 4300 adventantium
2362 4244 2618 4307 fratrum,
2651 4248 2707 4296 et
2735 4244 2996 4297 euntium
3022 4256 3089 4296 ac
3112 4243 3349 4297 redeun-

42 4326 217 4390 tueri,
243 4325 324 4377 ita
344 4328 410 4376 ut
433 4325 682 4389 speciem
705 4323 1077 4388 sibialiquam
1096 4326 1196 4376 aut
1210 4323 1521 4389 imaginem
1534 4325 1646 4378 Iin-

1749 4340 1892 4391 tium
1910 4338 2303 4401 frequentiam,
2329 4333 2695 4387 abstinentiae
2712 4338 2767 4387 et
2781 4333 3150 4399 parsimonia)
3164 4333 3347 4386 frmna

42 4418 150 4479 gat
172 4413 233 4464 in
258 4410 427 4464 σοι’ἀθ
465 4423 751 4476 corporea?
790 4410 1036 4474 alicujus
1067 4410 1339 4476 imaginis
1381 4411 1643 4463 Similem
1745 4427 2031 4489 laxantur,
2056 4428 2112 4478 et
2136 4438 2233 4489 per
2260 4423 2595 4488 hujusmodi
2616 4422 2942 4475 occasiones
2966 4422 3192 4474 venitur
3205 4434 3348 4487 pau-

41 4503 249 4557 Nulla-1
269 4502 450 4555 fOl'ma
466 4502 529 4554 in
540 4502 656 4554 D90
676 4502 974 4567 cogitetur,
990 4500 1151 4554 mllla
1169 4501 1646 4567 Circumscriptio.
1674 4528 1731 4569 n
1748 4516 1908 4569 latim
1932 4515 1989 4567 in
2009 4513 2489 4567 consuetudinem
2513 4517 2572 4565 et
2595 4524 2765 4565 usum
2790 4511 3144 4569 deliciarum,
3166 4514 3231 4564 et
3264 4511 3349 4563 sic

44 4593 153 4647 sed
185 4604 414 4656 sensus,
448 4595 506 4644 et
527 4604 694 4644 mens
724 4602 859 4655 quin
882 4591 1083 4643 sentiri
1098 4590 1331 4656 quidem
1352 4590 1556 4656 possit,
1595 4593 1648 4644 et

1752 4605 2042 4659 interdum
2067 4604 2237 4655 etiam
2264 4602 2500 4668 perfecti
2518 4603 2638 4669 jam
2651 4603 2757 4655 viri
2769 4602 3090 4667 capiuntur.
3105 4601 3239 4654 Ideo
3250 4599 3352 4654 de-

43 4682 430 4750 ρετεῐπὶιιεθτθ
451 4681 663 4734 mentis
684 4681 1110 4745 θπθοιυωνηοη
1148 4685 1343 4733 tamen
1391 4692 1650 4747 compre‘
1750 4697 1927 4761 nique
1950 4700 2009 4748 et
2032 4694 2210 4747 David
2249 4694 2499 4747 dicebat:
2554 4694 2683 4745 Ecce
2727 4693 2974 4758 elongavi
3017 4692 3253 4757 fugiens,
3307 4697 3353 4742 et

44 4771 245 4833 bendi.
297 4774 398 4823 aut
449 4770 715 4832 describi.
752 4774 855 4824 aut
894 4770 1146 4823 enarrari
1192 4771 1362 4824 valet.
1409 4772 1481 4824 Et
1524 4771 1649 4824 ideo
1750 4786 1933 4836 mansi
1957 4786 2015 4834 in
2032 4783 2743 4849 solitudine.Emspectabam
2757 4798 2897 4845 eum,
2914 4783 3011 4849 qui
3028 4782 3240 4832 salvum
3270 4796 3354 4831 me

45 4860 287 4925 (Pallad.
312 4876 432 4925 cap.
459 4859 567 4925 43.)
611 4864 835 4926 oportet
878 4872 1014 4913 cum
1058 4860 1215 4912 omni
1245 4860 1562 4914 reverentia
1592 4861 1648 4914 et

1749 4876 1940 4942 faceret
1961 4890 1986 4924 e
2000 4873 2197 4939 pusillo
2218 4875 2239 4909 3
2266 4874 2454 4923 animo
2478 4879 2524 4923 et
2548 4878 2844 4939 tempestate
2876 4871 3036 4937 (Psat.
3060 4869 3129 4926 54
3151 4872 3189 4937 ).

45 4955 214 5005 metu
246 4951 518 5004 accedere
542 4950 615 5003 ad
641 4950 971 5015 Dominum,
1004 4954 1061 5002 et
1078 4951 1159 5002 ita
1179 4950 1242 5003 in
1278 4963 1413 5003 eum
1446 4950 1652 5005 librare
1817 4966 2128 5028 Postquam
2158 4967 2355 5016 autem
2383 4962 2613 5026 (Pallad.
2631 4978 2749 5029 cap.
2797 4962 2903 5027 44.)
2946 4963 3129 5015 multa
3182 4961 3353 5014 nobis

46 5041 267 5096 mentis
277 5040 572 5103 intuitum,
589 5042 834 5092 utomne
851 5037 1133 5104 quidquid
1146 5042 1648 5105 potestsplendoris,

1756 5060 1993 5108 sanctus
2015 5055 2268 5107 Joannes
2293 5052 2364 5105 de
2378 5053 2674 5118 jactantiae
2700 5052 2857 5115 vitio,
2884 5052 3128 5117 aliisque
3149 5062 3357 5116 quam-

46 5130 346 5196 οιᾶΐίωῐὶεν
372 5130 626 5196 fulgoris.
647 5130 970 5195 majes'ﬂtis
996 5142 1165 5182 mens
1186 5130 1445 5184 humana
1460 5130 1654 5183 οοηοί·
1668 5150 1697 5159 ‘
1755 5145 2034 5212 plurimus
2045 5142 2261 5195 utiliter
2272 5141 2559 5204 disseruit,
2573 5141 2646 5195 ad
2663 5142 2934 5194 ultimum
2951 5140 3351 5194 intulitdicens:

47 5236 201 5291 ρθΐθν
258 5233 431 5287 super
467 5220 596 5274 hac
637 5220 834 5273 omnia
881 5232 1010 5273 688°
1055 5219 1269 5273 εθηιίθοῐ
1315 5233 1572 5286 semper;
1595 5225 1654 5273 et
1755 5238 2030 5289 Retexam
2054 5238 2248 5287 autem
2270 5232 2450 5294 vobis,
2477 5230 2617 5297 quid
2634 5230 2806 5284 etiam
2825 5244 3011 5298 nuper
3033 5230 3265 5284 cuidam
3282 5241 3357 5283 ex

120 5431 135 5466 ι
165 5426 377 5483 Sedulo
389 5431 557 5480 cavet
568 5426 1283 5492 Anthropomorphitarum
1304 5426 1445 5492 (sive
1457 5439 1658 5479 eorum

54 5503 153 5568 qui
178 5502 499 5554 humanam
520 5501 634 5552 Deo
663 5499 901 5551 formam
919 5500 1260 5563 tribuebant)
1281 5512 1548 5563 errorem,
1563 5501 1660 5563 qui

55 5588 151 5641 per
173 5574 233 5626 id
249 5584 458 5637 nempe
483 5571 751 5637 temporis
772 5571 1002 5635 Egypti
1020 5578 1299 5623 monaste:
1314 5573 1368 5623 ia
1389 5584 1661 5637 pervase-

57 5653 160 5701 rat.
177 5649 412 5709 Notum,
426 5655 572 5708 quas
587 5644 782 5696 turbas
792 5643 852 5695 in
867 5643 1257 5696 Alexandrina
1268 5646 1519 5696 Ecclesia
1530 5660 1662 5706 quae-

60 5720 167 5773 stio
189 5718 310 5780 illa,
338 5718 567 5770 Deusne
590 5728 893 5781 corporeus
932 5720 1106 5780 esset,
1159 5727 1234 5767 an
1270 5717 1659 5781 incorporeus,

60 5790 350 5845 excitarit:
380 5800 563 5855 quum
575 5788 944 5854 Theophilus,
967 5788 1067 5853 qui
1084 5787 1661 5854 recteincorporeum,

61 5865 363 5930 sentiebat,
397 5862 471 5916 ab
496 5860 774 5928 Egyptiis
791 5862 1091 5916 monachis
1109 5862 1388 5916 adversus
1413 5876 1544 5919 cum
1577 5878 1667 5918 co-

1761 5436 2050 5497 euntibus,
2076 5438 2133 5486 et
2147 5444 2324 5485 manu
2352 5431 2497 5483 facta
2518 5431 2577 5482 in
2588 5429 2951 5489 vadenlibus,
2967 5429 3022 5481 in
3044 5429 3359 5481 vitaadiscri-

1762 5521 1894 5560 men
1918 5505 2249 5560 venit.Vsde
2262 5517 2392 5569 qum
2419 5517 2525 5555 nos
2550 5503 2620 5554 ad
2642 5503 2767 5568 ejus
2795 5502 3157 5567 Synodn‘am,
3187 5505 3361 5564 atque

1762 5582 1894 5634 alibi
1915 5579 2485 5643 Hieronymianorum
2499 5576 2746 5641 Operum
2772 5576 2942 5626 tomI.
2962 5574 3357 5626 observamus.

1823 5652 1846 5689 ³
1863 5655 1948 5706 ita
1971 5660 2027 5706 et
2051 5651 2455 5715 Augustiniani
2478 5650 2613 5700 olim
2640 5646 2971 5725 codic~s,_et
2986 5658 3140 5699 nunc
3154 5644 3360 5725 Bema-

1763 5736 1903 5778 num
1930 5714 2161 5792 quoius
2196 5722 2528 5778 Psalterium
2561 5718 2813 5786 prmfert;
2842 5718 2953 5783 alii,
2987 5734 3022 5770 a
3066 5714 3361 5785 pusittani-

1766 5797 1965 5849 mitatc.
