3898 6420
608 427 710 484 399

1621 424 1864 477 RUFINI
1897 420 2389 486 AQUILEIENSIS
2424 421 2863 473 PRESBYTERI

3808 428 3889 483 4ου

605 538 878 590 fratribus
909 535 1119 589 nostris
1152 534 1436 597 acciderit,
1459 539 1524 586 ut
1543 534 1829 587 cautiores
1853 546 1959 586 vos
1985 546 2195 599 prmce-
2216 532 2442 611 Afecit,
2480 530 2579 584 sed
2599 532 2910 597 desperans
2944 534 3324 600 semetipsum
3367 538 3546 600 (sicut
3586 540 3890 605 Apostolus

606 626 800 680 dentia
821 623 1084 690 exempla
1104 623 1475 675 constituant.

660 718 795 768 Erat
822 715 1056 780 quidam
1084 712 1239 778 apud
1260 725 1369 764 nos
1401 712 1728 765 monachus
1764 713 1826 765 in
1864 712 1972 765 hac
2009 713 2198 766 vicina

598 814 785 855 eremo
808 812 1201 863 commanens,
1219 799 1312 851 cui
1326 798 1721 851 habitaculum
1739 798 2016 864 spelunca
2041 804 2159 852 erat
2179 814 2192 850 :

601 891 689 945 vir
699 902 942 942 summas
953 889 1340 953 abstinentiae,
1360 888 1757 952 quotidianum
1777 889 1990 940 victum
2003 889 2196 940 labore

598 992 879 1032 manuum
890 990 1177 1043 quaerens,
1202 977 1264 1029 in
1277 977 1632 1030 orationibus
1650 977 1749 1029 diu
1766 982 2058 1042 noctuque
2068 990 2196 1043 per-

597 1069 832 1134 sistens,
848 1068 1192 1132 cunctisque
1212 1068 1390 1120 animi
1404 1066 1715 1121 virtutibus
1730 1068 1959 1121 ﬂorens.
1975 1068 2085 1120 Sed
2102 1068 2195 1120 hic

593 1158 741 1213 latis
758 1157 1129 1212 successibus
1145 1156 1351 1221 elatus,
1367 1156 1649 1209 conﬁdere
1663 1158 1810 1218 quasi
1828 1158 1882 1206 in
1894 1159 2195 1219 profectibus

597 1248 721 1301 suis
748 1249 936 1313 caepit,
966 1249 1025 1300 et
1047 1259 1162 1299 non
1180 1248 1296 1298 Deo
1321 1248 1528 1310 totum,
1550 1245 1653 1298 sed
1676 1246 2017 1311 sibimetipsi
2038 1246 2192 1311 quod

596 1337 931 1402 profecerat,
979 1336 1271 1401 deputare.
1300 1335 1464 1387 Hanc
1484 1339 1677 1387 autem
1726 1334 1961 1387 intuens
2016 1335 2192 1387 animi

598 1426 1079 1492 prtesumtionem
1098 1427 1364 1489 tentator,
1381 1423 1652 1477 continuo
1663 1424 1901 1489 accedit,
1915 1430 1972 1477 et
1987 1427 2192 1487 laqueos

592 1520 772 1581 parat.
792 1514 1050 1577 Quadam
1064 1526 1320 1578 namque
1343 1514 1435 1566 die
1444 1514 1516 1565 ad
1542 1525 1860 1577 vesperam,
1878 1512 2044 1578 tingit
2058 1526 2189 1579 spe-

593 1605 738 1657 ciem
758 1604 983 1658 decoraa
1003 1602 1257 1655 mulieris
1284 1602 1602 1655 oberrantis
1625 1615 1726 1667 per
1745 1615 2022 1668 eremum,
2056 1615 2190 1668 quin

592 1693 754 1749 velut
764 1694 916 1746 fessa
927 1697 1059 1758 post
1069 1692 1314 1744 nimium
1327 1691 1600 1757 laborem,
1617 1692 1897 1744 accedens
1912 1692 1985 1744 ad
2004 1694 2188 1742 ostium

594 1782 888 1848 speluncas
898 1781 1183 1846 monachi,
1198 1780 1286 1834 las
1300 1781 1625 1833 sabundam
1642 1782 1923 1834 simulans
1935 1794 2002 1834 ac
2015 1781 2190 1846 fatiga

2294 624 2458 689 dixit)
2477 621 2705 676 tradidit
2720 637 2773 671 sc
2784 624 2936 672 omni
2949 625 3304 688 impudicitia:
3313 630 3359 674 et
3377 626 3671 693 iniquitati
3684 630 3889 694 (Ephes.

2294 704 2384 769 4,).
2398 708 2719 774 Regressus
2736 716 2826 763 est
2846 712 2999 763 enim
3021 712 3093 764 ad
3122 714 3300 766 vitam
3316 716 3682 782 sacularem,
3700 718 3889 783 praede

2293 798 2625 851 dmmonum
2649 798 2853 851 factus.
2881 800 3110 865 Refugit
3134 815 3384 867 namque
3401 810 3757 871 conspectus
3775 820 3890 858 om-

2290 879 2455 933 nium
2490 892 2836 951 sanctorum,
2863 902 2937 941 ne
2982 890 3113 953 quis
3154 897 3353 956 posset
3395 907 3530 946 eum
3548 895 3890 947 salutaribus

2290 975 2527 1027 monitis
2550 978 2620 1029 de
2644 979 2953 1043 praecipitio
2977 992 3261 1033 revocare.
3281 982 3337 1034 Si
3358 983 3511 1037 enim
3526 984 3769 1038 reddere
3807 998 3890 1038 se-

2289 1064 2605 1129 metipsum
2620 1067 2791 1132 priori
2811 1068 2941 1120 vitm
2954 1070 3323 1123 abstinentiae
3342 1072 3638 1138 voluisset,
3662 1086 3889 1140 recupe-

2288 1156 2474 1205 rasset
2502 1154 2627 1207 sine
2652 1155 2826 1208 dubio
2850 1161 2907 1208 et
2926 1155 3115 1209 locum
3128 1163 3184 1211 et
3207 1160 3451 1223 gratiam
3475 1173 3665 1214 suam.

2350 1242 2606 1307 Denique
2621 1244 2816 1297 audite
2859 1245 3088 1310 (Pallad.
3102 1262 3220 1312 cap.
3251 1246 3364 1314 45.)
3398 1249 3538 1314 quid
3582 1256 3643 1303 et
3687 1251 3762 1304 de
3784 1252 3888 1305 alio

2288 1332 2410 1385 viro
2435 1337 2668 1397 gestum
2695 1334 2788 1398 sit,
2814 1335 3321 1401 similiterquidem
3360 1344 3599 1405 tentato,
3647 1341 3753 1394 sed
3777 1356 3889 1394 non

2287 1421 2459 1473 simili
2477 1422 2637 1475 exitu
2653 1424 3196 1480 tentationiseﬂuso.
3216 1429 3596 1494 Fuitquidam
3613 1432 3704 1485 vir
3721 1434 3775 1480 in
3792 1436 3884 1483 hac

2287 1511 2550 1575 proxima
2571 1512 2822 1578 civitate,
2846 1514 3029 1568 vitam
3046 1518 3438 1581 turpissimam
3450 1532 3551 1584 per
3563 1533 3738 1573 omne
3755 1520 3883 1573 faci-

2287 1611 2400 1651 nus
2418 1600 2653 1666 ducens,
2683 1600 2702 1669 |
2718 1600 2770 1669 3
2786 1601 2805 1670 |
2832 1603 2911 1655 ita
2925 1608 2991 1655 ut
3012 1604 3448 1669 Opinatissimus
3468 1607 3529 1660 in
3542 1608 3781 1674 ﬂagitiis
3794 1610 3890 1661 ha-

2286 1688 2535 1742 beretur.
2551 1690 2656 1742 Hic
2667 1691 2975 1755 aliquando
2992 1693 3096 1745 Dei
3110 1694 3479 1749 miseratione
3494 1705 3883 1762 compunctus

2284 1777 2357 1829 ad
2380 1779 2780 1843 paenitentiam
2812 1782 3183 1848 convertitur,
3201 1786 3257 1836 et
3279 1784 3431 1837 intra
3465 1788 3800 1851 sepulcrum
3831 1801 3889 1839 se

595 1873 730 1936 tam,
753 1872 1102 1924 intrinsecus
1126 1870 1325 1924 semeti
1334 1884 1498 1936 psam
1521 1872 1637 1935 proj
1647 1872 1772 1935 ecit,
1797 1876 1971 1935 atque
2003 1871 2183 1924 advo—
2206 1868 2261 1943 B
2283 1868 2573 1931 quoddam
2585 1869 2953 1935 concludens,
2966 1873 3221 1937 priorum
3237 1873 3516 1927 scelerum
3543 1876 3890 1941 pollutiones

590 1961 716 2015 luta
749 1962 997 2027 genibus
1040 1961 1165 2026 viri,
1203 1963 1269 2013 ut
1313 1961 1405 2013 sui
1436 1961 1777 2013 misereatur
1799 1966 2011 2013 exorat.
2061 1963 2187 2013 Nox

589 2052 743 2106 enim
767 2065 858 2104 me
869 2050 1171 2112 infelicem,
1191 2050 1397 2115 inquit,
1422 2050 1483 2102 in
1500 2064 1688 2103 eremo
1699 2051 2021 2104 latitantem
2037 2064 2188 2103 com-

591 2141 915 2209 prehendit:
939 2141 1079 2205 jube
1106 2153 1201 2193 me
1237 2140 1595 2205 requiescere
1629 2140 1688 2192 in
1733 2141 1945 2205 angulo
1969 2140 2189 2193 cellula:

590 2236 733 2295 tuae,
759 2243 833 2284 ne
858 2232 1000 2283 forte
1011 2231 1226 2283 eiﬂciar
1240 2230 1540 2282 nocturnis
1556 2230 1757 2282 bestiis
1769 2229 1985 2295 praeda.
2000 2233 2073 2282 At
2095 2229 2189 2283 ille

588 2321 773 2387 primo
796 2320 1180 2373 miserationis
1204 2321 1466 2383 obtentu,
1500 2319 1710 2385 recepit
1733 2333 1859 2372 eam
1886 2321 2041 2372 intra
2055 2331 2188 2385 spe-

584 2412 839 2476 luncam,
862 2410 1157 2475 requirens
1182 2422 1314 2474 qua:
1346 2407 1495 2477 I30
1527 2411 1576 2462 ei
1600 2423 1807 2463 caussa
1829 2411 2058 2464 errandi
2084 2424 2187 2477 per

588 2512 852 2552 eremum
875 2498 1047 2551 fuerit
1062 2503 1086 2549 ε’
1108 2498 1209 2551 Illa
1220 2511 1489 2551 caussam
1498 2500 1665 2565 ilngit
1681 2501 1821 2552 satis
1836 2503 2117 2564 accurate,
2132 2507 2189 2554 et

579 2588 811 2641 interim
829 2601 1052 2642 venena
1094 2588 1633 2653 blandimentorum,
1647 2594 1821 2653 atque
1837 2588 2120 2643 illecebrae
2133 2590 2189 2644 vi

586 2692 704 2743 rus,
740 2691 842 2744 per
863 2691 1093 2731 omnem
1105 2682 1329 2732 textum
1345 2680 1685 2731 narrationis
1695 2679 1999 2741 interserit,
2014 2692 2188 2733 nunc-

587 2781 651 2821 se
696 2769 1103 2829 miserandam,
1158 2782 1317 2821 nunc
1363 2769 1536 2821 etiam
1583 2769 1915 2821 defensione
1950 2770 2185 2835 dignam

589 2858 931 2911 ostendens:
957 2858 1241 2922 elegantia
1263 2862 1321 2911 et
1333 2859 1623 2910 suavitate
1648 2858 1929 2910 sermonis
1946 2859 2186 2913 inclinat

587 2947 844 3000 animum
859 2947 1129 3013 hominis,
1148 2954 1201 2999 et
1214 2947 1554 2999 inaiiectum
1572 2947 1661 2999 sui
1672 2946 2005 3000 illecebroso
2019 2964 2186 2999 amore

588 3036 857 3089 deﬂectit.
875 3038 1022 3089 Hinc
1039 3037 1162 3101 jam
1183 3037 1332 3088 inter
1357 3036 1653 3089 blandiora
1683 3037 1986 3100 colloquia,
2016 3039 2183 3102 jocus

585 3125 854 3191 risusque
867 3127 1184 3178 miscentur
1193 3138 1425 3189 ,manus
1441 3126 1614 3178 etiam
1626 3125 1956 3179 defensione
1968 3127 2183 3193 dignam

581 3216 859 3280 risusque
877 3215 1191 3268 miscentur
1203 3228 1412 3267 manus
1427 3215 1601 3267 etiam
1611 3228 1825 3280 procax
1835 3217 1908 3269 ad
1923 3221 2186 3270 mentum

2283 1956 2669 2022 lacrymarum
2683 1958 2943 2011 fontibus
2958 1961 3231 2027 diluebat,
3250 1962 3454 2015 diebus
3464 1977 3533 2016 ac
3550 1966 3824 2018 noctibus
3835 1967 3890 2018 in

2285 2046 2487 2100 faciem
2508 2050 2849 2115 prostratus,
2863 2053 2921 2102 et
2935 2063 3008 2102 ne
3030 2050 3281 2104 allevare
3293 2052 3528 2117 quidem
3541 2065 3728 2106 ausus
3756 2068 3890 2108 ocu-

2285 2134 2374 2188 los
2402 2136 2475 2188 ad
2505 2136 2730 2199 caelum,
2757 2152 2946 2203 neque
2964 2152 3166 2193 vocem
3185 2142 3461 2206 emittere,
3488 2147 3775 2197 etnomen
3787 2146 3885 2197 Dei

2286 2226 2608 2289 nominare,
2621 2226 2721 2279 sed
2743 2228 2806 2279 in
2825 2228 2963 2280 solis
2980 2230 3292 2294 gemitibus
3312 2236 3369 2283 et
3380 2232 3612 2284 ﬂetibus
3626 2233 3890 2298 perdura-

2286 2315 2405 2379 bat,
2418 2320 2475 2367 et
2488 2320 2765 2381 tanquam
2778 2317 2979 2371 vivens
2996 2318 3277 2385 sepultus,
3294 2320 3365 2372 de
3374 2321 3597 2374 inferno
3603 2325 3733 2387 jam
3761 2336 3889 2388 quo-

2287 2403 2593 2457 dammodo
2606 2408 2893 2471 mugitum
2924 2407 3112 2459 cordis
3132 2409 3528 2475 gemitumque
3547 2414 3744 2461 edebat.
3764 2415 3887 2464 Cum

2286 2505 2399 2557 que
2415 2493 2473 2545 in
2489 2494 2583 2546 his
2598 2496 2787 2560 posito
2801 2510 2866 2548 eo
2880 2497 3203 2561 septimana
3219 2511 3332 2551 una
3354 2500 3676 2565 transisset,
3712 2507 3888 2555 noctu

2285 2583 2531 2635 veniunt
2558 2584 2631 2636 ad
2656 2597 2791 2637 eum
2814 2585 3110 2639 daemones
3135 2587 3194 2639 in
3216 2588 3478 2652 sepulcro
3502 2588 3824 2643 clamantes
3836 2595 3889 2643 et

2285 2670 2573 2725 dicentes:
2600 2673 2744 2735 Quid
2768 2679 2858 2726 est
2878 2675 3033 2739 quod
3054 2676 3199 2741 agis,
3220 2689 3255 2729 o
3289 2677 3676 2742 impurissime
3700 2684 3763 2731 et
3786 2681 3886 2732 ﬂa—

2283 2760 2650 2826 gitiosissima
2668 2765 2695 2814 ‘I
2720 2765 3103 2828 Posteaquam
3121 2764 3278 2817 omni
3291 2766 3583 2831 spurcitia,
3600 2768 3881 2834 omnique

2284 2850 2608 2915 impuritate
2626 2853 2871 2906 satiatus
2896 2867 2979 2917 es,
2996 2867 3153 2906 nunc
3175 2855 3262 2907 vis
3280 2860 3477 2908 castus
3493 2861 3553 2909 et
3576 2857 3882 2923 religiosus

2284 2942 2589 3005 procedere
2602 2946 2626 2992 Ρ
2638 2944 2707 2994 Et
2717 2949 3092 3007 posteaquam
3103 2945 3463 2998 consenuisti
3489 2946 3551 2998 in
3565 2946 3883 3001 sceleribus

2282 3042 2390 3083 nec
2408 3033 2525 3091 jam
2548 3031 2844 3084 suiﬂciunt
2865 3033 3016 3086 vires
3032 3034 3105 3085 ad
3123 3034 3368 3087 facinora
3398 3034 3642 3088 delenda
3659 3038 3705 3100 ί,
3731 3052 3883 3091 nunc

2285 3120 2644 3173 Christianus
2666 3121 2844 3174 videri
2854 3123 2961 3186 vis,
2977 3124 3035 3174 et
3043 3123 3306 3188 pudicus,
3318 3128 3377 3177 et
3385 3126 3672 3190 paenitens
3687 3131 3714 3177 Ρ
3724 3129 3889 3192 quasi

2286 3223 2423 3263 vero
2447 3210 2594 3263 alius
2620 3211 2721 3263 tibi
2743 3210 2866 3275 jam
2884 3210 3036 3264 ullus
3057 3213 3374 3278 possitdari
3403 3213 3563 3267 locus
3600 3216 3818 3270 satiato
3838 3218 3890 3269 in

592 3304 966 3368 barbamque,
991 3303 1157 3369 quasi
1181 3304 1490 3356 venerandi
1514 3304 1701 3368 specie
1723 3305 2030 3370 protendit,
2058 3310 2184 3359 tum
2214 3290 2263 3366 C
2296 3298 2602 3363 malis,nisi
2624 3300 2738 3364 ille,
2765 3313 2863 3364 qui
2882 3302 2984 3353 tibi
3007 3302 3312 3355 nobiscum
3335 3303 3591 3357 debetur.
3617 3306 3792 3358 Unus
3827 3320 3890 3360 ex

594 3406 731 3447 vero
757 3392 986 3459 palpare
1010 3394 1291 3446 cervicem
1306 3392 1557 3454 mollius,
1580 3393 1906 3458 collumque
1922 3395 2187 3458 levigare.

596 3482 741 3544 Quid
763 3481 982 3534 multa?
1005 3481 1096 3534 Ad
1112 3481 1380 3535 ultimum
1418 3483 1709 3548 captivum
1755 3483 1914 3535 ducit
1950 3484 2190 3538 militem

588 3572 817 3626 Christi.
840 3572 1121 3625 Continuo
1137 3573 1288 3625 enim
1304 3574 1624 3637 perturbari
1640 3573 1789 3626 intra
1815 3574 2195 3640 semetipsum

586 3667 646 3716 et
669 3661 921 3714 libidinis
945 3662 1217 3715 ﬂuctibus
1241 3666 1491 3715 testuare
1520 3662 1711 3729 coepit,
1731 3676 2097 3728 nequaquam
2120 3664 2178 3717 la

579 3754 785 3806 borum
810 3752 1249 3816 praeteritorum,
1294 3764 1658 3817 nequaquam
1687 3753 2060 3818 professionis
2104 3766 2171 3806 ac

582 3840 859 3906 propositi
883 3840 971 3892 sui
995 3852 1233 3893 memor.
1250 3841 1561 3894 Paciscitur
1585 3855 1715 3895 cum
1734 3844 1922 3896 cordis
1940 3844 2028 3896 sui
2044 3859 2180 3899 con-

582 3930 956 3997 cupiscentia,
979 3934 1038 3983 et
1059 3930 1212 3984 intra
1234 3944 1440 3985 arcana
1482 3934 1896 3998 cogitationum
1947 3947 2184 3989 suarum

577 4019 695 4075 fmd
703 4035 773 4074 us
790 4033 925 4073 cum
939 4020 1081 4072 falsa
1092 4021 1384 4086 voluptate
1396 4035 1522 4075 com
1529 4023 1703 4088 ponit.
1723 4022 1966 4077 Inclinat
1977 4024 2190 4079 stultus

579 4110 758 4164 latera
781 4122 905 4174 sua,
931 4112 988 4162 et
1011 4109 1257 4162 efﬁcitur
1277 4110 1416 4160 sicut
1459 4125 1630 4176 equus
1662 4117 1708 4162 et
1742 4112 1942 4175 mulus,
1992 4114 2188 4179 quibus

579 4214 695 4249 non
718 4204 788 4249 est
816 4198 1107 4248 intellectus
1122 4199 1282 4263 (Psal.
1306 4198 1435 4264 31.).
1489 4204 1682 4264 Atque
1738 4201 1841 4252 ubi
1886 4203 2194 4259 obscaenos

579 4289 701 4354 jam
732 4288 1048 4340 conabatur
1068 4287 1212 4339 inire
1236 4287 1704 4353 complexus,illa
1714 4289 1996 4343 ululatum
2016 4298 2190 4347 teter-

577 4378 791 4431 rimum
816 4377 955 4429 dirae
971 4376 1127 4430 vocis
1142 4377 1431 4440 emittens,
1450 4379 1655 4430 umbra
1667 4384 1863 4432 uterat
1893 4383 2086 4435 tenuis
2104 4399 2195 4447 per

583 4480 793 4519 manus
815 4466 1132 4532 amplecten
1141 4466 1212 4518 tis
1237 4467 1496 4531 elabitur,
1512 4468 1703 4535 ipsum
1720 4482 1948 4536 quoque
1960 4472 2197 4526 dedeco-

2290 3390 2458 3441 nobis
2483 3403 2566 3454 es,
2598 3388 2876 3455 aliusjam
2899 3404 3028 3444 esse
3048 3405 3163 3443 non
3186 3394 3423 3458 poteris.
3445 3393 3585 3447 Redi
3598 3407 3739 3461 ergo
3756 3411 3887 3450 mi-

2291 3479 2400 3545 gis,
2438 3479 2556 3531 redi
2578 3478 2652 3532 ad
2674 3492 2809 3532 nos:
2838 3486 2897 3533 et
2919 3481 3075 3545 quod
3113 3495 3349 3548 superes
3386 3483 3491 3535 tibi
3537 3489 3792 3550 tempus,
3837 3490 3889 3539 in

2293 3568 2634 3634 pet-fruenda
2665 3570 2959 3636 voluptate
2986 3584 3105 3623 non
3127 3573 3367 3637 perdas;
3383 3586 3780 3640 preeparamus
3816 3578 3890 3630 af-

2293 3660 2541 3711 ﬂuentes
2557 3659 2808 3724 delicias,
2821 3673 3213 3725 praeparemus
3231 3667 3421 3715 scorta
3434 3663 3821 3729 nobilissima,
3840 3673 3890 3720 et

2294 3753 2497 3800 cuncta
2512 3748 2642 3801 talia
2655 3762 2789 3813 qua:
2805 3751 3007 3803 ﬂorem
3028 3751 3131 3803 tibi
3150 3751 3375 3816 possint
3395 3765 3655 3818 reparare
3680 3757 3890 3820 gratis-

2294 3839 2811 3902 simtejuventuiis.
2831 3839 2976 3901 Quid
2993 3842 3362 3906 temetipsum
3373 3843 3539 3895 vanis
3549 3844 3890 3899 etinanibus

2292 3928 2528 3980 coniicis
2542 3928 2891 3981 cruciatibus
2907 3932 2931 3980 Ρ
2943 3929 3087 3992 Quid
3109 3931 3480 3997 temetipsum
3500 3936 3636 3986 ante
3656 3938 3890 4001 tempus

2294 4016 2591 4083 suppliciis
2615 4018 2791 4070 tradis
2805 4021 2832 4070 ?
2855 4019 3003 4082 Quid
3019 4020 3170 4072 enim
3182 4020 3410 4074 alludes
3421 4033 3702 4087 pessmus
3732 4024 3797 4077 in
3815 4026 3890 4078 ω.

2293 4107 2469 4171 ferno,
2496 4108 2608 4159 nisi
2630 4107 2740 4160 hoc
2765 4108 2920 4173 quod
2952 4122 3110 4161 nunc
3136 4110 3238 4162 tibi
3256 4109 3366 4176 ipsi
3392 4112 3681 4176 conquiris
3709 4116 3732 4163 ?
3749 4114 3815 4167 Si
3843 4120 3890 4167 te

2291 4209 2463 4262 pmna
2485 4196 2745 4261 delectat,
2763 4204 3037 4264 exspecta
3058 4199 3374 4265 paululum,
3389 4201 3718 4255 etinvenies
3734 4216 3890 4269 para-

2294 4292 2408 4338 tam
2428 4302 2440 4338 :
2464 4299 2617 4339 nuuc
2644 4287 2876 4341 interim
2906 4289 3092 4342 fruere
3120 4292 3459 4344 muneribus
3479 4292 3713 4354 nostris,
3752 4305 3889 4358 quae

2292 4376 2479 4429 dulcia
2501 4390 2724 4442 semper
2751 4382 2809 4430 et
2821 4383 2985 4444 grata
3007 4379 3245 4432 duxisti.
3279 4382 3420 4434 Haec
3443 4386 3501 4434 et
3550 4380 3890 4447 hujusmodi

2290 4467 2452 4532 plura
2475 4470 2957 4534 exprobrantibus
2984 4470 3088 4535 eis,
3105 4470 3434 4535 illejacebat
3447 4471 3778 4537 immobilis,
3797 4489 3889 4524 nec

585 4557 732 4609 rosis
753 4557 1009 4610 motibus
1042 4556 1246 4609 inanes
1288 4569 1457 4610 auras
1492 4561 1826 4625 sectantem,
1874 4561 2187 4616 fmdissima
2206 4567 2265 4641 D
2290 4559 2554 4613 auditum
2577 4561 2809 4626 quidem
2832 4574 3002 4613 suum
3019 4566 3363 4613 convertens
3377 4561 3451 4614 ad
3471 4574 3588 4627 eos,
3620 4575 3731 4615 nec
3768 4564 3887 4619 ullo

588 4659 721 4699 cum
749 4645 1013 4698 irrisione
1042 4645 1311 4698 deseruit.
1356 4647 1517 4701 Tunc
1565 4653 1842 4714 praeterea
1873 4653 2179 4707 multitudo

587 4736 922 4787 daemonum
950 4736 1012 4786 in
1034 4747 1165 4787 aere
1186 4735 1259 4787 ad
1283 4737 1392 4789 hoc
1417 4737 1610 4802 ipsum
1635 4742 2027 4804 spectaculum
2058 4757 2184 4792 con-

588 4828 843 4889 gregata,
864 4823 1110 4877 clamore
1120 4824 1341 4891 ingenti
1351 4839 1482 4880 cum
1500 4828 1782 4882 cachinno
1800 4832 2184 4895 exprobratio-

588 4914 681 4966 nis
700 4912 880 4967 elato:
907 4913 973 4979 Ο,
996 4914 1285 4979 inquiunt,
1309 4918 1409 4981 qui
1432 4922 1485 4970 te
1510 4930 1697 4982 usque
1722 4919 1797 4971 ad
1836 4918 2045 4972 caelum
2081 4934 2183 4973 ex-

589 5002 848 5067 tollebas,
875 5004 1162 5069 quomodo
1186 5006 1486 5061 demersus
1497 5021 1560 5060 es
1578 5021 1761 5073 usque
1772 5008 1846 5060 ad
1861 5008 2147 5063 infernum
2160 5015 2185 5062 ξ’

583 5094 754 5148 Disce
797 5108 949 5161 ergo,
993 5095 1129 5160 quia
1154 5096 1255 5161 qui
1277 5110 1341 5149 se
1368 5096 1609 5161 extollit,
1632 5097 2180 5163 humiliabitur(Luc.

585 5184 892 5251 14.ει18.).
930 5187 1092 5238 Tunc
1114 5185 1207 5239 ille
1233 5187 1392 5240 velut
1415 5199 1612 5239 amens
1626 5187 1884 5252 effectus,
1928 5190 1985 5242 et
2019 5188 2185 5243 dece-

585 5275 797 5341 ptionis
821 5288 946 5329 suae
971 5277 1249 5342 pudorem
1272 5289 1390 5327 non
1412 5276 1616 5340 ferens,
1646 5280 1882 5342 gravius
1907 5291 1943 5331 a
1973 5286 2183 5334 semet-

586 5364 713 5430 ipso
742 5365 1229 5431 decipitur,quam
1241 5364 1425 5417 fuerat
1447 5377 1483 5417 a
1505 5366 1870 5421 daemonibus
1887 5368 2177 5435 deceptus.

589 5455 729 5508 Cum
742 5458 899 5508 enim
911 5454 1174 5529 debuerit
1182 5466 1444 5518 reparare
1458 5456 1847 5521 semetipsum,
1861 5462 1919 5510 et
1944 5475 2183 5511 renovem

588 5550 898 5609 certamen,
929 5558 997 5599 ac
1021 5543 1407 5597 satisfactione
1421 5547 1529 5611 sui,
1545 5546 1775 5611 lacrymi
1784 5552 1880 5601 set
1895 5549 2184 5603 humilita-

592 5635 669 5692 tis
693 5634 990 5698 fructibus,
1004 5634 1205 5701 prioris
1221 5632 1477 5689 elationis
1489 5632 1715 5704 culpam
1730 5637 1936 5706 delere,
1949 5638 2058 5695 hoc
2067 5653 2184 5696 non

2281 4652 2511 4727 penitus
2524 4664 2789 4704 sermone
2802 4651 3183 4717 respondens.
3200 4653 3456 4715 Cumque
3481 4650 3563 4704 illi
3574 4653 3791 4718 saepius
3803 4667 3890 4708 ea-

2280 4750 2414 4802 dem
2436 4747 2771 4811 repeterent,
2799 4747 2857 4795 et
2874 4742 2987 4794 alia
3007 4741 3255 4805 duriora,
3276 4754 3384 4794 nec
3404 4741 3497 4794 ille
3516 4743 3753 4795 omnino
3766 4757 3890 4798 mo-

2282 4841 2527 4898 veretur,
2551 4834 2610 4886 in
2632 4833 2883 4885 furorem
2894 4832 3144 4897 prolapsi
3160 4831 3396 4885 daemon
3408 4845 3491 4897 es,
3515 4832 3615 4884 ubi
3627 4832 3890 4887 viderunt

2282 4927 2463 4981 verba
2483 4923 2793 4983 contemni,
2819 4922 3168 4976 verberibus
3183 4934 3316 4974 eum
3330 4922 3611 4975 conﬁcere
3632 4926 3889 4990 aggressi

2286 5020 2444 5079 sunt,
2469 5013 2789 5078 multisque
2815 5011 3110 5077 suppliciis
3133 5012 3527 5066 excruciatum
3542 5013 3887 5066 seminecem

2280 5106 2652 5172 reliquerunt.
2681 5106 2795 5156 Nec
2820 5107 3011 5156 tamen
3033 5103 3095 5155 in
3121 5107 3206 5156 tot
3229 5103 3522 5168 tantisque
3536 5104 3885 5158 cruciatibus

2280 5196 2504 5250 moveri
2527 5195 2735 5247 saltem
2758 5193 2947 5261 potuit
2968 5193 3117 5257 loco,
3140 5193 3202 5246 in
3244 5206 3359 5259 quo
3379 5193 3655 5247 orationis
3685 5207 3886 5249 caussa

2276 5288 2551 5353 jacuerat.
2583 5286 2816 5337 Postera
2846 5282 2939 5336 die
2984 5282 3221 5348 quidam
3255 5296 3492 5336 suorum
3525 5284 3882 5349 requirentes

2280 5389 2433 5440 eum,
2456 5372 2832 5428 humanitatis
2848 5372 3153 5429 dumtaxat
3184 5370 3332 5443 I32
3358 5373 3560 5440 gratia,
3578 5374 3881 5429 inveniunt

2280 5465 2471 5531 pmnis
2486 5462 2912 5516 incredibilibus
2925 5464 3211 5527 ail'ectum,
3224 5469 3282 5517 et
3292 5477 3556 5517 caussam
3560 5475 3877 5531 percontan-

2283 5560 2386 5619 tes,
2413 5567 2543 5607 cum
2567 5553 2921 5618 didicissent,
2933 5555 3231 5619 rogabant,
3244 5560 3311 5608 ut
3325 5566 3478 5607 cura
3495 5559 3688 5621 gratia
3700 5571 3877 5624 repor

2282 5646 2388 5700 tari
2414 5657 2477 5699 se
2486 5643 2559 5698 ad
2570 5643 2808 5699 domum
2821 5644 3105 5712 propriam
3114 5645 3420 5711 pateretur.
3437 5648 3727 5714 Abnegat,
3745 5653 3805 5704 et
3824 5649 3876 5702 in

662 5803 678 5840 ι
705 5804 970 5856 Fortasse
995 5803 1188 5857 verius
1210 5801 1490 5870 explenda,
1515 5808 1616 5860 aut
1638 5807 1790 5861 certe
1813 5807 2119 5874 pmposito
2138 5806 2338 5873 inciso,
2362 5806 2691 5877 legendum,
2713 5810 2788 5863 ad
2807 5811 3059 5876 facinora
3082 5810 3326 5878 delenda,
3350 5828 3499 5865 nuuc
3520 5815 3874 5869 christianus.
