3898 6408
0 445 70 501 01
1225 445 1562 499 HISTORIA

1618 445 2144 500 MONACHORUM.

3241 454 3330 502 402

0 557 199 610 )dem
243 561 553 624 permanet
571 557 712 611 loco.
733 559 894 611 Tunc
919 571 1055 612 vero
1084 564 1142 612 et
1167 560 1429 626 sequenti
1453 564 1623 612 nocte
1647 563 1702 636 Α
1729 562 2188 613 convertebatur.
2212 560 2302 613 Ad
2323 574 2497 626 quem
2513 561 2728 616 divinae
2743 563 2916 617 etiam
2931 563 3328 628 revelationes,

0 654 346 712 :petentes
390 649 683 702 daemones
727 649 1091 714 gravioribus
1125 662 1258 702 eum
1285 652 1622 703 verberibus

0 739 373 791 ruciabant.
397 738 506 791 Sed
529 751 634 790 nec
651 737 733 790 sic
763 738 999 802 quidem
1023 740 1236 792 moveri
1257 739 1434 792 voluit
1462 741 1618 794 loco:

0 830 200 882 ielius
233 829 602 891 essedicens,
627 834 868 881 mortem
893 831 1104 893 subire,
1131 843 1305 894 quam
1332 830 1478 884 ultra
1501 832 1622 885 dee-

0 920 133 971 iom‘
143 920 281 970 bus
295 919 532 971 obedire
545 918 727 970 Nihilo
740 919 932 970 minus
947 920 1112 971 tertia
1124 925 1290 972 nocte
1317 921 1621 974 multitudo

0 1009 278 1061 )nvenit
312 1008 667 1071 dmmonum,
693 1013 751 1060 et
776 1009 1000 1072 absque
1018 1009 1137 1061 ulla
1158 1009 1528 1063 miseratione
1547 1012 1622 1062 ir-

0 1104 239 1151 Jentes
265 1099 334 1150 in
351 1110 502 1157 eum,
515 1098 782 1150 omnibus
797 1098 983 1162 pcenis
1000 1099 1348 1150 cruciatibus
1361 1112 1472 1163 que
1495 1113 1622 1152 con-

0 1189 218 1239 ciunt.
259 1190 527 1252 Cumque
536 1188 555 1252 j
567 1200 660 1240 am
684 1199 889 1252 corpus
903 1187 1281 1240 defecissetin
1309 1189 1620 1254 suppliciis,

0 1284 308 1329 xtremus
337 1282 532 1329 tamen
555 1276 1119 1341 Spiritusobsistebat
1139 1277 1374 1342 imperio
1406 1279 1624 1332 daemo-

5 1381 149 1420 um.
175 1367 365 1428 Quod
377 1368 476 1419 ubi
491 1367 645 1432 impii
669 1367 1058 1431 perviderunt,
1076 1368 1468 1420 exclamantes
1485 1382 1622 1422 voce

0 1471 247 1521 magna:
287 1457 511 1521 Vicisti,
531 1457 816 1521 inquiunt,
842 1457 1057 1509 vicisti:
1093 1461 1149 1510 et
1172 1471 1305 1509 mox
1329 1457 1490 1510 velut
1518 1459 1625 1510 vir-

0 1553 101 1600 .1te
123 1547 412 1612 quadam
437 1545 657 1600 caelitus
693 1547 894 1611 fugati,
939 1548 1261 1613 praecipites
1285 1549 1620 1613 abscedunt,

0 1650 84 1689 ec
125 1637 302 1688 ultra
319 1635 638 1700 quidquam
663 1635 713 1688 ei
738 1648 860 1688 suae
893 1636 1030 1688 artis
1054 1640 1156 1690 aut
1179 1637 1408 1689 sceleris
1432 1638 1622 1690 inten-

4 1729 146 1778 unt.
176 1729 326 1792 Ipse
351 1739 488 1779 vero
510 1725 802 1778 intantum
820 1726 1134 1779 virtutibus
1168 1727 1345 1780 animi
1369 1729 1619 1793 profecit,

1725 651 2040 716 multaeque
2050 652 2122 704 de
2143 652 2350 704 futuris
2363 655 2536 705 rebus
2550 665 2583 704 a
2600 655 2716 705 Deo
2743 655 3212 719 prasmonitiones
3229 655 3332 708 ﬂe-

1723 741 1880 792 bant.
1906 743 1971 793 In
1995 742 2085 792 his
2109 755 2244 806 ergo
2264 742 2473 794 talibus
2497 755 2564 794 ac
2594 743 2771 795 tantis
2806 743 3155 808 profectibus
3178 744 3332 809 posi-

1724 835 1837 893 tus,
1860 831 1996 894 quia
2013 831 2239 896 gloriari
2258 832 2422 896 quasi
2445 833 2514 884 de
2539 833 2754 884 meritis
2773 833 2896 884 suis
2917 833 3102 898 cmpit,
3129 839 3187 886 et
3216 846 3331 887 cae-

1723 919 1886 971 lestis
1899 921 2154 972 beneﬁcii
2171 934 2388 973 munus
2403 921 2536 974 vita:
2553 935 2673 973 sua:
2688 922 2946 974 debitum
2963 922 3122 974 dixit:
3143 923 3320 974 conti-

1721 1021 1836 1060 nuo
1849 1009 2136 1062 subintrat
2147 1022 2279 1062 eum
2299 1023 2361 1074 po
2371 1023 2466 1061 rva
2483 1011 2751 1073 quaedam
2765 1011 2986 1063 desidia
2997 1012 3196 1076 animi,
3212 1017 3330 1064 tam

1722 1111 1914 1162 parva,
1941 1112 2115 1162 quam
2139 1112 2246 1150 nec
2272 1105 2468 1164 posset
2501 1101 2821 1161 advertere,
2847 1104 2974 1151 Post
2995 1102 3120 1153 haec
3150 1102 3332 1153 crevit

1723 1187 1906 1251 major
1929 1188 2296 1253 negligentia,
2314 1189 2394 1240 ita
2418 1195 2484 1242 ut
2508 1190 2723 1241 tardior
2739 1191 2861 1253 jam
2891 1190 3054 1241 ﬂeret
3071 1190 3143 1241 ad
3160 1189 3329 1254 hym-

1722 1290 1849 1339 nos,
1875 1277 1977 1329 sed
2003 1283 2060 1330 et
2082 1278 2154 1330 ad
2193 1280 2511 1331 orationem
2536 1279 2757 1344 pigrius
2791 1285 3052 1344 surgeret
3077 1294 3089 1330 :
3119 1278 3329 1332 Psalmi

1722 1379 1952 1430 quoque
1983 1368 2089 1432 ipsi
2112 1381 2225 1419 non
2249 1381 2331 1430 ea,
2352 1381 2464 1432 qua
2481 1369 2640 1433 prius
2673 1369 2971 1433 vigilantia
2999 1369 3071 1421 ab
3096 1369 3222 1434 ipso
3247 1382 3332 1421 ca-

1720 1460 2012 1520 uerentur,
2038 1457 2140 1509 sed
2166 1458 2261 1509 ubi
2288 1471 2489 1522 parum
2515 1458 2654 1521 quid
2671 1459 2993 1510 exhibitum
3018 1458 3224 1511 fuisset
3246 1471 3332 1512 so-

1720 1545 1802 1597 liti
1828 1546 2352 1603 ministerii.anima
2374 1548 2521 1612 ejus,
2560 1548 2728 1611 quasi
2755 1548 2932 1601 nimio
2963 1547 3159 1601 labore
3199 1548 3329 1600 fati-

1719 1640 1868 1699 gata,
1884 1637 2238 1699 requiescere
2252 1636 2583 1688 festinabat:
2617 1637 2752 1700 quia
2768 1650 2976 1690 sensus
2994 1639 3120 1702 ejus
3134 1649 3328 1702 repro-

1722 1726 1830 1775 bus
1843 1726 2100 1784 eﬂ'ectus,
2121 1725 2190 1776 de
2210 1725 2643 1778 sublimioribus
2668 1726 2740 1778 ad
2759 1726 3026 1779 inferiora
3042 1727 3328 1778 ceciderat

7 1823 31 1868 t
57 1817 151 1867 ita
168 1817 429 1868 ornatus
452 1816 710 1868 moribus
727 1815 964 1868 effectus
989 1818 1097 1881 est,
1114 1829 1181 1869 ac
1211 1817 1390 1870 totius
1405 1817 1621 1872 divina
1641 1835 1695 1908 B
1725 1817 1782 1866 et
1797 1816 2170 1878 cogitationes
2194 1827 2320 1868 sum
2345 1828 2443 1880 per
2488 1815 2718 1868 diversa
2740 1829 2873 1868 eum
2899 1816 3214 1880 praecipitia
3239 1828 3330 1868 ra-

0 1907 198 1966 παύω
228 1905 496 1970 repletus
520 1906 752 1969 virtute,
770 1911 834 1958 ut
857 1906 1046 1958 omnis
1075 1907 1202 1960 haec
1229 1908 1384 1972 regio
1405 1908 1572 1972 quasi
1589 1922 1620 1961 e

0 1997 132 2048 ιεειο
160 1996 558 2060 eumlapsum
588 1995 824 2058 videret,
856 2001 914 2048 et
935 2009 1118 2049 unum
1136 2010 1265 2050 esse
1295 2011 1366 2049 ex
1382 2010 1625 2051 numero

0 2087 272 2138 :rcderet
307 2085 678 2150 Angelorum,
706 2098 909 2139 omnes
935 2099 1106 2151 pmne
1131 2087 1484 2152 simulatque
1509 2099 1624 2140 uno

0 2190 80 2228 ire
100 2176 418 2228 dicentes:
452 2177 571 2225 Haec
605 2181 676 2225 est
709 2176 939 2225 mutalio
963 2177 1194 2226 dextera:
1220 2177 1430 2227 Excelsi
1460 2177 1623 2243 (Psal.

0 2267 114 2327 '6.).
141 2265 375 2326 Quanti
388 2265 649 2329 exemplo
663 2265 806 2329 ejus,
825 2265 1048 2329 qnijam
1065 2267 1409 2332 semetipsos
1428 2267 1626 2332 despe-

0 2357 294 2418 averant,
320 2368 528 2407 rursus
571 2355 642 2408 ad
675 2367 834 2420 spem
882 2355 1086 2407 salutis
1110 2357 1357 2421 regressi
1393 2359 1547 2421 sunt,
1566 2363 1625 2411 et

0 2443 479 2497 emendationem
497 2444 603 2504 sui,
630 2457 805 2508 quam
835 2445 995 2510 prius
1021 2445 1468 2509 desperaverant
1485 2459 1624 2511 pra;-

0 2537 358 2584 sumserunt
373 2535 400 2584 εἰ
415 2534 622 2596 Quanti
636 2534 1010 2586 admiratione
1025 2536 1171 2599 ejus,
1184 2535 1255 2587 de
1267 2535 1390 2600 ipso
1402 2537 1521 2600 jam
1540 2537 1621 2587 in-

0 2621 156 2673 Terno
184 2629 565 2687 peccatorum
586 2624 812 2674 retracti
838 2626 994 2688 sunt,
1021 2627 1077 2676 et
1099 2624 1171 2676 ad
1195 2625 1425 2677 virtutis
1459 2625 1623 2677 indo-

8 2724 102 2762 em
133 2713 400 2776 reparati
429 2715 456 2762 ‘i
479 2711 578 2764 Illo
608 2725 858 2776 namque
881 2716 1043 2766 tanta
1059 2714 1459 2768 immutatione
1483 2727 1620 2767 con-

0 2815 192 2853 verso.
221 2800 506 2852 omnibus
533 2799 727 2852 omnia
743 2801 869 2852 visa
894 2801 1353 2865 suntpossibilia.
1381 2803 1505 2853 Non
1530 2813 1624 2853 so-

0 2905 114 2942 ,um
142 2889 311 2942 enim
340 2889 666 2942 emendatio
678 2903 902 2942 morum
917 2892 1154 2942 ﬂorebat
1168 2890 1306 2943 ineo
1324 2892 1379 2943 et
1394 2903 1624 2943 assum-

0 2981 73 3032 tio
106 2981 433 3042 virtutum,
458 2991 659 3030 verum
672 2984 729 3032 et
751 2980 938 3044 gratia
962 2979 1063 3032 Dei
1083 2980 1329 3044 plurima
1351 2981 1400 3032 ei
1419 2981 1623 3033 collata

0 3075 104 3122 ast.
127 3071 322 3134 Signa
345 3069 502 3120 enim
524 3074 582 3120 et
613 3069 887 3134 prodigia,
919 3083 1052 3134 quae
1094 3071 1166 3122 ab
1189 3083 1255 3122 eo
1290 3070 1440 3122 facta
1464 3074 1620 3135 sunt,

0 3165 296 3223 quantum
309 3158 464 3223 apud
482 3159 786 3210 Dominum
803 3159 1042 3212 haberet
1054 3160 1320 3212 meritum
1336 3161 1619 3212 testaban-

1 3256 104 3302 tur.
145 3249 244 3301 Sic
270 3247 571 3300 humilitas
613 3253 670 3301 et
693 3249 990 3301 conversio
1038 3250 1318 3301 bonorum
1355 3250 1617 3302 omnium

2 3338 311 3390 materiam
331 3339 588 3402 praebet:
625 3338 792 3390 elatio
817 3342 874 3390 et
897 3338 1237 3403 desperatio,
1253 3352 1258 3357 '
1274 3339 1543 3392 interitus
1567 3344 1624 3392 et

2 3429 213 3480 mortis
240 3433 338 3480 est
362 3441 584 3480 caussa.

62 3519 156 3570 Ad
178 3517 514 3582 effugienda
535 3529 671 3570 vero
707 3517 936 3580 (Pallad.
989 3533 1102 3583 cap.
1134 3518 1240 3582 46.)
1271 3519 1520 3582 pericula
1544 3519 1623 3570 la-

3 3621 245 3673 psuum,
265 3607 787 3670 etconquirendam
813 3608 913 3659 Dei
944 3607 1207 3671 gratiam,
1243 3610 1416 3672 atque
1440 3609 1621 3673 ipsius

4 3698 330 3750 divinitatis
356 3697 770 3749 evidentiorem
781 3697 1047 3749 notitiam
1071 3697 1428 3762 capiendam,
1452 3698 1623 3762 pluri-

4 3800 166 3838 mum
193 3785 439 3851 prodest
462 3785 728 3837 secretior
740 3786 1376 3850 conversatio,eteremi
1399 3786 1620 3840 interio-

4 3878 76 3928 ris
102 3875 416 3928 habitatio.
442 3875 603 3937 Quod
618 3888 851 3927 vosnon
876 3880 993 3928 tam
1010 3877 1220 3939 verbis,
1252 3888 1423 3940 quam
1445 3877 1620 3928 rebus

7 3967 152 4030 ipsis
177 3969 242 4017 et
267 3964 546 4029 exemplis
571 3963 778 4016 melius
807 3964 1010 4016 docere
1034 3969 1190 4030 puto.

64 4053 455 4117 Fuitquidam
486 4054 824 4117 monachus,
864 4055 961 4118 qui
993 4055 1053 4106 in
1091 4052 1238 4122 I33
1267 4066 1459 4106 eremo
1491 4053 1616 4117 hac,

10 4157 144 4208 quae
172 4155 298 4208 prae
331 4143 552 4194 caeteris
581 4142 815 4196 interior
857 4146 962 4200 est,
999 4143 1311 4195 habitabat.
1352 4143 1456 4193 Hic
1478 4142 1618 4195 dum

8 4236 205 4299 plures
216 4245 404 4285 annos
419 4233 477 4284 in
488 4233 837 4286 abstinentia
848 4234 1233 4299 perdurasset,
1246 4237 1304 4285 et
1314 4239 1618 4298 provectus

12 4333 294 4390 tempore,
328 4335 500 4387 prope
531 4324 650 4388 jam
696 4323 768 4376 ad
809 4323 1050 4376 senilem
1093 4323 1352 4376 venisset
1388 4327 1617 4375 aetatem

10 4415 169 4467 omni
189 4413 467 4464 virtutum
484 4413 618 4465 ﬂore
630 4413 962 4476 adornatus,
975 4426 1038 4466 ac
1057 4414 1231 4466 totius
1247 4413 1618 4466 continentiaa

12 4500 408 4567 magnitudine
421 4502 766 4555 sublimatus
785 4517 798 4554 :
817 4516 950 4556 cum
968 4503 1322 4556 orationibus
1339 4507 1395 4554 et
1412 4505 1615 4564 hymnis
1633 4541 1689 4614 D

17 4610 33 4614 ._
48 4609 65 4614 Α
83 4596 106 4614 .1
120 4593 214 4614 "1‘
240 4593 354 4614 “AA
370 4592 602 4614 ηΑ-..Ι-Αι
643 4595 754 4614 ιιι-ρ..
768 4605 933 4614 ---ιι-
963 4606 1045 4614 Au...
1059 4593 1193 4614 Α-ζιιι
1215 4593 1372 4614 ...ειμι
1395 4605 1496 4614 -.-Α
1512 4593 1595 4614 ἸἹΑ

14 4596 110 4646 sed
120 4593 216 4646 ule
240 4593 356 4643 Deo
369 4592 625 4656 serviret,
643 4595 939 4657 tamquam
960 4593 1196 4645 emerito
1214 4593 1376 4644 militi
1394 4605 1500 4644 suo
1512 4593 1618 4644 Do-

13 4682 211 4732 minus
234 4678 718 4730 rcmunerationes
752 4681 932 4743 parat,
951 4683 1149 4744 utpote
1171 4679 1270 4742 qui
1297 4679 1356 4730 in
1389 4690 1620 4742 corpore

14 4771 209 4821 adhuc
225 4766 465 4832 positus,
483 4767 550 4819 ad
558 4767 736 4819 instar
749 4767 1099 4832 Angelorum
1115 4768 1466 4833 incorporeas
1481 4767 1620 4820 vitae

20 4860 355 4923 fungeretur
376 4855 593 4915 officiis,
612 4860 669 4908 et
684 4857 925 4921 dignum
932 4857 1196 4921 judicans
1213 4833 1507 4909 annonam
1517 4867 1621 4908 ose-

24 4950 230 5000 lestem
252 4945 502 5010 praebere
523 4945 583 4997 in
608 4946 840 4998 deserto
865 4947 933 5009 ei,
951 4947 1049 5011 qui
1075 4946 1366 5000 cmlestem
1405 4948 1620 5011 Regem

28 5033 398 5102 pervigilibus
426 5036 866 5100 praestolabatur
877 5037 1155 5088 excubiis.

85 5125 301 5178 Volens
329 5136 460 5186 ergo
487 5125 639 5176 Deus
665 5125 895 5189 (Pallad.
927 5141 1045 5191 cap.
1079 5126 1187 5188 46.)
1211 5125 1385 5178 etiam
1429 5125 1490 5176 in
1512 5124 1622 5176 hoc

29 5216 239 5270 smculo
263 5226 621 5266 remunerare
631 5215 758 5279 ejus
774 5214 944 5267 fidele
960 5215 1339 5281 propositum,
1354 5214 1424 5266 ad
1440 5215 1625 5279 provi-

24 5305 232 5359 dentia
244 5316 362 5355 sua:
384 5303 824 5356 sollicitudinem
837 5305 1154 5369 quotidiani
1176 5305 1364 5357 victus
1397 5305 1524 5369 ejus
1544 5317 1626 5357 re-

33 5401 196 5448 vocat
217 5405 424 5445 curam.
449 5395 523 5446 Ut
546 5394 700 5446 enim
726 5393 776 5446 ei
799 5395 910 5446 cibi
929 5407 1099 5446 usum
1139 5395 1495 5460 poposcisset
1523 5408 1622 5446 na-

32 5493 171 5539 tura;
185 5483 512 5542 necessitas,
529 5483 862 5548 ingrediens
883 5484 1214 5549 speluncam
1232 5500 1374 5534 suam
1403 5487 1553 5534 inven
1566 5488 1625 5534 ie-

41 5578 129 5626 bat
163 5583 370 5625 mensze
403 5583 609 5636 panem
629 5574 1068 5638 superpositum,
1099 5573 1262 5626 mirae
1299 5574 1622 5639 suavitatis,

42 5666 261 5728 mirique
283 5661 647 5714 candoris:ex
664 5676 778 5728 quo
802 5663 1069 5727 refectus,
1097 5667 1152 5716 et
1167 5664 1382 5729 gratias
1406 5665 1621 5719 divinae

45 5753 368 5818 praestantiae
387 5750 662 5814 referens,
679 5765 880 5805 rursus
903 5753 977 5806 ad
995 5753 1242 5818 hymnos
1261 5756 1317 5806 et
1332 5754 1620 5807 orationes

1723 1905 1971 1969 piebant.
2017 1907 2151 1957 Erat
2186 1905 2336 1958 enim
2358 1905 2482 1969 jam
2511 1905 2570 1958 in
2606 1905 2776 1958 corde
2813 1907 2939 1970 ejus
2969 1905 3330 1959 clandestina

1722 1994 1992 2058 quaedam
2004 1995 2188 2060 turpis
2203 2006 2270 2046 ac
2287 1994 2539 2048 nefanda
2563 1995 2846 2060 cogitatio,
2870 1995 3227 2048 consuetudo
3254 2001 3332 2048 ta-

1723 2097 1857 2136 men
1877 2084 2032 2150 prior
2054 2098 2067 2148 ;
2094 2085 2254 2137 velut
2274 2085 2322 2136 si
2345 2085 2626 2138 decursus
2650 2097 2837 2150 aquae,
2865 2085 3038 2138 etiam
3061 2089 3330 2138 cessante

1724 2175 1978 2240 remigio,
2005 2175 2197 2227 adhuc
2219 2175 2404 2240 priore
2415 2176 2635 2240 impetu
2649 2175 2951 2239 navigium
2965 2175 3108 2239 ferat
3133 2191 3146 2226 :
3176 2177 3255 2227 ita
3271 2179 3329 2229 et

1723 2267 1892 2316 vetus
1916 2263 2203 2317 institutio
2222 2264 2296 2316 ad
2320 2267 2598 2316 consueta
2619 2264 2914 2316 hominem
2938 2264 3126 2316 ofﬂcia
3141 2264 3324 2318 trahe-

1725 2354 1836 2406 bat.
1864 2353 1948 2406 Ob
1978 2366 2150 2417 quam
2176 2365 2440 2406 caussam
2469 2357 2526 2405 et
2559 2358 2708 2405 stare
2731 2353 2921 2405 adhuc
2953 2353 3014 2405 in
3039 2365 3146 2406 suo
3171 2357 3327 2406 statu

1722 2443 2042 2495 videbatur.
2059 2443 2165 2494 Hic
2181 2454 2315 2506 ergo
2331 2455 2464 2494 cum
2478 2446 2610 2508 post
2625 2443 2914 2496 orationes
2929 2443 3122 2494 cibum
3158 2443 3326 2496 solito

1725 2531 2062 2596 requisisset
2084 2532 2156 2584 ad
2187 2544 2504 2597 vesperam,
2540 2533 2838 2597 ingressus
2867 2532 3056 2584 locum
3081 2545 3233 2596 eum,
3267 2533 3328 2586 in

1721 2635 1833 2687 quo
1855 2623 2013 2674 refici
2051 2621 2200 2690 |34
2227 2627 2623 2686 consueverat,
2670 2623 2889 2674 invenit
2929 2623 3095 2676 solito
3119 2635 3326 2688 panem

1721 2725 1939 2764 mensae
1961 2712 2408 2777 superpositum,
2433 2725 2507 2765 ex
2520 2725 2635 2777 quo
2660 2713 2926 2775 refectus,
2957 2712 3101 2764 nihil
3125 2713 3196 2764 de
3224 2725 3325 2764 eo-
3402 2736 3406 2741 -

1720 2814 1849 2852 rum
1870 2814 2000 2865 quae
2010 2802 2068 2852 in
2081 2801 2250 2853 corde
2266 2813 2373 2853 suo
2386 2803 2784 2865 versabantur,
2803 2801 3204 2854 emendatione
3223 2814 3322 2852 cu-

1721 2891 1890 2955 ravit,
1903 2891 2518 2955 nequeimmutationjs
2535 2904 2658 2944 suae
2674 2892 2880 2944 damna
2897 2891 3198 2956 persensit,
3218 2891 3324 2943 sed

1722 2985 2082 3041 spernentem
2097 2993 2158 3032 se
2174 2980 2430 3041 minima,
2447 2980 2721 3044 paulatim
2733 2993 3003 3032 casurum
3016 2992 3136 3032 non
3152 2979 3323 3032 intel-

1720 3070 1880 3121 lexit.
1905 3071 2144 3130 Interea,
2172 3082 2304 3120 cum
2338 3070 2501 3134 gravi
2527 3071 2644 3134 jam
2669 3069 2917 3120 libidinis
2947 3068 3206 3120 incendio
3224 3069 3320 3120 sti-

1721 3157 2053 3216 mularetur,
2087 3163 2144 3210 et
2165 3159 2557 3210 inﬂammatus
2585 3159 2734 3223 turpi
2759 3157 3223 3223 concupiscentia
3239 3169 3322 3210 ra-

1722 3254 1952 3314 peretur
1973 3261 2178 3300 rursus
2193 3248 2265 3300 ad
2284 3249 2580 3312 saeculum,
2599 3249 2696 3301 illa
2709 3249 2938 3301 interim
2959 3248 3048 3301 die
3065 3249 3322 3300 cohibuit

1723 3351 1803 3402 se,
1830 3343 1888 3390 et
1917 3338 2084 3390 solita
2108 3338 2457 3402 hymnorum
2479 3339 2534 3389 et
2558 3341 2879 3390 orationum
2914 3337 3228 3388 ministeria
3252 3350 3323 3388 ex

1721 3441 1877 3480 more
1903 3427 2198 3492 persolvit,
2224 3432 2396 3491 atque
2413 3427 2734 3492 ingressus,
2753 3429 2817 3479 ut
2833 3429 3024 3479 cibum
3045 3431 3321 3489 sumeret,

1720 3530 1929 3583 panem
1945 3517 2176 3581 quidem
2195 3517 2417 3569 invenit
2430 3530 2648 3569 mensa:
2662 3516 3093 3581 superpositum
3107 3515 3208 3568 sed
3220 3516 3322 3568 ali-

1721 3607 1998 3672 quantulo
2016 3605 2404 3658 sordidiorem.
2427 3606 2759 3658 Admiratus
2782 3611 2894 3670 est,
2912 3611 2970 3658 et
3000 3605 3178 3657 tristis
3190 3605 3323 3656 eﬂ‘c-

1720 3703 1881 3748 ctus:
1917 3697 2192 3748 intellexit
2236 3697 2409 3762 enim,
2457 3695 2612 3760 quod
2649 3695 2845 3760 ipsum
2879 3695 3188 3761 respiceret
3212 3694 3323 3746 hoc

1719 3799 1790 3851 ge
1799 3799 1912 3837 nus
1937 3787 2180 3838 monstri
2197 3801 2211 3835 :
2237 3789 2432 3838 tamen
2447 3786 2574 3838 cibo
2587 3789 2781 3837 sumto
2794 3785 3039 3836 refectus
3055 3788 3164 3845 est,
3188 3785 3324 3836 Post

1721 3875 1871 3927 diem
1886 3875 2115 3926 tertium
2133 3875 2428 3939 triplicatis
2445 3874 2633 3940 urgeri
2656 3873 2907 3925 stimulis
2924 3873 3098 3937 caapit
3115 3886 3128 3922 :
3153 3885 3322 3924 occu-

1719 3969 1954 4029 paverat
1975 3963 2129 4015 enim
2154 3963 2531 4028 cogitationes
2555 3965 2678 4027 ejus
2691 3962 2856 4025 quasi
2865 3963 2987 4026 jam
3011 3961 3318 4026 praesentis

1718 4059 1776 4107 et
1799 4067 1993 4106 secum
2007 4053 2231 4119 positae,
2245 4065 2556 4116 secumque
2573 4051 3170 4115 accumbentisimago
3196 4062 3318 4100 mu-

1718 4145 1890 4207 lieris,
1905 4157 2079 4208 quam
2098 4147 2156 4196 et
2167 4142 2466 4208 complecti
2486 4141 2594 4194 sibi
2612 4141 2932 4204 videbatur,
2947 4143 3003 4193 et
3025 4140 3097 4193 ad
3123 4145 3320 4204 turpes

1718 4247 1862 4287 usus
1874 4234 2086 4287 habere
2119 4234 2488 4285 substratam.
2508 4232 2787 4284 Processit
2801 4232 3062 4284 tamenet
3090 4232 3317 4292 sequenti

1718 4323 1810 4375 die
1832 4323 1904 4376 ad
1931 4324 2100 4376 solita
2123 4322 2405 4388 psallendi
2436 4324 2491 4374 et
2525 4321 2726 4375 orandi
2763 4321 2966 4382 ofﬂcia,
2995 4319 3096 4372 sed
3130 4320 3322 4372 stabat

1716 4425 1902 4478 vagus
1933 4412 2131 4476 oculis,
2157 4415 2215 4465 et
2238 4413 2448 4464 mentis
2473 4411 2757 4476 captivus.
2778 4413 3034 4474 Cumque
3052 4409 3319 4460 solitoin-

1713 4515 1950 4568 gressus
1980 4502 2051 4553 ad
2085 4513 2386 4566 vesperam
2403 4501 3160 4564 requireretcibum,panem
3193 4498 3320 4560 qui-

1715 4591 1847 4641 dem
1871 4590 2089 4641 invenit
2114 4602 2286 4654 super
2321 4601 2601 4652 mensam,
2628 4587 2730 4640 sed
2772 4586 3234 4638 sordidissimum
3253 4599 3320 4638 ac

1716 4679 2105 4730 aridissimum
2120 4684 2171 4731 et
2189 4679 2354 4742 quasi
2367 4692 2400 4729 a
2412 4678 2674 4729 muribus
2695 4676 2787 4730 vel
2804 4676 3044 4728 canibus
3065 4675 3320 4740 undique

1717 4780 2032 4820 corrosum.
2057 4769 2216 4820 Tunc
2240 4767 2331 4820 ille
2343 4772 2410 4820 ut
2431 4767 2541 4819 hoc
2563 4766 2726 4828 vidit,
2744 4765 3044 4831 ingemuit,
3063 4770 3121 4818 et
3144 4765 3322 4830 lacry-

1719 4871 1843 4909 mas
1867 4858 2030 4920 fudit,
2050 4858 2150 4910 sed
2167 4871 2283 4912 non
2312 4858 2393 4910 ita
2416 4871 2488 4910 ex
2501 4856 2689 4921 corde,
2708 4870 2813 4909 nec
2833 4857 2913 4909 ita
2934 4857 3158 4921 uberes,
3189 4869 3322 4920 quae

1718 4952 1954 5012 possent
1983 4949 2278 5000 ﬂammam
2301 4948 2447 5001 tanti
2469 4947 2618 5013 ignis
2641 4947 2998 5012 extinguere.
3017 4947 3325 4998 Verumta-

1719 5051 1854 5090 men
1877 5037 2055 5089 sumit
2075 5036 2288 5100 cibum,
2315 5037 2416 5090 sed
2432 5049 2618 5100 neque
2643 5040 2928 5100 quantum
2953 5035 3204 5098 volebat,
3228 5046 3322 5086 ne-

1721 5139 1834 5192 que
1858 5125 2086 5190 qualem
2100 5125 2352 5178 solebat:
2377 5138 2511 5178 cum
2536 5125 2763 5178 interim
2795 5124 3169 5190 cogitationes
3186 5136 3321 5175 eum

1720 5218 1999 5280 tanquam
2011 5215 2214 5268 cohors
2226 5215 2520 5266 barbarica
2531 5215 2784 5278 undique
2800 5211 3238 5266 circumvallant
3263 5216 3323 5264 et

1721 5306 1878 5358 omni
1905 5318 1976 5358 ex
2011 5305 2167 5369 parte
2193 5304 2252 5354 in
2283 5316 2419 5355 eum
2445 5302 2558 5355 tela
2575 5303 2924 5367 jaculantur.
2949 5313 3018 5354 ac
3054 5301 3322 5354 vinctum

1721 5395 2125 5460 captivumque
2151 5405 2284 5445 eum
2307 5393 2379 5443 ad
2397 5391 2676 5444 saeculum
2698 5391 3016 5442 retrahunt.
3036 5393 3324 5450 Exsurgens

1721 5497 1874 5547 ergo,
1901 5483 2072 5548 cmpit
2095 5483 2200 5534 iter
2229 5494 2396 5545 agere
2411 5485 2586 5531 noctu
2601 5493 2699 5544 per
2722 5491 2997 5541 ercmum,
3011 5481 3068 5530 et
3091 5477 3324 5530 tendere

1720 5574 1793 5626 ad
1810 5574 2098 5626 civitatem
2139 5587 2151 5623 :
2178 5571 2280 5624 sed
2301 5570 2401 5624 ubi
2425 5569 2546 5622 dies
2571 5569 2716 5621 facta
2736 5573 2842 5631 est,
2867 5567 3069 5620 civitas
3093 5566 3323 5632 quidem

1720 5663 1887 5727 longe
1910 5662 2098 5715 adhuc
2114 5663 2333 5714 aberat.
2345 5661 2470 5725 Ipse
2483 5671 2619 5711 vero
2637 5670 2770 5709 cum
2786 5656 3149 5721 rapidissimo
3168 5657 3322 5708 metu

1723 5758 2080 5816 coqueretur,
2104 5754 2161 5805 et
2181 5745 2511 5816 fatigaretur
2530 5749 2808 5810 ineremo,
2825 5745 3080 5812 undique
3093 5758 3322 5808 versus,
