3898 6412
563 423 671 481 403

1591 425 1835 478 RUFINI
1869 421 2361 488 AQUILEIENSIS
2396 420 2830 474 PRESBYTERI

3749 420 3838 474 404

562 539 1111 595 considerareoculis
1133 541 1306 608 capit
1327 543 1385 595 et
1406 540 1711 606 requirere,
1729 539 1912 592 sicubi
1931 543 2155 592 essetin
2177 535 2510 614 Ajusmodi
2539 534 2801 600 exempla
2842 534 3059 597 dicens,
3105 535 3173 587 ut
3215 534 3497 589 cautiores
3531 533 3675 598 sitis,
3710 547 3780 588 ne
3808 549 3839 589 a

560 629 749 683 vicino
767 631 1217 683 monasterium:
1256 635 1471 684 etcum
1494 630 1890 695 conspexisset
1914 628 2155 681 fratrum

559 719 925 783 quorundam
948 719 1229 785 cellulam,
1249 720 1521 773 tendebat
1543 719 1695 772 illuc.
1710 722 1775 772 ut
1797 719 1948 784 apud
1964 731 2061 770 eos
2074 731 2155 770 re-

556 808 872 871 quiesceret
895 823 908 859 :
928 820 1101 873 quem
1124 810 1224 862 ubi
1256 809 1467 863 adesse
1502 813 1814 862 senserunt
1857 808 2007 861 servi
2031 807 2151 871 Dei,

554 896 823 950 continuo
848 904 1192 961 procurrunt
1224 898 1540 962 inobviam,
1584 904 1644 952 et
1674 898 1837 951 velut
1870 897 2156 962 Angelum

553 984 655 1037 Dei
680 985 1036 1051 excipientes
1058 987 1320 1052 adorant,
1366 988 1545 1054 pedes
1594 987 1806 1051 lavant,
1845 987 1918 1039 ad
1952 986 2156 1039 oratio-

552 1085 689 1126 nem
709 1074 972 1140 invitant,
1010 1089 1277 1130 mensam
1330 1082 1573 1142 ponunt,
1618 1078 1794 1141 atque
1833 1076 2026 1129 omnia
2059 1088 2154 1128 se-

553 1162 813 1217 cundum
856 1164 1119 1218 divinum
1172 1166 1511 1219 mandatum
1574 1166 1863 1231 complent
1904 1164 2155 1218 caritatis

563 1250 711 1319 I35
739 1253 944 1319 officia,
969 1256 1187 1307 Verum
1223 1256 1322 1308 ubi
1345 1256 1594 1308 refectus
1618 1260 1727 1318 est,
1752 1258 1809 1307 et
1836 1255 2152 1320 paululum.

552 1342 849 1405 requievit,
876 1356 950 1397 ex
984 1357 1145 1397 more
1167 1346 1335 1409 quasi
1356 1347 1429 1398 ab
1452 1344 1843 1398 eruditissimo
1880 1350 1937 1397 et
1964 1345 2154 1409 opina-

554 1430 778 1485 tissimo
801 1436 959 1497 patre
982 1435 1281 1499 cmperunt
1302 1434 1544 1487 verbum
1569 1434 1965 1487 tediiicationis
1989 1446 2155 1499 expe-

552 1523 688 1584 tere,
712 1534 781 1574 ac
813 1522 1031 1576 monita
1063 1523 1268 1575 salutis
1305 1522 1612 1588 inquirere.
1644 1526 2153 1589 Interrogaverunt

549 1623 782 1675 quoque
812 1624 966 1673 eum,
996 1612 1286 1687 quomodo
1322 1612 1453 1677 quis
1477 1612 1688 1665 diaboli
1710 1613 1945 1677 laqueos
1966 1612 2154 1678 possit

549 1700 816 1766 effugere,
839 1706 942 1754 aut
977 1702 1026 1754 si
1042 1701 1273 1766 quando
1289 1707 1487 1767 turpes
1502 1702 1763 1767 injecerit
1780 1702 1974 1755 animo
1997 1702 2152 1767 cogi-

553 1790 813 1855 tationes,
829 1791 1114 1855 quomodo
1137 1791 1345 1856 depelli
1367 1792 1595 1857 possint
1605 1793 1662 1845 et
1681 1791 1869 1856 abjici.
1886 1793 2032 1844 Tum
2056 1791 2149 1844 ille

2255 627 2619 681 damonibus
2633 627 2694 678 in
2710 626 3127 691 cogitationum
3139 626 3454 678 subtilitate
3474 626 3837 678 seducamini.

2254 719 2556 782 Pr0pterea
2572 717 2727 769 enim
2742 720 2799 769 et
2822 716 3004 769 forma
3014 715 3349 780 hujusmodi
3369 715 3522 768 inter
3536 716 3838 785 monachos

2254 808 2609 869 observatur,
2636 812 2700 858 ut
2723 806 2772 858 si
2805 806 2935 871 quis
2962 806 3037 858 ad
3060 817 3161 858 eos
3185 806 3380 858 veniat
3403 805 3530 857 sive
3546 804 3732 857 virille
3744 817 3838 857 seu

2252 896 2459 948 mulier
2488 897 2580 960 sit,
2606 896 2730 948 sive
2746 909 2928 948 senex
2945 895 3330 960 sivejuvenis,
3347 894 3470 948 sive
3482 894 3716 959 ignotus
3727 894 3839 946 sive

2253 990 2447 1048 notus,
2484 991 2617 1039 ante
2639 985 2833 1037 omnia
2852 990 2918 1037 ut
2941 986 3121 1037 oratio
3147 984 3264 1047 flat,
3291 989 3359 1037 ut
3400 984 3840 1036 nomenDomini

2252 1076 2555 1128 invocetur
2570 1090 2583 1126 :
2603 1075 2736 1139 quia
2747 1074 2796 1125 si
2807 1074 2977 1127 fuerit
2994 1073 3185 1138 aliqua
3197 1073 3620 1126 transformatio
3632 1072 3839 1125 (immo-

2252 1165 2360 1227 nis,
2386 1164 2658 1218 continuo
2682 1166 2938 1217 oratione
2951 1164 3118 1227 facta,
3145 1163 3424 1228 diti‘ugiet.
3445 1162 3503 1214 Si
3526 1174 3666 1214 vero
3679 1162 3738 1213 in
3753 1175 3840 1214 co-

2251 1254 2526 1319 gitatione
2544 1260 2739 1307 vestra
2755 1252 3153 1318 suggesserint
3172 1252 3281 1317 ipsi
3298 1252 3598 1304 daemones
3613 1250 3839 1315 aliquid,

2252 1343 2404 1396 unde
2414 1343 2633 1396 laudari
2646 1343 2903 1395 debeatis
2926 1341 3207 1401 etextolli,
3219 1354 3335 1393 non
3345 1340 3725 1404 acquiescatis
3745 1340 3841 1402 eis,

2253 1432 2354 1484 sed
2385 1434 2520 1485 tunc
2536 1433 2722 1497 magis
2734 1432 3116 1496 vosmetipsos
3152 1429 3448 1483 humiliate
3463 1430 3523 1481 in
3539 1434 3842 1493 conspectu

2251 1522 2497 1584 Domini,
2519 1526 2575 1574 et
2596 1534 2698 1586 pro
2720 1520 2897 1574 nihilo
2929 1520 3139 1584 ducite,
3164 1532 3299 1571 cum
3341 1519 3508 1573 vobis
3535 1516 3616 1569 illi
3637 1517 3843 1582 aliquid

2250 1611 2321 1663 de
2348 1611 2620 1663 sectanda
2641 1610 2811 1663 laude
2834 1610 3245 1675 suggesserim.
3277 1609 3535 1673 Denique
3558 1608 3733 1660 etiam
3753 1620 3841 1659 me

2246 1700 2573 1765 frequenter
2582 1701 2880 1755 dmmones
2894 1701 3166 1753 noctibus
3189 1699 3569 1760 seduxerunt,
3593 1703 3652 1750 et
3663 1710 3840 1761 neque

2247 1802 2426 1851 orare,
2450 1802 2641 1855 neque
2678 1790 3034 1854 requiescere
3077 1789 3475 1854 permiserunt,
3513 1786 3840 1852 phantasias

545 1882 611 1932 ut
631 1880 964 1945 compulsus
986 1885 1078 1934 est
1099 1881 1319 1934 monita
1352 1880 1622 1934 fratribus
1650 1880 1803 1945 dare,
1861 1883 1919 1934 et
1942 1880 2145 1934 salutis
2169 1859 2223 1934 Β
2249 1880 2529 1944 quasdam
2551 1892 2653 1945 per
2674 1884 2902 1933 noctem
2927 1882 3106 1933 totam
3129 1879 3398 1931 sensibus
3421 1877 3566 1929 meis
3604 1880 3666 1929 et
3696 1876 3843 1940 cogi-

550 1981 649 2022 eos
673 1969 828 2022 viam
868 1969 1089 2035 docere,
1126 1982 1195 2023 ac
1235 1970 1306 2024 de
1350 1969 1576 2022 insidiis
1620 1970 1953 2023 daemonum
1980 1972 2143 2035 (quas

551 2058 732 2112 servis
754 2059 857 2112 Dei
878 2059 1206 2124 intendunt)
1219 2059 1407 2113 facere
1419 2071 1763 2124 sermonem,
1774 2058 1900 2112 illos
1913 2060 2145 2124 quidem

550 2147 715 2213 plene
736 2154 795 2201 et
819 2149 1178 2203 sumcientur
1201 2149 1448 2211 edocuit,
1470 2150 1580 2203 sibi
1601 2162 1740 2203 vero
1756 2148 1866 2215 ipsi
1881 2149 2145 2201 stimulos

550 2239 1009 2303 compunctionis
1031 2238 1304 2304 incendit,
1321 2243 1379 2293 et
1391 2239 1453 2292 in
1464 2239 1836 2305 semetipsum
1847 2252 2146 2304 regressus

549 2327 669 2380 ait:
706 2329 1004 2391 Quomodo
1028 2341 1135 2394 ego
1169 2328 1314 2381 alios
1348 2341 1573 2392 monco,
1605 2332 1665 2382 et
1694 2330 1818 2395 ipse
1855 2329 2147 2394 decipior?

549 2420 653 2469 aut
675 2417 966 2481 quomodo
982 2416 1126 2470 alios
1151 2418 1501 2483 corrigo,qui
1519 2418 1809 2484 meipsum
1832 2432 1951 2472 non
1961 2432 2147 2473 omen.

550 2505 665 2558 do?
698 2506 823 2571 Age
855 2519 1010 2571 ergo,
1043 2507 1216 2559 miser
1246 2507 1414 2560 facito
1437 2507 1561 2573 ipse
1596 2508 1766 2574 prior,
1790 2521 1925 2572 quae
1958 2508 2148 2561 facere

551 2593 695 2646 alios
710 2594 901 2647 doces.
916 2596 1174 2660 Cumque
1182 2596 1516 2660 hujusmodi
1539 2597 2021 2662 increpationibus
2037 2600 2151 2650 ute-

550 2688 707 2737 retur
727 2683 1007 2738 adversus
1019 2684 1415 2750 semetipsum,
1439 2686 1889 2739 etintellexisset
1908 2700 1969 2739 se
1983 2687 2149 2740 mise-

550 2773 800 2826 rabiliter
822 2775 1273 2840 supplantatum,
1297 2775 1630 2828 valedicens
1654 2776 1942 2840 fratribus,
1968 2777 2151 2829 conti-

550 2876 668 2916 nuo
691 2875 755 2916 se
778 2864 1144 2929 rapidissimo
1188 2878 1363 2918 cursu
1405 2866 1467 2918 in
1509 2878 1765 2919 eremum
1799 2866 1971 2930 dedit,
1999 2868 2056 2918 et
2074 2866 2148 2918 ad

555 2952 891 3018 speluncam
907 2953 979 3007 de
995 2967 1109 3019 qua
1124 2956 1471 3009 discesserat
1484 2956 1677 3009 rediit:
1702 2961 2069 3021 prosternens
2086 2968 2148 3009 se

554 3042 798 3097 Domino
820 3043 883 3096 in
910 3044 1181 3109 oratione,
1206 3045 1405 3097 dicens
1431 3059 1444 3096 :
1470 3045 1596 3096 Nisi
1618 3046 1887 3095 Dominus
1908 3045 2149 3110 adjuvit:-

552 3137 625 3183 set
645 3147 747 3195 me,
774 3133 1131 3199 paulominus
1165 3134 1448 3185 habitasset
1477 3135 1541 3185 in
1563 3135 1782 3199 inferno
1814 3136 2010 3185 anima
2030 3151 2150 3185 mea

2246 1969 2486 2021 tationes
2506 1971 2901 2034 suggerentes.
2927 1970 3093 2021 Mane
3111 1980 3246 2021 vero
3271 1967 3429 2021 velut
3454 1979 3588 2018 cum
3601 1965 3845 2030 quadam

2242 2057 2525 2122 illusione,
2552 2060 2993 2123 prasternebant
3035 2070 3098 2110 se
3127 2062 3261 2110 ante
3284 2068 3378 2109 me
3421 2055 3716 2108 dicentes:
3754 2056 3844 2106 In-

2243 2147 2415 2213 dulge
2424 2148 2608 2212 nobis,
2622 2149 2805 2207 Abba,
2820 2148 2957 2212 quia
2968 2147 3221 2200 laborem
3233 2144 3709 2199 tibiincussimus
3726 2147 3841 2196 tota

2244 2240 2430 2291 nocte.
2464 2241 2583 2304 Ego
2614 2250 2748 2291 vero
2796 2237 3063 2303 respondi
3103 2238 3175 2289 ad
3218 2224 3355 2288 eos:
3400 2234 3661 2285 Discedite
3691 2248 3728 2284 α
3766 2249 3845 2282 me

2247 2341 2427 2378 omnes
2461 2329 2557 2392 qui
2580 2328 2888 2393 operamini
2925 2327 3271 2391 iniquitatem
3295 2324 3464 2388 {PsaL
3495 2322 3591 2386 6.),
3637 2329 3699 2375 et
3733 2335 3845 2374 non

2246 2418 2478 2469 tentetis
2496 2430 2731 2469 servum
2754 2416 3001 2469 Domini.
3019 2418 3089 2468 Et
3103 2427 3209 2468 vos
3226 2426 3383 2479 ergo,
3398 2412 3574 2473 filioli,
3593 2411 3845 2476 quietem

2247 2506 2649 2570 silentiumque
2662 2505 2898 2570 diligite,
2918 2510 2976 2557 et
2993 2504 3249 2557 scientiis
3273 2515 3502 2568 operam
3514 2502 3663 2565 date,
3677 2507 3849 2564 atque

2246 2601 2509 2648 exercete
2532 2595 2935 2659 vosmetipsos,
2962 2599 3031 2647 ut
3052 2593 3335 2656 frequenti
3358 2590 3661 2644 Collatione
3683 2603 3852 2642 men-

2246 2690 2363 2737 tem
2392 2690 2647 2738 vestram
2693 2696 2897 2749 puram
2927 2682 3249 2736 exhibeatis
3283 2684 3421 2740 Deo,
3454 2693 3526 2733 ne
3557 2678 3853 2731 orationes

2241 2774 2847 2839 vestraeimpediantur
2868 2773 3021 2838 apud
3055 2769 3554 2833 Deum.Quamvis
3603 2768 3762 2819 enim
3795 2771 3853 2819 et

2246 2862 2325 2914 illi
2351 2864 2568 2915 bonum
2592 2873 2737 2928 opus
2760 2865 2954 2927 agant,
2984 2864 3042 2914 et
3068 2860 3144 2914 sit
3164 2861 3226 2912 in
3249 2860 3361 2912 illis
3381 2857 3693 2923 probabilis
3714 2870 3853 2908 con-

2248 2952 2507 3014 scientia,
2532 2953 2632 3016 qui
2660 2953 2809 3005 inter
2830 2952 3134 3005 saeculares
3172 2949 3347 3016 positi
3406 2952 3755 3001 exercentur
3794 2946 3851 2997 in

2248 3042 2513 3106 operibus
2536 3043 2725 3106 bonis,
2748 3046 2805 3094 et
2819 3044 3102 3107 occupant
3116 3040 3456 3104 semetipsos
3469 3037 3698 3089 actibus
3720 3035 3853 3087 reli-

2248 3130 2426 3195 giosis
2464 3135 2520 3183 et
2557 3132 2789 3195 sanctis,
2837 3132 2930 3184 vel
2977 3129 3368 3195 hospitalitem
3401 3129 3711 3188 sectantes,
3758 3123 3853 3177 vel

554 3222 722 3285 (Psal.
747 3222 874 3288 93.).
887 3226 957 3276 Et
971 3224 1179 3276 iterum
1196 3224 1597 3278 :Paulominus
1619 3224 1703 3278 fui
1720 3225 1779 3276 in
1799 3226 1955 3277 omni
1968 3224 2147 3277 malo:
2169 3207 2218 3282 C
2250 3221 2501 3273 caritatis
2515 3222 2841 3273 ministeriis
2858 3220 3230 3285 obsequendo
3242 3215 3769 3272 velmisericordias
3784 3228 3853 3265 ac

552 3316 599 3361 et
613 3310 967 3376 paulominus
977 3328 1034 3363 co
1042 3321 1488 3364 nsummaveru-nt
1501 3329 1583 3364 me
1596 3315 1658 3366 in
1671 3320 1814 3365 terra
1828 3314 1995 3378 (Psal.
2010 3313 2035 3369 1
2052 3314 2151 3376 18.)

554 3402 621 3452 In
651 3400 763 3454 hoc
806 3414 942 3455 vero
987 3402 1338 3468 completum
1376 3406 1484 3466 est,
1523 3402 1678 3467 quod
1736 3405 1794 3455 et
1835 3403 2149 3468 Scriptura:

554 3490 743 3539 Frater
761 3488 991 3553 fratrem
1014 3491 1284 3556 adjuvans
1298 3492 1910 3554 exaltabitur,utcivitas
1934 3493 2153 3542 munita

554 3582 600 3626 et
628 3577 801 3639 fortis.
834 3578 849 3613 ι
877 3579 1066 3629 Frater
1096 3580 1195 3644 qui
1232 3580 1457 3645 adjuvat
1483 3580 1732 3645 fratrem,
1765 3581 1923 3645 quasi
1967 3581 2153 3631 civitas

553 3667 721 3728 ﬁrma
733 3671 781 3716 et
799 3666 1018 3732 judicia
1040 3668 1202 3733 quasi
1238 3675 1397 3719 vectes
1420 3668 1643 3719 urbium
1669 3670 1840 3735 (Prov.
1867 3670 1990 3733 18.).
2019 3671 2153 3722 Post

555 3753 682 3807 hac
701 3766 837 3821 ergo
861 3758 1170 3820 permansit
1190 3757 1347 3810 omni
1373 3758 1492 3811 vita
1504 3770 1611 3811 sua
1630 3758 1692 3810 in
1713 3758 1875 3811 luctu
1887 3764 1943 3811 et
1964 3759 2153 3824 lacry-

2247 3310 2622 3375 visitationes,
2647 3310 2872 3375 aliaque
2893 3309 3225 3375 hujusmodi
3258 3319 3429 3373 opera
3456 3303 3765 3370 explenda,
3791 3304 3853 3354 in

2247 3400 2459 3463 quibus
2483 3399 2576 3451 alii
2600 3400 2832 3465 quidem
2860 3400 2996 3451 boni
3021 3412 3246 3465 semper
3282 3395 3496 3461 aliquid
3518 3394 3848 3455 conferant;

2249 3495 2589 3559 semetipsos
2606 3498 2799 3547 tamen
2817 3495 3011 3546 castos
3032 3494 3283 3544 servant.
3300 3490 3443 3541 Sunt
3457 3497 3590 3550 ergo
3605 3484 3852 3548 istipro-

2249 3584 2482 3648 habiles,
2501 3588 2557 3637 et
2581 3584 2746 3636 valde
2760 3582 3099 3647 probabiles,
3119 3580 3219 3644 qui
3238 3580 3299 3631 in
3318 3576 3487 3630 bonis
3498 3575 3728 3627 actibus
3740 3572 3855 3636 pla-

2249 3674 2379 3725 cent
2400 3675 2536 3738 Deo,
2569 3678 2626 3725 et
2651 3676 2786 3725 sunt
2813 3671 3054 3737 operarii
3087 3666 3521 3722 inccnfusibiles
3544 3663 3853 3716 mandato-

2248 3774 2378 3813 rum
2409 3763 2503 3815 Dei
2530 3762 2595 3827 (2.
2623 3763 2766 3814 Tim.
2792 3760 2885 3825 2.).
2931 3762 3040 3814 Sed
3084 3763 3277 3812 tamen
3320 3758 3448 3810 haec
3482 3752 3628 3824 I37
3658 3752 3851 3805 omnia

554 3844 666 3896 mis
682 3844 888 3899 videns
903 3845 1182 3900 divinitus
1200 3847 1662 3902 sibiconcessum
1673 3849 2155 3903 cmiestismensee
2251 3852 2507 3904 terrenos
2533 3852 2750 3904 habent
2797 3855 2982 3913 actus,
3023 3852 3082 3902 et
3109 3859 3247 3914 erga
3278 3845 3547 3898 materias
3571 3841 3854 3905 corrupti-

554 3933 897 3988 beneflcium
920 3936 1267 4001 perdidisse:
1291 3938 1462 4003 caapit
1479 3938 1633 3991 enim
1654 3939 1715 3991 in
1736 3939 1929 3992 labore
1951 3951 2154 3991 rursus
2252 3941 2393 3992 biles
2419 3944 2757 4005 arguuntur.
2785 3942 2893 4002 Qui
2910 3951 3043 3992 vero
3066 3938 3127 3990 in
3149 3936 3415 3990 exercitio
3438 3932 3651 3986 mentis
3671 3931 3853 3983 desu-

552 4028 611 4076 et
642 4024 852 4079 sudore
875 4026 1074 4079 vultus
1099 4027 1188 4079 sui
1202 4027 1553 4081 manducare
1576 4040 1779 4093 panem
1792 4041 1983 4081 suum.
2008 4030 2156 4080 Con-
2245 4030 2358 4091 dat,
2390 4035 2449 4082 et
2473 4029 2755 4094 spiritales
2790 4029 2941 4081 intra
2965 4026 3342 4093 semetipsum
3382 4023 3591 4077 excolit
3618 4034 3851 4077 sensus.

555 4112 727 4166 clusit
752 4116 945 4167 autem
968 4128 1032 4169 se
1062 4115 1211 4169 intra
1234 4117 1588 4183 speluncam,
1612 4123 1786 4182 atque
1812 4117 1872 4170 in
1899 4118 2079 4171 cilicio
2096 4120 2155 4170 et
2252 4118 2423 4185 longe
2445 4120 2556 4171 illis
2582 4120 2839 4184 superior
2842 4117 3192 4184 judicandus
3217 4121 3322 4168 est.
3348 4116 3564 4167 Locum
3590 4122 3853 4175 namque

556 4201 743 4255 cinere
760 4203 979 4268 jacens,
1014 4206 1216 4258 tandiu
1239 4205 1446 4271 lugens
1469 4207 1731 4271 flensque
1758 4207 2074 4272 permansit
2096 4208 2157 4259 in
2252 4208 2786 4274 intrasemetipsum
2802 4207 3213 4273 praaparat,ubi
3232 4205 3475 4271 Spiritus
3489 4205 3739 4256 Sanctus
3755 4200 3851 4252 ha-

555 4291 930 4357 orationibus,
955 4293 1137 4347 donec
1151 4295 1435 4348 assistens
1456 4297 1509 4348 ei
1531 4296 1790 4361 Angelus
1808 4297 2047 4359 Domini,
2071 4298 2158 4350 di-
2250 4298 2411 4362 bitet,
2435 4303 2494 4350 et
2515 4298 2859 4351 oblivionem
2881 4296 3302 4361 quodammodo
3338 4296 3570 4359 capiens
3593 4294 3853 4344 terreno-

555 4385 711 4434 ceret
734 4381 786 4434 ei
810 4396 824 4432 :
859 4384 1123 4448 Suscepit
1149 4385 1433 4437 Dominus
1466 4386 1857 4450 paenitentiam
1889 4392 2065 4450 tuam,
2098 4392 2159 4440 et
2251 4400 2399 4452 rum,
2420 4386 2861 4440 sollicitudinem
2884 4388 3029 4452 gerit
3051 4386 3123 4439 de
3146 4385 3476 4439 caelestibus
3499 4387 3557 4437 et
3592 4384 3850 4435 aeternis.

553 4471 955 4536 repropitiatus
980 4477 1069 4525 est
1096 4472 1199 4525 tibi
1225 4490 1236 4523 :
1263 4474 1363 4526 sed
1397 4486 1537 4528 cave
1559 4487 1634 4528 ne
1676 4476 1825 4529 ultra
1848 4477 2035 4529 elatus
2059 4477 2161 4529 de-
2179 4538 2213 4541 _
2257 4476 2729 4528 Constituitenim
2742 4477 3117 4541 semetipsum
3142 4476 3509 4540 semperante
3527 4480 3851 4533 conspectum

558 4559 799 4625 cipiaris.
835 4561 1086 4614 Venient
1122 4567 1317 4615 autem
1340 4564 1411 4616 ad
1432 4565 1486 4616 te
1516 4565 1732 4628 fratres,
1765 4579 1911 4630 quos
1945 4571 2006 4618 tu
2029 4567 2152 4631 ipse
2179 4538 2236 4611 D
2252 4566 2372 4628 Dei,
2398 4571 2457 4619 et
2478 4578 2677 4619 omnes
2696 4538 3069 4631 praasentium
3084 4538 3705 4617 rerum—sollicitudines
3724 4564 3857 4625 post

556 4647 824 4713 docuisti,
847 4649 1300 4704 deferentestibi
1329 4653 1773 4720 benedictiones,
1799 4668 1946 4719 quas
1973 4656 2153 4708 susci-
2254 4660 2475 4721 tergum
2493 4656 2732 4721 jaciens,
2751 4656 2872 4709 solo
2898 4654 3347 4708 divinidesiderii
3364 4652 3550 4705 calore
3572 4651 3857 4703 constrin-

556 4749 690 4803 pere
711 4749 787 4791 ne
831 4751 1081 4804 recuses,
1125 4746 1182 4794 et
1216 4754 1450 4795 sumens
1488 4756 1622 4796 cum
1671 4744 1754 4798 eis
1800 4746 2010 4807 cibum,
2048 4757 2153 4809 age
2250 4745 2421 4810 gitur,
2446 4750 2506 4797 et
2533 4745 2594 4796 in
2615 4743 2884 4797 laudibus
2908 4745 3011 4796 Dei
3034 4744 3274 4811 positus,
3288 4747 3346 4795 et
3361 4740 3594 4805 hymnis
3616 4738 3855 4792 etPsal-

557 4826 773 4891 Gratias
805 4828 923 4881 Deo
952 4829 1071 4881 tuo.
2250 4834 2362 4886 mis
2390 4835 2480 4888 die
2503 4847 2571 4887 ac
2597 4818 2766 4887 nocte
2781 4847 2899 4887 non
2914 4837 3104 4898 potest
3134 4831 3345 4885 satiari.

620 4916 760 4970 Hinc
781 4919 976 4971 autem
1008 4918 1236 4973 loeutus
1263 4934 1392 4973 sum
1418 4923 1602 4986 vobis,
1628 4921 1783 4975 filioli
1829 4921 1978 4992 |36
2020 4925 2150 4987 mei,

559 5009 624 5058 ut
640 5005 880 5070 sciretis,
906 5013 965 5061 et
980 5016 1196 5074 quanta
1221 5012 1298 5063 sit
1317 5011 1381 5065 in
1400 5011 1723 5065 humilitate
1736 5013 1994 5077 firmitas,
2020 5020 2079 5067 et
2093 5014 2153 5066 in

557 5096 802 5151 elatione
824 5099 991 5151 ruina
1020 5112 1195 5165 quam
1230 5102 1500 5155 maxima.
1528 5102 1659 5156 Ideo
1683 5103 1932 5167 denique
1962 5104 2019 5156 et
2044 5104 2155 5156 Sal-

556 5187 923 5241 vatornoster
930 5189 1173 5254 primam
1188 5191 1604 5244 beatitudinem
1615 5192 1686 5244 de
1696 5192 2018 5246 humilitate
2045 5205 2153 5245 nos

556 5275 769 5341 docuit,
787 5276 1016 5330 dicens:
1042 5280 1198 5330 Beati
1231 5295 1496 5346 pauperes
1507 5281 1727 5346 spiritu,
1761 5282 2028 5346 quoniam
2054 5284 2154 5347 ip-

555 5381 743 5415 sorum
765 5372 836 5418 est
860 5382 1090 5432 regnum
1117 5370 1367 5420 caelorum
1392 5370 1597 5436 (Matth.
1636 5369 1727 5434 3.).
1755 5371 1937 5423 Simul
1966 5377 2023 5424 et
2043 5372 2154 5425 hu-

621 5536 637 5570 ¹
666 5536 906 5590 Videtur
931 5538 1019 5590 bis
1042 5538 1194 5590 idem
1207 5539 1529 5593 versiculus
1555 5541 1729 5603 juxta
1760 5540 2043 5606 duplicem
2070 5545 2152 5595 in-

561 5609 1022 5681 terpretationem
1036 5610 1276 5663 laudari.
1298 5613 1459 5663 Certe
1480 5611 1537 5662 in
1553 5612 1876 5677 archetypis
1889 5616 2149 5681 Hebraeo,

557 5682 616 5751 et
627 5680 824 5732 Graeco
839 5682 1013 5733 semel
1031 5682 1337 5734 dumtaxat
1348 5683 1647 5747 profertur:
1664 5684 1908 5750 Vulgata
1924 5680 2153 5751 quoque

554 5748 678 5812 ipsa
700 5754 927 5803 tantum
962 5752 1154 5815 habet,
1202 5755 1388 5804 Frater
1425 5755 1520 5819 qui
1564 5748 1860 5818 adjuvatur
1896 5748 2151 5823 a'fratre,

2312 4924 2453 4977 Haec
2484 4927 2542 4977 et
2566 4923 2749 4977 multa
2791 4924 2900 4977 alia
2925 4924 3018 4977 his
3061 4922 3265 4975 similia
3290 4920 3541 4985 (Pallad,
3577 4934 3701 4984 cap.
3745 4920 3853 4973 46.)

2253 5015 2458 5066 beatus
2478 5015 2731 5067 Joannes
2749 5026 2851 5079 per
2875 5013 3131 5067 triduum
3154 5011 3491 5065 continuum
3515 5009 3767 5073 loquens
3784 5007 3855 5059 ad

2250 5114 2379 5166 nos,
2425 5101 2648 5155 animas
2675 5104 2905 5155 nostras
2919 5101 3115 5155 refecit
3133 5106 3191 5153 et
3207 5098 3521 5152 innovavit.
3546 5099 3624 5150 Ut
3651 5101 3855 5149 autem

2252 5192 2529 5256 caepimus
2545 5192 2689 5245 velle
2711 5193 2783 5245 ab
2802 5204 2869 5244 eo
2908 5191 3206 5257 proficisci,
3227 5189 3378 5241 datis
3390 5187 3558 5241 nobis
3577 5188 3854 5239 benedic-

2254 5282 2523 5343 tionibus,
2559 5282 2797 5346 Pergite,
2821 5282 3025 5346 inquit,
3078 5281 3139 5333 in
3167 5292 3322 5345 pace,
3348 5292 3383 5331 o
3406 5277 3564 5330 ﬁlioli
3589 5296 3600 5328 :
3631 5279 3749 5330 hoc
3775 5281 3858 5329 ta-

2251 5385 2387 5425 men
2421 5372 2565 5424 seire
2589 5385 2693 5425 vos
2720 5372 2864 5435 volo,
2904 5369 3059 5434 quod
3102 5368 3377 5422 hodierna
3398 5366 3491 5419 die
3528 5376 3548 5396 ·
3589 5366 3856 5419 victoria:

2252 5545 2409 5608 quasi
2449 5545 2635 5593 civitas
2680 5546 2863 5605 ﬁrma,
2887 5549 2931 5593 et
2959 5542 3176 5608 judicza
3200 5545 3358 5609 quasi
3396 5548 3553 5595 vectes
3613 5542 3847 5592 urbium

2249 5619 2436 5667 Antea
2458 5620 2578 5667 erat
2600 5616 2726 5668 heic
2762 5622 2930 5666 vestes.

2315 5697 2330 5716 ·
2356 5688 2625 5740 Victoriae
2666 5688 2908 5753 religiosi
2946 5688 3212 5754 principis
3264 5687 3614 5753 Theodosii]
3647 5688 3726 5738 De
3760 5688 3853 5735 huc

2247 5759 2459 5808 Joanne
2485 5759 2701 5824 ejusque
2713 5761 2999 5824 prOphelia
3030 5761 3261 5824 PrOSpC‘l‘
3306 5760 3366 5809 in
3394 5760 3670 5811 Chronico
3704 5775 3855 5809 anno
