3898 6396
78 395 167 452 405

1246 392 1584 447 HISTORIA
1622 393 2146 447 MONACHORUM.

3247 391 3351 449 406

80 506 306 573 religiosi
335 505 605 572 Principis
651 505 958 560 Theodosii
977 506 1343 579 Alexandriae
1363 509 1646 563 nuntiatm
1670 508 1722 582 Α
1750 507 1857 559 ties
1888 506 2015 560 haec
2047 506 2373 573 poposceris
2417 517 2454 558 a
2491 505 2626 559 Deo.
2654 506 2794 559 Haec
2818 520 2950 559 cum
2973 508 3246 575 audisset,
3276 509 3350 564 ad

81 602 202 651 sunt
215 598 283 650 de
293 596 544 661 Eugenio
555 596 839 662 Tyranno.
859 597 1105 650 Necesse
1121 603 1210 651 est
1225 610 1377 663 ergo,
1392 599 1648 664 etipsum

82 687 447 740 Theodosium
462 698 580 738 non
594 686 776 739 multo
801 692 930 751 post
948 687 1175 753 propria
1188 695 1370 741 morte
1394 690 1573 741 vitam
1587 690 1650 741 fi-

78 778 198 829 nire.
218 778 471 840 Cumque
486 776 722 841 profecti
737 778 809 828 ab
827 788 894 829 eo
906 777 1240 839 fuissemus,
1254 778 1469 831 hmcita
1486 785 1651 845 gesta

76 866 136 918 ad
148 864 557 928 esse(sic)ﬂdem
570 865 966 928 comperimus,
984 868 1049 917 ut
1068 866 1190 931 ipse
1207 870 1517 927 praedixerat.
1540 872 1651 917 Post

76 956 164 1007 des
179 956 365 1007 autem
381 967 596 1019 paucos
614 954 857 1007 insecuti
885 960 1023 1007 sunt
1036 969 1145 1007 nos
1170 957 1405 1021 quidam
1422 957 1645 1023 fratres,

75 1044 463 1095 annuntiantes
498 1044 683 1107 nobis,
715 1044 868 1107 quod
892 1047 1015 1109 ipse
1054 1048 1289 1097 sanctus
1311 1048 1563 1099 Joannes
1589 1048 1650 1098 in

73 1147 194 1199 pace
226 1134 587 1197 requieverit.
622 1134 826 1185 Obitus
850 1140 1045 1186 autem
1074 1136 1227 1187 illius
1258 1136 1389 1188 talis
1416 1136 1649 1200 quidem

70 1223 246 1275 fuerat.
272 1224 374 1275 Per
398 1222 669 1286 triduum,
692 1222 983 1288 inquiunt,
999 1224 1220 1276 nullum
1236 1225 1308 1277 ad
1333 1238 1395 1277 se
1418 1225 1650 1279 introire

73 1312 328 1377 permisit,
365 1316 425 1363 et
460 1312 666 1377 positis
704 1313 950 1377 genibus
984 1314 1046 1365 in
1101 1317 1357 1367 oratione
1405 1315 1651 1368 reddidit

73 1402 334 1467 spiritum,
368 1406 542 1465 atque
566 1402 646 1455 ita
673 1403 924 1468 perrexit
956 1403 1029 1455 ad
1074 1405 1403 1470 Dominum,
1438 1406 1529 1458 cui
1560 1411 1650 1459 est

70 1491 229 1555 gloria
248 1491 307 1543 in
330 1490 547 1545 saecula
564 1492 926 1557 saeculorum,
954 1494 1154 1547 Amen.

682 1619 911 1670 CAPUT
946 1621 1015 1671 II.

690 1746 768 1786 DE
803 1742 821 1763 ⁸
854 1746 999 1788 HOR.

122 1847 371 1901 Vidimus
400 1852 458 1903 et
493 1848 668 1902 alium
697 1851 850 1915 apud
868 1851 1217 1905 Thebaidem
1252 1856 1640 1910 venerabilem

70 1937 257 2002 virum,
282 1939 653 1992 Hor-nomine
676 1940 912 2003 (Pallad.
937 1955 1057 2006 cap.
1084 1942 1133 1997 9.
1154 1943 1229 1996 Or
1252 1945 1489 2009 dicitur.)
1511 1962 1523 1997 :
1547 1947 1642 2000 hic

64 2026 350 2080 multorum
386 2032 511 2081 erat
539 2031 1021 2083 monasteriorum
1066 2036 1241 2098 pater,
1271 2034 1409 2098 quib
1432 2035 1640 2089 habitu

67 2116 189 2180 ipso,
217 2116 455 2170 honoris
489 2118 794 2171 videbatur
836 2118 984 2187 I38
1018 2122 1277 2187 angelici,
1325 2126 1642 2191 nonaginta

60 2204 164 2268 jam
186 2216 357 2269 agens
380 2207 573 2259 atatis
594 2219 796 2269 annos,
822 2208 999 2260 barba
1025 2210 1263 2275 prolixa,
1286 2217 1345 2265 et
1366 2213 1640 2268 claritatis

65 2294 252 2346 canitie
275 2294 593 2360 splendida,
606 2297 777 2348 vultu
799 2299 857 2349 et
880 2304 1115 2363 aspectu
1130 2300 1410 2366 italaatus,
1423 2307 1489 2355 ut
1509 2305 1639 2368 plus

63 2381 255 2446 aliquid
279 2384 490 2437 habere
520 2396 694 2449 quam
725 2387 785 2438 in
816 2386 1070 2439 hominis
1112 2396 1318 2443 natura
1355 2398 1462 2457 est,
1489 2394 1638 2447 visio

60 2471 170 2535 ipsa
206 2473 509 2527 videretur.
535 2475 639 2526 Hic
664 2475 823 2539 prius
841 2476 899 2527 in
924 2477 1125 2530 ultima
1149 2491 1339 2533 eremo
1372 2481 1637 2547 plurimis

58 2561 391 2616 abstinentia;
415 2564 706 2616 laboribus
741 2566 1110 2631 exercitatus,
1141 2575 1431 2634 postremo
1463 2573 1523 2625 in
1546 2574 1636 2625 vi-

60 2652 166 2702 cino
189 2653 342 2704 urbis
375 2655 793 2707 monasterium
812 2655 1080 2708 instituit.

108 2742 164 2791 In
198 2741 594 2806 adjacentibus
623 2749 817 2797 autem
839 2745 1207 2800 habitationis
1234 2762 1358 2803 sum
1380 2749 1520 2803 locis
1547 2752 1635 2804 di-

59 2831 185 2881 versi
210 2832 438 2896 generis
461 2833 729 2886 arborum
772 2834 948 2887 silvas
971 2836 1095 2901 ipse
1120 2850 1218 2902 per
1265 2852 1327 2892 se
1355 2840 1635 2905 plantaria

59 2921 291 2981 ponendo
324 2923 635 2986 conseruit,
659 2924 721 2977 in
752 2925 983 2989 quibus,
1020 2932 1084 2979 ut
1108 2929 1275 2981 nobis
1303 2942 1338 2982 a
1368 2931 1633 2995 plurimis

59 3011 247 3061 sanctis
274 3012 534 3075 patribus
556 3013 903 3066 afﬁrmatum
926 3020 1030 3078 est,
1057 3021 1192 3070 ante
1215 3018 1369 3071 illius
1408 3021 1630 3074 adven-

58 3100 161 3149 tum
183 3099 405 3153 nullum
432 3102 666 3155 omnino
690 3103 1008 3169 virgultum
1037 3106 1160 3158 fuit.
1201 3107 1286 3160 Ob
1305 3109 1414 3161 hoc
1438 3116 1633 3163 autem

57 3186 308 3249 plantavit
329 3190 485 3242 hanc
509 3190 732 3256 silvam,
758 3162 821 3245 ut
836 3194 916 3246 ibi
938 3194 1159 3259 fratres,
1181 3209 1328 3261 quos
1342 3198 1484 3251 inibi
1506 3162 1636 3253 con-
1654 3162 1703 3238 Ο

56 3289 266 3340 gregare
286 3280 574 3345 cupiebat;
603 3294 723 3334 non
746 3282 1025 3336 haberent
1048 3288 1468 3349 necessitatem,
1494 3289 1636 3354 ligni

54 3367 214 3427 gratia
254 3368 489 3434 longius
534 3371 845 3436 evagandi,
871 3372 1094 3426 habens
1138 3390 1335 3428 curam
1358 3382 1416 3429 et
1460 3378 1516 3429 in
1540 3379 1633 3431 his

53 3466 167 3516 quae
196 3458 515 3512 ministerio
539 3462 789 3524 corporis
819 3465 1141 3515 necessaria
1166 3471 1321 3530 sunt,
1358 3467 1459 3519 sed
1483 3480 1635 3533 prae-

52 3544 190 3608 cipue
203 3548 405 3601 salutis
419 3562 619 3602 eorum
634 3562 701 3603 ac
715 3550 868 3603 fidei.
891 3553 1019 3618 Ipse
1036 3558 1233 3607 tamen
1257 3570 1391 3608 cum
1408 3562 1559 3609 esset
1574 3559 1633 3610 in

53 3647 240 3698 eremo,
269 3637 467 3690 herbis
490 3641 848 3705 pascebatur,
885 3643 942 3694 et
970 3642 1260 3695 radicibus
1285 3645 1634 3710 quibusdam

54 3728 99 3774 et
118 3723 236 3778 haec
257 3727 309 3780 ei
332 3727 527 3781 dulcia
548 3728 907 3782 videbantur.
924 3733 1150 3796 Aquam
1166 3747 1299 3787 vero
1329 3738 1375 3787 si
1400 3736 1633 3800 quando

54 3812 979 3881 invenisset,bibebat,orationibus
1011 3826 1070 3875 et
1086 3822 1320 3887 hymnis
1344 3837 1634 3889 occupans

57 3914 206 3957 omne
233 3904 342 3957 dici
366 3911 597 3971 tempus
620 3920 687 3960 ac
707 3910 911 3961 noctis.
937 3910 1010 3962 Ut
1032 3916 1226 3963 autem
1250 3914 1322 3963 ad
1346 3915 1634 3965 maturam

56 4000 370 4052 pervenerat
392 3998 645 4061 aetatem,
669 3999 932 4063 apparuit
954 3999 1005 4052 ei
1018 4000 1280 4065 Angelus
1314 4002 1545 4054 Domini
1573 4003 1634 4056 in

55 4092 225 4137 eremo
248 4098 345 4151 per
369 4087 580 4151 visum,
605 4087 800 4141 dicens
830 4103 843 4140 :
867 4090 989 4141 Ei'iS
1013 4090 1072 4141 in
1093 4094 1325 4155 gentem
1340 4104 1632 4159 magnam,

58 4173 104 4221 et
126 4174 337 4228 multus
362 4176 469 4229 tibi
492 4178 739 4242 populus
762 4178 1041 4242 credetur,
1060 4185 1119 4231 et
1138 4186 1306 4233 erunt
1321 4194 1420 4245 per
1438 4187 1490 4234 te
1504 4194 1634 4247 qum

58 4261 309 4316 salvanda
329 4268 470 4318 sunt
483 4267 664 4319 multa
674 4267 851 4319 millia
872 4268 1193 4321 hominum.
1213 4271 1635 4334 Quantoseunque

54 4356 227 4403 autem
250 4353 310 4406 in
341 4355 453 4408 hac
481 4356 601 4409 vita
622 4356 848 4421 positus
876 4358 1229 4411 converteris
1267 4359 1340 4412 ad
1365 4360 1630 4427 salutem,

60 4450 211 4503 super
240 4446 435 4498 tantos
445 4445 828 4511 principatum
840 4447 1082 4511 accipies
1103 4447 1160 4499 in
1176 4448 1394 4507 futuro;
1419 4456 1477 4503 et
1490 4450 1634 4504 nihil

1749 596 2024 650 viciniora
2043 598 2169 651 loca
2194 596 2429 661 accedit,
2457 601 2513 648 et
2537 597 2716 662 primo
2741 596 2898 650 solus
2925 599 3033 651 sub
3058 612 3231 665 parvo
3254 606 3349 654 tu-

1747 687 1929 752 gurio,
1965 687 2116 751 quod
2142 687 2248 739 sibi
2280 687 2403 751 ipse
2433 688 2851 749 construxerat,
2876 687 3130 741 habitare
3156 690 3346 756 carpit,

1748 776 1999 829 oleribus
2028 776 2362 841 compositis
2397 788 2643 827 voscens
2669 776 2822 841 solis,
2852 777 3142 830 interdum
3173 780 3349 833 etiam

1748 871 1880 931 post
1924 866 2260 918 continuata
2292 864 2530 929 jejunia.
2558 865 2780 916 Literas
2824 868 3008 931 primo
3033 868 3349 932 ignoravit:

1750 968 1882 1006 cum
1919 959 2114 1007 autem
2147 955 2219 1007 de
2258 966 2449 1006 eremo
2491 953 2563 1005 ad
2600 953 2726 1007 haec
2760 969 2933 1021 supra
2971 957 3244 1022 diximus,
3272 958 3351 1011 vi-

1748 1045 1961 1096 ciniora
1984 1044 2328 1097 habitaculis
2374 1041 2524 1115 I39
2558 1042 2684 1097 loca
2720 1048 3076 1111 accessisset,
3103 1047 3236 1098 data
3260 1052 3349 1099 est

1748 1134 1800 1185 ei
1833 1134 2110 1186 divinitus
2156 1135 2358 1200 gratia.
2407 1139 2480 1188 Et
2510 1149 2642 1188 cum
2688 1149 2722 1188 a
2746 1137 3016 1188 fratribus
3045 1135 3272 1188 oblatus
3297 1136 3348 1187 ei

1745 1223 1953 1276 fuisset
1975 1224 2175 1286 codex,
2199 1225 2366 1289 quasi
2391 1225 2526 1278 olim
2535 1227 2656 1291 jam
2682 1226 2866 1277 sciens
2890 1226 3133 1287 litteras,
3158 1226 3344 1289 legere

1748 1314 1939 1379 caepit.
1956 1314 2169 1367 Collata
2182 1320 2270 1366 est
2281 1316 2333 1367 ei
2344 1315 2625 1367 adversus
2637 1314 2952 1377 daemones,
2966 1314 3137 1366 etiam
3162 1314 3346 1367 virtus

1745 1403 1827 1454 ita
1856 1408 1921 1455 ut
1942 1403 2109 1455 multi
2133 1416 2206 1455 ex
2231 1404 2342 1463 his,
2370 1416 2512 1468 quos
2541 1405 2824 1469 urgebant
2840 1404 3155 1469 daemones,
3173 1404 3345 1456 etiam

1745 1492 1911 1544 inviti
1933 1493 2004 1544 ad
2030 1505 2162 1545 eum
2181 1499 2532 1558 raperentur,
2550 1497 2932 1554 protestantes
2957 1506 3186 1546 summo
3210 1504 3343 1545 cum

1746 1581 1993 1635 clamore
2022 1582 2093 1634 de
2118 1583 2334 1635 meritis
2346 1583 2490 1649 ejus.
2514 1582 2623 1635 Sed
2639 1587 2696 1636 et
2723 1581 2863 1636 alias
2888 1582 3342 1648 quamplurimas

1747 1671 2022 1724 sanitates
2044 1674 2402 1737 operabatur.

1809 1762 2319 1826 Congregabantur
2341 1760 2570 1815 interim
2594 1760 2668 1812 ad
2686 1772 2821 1812 eum
2850 1760 3116 1826 plurimm
3154 1759 3343 1813 multi-

1670 1833 1723 1907 B
1747 1851 1975 1903 tudines
1990 1851 2422 1917 monachorum,
2447 1852 2595 1905 inter
2605 1863 2753 1916 quos
2770 1863 2905 1903 cum
2920 1850 3096 1903 etiam
3118 1863 3226 1903 nos
3248 1850 3343 1902 ad-

1744 1940 2126 2002 venissemus,
2157 1940 2300 1994 visis
2322 1941 2512 2005 nobis,
2534 1940 2875 1994 laetissimus
2900 1940 3172 1992 redditur.
3201 1941 3343 1992 Cum

1742 2044 1854 2095 que
1895 2031 2154 2083 salutans
2183 2043 2309 2095 nos,
2350 2036 2572 2084 orasset
2617 2044 2774 2083 more
2800 2031 2908 2082 sibi
2941 2030 3127 2095 solito,
3166 2030 3341 2096 pedes

1739 2120 2035 2186 hospitum
2061 2121 2304 2186 propriis
2336 2122 2608 2173 manibus
2630 2121 2803 2184 lavat,
2829 2126 2886 2174 et
2908 2119 3111 2173 docere
3138 2133 3245 2173 nos
3269 2134 3341 2174 ex

1739 2211 2064 2277 Scripturis,
2094 2223 2227 2275 quae
2247 2211 2321 2263 ad
2333 2211 2769 2263 aedificationem
2784 2210 2935 2272 {vita}
2958 2222 3024 2261 ac
3040 2210 3174 2263 fidei
3195 2213 3342 2271 perii-

1736 2303 1895 2365 nent,
1920 2302 2105 2365 caepit.
2125 2303 2258 2354 Erat
2274 2301 2429 2354 enim
2440 2301 2490 2353 ei
2503 2300 2744 2353 docendi
2755 2300 2936 2365 gratia
2949 2312 2984 2351 a
3000 2301 3116 2353 Deo
3133 2299 3339 2352 collata

1736 2391 1879 2442 Cum
1894 2391 2089 2456 itaque
2110 2391 2529 2456 plurimanobis
2542 2391 2959 2455 Scripturarum
2975 2390 3220 2454 capitula
3246 2402 3339 2440 sa-

1735 2481 1953 2544 pienter
1976 2480 2364 2544 disseruisset,
2389 2493 2592 2533 rursus
2604 2480 2675 2531 ad
2700 2480 3018 2531 orationem
3043 2480 3334 2532 converte-

1734 2568 1919 2620 batur.
1935 2567 2303 2620 Consuetudo
2322 2571 2515 2619 autem
2529 2573 2650 2619 erat
2675 2567 2724 2618 ei
2747 2581 2867 2619 non
2890 2566 3047 2631 prius
3072 2578 3336 2630 corpora-

1732 2657 1846 2709 lem
1870 2658 2062 2709 cibum
2080 2670 2326 2721 sumere,
2341 2670 2515 2721 quam
2532 2657 2844 2722 spiritalem
2856 2656 3062 2708 Christi
3074 2658 3333 2708 Commu-

1730 2746 1964 2801 nionem
1986 2748 2284 2812 acciperet.
2320 2749 2443 2809 Quo
2467 2751 2721 2812 accepto,
2742 2752 2871 2811 post
2903 2747 3213 2811 gratiarum
3236 2757 3331 2797 ac-

1731 2836 1948 2889 tionem
1982 2836 2271 2889 adhortari
2293 2850 2400 2889 nos
2430 2837 2603 2889 etiam
2628 2838 2699 2889 ad
2724 2836 3101 2889 reficiendum
3134 2836 3326 2900 cmpit,

1729 2928 1852 2991 ipse
1868 2929 2060 2979 tamen
2077 2926 2287 2980 sedens
2304 2927 2928 2991 nobiscum,nunquam
2953 2927 3219 2978 cessabat
3230 2924 3328 2977 ali-

1729 3016 1868 3081 quid
1894 3016 1964 3068 de
2000 3016 2211 3068 studiis
2253 3016 2612 3080 spiritalibus
2637 3027 3017 3067 commonere.
3054 3015 3329 3065 Narrabat

1733 3118 1870 3170 ergo
1906 3105 2075 3157 nobis
2122 3106 2234 3157 tale
2272 3105 2488 3169 aliquid
2536 3125 2548 3157 :
2594 3105 2717 3156 Scio
2763 3104 3078 3167 hominem,
3122 3102 3327 3166 inquit,

1733 3194 2043 3259 quemdam
2066 3194 2126 3246 in
2142 3206 2353 3253 eremo,
2373 3207 2469 3259 per
2486 3199 2602 3247 tres
2615 3193 2916 3245 continuos
2933 3205 3114 3245 annos
3127 3194 3330 3241 nullum

1734 3285 2016 3336 sumsisse
2032 3288 2327 3337 terrenum
2352 3284 2543 3335 cibum
2568 3298 2579 3333 :
2604 3283 2863 3348 Angelus
2881 3282 3031 3333 enim
3049 3281 3150 3333 Dei
3169 3281 3331 3333 tertia

1732 3386 1964 3439 quaque
1987 3373 2078 3425 die
2099 3386 2292 3425 escam
2316 3372 2607 3425 deferebat
2647 3372 2697 3424 ei
2718 3373 3023 3435 caelestem,
3052 3376 3109 3423 et
3130 3370 3256 3422 hanc
3277 3375 3331 3421 et

1732 3465 1894 3516 cibus
1918 3470 2039 3515 erat
2062 3467 2120 3516 et
2142 3468 2329 3528 potus.
2347 3465 2417 3515 Et
2435 3463 2641 3515 iterum
2666 3463 2751 3513 sci
2771 3475 2802 3514 ο
2819 3460 3155 3526 hujusmodi
3177 3460 3334 3513 homi

1732 3565 1885 3617 nem,
1903 3553 2039 3617 quia
2064 3557 2348 3605 venerunt
2363 3552 2436 3605 ad
2452 3566 2586 3604 eum
2607 3552 2904 3605 daemones
2926 3551 2985 3602 in
3010 3551 3200 3615 specie
3224 3563 3330 3602 cm-

1731 3643 1892 3695 lestis
1916 3642 2154 3705 militiae,
2188 3647 2244 3693 et
2286 3641 2486 3693 habitu
2510 3642 2879 3706 Angelorum,
2906 3653 3108 3692 currus
3132 3640 3332 3705 igneos

1735 3736 1998 3796 agentes,
2034 3730 2279 3796 plurimo
2298 3732 2593 3797 apparatu,
2624 3736 2922 3794 tamquam
2945 3741 3219 3793 magnum
3231 3728 3334 3780 ali-

1735 3834 1909 3885 quem
1922 3832 2115 3885 regem
2140 3820 2510 3885 deducentes,
2522 3821 2686 3884 isque
2711 3820 2807 3884 qui
2820 3819 3021 3871 ceteris
3034 3821 3097 3870 ut
3109 3832 3209 3870 rex
3226 3818 3331 3870 ha-

1734 3911 1852 3962 beri
1890 3910 2211 3972 videbatur,
2237 3909 2465 3961 dicebat
2486 3909 2559 3960 ad
2582 3921 2718 3961 eum
2743 3922 2755 3959 :
2788 3907 3041 3972 Implesti
3064 3907 3274 3969 omnia,
3298 3918 3332 3958 ο

1733 4000 1925 4063 homo,
1950 4001 2212 4064 superest
2246 4003 2310 4050 ut
2332 3999 2533 4050 adores
2566 4010 2677 4061 me,
2714 4002 2771 4050 et
2811 3996 3147 4049 transferam
3170 4000 3223 4048 te
3249 3995 3332 4047 sic

1733 4095 1799 4143 ut
1823 4090 2021 4142 Eliam.
2054 4088 2163 4141 Sed
2191 4088 2509 4140 monachus
2542 4085 2785 4139 audiens
2820 4086 3048 4139 dicebat
3078 4085 3139 4136 in
3162 4083 3331 4137 corde

1736 4192 1862 4241 suo,
1890 4178 2037 4242 Quid
2067 4183 2155 4231 est
2199 4178 2307 4230 hoc
2338 4180 2364 4229 ‘t
2387 4176 2647 4240 Quotidie
2684 4188 2791 4241 ego
2835 4175 3203 4239 Salvatorem,
3238 4174 3333 4237 qui

1735 4272 1827 4321 est
1850 4271 1971 4321 Rex
1992 4281 2177 4333 meus,
2204 4268 2382 4321 adoro
2410 4282 2422 4318 :
2446 4267 2538 4319 hic
2570 4266 2651 4318 sic
2684 4272 2837 4318 esset
2859 4265 2979 4329 ille,
2997 4264 3282 4329 quomodo
3300 4278 3335 4315 a

1735 4371 1827 4410 me
1848 4358 1957 4410 hoc
1969 4362 2312 4423 exposceret
2329 4356 2483 4421 quod
2506 4355 2998 4408 indesinenterme
3024 4354 3207 4406 facere
3228 4354 3335 4404 sci-

1733 4449 1857 4499 ret?
1879 4450 1944 4499 Et
1990 4446 2276 4511 posthaec
2316 4445 2608 4511 respondit
2633 4444 2704 4495 ad
2730 4444 2953 4508 ipsum:
2991 4444 3107 4507 Ego
3151 4442 3336 4495 habeo

58 4533 281 4585 verearis
306 4553 317 4583 :
344 4547 668 4600 numquam
690 4537 845 4590 enim
871 4537 1085 4602 aliquid
1109 4537 1211 4589 tibi
1235 4538 1414 4592 deerit
1434 4553 1630 4593 eorum
1658 4534 1716 4607 D
1736 4549 1931 4589 meum
1954 4538 2185 4599 Regem,
2227 4533 2375 4603 |4o
2420 4546 2594 4598 quem
2624 4532 2875 4596 quotidie
2900 4531 3023 4583 sine
3046 4531 3336 4584 intermis-

59 4619 355 4686 stipendiis,
382 4637 517 4689 quae
529 4625 601 4678 ad
623 4638 800 4679 usum
815 4627 1067 4693 corporis
1084 4627 1472 4693 requiruntur,
1497 4642 1635 4693 quo-

60 4789 242 4843 Christi
269 4794 392 4851 395.
424 4797 437 4831 ι
477 4796 752 4847 Theodosii
794 4798 879 4853 16.
924 4798 1161 4849 Arcadio
1185 4800 1277 4851 III.
1302 4805 1348 4849 et
1391 4800 1635 4850 Honorio

56 4860 114 4911 II.
141 4865 273 4918 Coss.
300 4869 555 4921 Joannes
581 4869 899 4921 Monachus
941 4871 1285 4923 anachoreta
1317 4870 1504 4923 clarus
1533 4871 1637 4924 ha-

59 4932 221 4999 betur,
256 4940 353 5001 qui
390 4944 628 4991 ornatus
671 4940 986 5004 prophetiae
1024 4942 1223 5005 gratia,
1250 4941 1638 4994 Theodosium

57 5007 432 5063 consulentem
448 5011 519 5063 de
535 5017 746 5065 eventu
757 5012 1053 5076 belliquod
1064 5013 1345 5066 adversus
1360 5016 1635 5075 Eugenium

57 5081 325 5143 movebat,
341 5084 618 5136 victorem
638 5083 891 5137 futurum
918 5084 1202 5151 praedixit.
1226 5088 1635 5139 ROSWBYDUS.

113 5158 127 5176 '
159 5152 289 5204 Hor.
314 5154 329 5217 ]
351 5155 525 5205 Nulla
548 5156 713 5220 hujus
728 5158 993 5206 memoria
1006 5157 1067 5207 in
1090 5156 1288 5207 tabulis
1312 5157 1641 5207 Ecclesiaste

57 5220 135 5301 (εἰς,
156 5230 515 5301 ῃκιενᾳιιαηι
538 5229 601 5277 in
628 5229 837 5277 Menaeis
880 5228 933 5301 7ἶ
967 5229 1201 5292 Augusti
1233 5242 1249 5279 :
1297 5228 1356 5301 0'
1384 5227 1514 5301 ὅσιρς
1541 5223 1638 5295 Ὣρ

60 5289 102 5339 ἐν
134 5289 291 5371 εἰρήνῃ
322 5289 599 5371 ⁴ςιέλειοῖιται,
636 5301 884 5353 Sanctus
908 5300 985 5353 Or
1006 5289 1075 5351 in'
1087 5313 1222 5364 pace
1256 5300 1516 5363 quiescit.
1550 5289 1639 5350 Oe-

58 5366 210 5436 currit
253 5366 296 5417 et
325 5370 387 5418 in
408 5370 648 5420 Palladii
693 5372 960 5421 Lausiaca
1009 5372 1239 5421 historia
1276 5386 1393 5436 cap.
1441 5371 1491 5424 9.
1539 5371 1642 5421 Sed

62 5434 403 5498 (h‘igcnistam
444 5444 609 5503 fuisse
651 5453 828 5493 monet
869 5444 933 5493 D.
964 5434 1521 5507 Ilieronymusﬁcpist.
1568 5444 1643 5493 ad

63 5508 453 5572 Ctesiphontem.
493 5514 686 5564 Obiisse
705 5520 884 5564 tanem
909 5516 967 5563 in
992 5531 1053 5564 ea
1078 5515 1265 5565 haeresi
1282 5529 1393 5564 non
1415 5519 1639 5575 constat,

65 5583 281 5632 maxime
303 5600 429 5633 cum
448 5585 561 5648 ejus
580 5588 1015 5636 commemoratio
1038 5589 1133 5650 ﬁat
1162 5588 1223 5636 in
1243 5587 1473 5636 Menaeis.
1520 5586 1645 5637 Vide

64 5652 241 5713 resp.‘2.
272 5656 346 5705 ad
369 5664 757 5720 argumentum
790 5659 1087 5723 Pvrotegom.
1127 5657 1210 5713 15.
1250 5658 1342 5708 ubi
1374 5658 1561 5722 agitur
1583 5658 1646 5708 de

64 5726 358 5777 auctoritate
383 5728 582 5779 horum
606 5728 1150 5781 librorum.Meminit
1172 5730 1287 5794 ejus
1312 5730 1477 5780 etiam
1500 5729 1647 5780 Sosu-

68 5808 233 5847 menus
257 5798 288 5849 ι.
316 5800 411 5853 Vl.
448 5816 563 5867 cap.
589 5801 675 5856 28.
723 5801 949 5867 Niceph.
973 5802 1064 5854 lib.
1095 5802 1192 5855 IX.
1233 5817 1351 5867 cap-
1376 5801 1461 5856 34.
1500 5806 1545 5851 et
1570 5818 1647 5852 re-

1736 4626 1896 4677 sione
1911 4625 2109 4677 adoro:
2132 4629 2194 4676 tu
2206 4629 2399 4676 autem
2412 4634 2528 4675 non
2550 4634 2613 4675 es
2625 4634 2729 4674 rex
2748 4633 2933 4674 meus.
2954 4621 3023 4673 Et
3037 4620 3335 4675 continuo-

1733 4797 1985 4847 ccntiores
2009 4796 2235 4861 quidam
2266 4795 2379 4843 suis
2420 4794 2652 4843 insevere
2676 4792 3080 4857 Martyrologiis
3103 4793 3170 4848 12
3194 4831 3209 4846 .
3234 4794 3339 4844 Νο-

1734 4867 1959 4917 vembris
2005 4872 2063 4915 ut
2096 4866 2394 4918 Carthusia
2442 4864 2745 4915 Coloniens.
2784 4880 2845 4913 ιη
2875 4866 3245 4914 additionibus
3268 4866 3341 4915 ad

1742 4940 2074 5002 Usuardum,
2110 4936 2474 5001 Mauroiycus.
2535 4936 2661 4986 Vide
2702 4936 2985 4985 Molanum
3015 4951 3132 5000 cap.
3166 4936 3251 4991 13.
3278 4936 3340 4985 de

1735 5011 2086 5076 Martyrolog.
2746 5008 3148 5060 Roswsynos.

1799 5083 1820 5112 δ
1857 5082 2067 5133 Habitu
2082 5082 2202 5146 ipso
2218 5079 2454 5131 honoris
2473 5078 2778 5130 videbatur
2791 5077 3051 5144 angelici.
3067 5078 3083 5141 ]
3100 5077 3211 5127 Hoc
3228 5093 3339 5126 non

1736 5155 1893 5219 facile
1905 5155 2025 5219 quis
2041 5151 2430 5215 intelliget,nisi
2452 5152 2572 5215 quis
2608 5152 2913 5200 Grzecorum
2942 5150 3338 5198 monachorum

1740 5228 1987 5278 habitum
2024 5240 2136 5290 prae
2179 5222 2345 5273 oculis
2381 5223 2591 5273 habeat.
2628 5222 2843 5286 Duplex
2888 5220 3079 5271 Graecis
3124 5219 3338 5269 habitus

1738 5303 1869 5358 erat,
1893 5297 2241 5359 novitiorum,
2268 5294 2363 5358 qui
2384 5294 2657 5343 dicebatur
2678 5300 2843 5359 μικροῦ
2869 5290 3122 5359 σχήματος
3152 5304 3165 5340 :
3210 5292 3345 5339 alter

1739 5370 2240 5435 probatissimorum
2284 5367 2547 5428 virorum,
2594 5366 2691 5429 qui
2724 5365 2993 5413 dicebatur
3044 5363 3255 5427 μεγάλου
3286 5366 3345 5414 et

1741 5439 1994 5507 ἅγγελικοῡ
2039 5437 2307 5507 σχήματος.
2344 5438 2472 5488 Vide
2499 5436 2897 5499 Euchotogium
2937 5435 3165 5485 Ora-cor.
3211 5449 3335 5498 cap.

1742 5514 1824 5567 79.
2750 5510 3153 5558 Roswavnus.

1806 5587 1824 5620 ι
1862 5587 1986 5636 Imo
2010 5581 2131 5637 397.
2162 5581 2333 5645 juxta
2366 5591 2511 5644 quas
2553 5578 2660 5630 init
2700 5577 2971 5641 rationes,
3009 5576 3221 5640 quibus
3254 5578 3344 5627 ta-

1744 5668 1878 5708 men
1901 5654 2121 5721 proprie
2151 5652 2272 5708 394.
2311 5652 2643 5706 denotatur.
2682 5648 2827 5701 Vide
2866 5662 2993 5711 nos,
3025 5652 3083 5700 et
3109 5646 3344 5700 Relandi

1746 5729 1966 5781 Fastos.
