3898 6388
519 393 622 451 407

1540 387 1782 439 RUFINI
1817 381 2304 448 AQUILEIENSIS
2341 380 2779 434 PRESBYTER]

3713 377 3816 433 408

512 510 789 564 inimicus
813 510 885 562 ad
901 508 1031 563 haec
1047 508 1225 561 verba
1239 517 1530 570 nusquam
1546 504 1883 569 comparuit.
1900 505 2114 558 Verum
2139 498 2195 573 Α
2214 498 2309 561 tia,
2346 497 2413 549 ut
2434 497 2509 548 ab
2532 494 2647 570 alio
2660 490 3006 559 deprehendi
3017 502 3135 546 non
3144 491 3348 557 possit.
3363 490 3731 557 Sedentergo
3746 491 3815 545 ad

518 601 649 655 hac
670 600 762 654 ille
788 600 953 668 quasi
975 600 1047 652 de
1077 598 1185 650 alio
1210 597 1379 649 nobis
1401 607 1644 648 narrans
1673 607 1779 647 sua
1800 598 1984 659 gesta,
2003 596 2113 647 sub

516 693 749 747 alterius
779 701 1024 756 persona
1046 687 1415 740 memorabat.
1443 687 1639 738 Patres
1665 686 1854 737 tamen
1871 684 1971 748 qui
1984 684 2116 737 ade-

518 786 663 846 rant,
717 780 827 845 ipsi
868 778 1036 847 nobis
1060 777 1441 834 afﬁrmabant.
1484 774 1640 840 quod
1663 773 1785 840 ipse
1812 776 1984 838 esset,
2014 774 2113 838 qui

519 872 647 925 haec
680 869 923 924 vidisset
944 872 1001 920 et
1029 866 1370 920 audivisset.

581 961 717 1012 Erat
737 970 871 1023 ergo
906 956 1003 1010 hic
1023 955 1368 1021 magniﬁcus
1401 957 1580 1020 pater,
1614 954 1715 1019 qui
1736 954 1884 1007 inter
1905 958 2115 1008 cwtera

518 1052 669 1104 bona
690 1049 864 1102 etiam
884 1047 997 1100 hoc
1020 1045 1332 1111 praestabat
1360 1044 1798 1098 advenientibus
1820 1044 2112 1107 fratribus,

511 1144 569 1193 et
591 1150 726 1191 cum
738 1138 865 1204 ipso
879 1136 1139 1189 habitare
1153 1134 1495 1189 volentibus.
1513 1134 1778 1187 Faciebat
1812 1134 2115 1186 convocari

512 1229 719 1280 fratres
735 1226 835 1291 qui
853 1237 1052 1279 secum
1066 1229 1237 1285 erant,
1255 1227 1315 1277 et
1333 1224 1530 1276 in-una
1548 1223 1642 1275 die
1660 1222 1991 1275 advenienti
2007 1223 2114 1275 fra-

516 1317 589 1369 tri
619 1315 893 1369 cellulam
905 1314 1244 1372 tediﬂcabat.
1289 1314 1425 1366 Erat
1465 1312 1527 1365 in
1558 1313 1668 1365 hoc
1712 1325 1882 1377 opere
1904 1324 2116 1378 magna

514 1406 777 1460 alacritas
800 1405 1060 1468 fratrum,
1077 1415 1424 1468 unoquoque
1440 1415 1641 1456 eorum
1657 1402 1968 1455 festinante
1983 1402 2116 1456 late-

517 1509 609 1549 res
632 1495 969 1554 convehere,
994 1499 1098 1546 aut
1118 1492 1307 1546 lutum
1330 1493 1634 1559 porrigam,
1665 1497 1765 1545 aut
1797 1504 2006 1556 aquam
2030 1492 2113 1544 in-

517 1586 771 1647 fundere,
788 1588 890 1637 aut
903 1583 1062 1649 ligna
1076 1583 1313 1636 deferre.
1331 1583 1438 1635 Ubi
1459 1594 1596 1635 vero
1611 1582 1863 1647 perfecta
1884 1581 2114 1644 fuisset,

517 1677 641 1742 ipse
665 1687 795 1728 eam
818 1673 1092 1726 omnibus
1114 1671 1460 1725 utensilibus
1493 1672 1587 1725 vel
1621 1671 1963 1725 necessariis
1998 1671 2117 1723 ins-

516 1770 765 1820 tructam
785 1763 1046 1817 tradebat
1066 1762 1245 1816 fratri.

2209 598 2474 639 mensam
2485 585 2883 649 contingentes
2902 582 3089 647 magis
3112 594 3289 646 quam
3311 586 3615 636 sumentes
3637 582 3812 644 cibos,

2210 678 2391 728 utnec
2404 674 2653 727 defuisse
2676 672 3026 734 mensis,nec
3044 676 3237 725 tamen
3252 671 3436 725 ventri
3457 670 3814 724 satisfecisse

2209 766 2531 819 videantur.
2574 766 2753 829 Major
2767 764 2975 829 quippe
2987 767 3075 815 est
3090 762 3462 815 continentiae
3485 762 3700 824 virtus,
3729 763 3817 814 bis

2209 856 2498 909 abstinere
2519 866 2653 919 qua;
2676 853 2738 906 in
2759 852 2943 907 oculis
2965 852 3252 905 habentur
3273 855 3333 905 et
3353 851 3414 905 in
3427 851 3728 905 manibus.

2832 969 3063 1022 CAPUT
3086 970 3182 1022 IV.

2841 1097 2920 1138 DE
2951 1097 2971 1120 °
3006 1095 3182 1137 ΒΕΝΟ.

2276 1203 2542 1255 Vidimus
2566 1208 2622 1256 et
2650 1202 2827 1255 alium
2858 1213 3053 1254 senem
3087 1200 3335 1265 (Pallad.,
3360 1215 3477 1265 ωρ.
3506 1200 3619 1264 49.)
3658 1213 3820 1253 man-

2215 1292 2523 1345 suetudine
2535 1305 2735 1345 omnes
2751 1291 3016 1344 homines
3027 1288 3465 1356 prmoellentem,
3484 1291 3718 1341 Benum
3729 1303 3803 1342 no

2213 1382 2386 1447 mine,
2413 1382 2483 1434 de
2507 1394 2621 1446 quo
2636 1381 2973 1434 asserebant
2997 1379 3199 1432 fratres
3216 1378 3315 1443 qui
3331 1392 3465 1431 cum
3480 1378 3612 1444 ipso
3636 1382 3822 1441 erant,

2215 1472 2368 1536 quod
2386 1485 2572 1535 neque
2580 1473 2975 1536 juramentum
2986 1481 3283 1534 umquam,
3297 1480 3486 1532 neque
3495 1471 3820 1517 mendacium

2215 1561 2287 1613 de
2304 1574 2398 1613 ore
2409 1563 2458 1625 ej
2469 1574 2538 1612 us
2551 1560 3105 1625 processerit,neque
3120 1557 3273 1609 ullus
3285 1557 3589 1609 hominum
3601 1558 3817 1609 iratum

2215 1650 2421 1702 viderit
2456 1662 2592 1702 eum
2624 1648 2949 1714 aliquando,
2983 1652 3085 1700 aut
3108 1660 3432 1700 sermonem
3456 1648 3821 1713 superfluum

2213 1740 2580 1804 otiosumque
2603 1740 3003 1804 proferentem,
3024 1737 3125 1789 sed
3149 1743 3271 1790 erat
3286 1738 3407 1789 vita
3427 1738 3557 1802 ejus
3573 1737 3640 1787 in
3664 1750 3816 1788 sum-

579 1854 678 1908 Ihc
699 1852 1010 1919 aliquando
1021 1865 1155 1905 cum
1175 1852 1358 1905 falsus
1381 1850 1617 1916 quidam
1633 1851 1807 1905 frater
1829 1851 1903 1903 ad
1928 1863 1991 1904 se
2015 1863 2110 1904 ve-

2221 1843 2316 1882 rno
2330 1830 2572 1890 silentio,
2588 1842 2893 1893 moresque
2910 1827 3215 1893 tranquilli,
3240 1832 3299 1880 et
3313 1839 3413 1892 per
3429 1826 3629 1879 omnia
3659 1827 3822 1891 quasi

515 1945 718 2006 nisset,
738 1947 796 1996 et
823 1946 891 1996 ut
903 1941 1196 1996 videretur
1208 1941 1425 2005 nudus,
1460 1941 1803 1995 vestimenta
1819 1953 1926 1993 sua
1940 1941 2121 1994 occul-

515 2032 912 2099 tasset,arguit
926 2044 1061 2086 eum
1077 2044 1270 2085 coram
1281 2032 1632 2093 omnibus,et
1644 2031 1704 2083 in
1715 2031 1969 2083 medium
1985 2043 2119 2096 quas

513 2123 904 2177 occultaverat
917 2121 1157 2188 protulit
1174 2135 1188 2172 :
1208 2124 1264 2174 et
1278 2122 1358 2173 ita
1372 2122 1718 2186 pertimuere
1738 2124 2032 2185 omnes,ut
2048 2121 2119 2175 de

514 2214 734 2278 reliquo
749 2224 919 2265 nemo
939 2211 1176 2266 auderet
1190 2223 1381 2264 coram
1395 2211 1521 2276 ipso
1539 2210 1745 2263 fallere.
1792 2211 1977 2263 Tanta
1997 2214 2119 2263 erat

516 2303 577 2355 in
598 2314 665 2355 eo
690 2302 879 2354 virtus
900 2300 1096 2364 animi,
1123 2306 1178 2352 et
1208 2304 1368 2352 tanta
1390 2300 1606 2354 divina
1650 2299 1852 2365 gratiae
1897 2301 2117 2366 magni-

514 2391 675 2457 tudo,
694 2402 870 2456 quam
884 2390 1250 2443 abstinentiae
1265 2390 1457 2443 labore
1468 2394 1527 2443 et
1540 2390 1675 2442 ﬂdei
1690 2390 1938 2455 puritate
1960 2401 2115 2454 quaa-

513 2482 704 2535 sierat.
730 2480 1126 2534 Multitudines
1149 2482 1343 2532 autem
1358 2478 1596 2533 fratrum
1615 2493 1747 2532 cum
1761 2480 1888 2545 ipso
1911 2480 2115 2546 posita

515 2573 678 2624 tanta
704 2568 887 2635 gratia
929 2573 1096 2622 erant
1136 2568 1390 2635 repletae,
1424 2571 1491 2621 ut
1531 2582 1664 2623 cum
1705 2569 1778 2621 ad
1813 2570 2113 2623 ecclesiam

515 2659 908 2722 convenirent,
927 2658 1083 2711 chori
1100 2658 1454 2723 Angelorum
1470 2660 1731 2712 vestibus
1741 2672 1808 2712 ac
1822 2660 2114 2713 mentibus

514 2746 1047 2815 resplendentes,ad
1061 2746 1442 2809 imitationem
1457 2748 1753 2800 Virtutum
1769 2748 2111 2814 ccelestium,

514 2838 573 2891 in
594 2837 829 2904 hymnis
853 2842 910 2891 et
929 2837 1201 2891 laudibus
1225 2837 1329 2890 Dei
1351 2837 1656 2903 pervigiles
1680 2838 2029 2893 viderentur.

1125 2961 1358 3014 CAPUT
1403 2963 1497 3014 III.

1089 3099 1168 3140 DE
1202 3097 1220 3118 ⁸
1253 3099 1529 3141 ΔΜΜΟΝΒ.

575 3204 839 3258 Vidimus
872 3210 1067 3258 autem
1102 3206 1162 3257 in
1218 3204 1508 3258 Thebaide
1554 3166 1804 3270 (ῥαιὶαάη
1847 3222 1965 3273 cap.
2003 3208 2108 3273 48.)
2140 3196 2191 3272 C

512 3293 685 3346 etiam
694 3293 870 3347 alium
882 3294 1327 3358 virum,nomine
1338 3297 1927 3361 Ammonem,patrem
1938 3298 2111 3351 trium

512 3382 758 3435 millium
781 3383 1004 3436 circiter
1025 3383 1461 3447 monachorum,
1478 3384 1578 3449 qui
1601 3386 1989 3438 Tabennensii
2011 3400 2112 3452 ap-

512 3472 1071 3538 pellantur,ingentis
1084 3473 1450 3527 abstinentia;
1462 3474 1853 3539 viros,quibus
1863 3488 2009 3529 usus
2024 3479 2114 3530 est

514 3560 712 3614 indui”
733 3560 971 3614 colobiis
992 3562 1159 3626 quasi
1195 3562 1379 3615 saccis
1401 3562 1583 3623 lineis,
1608 3568 1665 3616 et
1688 3563 1832 3629 pelle
1855 3565 2113 3618 confecta

416 3670 421 3677 ν
516 3663 551 3703 a
584 3650 728 3704 collo
761 3656 894 3716 post
917 3656 1144 3716 tergum
1167 3656 1224 3704 et
1246 3651 1399 3703 latus
1421 3651 1806 3705 descendente
1843 3655 2070 3719 contegi
2093 3672 2111 3715 ,-

514 3739 753 3792 cucullis
775 3740 949 3792 etiam
977 3744 1154 3805 caput
1166 3740 1173 3749 '
1185 3740 1406 3805 operiri,
1420 3740 1670 3793 maxime
1685 3754 1819 3793 cum
1830 3743 1902 3794 ad
1918 3742 2111 3796 cibum

513 3834 755 3883 ventum
785 3828 971 3891 fuerit,
1001 3830 1201 3895 eisque
1219 3831 1395 3883 etiam
1410 3830 1613 3883 faciem
1639 3831 1842 3895 velant,
1870 3846 1941 3885 ne
1964 3832 2111 3885 alius

512 3917 690 3970 alium
713 3918 941 3984 parcius
976 3919 1169 3971 cibum
1193 3924 1521 3972 sumentem
1544 3919 1949 3985 deprehendat.
1978 3919 2101 3989 |4|

512 4008 615 4059 Est
641 4010 835 4060 autem
860 4007 942 4060 eis
965 4012 1023 4060 et
1044 4008 1105 4059 in
1127 4007 1403 4072 capiendo
1447 4007 1574 4060 cibo
1601 4020 1899 4060 summum
1936 4009 2112 4061 silen-

512 4096 677 4160 tium,
700 4097 780 4149 ita
800 4100 869 4149 ut
890 4109 996 4150 nec
1028 4098 1259 4161 putetur
1287 4098 1349 4149 in
1371 4108 1438 4149 eo
1461 4096 1586 4149 loco
1616 4109 1746 4149 esse
1769 4097 1977 4162 aliquis
2006 4098 2113 4151 ho-

508 4184 755 4250 minum,
791 4186 890 4237 ubi
927 4186 1160 4239 sedetur
1199 4185 1273 4238 ad
1305 4168 1559 4245 mensas,
1599 4190 1658 4238 et
1686 4187 1874 4238 omnis
1912 4200 2111 4241 eorum

510 4274 870 4328 conversatio
882 4273 963 4327 ita
973 4280 1063 4328 est
1077 4275 1137 4326 in
1151 4273 1536 4334 multitudine,
1552 4274 1758 4339 posita,
1776 4276 1944 4339 quasi
1959 4282 2112 4330 esset

505 4362 569 4415 in
590 4362 914 4429 solitudine,
929 4363 1069 4416 dum
1090 4364 1172 4417 ita
1192 4364 1328 4417 latet
1346 4363 1805 4429 uniuscujusque
1820 4348 2113 4419 abstinen-

573 4540 592 4561 ·
623 4534 947 4600 Ammone]
974 4537 1259 4587 Ammona
1283 4534 1370 4584 hic
1393 4533 1596 4584 dicitur
1618 4534 1867 4585 Palladio
1883 4551 1999 4597 cap.
2016 4536 2103 4590 48.

507 4602 582 4652 De
610 4604 722 4664 hoc,
739 4611 801 4654 ut
815 4607 1087 4666 existimo,
1108 4606 1311 4655 Meneea
1336 4606 1640 4656 ercorum
1664 4604 1749 4661 26.
1774 4607 1904 4657 Jan.
1939 4606 2107 4665 Ὂσιος

507 4675 727 4735 Ἀμωνὰς
746 4668 830 4749 γέν-
845 4672 1318 4749 εἶρήνῃλτελειοῦται.
1352 4677 1687 4749 δέλφρηᾶδ
1721 4678 1787 4749 in
1804 4689 1947 4749 pace
1970 4690 2109 4729 con-

507 4745 865 4814 summatDe
888 4762 944 4795 eo
968 4745 1138 4796 etiam
1161 4747 1367 4796 Sozam.
1388 4745 1477 4798 lib.
1513 4748 1594 4809 Vl,
1621 4763 1737 4812 cap,
1761 4746 1846 4802 28.
1875 4748 1930 4798 Ν
1934 4749 2101 4814 iceph.

510 4812 599 4863 lib.
626 4812 716 4863 IX.
746 4829 862 4878 cap.
891 4816 979 4872 34.
1027 4818 1425 4869 Roswnvbus.

572 4883 595 4912 ⁸³
615 4883 898 4952 Colobiis.]
923 4888 1110 4938 Grazca
1132 4902 1236 4937 υοα⁵
1259 4887 1495 4947 κολὸὅιος,
1524 4888 1614 4939 sed
1634 4888 1845 4939 Latinis
1868 4905 2103 4955 usurpa-

510 4958 583 5018 ta,
617 4955 700 5003 uti
727 4956 986 5008 Cassiano
1005 4958 1092 5008 lib.
1137 4959 1166 5008 Ι
1184 4959 1354 5008 Instit.
1382 4974 1498 5023 cap.
1525 4958 1576 5013 5.
1632 4960 1849 5009 Servius
1880 4961 2009 5013 Ᾰῖη.
2036 4962 2113 5011 IX

508 5024 583 5073 ad
604 5023 745 5075 illud
767 5039 780 5076 :
800 5029 871 5079 Et
895 5030 1106 5081 tunicae
1149 5028 1426 5092 manicas,
1457 5035 1563 5082 etc.
1612 5031 1869 5093 Tunicae,
1904 5032 2105 5096 inquit,

509 5099 722 5168 vestrae
746 5096 960 5151 habent
981 5101 1256 5159 manicas,
1273 5101 1426 5164 quod
1440 5102 1609 5153 etiam
1626 5103 1805 5155 Varro
1822 5103 2110 5168 vituperat

509 5165 729 5218 dicens:
751 5169 1047 5223 Manicatis
1071 5175 1128 5223 et
1146 5172 1422 5224 talaribus
1449 5172 1676 5223 tunicis.
1704 5175 1850 5225 Nam
1870 5165 2105 5225 colobiis

506 5237 817 5291 utebantur
837 5243 1089 5306 antiqui:
1117 5258 1234 5308 quae
1282 5242 1495 5291 totidem
1522 5242 1631 5304 fere
1653 5243 1820 5293 verbis
1843 5243 2004 5305 refert
2026 5245 2095 5295 D.

505 5308 874 5373 Hieronymus
898 5313 959 5362 in
982 5314 1136 5363 Hebr.
1159 5314 1349 5372 Quaest.
1375 5312 1501 5364 Cod.
1526 5314 1715 5362 Theod.
1744 5314 1801 5365 L.
1829 5314 1916 5367 14.
1934 5316 2011 5364 tit.
2038 5315 2107 5370 10

507 5377 712 5434 Nullus
745 5386 1077 5437 senatorum
1101 5384 1362 5435 habitum
1388 5382 1495 5433 sibi
1516 5383 1782 5436 vendicet
1802 5385 2105 5438 militarem

492 5446 608 5496 sed
633 5449 953 5518 chlamydis
976 5460 1190 5507 terrore
1223 5453 1503 5516 deposito,
1534 5454 1729 5516 quieta
1757 5454 2104 5508 colobiorum

506 5518 563 5566 et
584 5522 926 5581 penularum
951 5529 1152 5578 induat
1176 5525 1537 5576 vestimenta.
1563 5525 1689 5573 Vide
1714 5527 1863 5589 apud
1891 5527 2105 5577 Cassia-

507 5602 645 5636 num
666 5592 1119 5659 signiﬁcationem"
1139 5595 1444 5660 mysticam.
1520 5596 1914 5648 ROSWEYDUS.

570 5666 587 5687 ‘
622 5661 811 5728 Beno.]
840 5668 1090 5718 Palladio
1136 5682 1252 5730 cap.
1295 5665 1374 5719 44.
1402 5665 1602 5713 dicitur
1624 5669 1717 5719 ΒΘ.
1743 5668 1970 5718 Nullam
1995 5669 2103 5718 hu-

408 5722 411 5731 ’
499 5727 595 5790 jus
618 5722 939 5787 memoriam
962 5740 1179 5789 invenio
1198 5722 1264 5785 in
1301 5736 1674 5788 Eeclesiasticis
1699 5739 1910 5789 tabulis.
1958 5740 2030 5790 De
2047 5757 2103 5791 eo

510 5798 831 5856 Sozomenus
851 5809 938 5859 lib.
978 5810 1056 5860 Vl.
1084 5825 1200 5872 cap.
1225 5806 1312 5861 ‘28.
1336 5809 1348 5842 ¹
1373 5809 1457 5856 hic
1479 5812 1717 5872 paucula
1737 5812 2103 5875 superioribus

2129 4557 2187 4630 D

2218 1919 2462 1984 angelici
2486 1918 2703 1971 ordinis
2726 1918 2817 1971 vir
2839 1932 2852 1969 :
2879 1918 3177 1970 humilitas
3194 1929 3425 1982 quoque
3439 1917 3755 1979 immensa,
3768 1922 3823 1969 et

2217 2009 2279 2060 in
2298 2008 2567 2061 omnibus
2592 2020 2691 2072 pro
2711 2007 2888 2059 nihilo
2909 2007 3287 2072 semetipsum
3297 2006 3535 2058 ducens.
3560 2006 3824 2070 Denique

2216 2097 2385 2150 nobis
2412 2097 2662 2150 multum
2684 2097 3039 2161 rogantibus:
3058 2101 3125 2148 ut
3137 2097 3387 2160 aliquem
3403 2107 3741 2148 sermonem
3757 2096 3823 2147 ab

2215 2200 2282 2239 eo
2305 2186 2703 2239 aaditicationis
2726 2186 3075 2249 audiremus,
3093 2185 3192 2237 vix
3207 2185 3504 2250 impetrare
3518 2185 3823 2251 potuimus

2216 2280 2281 2330 ut
2307 2289 2491 2342 pauca
2505 2276 2673 2329 nobis
2698 2276 2769 2328 de
2792 2274 3239 2327 mansuetudine
3261 2274 3606 2338 loqueretur.

2277 2368 2381 2418 Hic
2398 2366 2723 2430 aliquando,
2742 2378 2876 2417 cum
2891 2364 3077 2417 bestia
3090 2364 3378 2428 quaedam,
3395 2375 3529 2427 qua:
3544 2363 3823 2429 hippOpo-

2214 2462 2405 2511 tamus
2428 2456 2762 2522 appellatur,
2786 2455 3074 2521 regionem
3097 2454 3175 2505 illi
3188 2453 3507 2518 proximam
3530 2452 3825 2506 vicinam-

2214 2559 2327 2611 que
2350 2550 2617 2610 vastaret,
2648 2546 2885 2610 rogatus
2918 2545 2991 2596 ab
3025 2544 3289 2610 agricolis
3322 2544 3482 2597 venit
3521 2542 3596 2595 ad
3618 2542 3821 2594 locum

2212 2639 2269 2688 et
2295 2648 2429 2688 cum
2450 2635 2761 2687 immanem
2782 2633 3033 2686 belluam
3056 2633 3417 2699 pervidisset,
3440 2632 3519 2684 ait
3543 2630 3616 2683 ad
3642 2644 3779 2683 eam
3803 2646 3815 2682 :

2214 2724 2485 2790 Praecipio
2510 2724 2611 2776 tibi
2631 2723 2693 2775 in
2706 2724 2938 2777 nomine
2960 2725 2991 2775 J
2996 2736 3103 2775 esu
3127 2723 3429 2787 Christi,ne
3447 2721 3598 2773 ultra
3618 2727 3819 2774 vastes

2213 2816 2363 2867 hanc
2386 2819 2609 2867 terram.
2638 2815 2786 2866 Tum
2824 2813 2919 2865 illa
2955 2813 3122 2878 quasi
3154 2812 3371 2879 Angelo
3415 2817 3818 2877 persequente,

2212 2905 2481 2969 effugata,
2512 2916 2804 2967 nusquam
2829 2903 3065 2956 omnino
3092 2901 3426 2968 comparuit.
3448 2900 3630 2953 Simili
3643 2900 3817 2952 modo

2212 2994 2386 3047 etiam
2402 2992 2751 3047 crocodilum
2777 2993 2850 3045 ab
2869 3004 2937 3045 eo
2957 2992 3335 3057 aliotempore
3355 2991 3617 3056 fugatum
3635 2990 3819 3056 perbi-

2216 3084 2447 3137 hebant.

2848 3206 3078 3259 CAPUT
3113 3207 3179 3257 V.

2581 3336 2659 3375 DE
2693 3322 2714 3352 ἀ
2749 3333 3120 3376 oxvnvucuo
3155 3332 3438 3375 crvrrarn

2557 3441 2718 3505 (Deest
2753 3440 2850 3490 hoc
2881 3444 3043 3504 caput
3082 3440 3142 3489 in
3176 3439 3461 3503 Palladio).

2277 3558 2553 3609 Venimus
2569 3559 2763 3609 autem
2778 3559 2837 3609 et
2851 3556 2923 3608 ad
2939 3556 3231 3609 civitatem
3243 3556 3554 3620 quamdam
3571 3556 3819 3609 Thebai-

2212 3647 2321 3705 dis.
2378 3647 2608 3698 nomine
2650 3645 3089 3711 Oxyrynchum.
3128 3645 3190 3697 in
3213 3648 3502 3709 quatanta
3522 3644 3818 3710 religionis

2224 3734 2370 3803 |42
2398 3736 2877 3801 deprehendimus
2900 3736 3225 3799 bona,utea
3246 3747 3415 3787 nemo
3440 3734 3616 3800 digne
3626 3736 3819 3787 valeat

2213 3836 2491 3877 enarrare.
2527 3825 2825 3889 Repletam
2848 3836 3100 3888 namque
3133 3836 3259 3877 eam
3278 3823 3582 3876 monachis
3612 3824 3818 3877 intrin-

2213 3927 2383 3966 secus
2396 3914 2671 3978 vidimus,
2686 3919 2745 3967 et
2760 3914 3125 3967 extrinsecus
3140 3914 3297 3966 omni
3310 3926 3383 3966 ex
3402 3918 3561 3978 parte
3576 3914 3819 3966 circum-

2210 4004 2421 4056 datam.
2503 4002 2675 4055 Edes
2712 4003 2959 4067 publicae
2994 4004 3009 4068 (
3041 4003 3090 4055 si
3128 4015 3243 4067 qua
3270 4002 3329 4055 in
3365 4015 3433 4056 ea
3464 4002 3736 4067 fuerant)
3764 4007 3819 4055 et

2212 4091 2425 4157 templa
2455 4091 2877 4157 superstitionis
2920 4093 3211 4157 antiqua,
3248 4091 3631 4145 habitationes
3660 4104 3817 4144 nunc

2212 4185 2376 4233 erant
2410 4181 2844 4244 monachorum,
2880 4183 2937 4234 et
2966 4194 3066 4247 per
3096 4186 3275 4234 totam
3305 4182 3599 4235 civitatem
3631 4182 3815 4234 multo

2212 4270 2372 4335 plura
2381 4270 2728 4322 monasteria
2746 4282 2921 4335 quam
2937 4270 3145 4323 domus
3158 4270 3519 4324 videbantur.
3542 4272 3697 4324 Sunt
3713 4284 3816 4323 au-

2214 4366 2337 4412 tem
2360 4360 2419 4411 in
2443 4359 2569 4437 ipsa
2588 4360 2750 4424 urbe,
2768 4360 2904 4424 quia
2926 4365 3015 4412 est
3033 4360 3222 4426 ampla
3244 4361 3410 4415 valde
3435 4366 3493 4414 et
3511 4362 3813 4427 populosa.

2210 4530 2411 4599 afﬁnia
2437 4544 2450 4582 :
2488 4535 2649 4592 Βῆνον
2676 4531 2730 4581 δὲ
2755 4536 2868 4597 παρ’
2882 4526 3074 4599 οὐδενὸς
3085 4535 3310 4599 Θεαθῆναμ
3332 4527 3665 4599 ὀργιζόμενον,
3689 4528 3816 4596 ἢὸμ·

2208 4596 2406 4664 νὺοντα,
2431 4602 2462 4665 ἢ
2488 4602 2808 4666 ψευδόμενον,
2888 4597 3090 4663 εἰκαῖον,
3114 4603 3145 4666 ἢ
3163 4596 3372 4668 θρασὺν.
3437 4599 3813 4669 ὢλιγωρημένον

2210 4669 2407 4725 εἰπόντα
2423 4672 2568 4738 λόγον
2589 4687 2601 4723 :
2626 4674 2848 4723 Benum
2870 4676 3064 4723 autem
3090 4673 3139 4724 ei
3170 4674 3406 4724 minime
3435 4686 3715 4737 umquam
3736 4675 3816 4725 vi—

2209 4757 2338 4795 sum
2351 4743 2445 4795 vel
2455 4744 2539 4794 ira
2552 4744 2784 4805 arsisse,
2795 4745 2880 4794 vel
2884 4745 3226 4805 jurasse,vel
3244 4745 3549 4795 mentitum
3565 4745 3813 4805 esse,vel

2208 4814 2568 4874 temerariun,
2588 4815 2728 4873 leve,
2740 4818 2843 4865 aut
2852 4814 3144 4877 abjectum
3162 4816 3404 4867 verbum
3420 4815 3657 4867 dixisse.
3675 4818 3810 4866 Prw-

2207 4886 2370 4934 mittit
2393 4885 2456 4935 de
2478 4885 2657 4951 eodem
2680 4890 2726 4934 cl
2762 4885 2977 4935 Theano
3002 4904 3015 4936 :
3062 4890 3217 4949 Βῆνος
3270 4887 3326 4937 δὲ
3354 4889 3437 4940 καὶ
3467 4891 3691 4949 Θεωνᾶς,
3728 4907 3808 4951 μο-

2207 4966 2423 5024 ναχικῶν
2495 4950 2699 5022 ἡγοῦντο
2776 4957 3056 5021 ταγμάτων,
3125 4959 3209 5009 καὶ
3285 4960 3416 5015 Θείας
3491 4959 3810 5023 προγνώσεως

2207 5031 2291 5080 καὶ
2315 5046 2576 5094 προφητιας
2598 5030 2795 5091 {partem
2828 5042 2841 5077 :
2890 5028 3083 5079 Benus
3107 5033 3164 5080 et
3188 5028 3450 5080 Theonas
3485 5032 3808 5081 conventus

2206 5112 2403 5151 rexere
2425 5099 2858 5160 monachorum,
2885 5099 3196 5151 viridivina
3218 5100 3579 5165 praescientia
3595 5105 3654 5153 et
3681 5113 3809 5165 pro-

2208 5171 2400 5235 phetia
2422 5171 2636 5235 repleti.
2661 5171 2736 5220 De
2761 5185 2817 5219 eo
2841 5170 3004 5220 etiam
3024 5172 3252 5236 Niceph.
3276 5172 3311 5223 l.
3335 5172 3425 5235 XI,
3450 5188 3490 5221 c.
3529 5170 3616 5226 34.

3252 5244 3654 5296 ROSWBYDUS.

2267 5313 2287 5341 "
2305 5312 2650 5377 Oxyryncho
2664 5311 2909 5363 civitate.
2927 5312 2943 5377 ]
2963 5312 3033 5362 De
3052 5313 3399 5378 Oxyryncho,
3418 5314 3731 5378 Stephanus
3748 5313 3807 5362 de

2212 5383 2453 5443 Urbibus,
2485 5383 2751 5447 originem
2779 5383 3171 5446 appellationis,
3199 5390 3243 5434 et
3265 5391 3477 5450 etymon
3494 5384 3807 5434 vocissimul

2204 5456 2507 5522 insinuans
2546 5454 2921 5522 :_‘OEﬁpuyxoc,
2976 5455 3112 5512 πόλις
3162 5457 3426 5522 Alvum-ou,
3474 5464 3667 5519 τιμῶσα
3719 5451 3801 5515 τὴν

2204 5526 2466 5590 ὁμώνυμον
2498 5518 2635 5591 ἰχθὺν
2669 5538 2682 5574 :
2726 5518 3129 5589 Oxyryncbus,
3160 5518 3386 5592 Egypti
3422 5518 3646 5588 civitas,
3673 5538 3801 5589 quae

2203 5598 2336 5649 colit
2358 5599 2574 5661 piscem
2599 5597 2705 5647 sibi
2744 5598 3160 5659 cognominem.
3185 5600 3269 5648 Ita
3292 5599 3557 5663 pleraque
3580 5598 3802 5662 Αἴθῃ]ρεί

2204 5668 2356 5718 urbes
2378 5684 2413 5717 α
2442 5668 2808 5732 superstitioso
2833 5668 3171 5719 animalium
3193 5670 3339 5719 cultu
3369 5684 3563 5721 nomen
3578 5671 3796 5720 sortitor.

3226 5742 3630 5795 ROSWEYDUS.

2268 5812 2282 5846 ι
2323 5812 2630 5877 Accepisse
2652 5818 2847 5866 autem
2863 5826 2897 5865 a
2920 5812 3128 5865 Rufino
3152 5813 3548 5877 Sozomenum,
3573 5813 3795 5866 constat
