3898 6408
93 391 214 464 409
1334 399 1674 453 HISTORIA
1706 398 2213 454 MONACHORUM
2590 398 2593 405 ’
3325 399 3431 457 410

84 474 407 568 duodecim
429 513 777 593 ecclesiam
799 513 1010 580 quibus
1022 513 1286 580 publicus
1309 514 1498 579 agitur
1521 512 1715 580 populi
1732 516 1791 588 A
1821 532 1967 587 sent,
1999 528 2058 579 et
2076 526 2340 581 viderent
2361 525 2434 579 ad
2460 526 2667 591 januas
2691 527 2816 592 ejus
2858 526 3130 593 latrones,
3157 526 3431 581 volebant

87 611 444 670 conventus,
460 592 718 671 exceptis
745 605 1128 666 monasteriis,
1154 606 1212 658 in
1245 605 1455 669 quibus
1474 618 1575 668 per
1598 605 1715 657 sin-

90 696 237 762 gula
259 697 588 750 orationum
627 697 834 749 domus
861 700 1020 749 sunt.
1072 696 1181 750 Sed
1214 708 1319 749 nec
1340 700 1522 762 portae
1549 697 1711 761 ipsae,

92 800 208 839 nec
234 792 425 840 turres
448 787 720 851 civitatis,
757 792 861 839 aut
883 786 1040 840 ullus
1064 787 1299 840 omnino
1315 786 1564 852 angulus
1584 787 1712 851 ejus

91 876 516 929 monachorum
540 876 994 929 habitationibus
1023 881 1210 940 vacat,
1230 876 1443 941 quique
1466 889 1566 941 per
1588 889 1713 928 om-

88 979 235 1019 nem
260 971 481 1032 partem
497 965 765 1025 civitatis,
781 965 874 1018 die
890 979 957 1018 ac
975 971 1143 1019 nocte
1155 966 1405 1031 hymnos
1426 978 1493 1019 ac
1508 965 1713 1018 laudes

92 1056 221 1109 Deo
232 1056 560 1120 referentes,
586 1056 789 1108 urbem
806 1059 1003 1116 totam,
1027 1055 1192 1120 quasi
1218 1068 1396 1108 unam
1418 1054 1517 1108 Dei
1529 1055 1712 1108 eccle-

92 1146 250 1198 siam
270 1145 504 1198 faciunt.
529 1145 737 1199 Nullus
760 1145 913 1198 enim
936 1145 1015 1198 ibi
1040 1145 1335 1198 invenitur
1358 1151 1460 1198 aut
1481 1145 1710 1199 haereti-

92 1240 341 1299 cus,aut
362 1247 640 1300 paganus,
655 1235 757 1287 sed
777 1247 979 1288 omnes
1012 1235 1170 1288 cives
1197 1235 1521 1299 Christiani,
1537 1250 1712 1285 omnes

94 1324 403 1388 Catholici,
437 1329 504 1377 ut
526 1324 668 1377 nihil
693 1324 929 1378 omnino
952 1324 1193 1388 differat,
1224 1324 1273 1377 si
1292 1325 1609 1390 Episcopus
1651 1325 1712 1376 in

94 1414 294 1480 platea
317 1415 652 1479 orationem,
679 1419 782 1467 ant
802 1415 864 1466 in
888 1415 1128 1467 ecclesia
1146 1414 1456 1480 faciat.Ipsi
1480 1426 1713 1479 quoque

92 1504 478 1568 magistratus
501 1507 559 1556 et
581 1503 924 1569 principales
949 1504 1218 1569 civitatis,
1245 1509 1302 1557 et
1322 1504 1527 1568 reliqui
1552 1505 1712 1556 cives

96 1593 366 1645 studiose
378 1605 478 1657 per
487 1592 745 1658 singulas
760 1599 955 1659 portas
973 1595 1251 1653 statuunt,
1269 1594 1368 1658 qui
1382 1595 1712 1658 observent,

96 1688 169 1736 ut
191 1682 377 1736 sicubi
396 1682 720 1748 apparuerit
734 1683 1070 1748 peregrinus
1086 1688 1189 1735 aut
1200 1696 1430 1748 pauper,
1452 1682 1713 1735 certatim

104 1774 182 1827 ad
205 1788 345 1829 eum
368 1774 467 1838 qui
476 1772 965 1839 prmoccupaverit
979 1772 1046 1826 ad
1055 1773 1283 1837 ductus,
1302 1785 1451 1837 quae,
1465 1778 1605 1825 sunt
1619 1784 1713 1824 ne-

99 1865 361 1918 cessaria
381 1870 783 1930 consequatur.

162 1957 250 2007 De
272 1954 366 2007 his
389 1960 585 2008 autem
608 1955 707 2018 qui
729 1967 864 2019 erga
887 1967 1016 2017 nos,
1037 1954 1111 2007 ab
1135 1952 1275 2018 ipsis
1300 1952 1528 2018 populis
1548 1958 1714 2018 gesta

95 2049 258 2110 sunt,
285 2044 622 2098 videntibus
647 2044 888 2097 transire
906 2057 1014 2096 nos
1024 2056 1126 2109 per
1146 2043 1440 2097 civitatem
1455 2055 1639 2104 suam,
1654 2047 1712 2095 et

94 2133 263 2188 velut
277 2134 512 2202 Angelis
528 2134 974 2197 occurrentibus,
984 2138 1158 2197 atque
1173 2133 1447 2185 honorem
1460 2131 1712 2185 deferen-

94 2225 277 2288 tibus,
303 2224 595 2289 quomodo
614 2225 907 2276 enarrem?
939 2224 1056 2276 Aut
1077 2222 1149 2275 de
1160 2222 1305 2287 ipsis
1328 2221 1625 2274 monachis
1653 2226 1712 2274 et

97 2314 444 2381 virginibus,
467 2327 717 2379 quorum
732 2313 1051 2367 innumerae
1092 2311 1489 2365 multitudines
1507 2316 1590 2377 (ut
1612 2325 1711 2364 su-

93 2416 199 2470 pra
233 2403 505 2467 diximus)
547 2403 608 2455 in
650 2402 746 2454 illa
789 2404 930 2455 urbe
974 2403 1308 2455 habentur?
1333 2401 1711 2465 Requirentes

97 2494 257 2547 enim
279 2506 315 2545 a
337 2498 537 2546 sancto
552 2493 828 2557 Episcopo
842 2492 950 2544 loci
967 2491 1341 2557 illius,viginti
1357 2490 1712 2556 milliavirgi-

93 2596 262 2646 num,
280 2587 340 2635 et
362 2582 560 2636 decem
577 2581 752 2634 millia
767 2581 1201 2634 monachorumi
1221 2581 1339 2632 nibi
1355 2579 1550 2632 haberi
1561 2593 1711 2632 com-

98 2672 378 2739 perimus.
404 2673 659 2734 Quorum
675 2672 933 2724 omnium
955 2671 1228 2724 affectum
1246 2682 1384 2735 erga
1404 2682 1512 2722 nos
1526 2675 1584 2722 et
1606 2669 1710 2722 ho-

95 2775 320 2827 norem,
338 2774 513 2826 quem
523 2761 889 2826 exbibebant,
906 2761 1079 2813 vobis
1091 2772 1508 2824 exponere,nec
1522 2771 1711 2811 sermo

97 2853 332 2918 suﬁlcit,
348 2865 456 2905 nec
493 2851 837 2904 verecundia
857 2850 1153 2917 permittit,
1173 2849 1462 2915 quomodo
1486 2848 1713 2915 palliola

104 2945 311 2994 nostra
325 2938 724 2993 scinderentur
734 2952 1083 3005 unoquoque
1093 2952 1200 2992 nos
1225 2937 1333 2991 sibi
1357 2938 1634 3003 rapiente,
1655 2939 1715 2990 et

105 3032 177 3083 ad
217 3043 285 3083 se
308 3030 591 3083 adducere
621 3030 902 3096 cupiente.

190 3119 616 3189 |43Vidimus
639 3120 966 3185 quoque'ibi
980 3120 1253 3186 plurimos
1270 3123 1603 3171 sanctorum
1620 3128 1711 3182 pa-

101 3214 261 3263 trum
286 3210 547 3263 diversas
562 3210 666 3263 Dei
702 3211 913 3275 gratias
935 3210 1247 3273 habentes;
1274 3206 1417 3261 alios
1440 3208 1501 3259 in
1533 3208 1709 3260 verbo

99 3301 225 3363 Dei,
246 3299 392 3353 alios
419 3299 479 3352 in
505 3300 871 3363 abstinentia,
888 3299 1031 3352 alios
1048 3299 1107 3351 in
1123 3298 1306 3364 signis
1315 3303 1374 3350 et
1395 3296 1709 3351 virtutibus

94 3390 511 3442 ministrantes.

732 3514 963 3567 CAPUT
989 3514 1082 3565 VI.

703 3642 782 3683 DE
812 3639 829 3660 ⁸
854 3644 930 3683 ΤΗ
940 3642 1115 3683 ΒΟΝΒ.

157 3747 427 3799 Vidimus
459 3750 518 3798 et
563 3746 741 3800 alium
787 3746 1042 3813 (Pallad.,
1088 3762 1205 3812 cap.
1253 3744 1358 3810 50.)
1395 3757 1512 3797 non
1539 3745 1710 3812 longe

95 3839 166 3889 ab
201 3837 348 3890 urbe
370 3836 445 3889 ad
470 3849 597 3889 eam
617 3840 841 3902 partem
864 3849 997 3900 quas
1016 3837 1197 3890 mittit
1218 3838 1290 3890 ad
1336 3848 1596 3890 eremum
1611 3850 1711 3889 no-

94 3927 253 3979 mine
266 3925 769 3987 Theonem,virum
785 3931 1067 3990 sanctum,
1086 3927 1236 3979 intra
1256 3926 1520 3979 cellulam
1545 3938 1711 3978 suam

99 4016 367 4068 clausum
389 4014 831 4079 solitarium,qul
854 4016 1264 4080 perhibebatur
1284 4016 1519 4081 triginta
1541 4015 1711 4067 annis

100 4105 315 4159 silentii
336 4104 612 4157 habuisse
636 4104 1081 4157 continentiam:
1108 4106 1322 4170 quique
1353 4110 1469 4158 tam
1496 4105 1711 4156 multas

102 4197 346 4248 virtutes
364 4194 625 4257 faciebat,
656 4196 723 4245 ut
744 4194 1027 4259 Propheta
1047 4194 1201 4260 apud
1238 4194 1366 4247 illos
1386 4194 1713 4247 haberetur.

102 4283 501 4337 Conveniebat
519 4294 770 4347 namque
784 4283 857 4335 ad
868 4296 1000 4335 eum
1011 4297 1110 4349 per
1123 4284 1245 4337 dies
1270 4285 1530 4350 singulos
1553 4285 1715 4337 infir-

103 4387 331 4427 morum
343 4373 589 4439 plurima
613 4372 937 4436 multitudo,
952 4373 1024 4426 ad
1037 4387 1183 4439 quos
1197 4374 1290 4427 ille
1298 4386 1398 4440 per
1407 4374 1715 4428 fenestram

103 4476 343 4517 manum
367 4464 676 4529 proferens,
700 4469 760 4517 et
774 4464 1238 4528 uniuscujusque
1253 4464 1422 4529 capiti
1435 4476 1710 4531 superpo-

1732 1842 1786 1915 B

1816 630 1916 669 eos
1941 618 2059 683 igni
2084 617 2329 671 tradere.
2356 617 2431 669 At
2455 617 2545 670 ille
2565 630 2755 670 rerum
2778 618 3128 671 necessitate
3172 617 3431 683 compul-

1814 722 1933 774 sus,
1960 721 2143 761 unum
2166 708 2250 761 eis
2271 709 2463 761 solum
2480 708 2710 761 locutus
2722 712 2812 761 est
2827 709 3068 761 verbum
3098 726 3109 757 :
3137 707 3331 768 Sinite,
3349 708 3430 760 in-

1814 798 1957 863 quit,
1982 811 2083 851 eos
2120 798 2336 851 illaesos
2389 798 2561 862 abire,
2588 798 2841 862 alioquin
2863 798 3048 864 gratia
3069 810 3104 849 a
3131 810 3224 849 me
3246 797 3430 863 fugiet

1815 889 2154 940 sanitatum.
2172 887 2371 952 Populi
2387 901 2541 949 vero,
2559 888 2942 941 utaudierunt
2961 887 3107 951 haec,
3131 886 3419 939 contradi-

1813 990 1942 1030 cere
1965 990 2085 1030 non
2100 977 2399 1043 audentes,
2415 977 2761 1030 dimiserunt
2776 980 3173 1030 eos.Latrones
3188 989 3323 1029 vero
3340 976 3431 1030 vi-

1813 1068 2018 1121 dentes
2043 1067 2193 1133 quod
2210 1081 2410 1121 secum
2422 1068 2773 1133 est‘gestum,
2792 1070 3013 1130 abiecta
3028 1069 3306 1121 scelerum
3326 1080 3429 1120 vo—

1811 1157 2049 1219 luntate,
2068 1159 2124 1210 et
2139 1158 2561 1222 praeteritorum
2576 1157 2890 1210 multorum
2906 1159 3425 1231 pcenitudinemge-

1813 1250 2026 1313 rentes,
2051 1248 2123 1299 ad
2147 1247 2503 1301 monasteria
2524 1247 2717 1301 vicina
2752 1249 3111 1317 confugiunt,
3138 1257 3313 1317 atque
3334 1255 3415 1307 ibi

1813 1337 2217 1390 emendatioris
2242 1337 2379 1391 vita)
2402 1337 2645 1390 formam
2679 1338 3035 1405 modumque
3079 1343 3419 1408 suscipiunt.

1876 1427 2010 1480 Erat
2051 1430 2247 1480 autem
2271 1427 2634 1492 supradictus
2665 1427 2755 1479 vir
2786 1429 3049 1482 eruditus
3070 1443 3184 1483 non
3232 1432 3420 1485 solum

1813 1517 2212 1582 Egyptiorum
2235 1520 2293 1570 et
2303 1517 2861 1584 Grmcorumlingua,
2877 1519 2978 1571 sed
3003 1520 3176 1573 etiam
3188 1522 3422 1574 Latino-

1814 1620 1962 1671 rum,
1990 1609 2137 1659 utet
2164 1608 2237 1659 ab
2261 1619 2327 1659 eo
2350 1608 2493 1672 ipso,
2517 1612 2573 1659 et
2592 1608 2664 1660 ab
2684 1607 2774 1659 his
2798 1608 2897 1672 qui
2919 1609 2971 1661 ei
2994 1609 3252 1673 aderant,
3276 1610 3428 1664 didi-

1814 1696 2019 1749 cimus.
2064 1696 2171 1750 Sed
2198 1702 2254 1749 et
2276 1697 2399 1762 ipse
2438 1696 2688 1749 revelare
2734 1696 2994 1762 cupiens,
3034 1704 3092 1751 et
3135 1700 3426 1753 consolari

1812 1786 2287 1851 peregrinationis
2317 1788 2531 1839 nostra:
2553 1787 2827 1850 laborem,
2850 1787 2911 1839 in
2934 1785 3147 1841 tabella
3170 1788 3428 1843 scribens

1814 1875 1887 1927 ad
1914 1873 2063 1943 I44
2098 1888 2140 1927 n
2179 1888 2207 1927 s
2239 1875 2486 1941 gratiam
2524 1875 2966 1941 doctrinamque
3015 1877 3106 1929 sui
3139 1878 3426 1931 sermonis

1811 1966 2080 2019 ostendit.
2108 1969 2242 2018 Erat
2269 1971 2463 2019 autem
2487 1967 2611 2033 ejus
2636 1967 2802 2019 cibus
2824 1968 3045 2033 absque
3068 1968 3221 2034 ignis
3234 1981 3420 2035 opere.

1811 2056 2091 2108 Dicebant
2121 2059 2335 2117 autem,
2360 2057 2513 2120 quod
2540 2060 2599 2109 et
2620 2058 2886 2109 noctibus
2909 2057 2983 2111 ad
3006 2070 3263 2111 eremum
3282 2071 3414 2124 pro-

1810 2145 2374 2210 grediens,comitatu
2387 2148 2642 2200 uteretur
2654 2147 2901 2212 plurimo
2913 2149 3091 2201 eremi
3100 2148 3418 2202 bestiarum

1810 2236 1940 2300 Ipse
1963 2247 2102 2287 vero
2124 2235 2397 2288 hauriens
2413 2248 2626 2300 aquam
2643 2236 2714 2288 de
2728 2242 2900 2301 puteo
2919 2250 3045 2300 suo,
3071 2242 3129 2291 et
3150 2239 3419 2303 praebens

1810 2324 1893 2375 eis
1918 2324 2138 2389 pocula,
2183 2326 2444 2390 obsequii
2468 2338 2665 2378 earum
2704 2327 3107 2380 remunerabat
3143 2328 3417 2381 laborem.

1809 2414 2000 2478 Hujus
2015 2417 2208 2466 autem
2219 2415 2298 2467 rei
2312 2416 2612 2468 manifestu
2621 2428 2678 2467 m
2703 2415 3248 2479 dabaturindicium,
3263 2419 3420 2481 quod

1810 2503 2050 2568 vestigia
2061 2503 2843 2568 bubalorom,caprarumque
2856 2508 2914 2558 et
2925 2518 3270 2571 onagrorum
3285 2510 3419 2557 circa

1810 2593 1935 2657 ejus
1950 2591 2213 2646 cellulam
2239 2592 2485 2659 plurima
2508 2593 2985 2658 deprehendeban
2996 2600 3110 2648 tur.

2407 2739 2640 2792 CAPUT
2696 2739 2818 2791 VII.

2344 2892 2423 2932 nn
2484 2881 2506 2911 δ
2550 2892 2894 2936 APOLLONIO.

1873 3023 2139 3075 Vidimus
2151 3027 2209 3076 et
2230 3024 2405 3077 alium
2429 3030 2695 3077 sanctum
2719 3026 2909 3078 virum
2929 3025 3164 3078 nomine
3179 3025 3413 3091 Apollo-

1786 3112 1973 3165 nium
2028 3113 2279 3179 (Pallad.,
2338 3129 2457 3179 cap.
2521 3113 2609 3169 59.
2655 3114 2859 3164 dicitur
2927 3113 3188 3180 Apollo.),
3264 3115 3419 3181 apud

1815 3203 2184 3269 Thebaidam,
2214 3204 2275 3256 in
2307 3205 2522 3257 ﬂnibus
2566 3204 2945 3270 Hermopolis,
2969 3205 3043 3257 ad
3076 3217 3253 3270 quam
3275 3205 3418 3259 civi-

1809 3296 1991 3346 tatem
2018 3293 2393 3359 Salvatorem,
2417 3307 2549 3348 cum
2575 3295 2753 3348 Maria
2780 3298 2838 3348 et
2858 3294 3076 3360 Joseph
3095 3295 3167 3347 de
3189 3295 3415 3349 Judsem

1809 3382 2021 3435 finibus
2064 3384 2311 3448 venisse,
2358 3384 2612 3446 tradunt,
2683 3384 3004 3438 secundum
3058 3384 3420 3450 Prophetiam

1811 3472 2015 3538 Esaiae,
2036 3472 2281 3526 dicentis
2306 3487 2320 3525 :
2345 3473 2475 3523 Ecce
2532 3474 2800 3525 Dominus
2842 3475 2978 3524 sedet
3018 3489 3180 3539 super
3224 3473 3421 3525 nubem

1811 3559 1990 3622 levem,
2015 3566 2061 3611 et
2084 3563 2253 3612 veniet
2272 3563 2334 3613 in
2350 3563 2647 3628 Egyptum
2667 3577 2701 3615 α
2717 3563 2856 3626 facie
2888 3563 3020 3628 ejus,
3045 3568 3091 3613 et
3121 3562 3322 3614 cadant
3358 3563 3421 3612 in

1813 3655 2013 3700 terram
2030 3652 2203 3715 (Emi.
2222 3652 2347 3717 19.).
2364 3653 2631 3705 Vidimus
2647 3665 2781 3718 ergo
2792 3653 2870 3705 ibi
2886 3653 3062 3705 etiam
3073 3654 3131 3706 et
3142 3652 3419 3718 templum

1810 3740 2018 3806 ipsum,
2063 3741 2125 3793 in
2142 3741 2294 3806 quod
2312 3742 2573 3808 ingresso
2586 3742 2897 3805 Salvatore,
2916 3743 3200 3795 corruisse
3220 3742 3417 3795 omnia

1810 3829 1965 3882 idola
1987 3829 2046 3881 in
2069 3834 2298 3894 terram,
2323 3835 2381 3883 et
2412 3830 2769 3883 communita
2793 3843 2941 3895 esse,
2966 3832 3386 3883 memorabant.

1874 3919 2141 3971 Vidimus
2191 3932 2324 3983 ergo
2356 3919 2753 3983 supradictum
2799 3920 3007 3984 virum,
3033 3924 3091 3971 et
3125 3919 3183 3971 in
3217 3920 3413 3972 vicina

1813 4021 2002 4062 eremo
2034 4009 2144 4060 sub
2160 4013 2357 4061 monte
2382 4008 2634 4072 quodam
2670 4009 2983 4061 habentem
3026 4009 3373 4061 monasteria
3404 4023 3416 4059 :

1814 4104 1936 4151 erat
1946 4099 2097 4151 enim
2110 4102 2268 4163 pater
2277 4098 2696 4151 monachorum
2712 4097 2929 4151 circiter
2940 4098 3408 4163 quingentorum,

1815 4198 1873 4249 et
1884 4196 2306 4249 famosissimus
2329 4196 2387 4248 in
2398 4196 2669 4248 omnibus
2682 4195 2991 4249 Thebaida;
3019 4196 3233 4247 ﬂnibus
3252 4195 3422 4248 habe-

1815 4288 2002 4339 batur.
2031 4286 2216 4351 Opera
2231 4286 2385 4338 enim
2410 4298 2624 4352 magna
2646 4291 2809 4339 erant
2819 4285 2890 4349 ei,
2915 4291 2974 4339 et
2996 4285 3243 4339 virtutes
3263 4284 3418 4338 mul-

1819 4380 1910 4427 tas
1938 4375 2220 4441 signaque
2244 4375 2490 4439 plurima
2511 4376 2568 4427 et
2589 4375 2847 4441 prodigia
2868 4374 3113 4428 faciebat
3144 4387 3245 4440 per
3284 4386 3419 4428 eum

1808 4466 1984 4518 Deus.
2010 4466 2056 4516 A
2072 4464 2312 4529 pueritia
2332 4476 2584 4529 namque
2605 4465 2666 4516 in
2678 4464 3029 4518 abstinentia
3042 4463 3420 4527 nutritus,ubi

105 4566 269 4616 nens,
302 4566 371 4605 ac
399 4553 747 4607 benedicens
776 4566 874 4606 eos
900 4564 1075 4606 sanos
1097 4555 1170 4606 ab
1194 4555 1350 4606 omni
1367 4554 1708 4619 aegritudine
1734 4564 1791 4637 D
1818 4554 1890 4606 ad
1924 4556 2211 4606 maturam
2241 4555 2504 4619 pervenit
2540 4555 2789 4615 aetatem,
2826 4554 3013 4619 gratia
3052 4554 3158 4607 Dei
3193 4565 3421 4618 semper

103 4643 444 4695 remittebat.
464 4642 570 4695 Hic
585 4642 759 4695 etiam
780 4642 906 4707 ipso
920 4642 1051 4719 visu
1066 4647 1180 4694 tam
1201 4642 1554 4695 honorabilis
1571 4648 1709 4707 erat,

108 4736 448 4798 tantumque
460 4745 520 4785 re
528 4732 800 4785 verentiaa
824 4733 1062 4798 gerebat
1077 4732 1137 4784 in
1150 4732 1334 4796 vultu,
1360 4735 1427 4784 ut
1445 4732 1594 4785 inter
1605 4732 1710 4784 ho-

106 4823 296 4875 mines
317 4821 574 4886 Angelus
592 4821 1006 4886 videreturtjta
1024 4821 1194 4875 laetus
1218 4821 1419 4885 oculis,
1435 4826 1490 4874 et
1502 4820 1709 4887 plenus

110 4912 283 4963 totius
302 4911 504 4976 gratiae
529 4912 852 4976 apparebat.

172 4999 322 5052 Huic
345 5012 477 5051 cum
501 5012 744 5064 parvum
776 5001 909 5052 ante
942 5004 1192 5064 tempus,
1216 5003 1281 5051 ut
1305 4999 1706 5064 comperimus,

109 5094 284 5141 noctu
310 5088 563 5141 latrones
589 5089 1077 5154 supervenissent,
1102 5101 1303 5141 aurum
1333 5102 1394 5140 se
1410 5088 1563 5152 apud
1574 5101 1708 5140 eum

106 5178 442 5232 inventuros
463 5179 779 5243 credentes,
822 5179 1079 5232 oratione
1123 5179 1245 5230 sola
1274 5179 1351 5230 ita
1373 5191 1472 5231 eos
1504 5179 1706 5241 vinxit,

110 5275 172 5321 ut
191 5270 413 5323 foribus
430 5270 557 5334 ejus
578 5269 757 5334 affixi,
769 5282 1002 5321 movere
1014 5282 1074 5321 se
1086 5270 1321 5322 omnino
1333 5282 1447 5321 non
1473 5273 1708 5334 possent

111 5358 271 5413 Mane
294 5371 432 5412 vero
456 5371 589 5410 cum
604 5359 676 5410 ad
687 5371 818 5411 eum
842 5360 1195 5411 turbsemore
1212 5358 1379 5411 solito
1401 5358 1709 5411 convenis-

170 5529 464 5592 'Theone]
508 5530 581 5579 De
626 5530 723 5579 hoc
770 5529 1092 5579 Sosomenus
1124 5530 1159 5581 ι.
1212 5530 1296 5582 VI.
1351 5528 1439 5585 28.
1494 5529 1705 5581 Cassio-

114 5600 222 5653 dor.
239 5601 326 5651 lib.
366 5601 498 5650 VIII.
526 5615 570 5652 c.
602 5600 652 5655 1.
677 5600 902 5665 Niceph.
922 5601 1011 5653 lib.
1046 5602 1138 5654 ΧΙ.
1169 5617 1210 5652 c.
1246 5601 1331 5657 34.

169 5671 188 5700 ’⁵
218 5671 596 5738 Appollonio.]
633 5672 814 5735 Hujus
858 5673 1033 5722 Vilam
1078 5678 1321 5723 accurate
1343 5674 1557 5738 scripsit
1615 5672 1707 5721 Ti-

116 5744 351 5795 motheus
372 5742 787 5793 Alexandrinus
803 5744 1116 5808 Episcopus,
1140 5751 1200 5793 ut
1224 5749 1442 5794 testatur
1465 5745 1708 5794 Sosome-

115 5828 211 5863 nus
239 5816 339 5885 lib.
360 5816 444 5865 Vl.
473 5828 591 5879 cap.
616 5812 704 5869 29.
741 5814 1078 5878 Nicephorus
1103 5816 1189 5865 lib.
1228 5817 1307 5868 Vl.
1325 5830 1441 5879 cap.
1464 5815 1548 5869 34.

1810 4656 1944 4696 cum
1968 4644 2091 4709 ipso
2117 4644 2313 4696 crevit.
2340 4645 2473 4696 Erat
2488 4644 2642 4696 enim
2666 4655 2944 4696 annorum
2972 4643 3087 4696 fere
3110 4642 3416 4708 octoginta,

1809 4746 1941 4785 cum
1966 4746 2099 4785 eum
2123 4733 2475 4785 vidissemus
2504 4731 2577 4785 ’in
2608 4733 3087 4787 monasteriorum
3116 4745 3421 4798 congrega-

1809 4824 1966 4875 tione
2011 4824 2341 4875 florentem:
2368 4822 2466 4874 sed
2510 4826 2567 4875 et
2610 4824 2720 4888 ipsi
2764 4823 2863 4887 qui
2905 4823 3250 4876 videbantur
3291 4823 3420 4887 ejus

1808 4925 1937 4964 esse
1960 4912 2242 4977 discipuli,
2289 4912 2371 4965 ita
2418 4913 2651 4978 perfecti
2685 4918 2865 4977 erant,
2903 4918 2963 4967 et
2992 4912 3306 4980 magnifici,
3351 4916 3419 4964 ut

1808 5012 2009 5053 omnes
2025 5013 2190 5066 paene
2214 4996 2454 5065 possent
2478 5003 2647 5068 signa
2669 5003 2875 5056 facere.
2898 5003 3239 5065 Quindecim
3276 5012 3414 5067 ergo

1807 5101 2089 5142 annorum
2109 5090 2420 5144 secessisse
2437 5104 2569 5143 eum
2585 5091 2656 5144 ad
2667 5104 2943 5155 eremum,
2961 5091 3414 5157 ferebant,atque

1808 5179 1886 5231 ibi
1899 5192 2028 5231 cum
2047 5178 2608 5245 quadragintaannis
2619 5182 2824 5234 fuisset
2834 5181 2895 5233 in
2919 5180 3208 5233 exercitiis
3246 5180 3412 5245 spiri-

1810 5270 2062 5323 tualibus
2086 5274 2483 5332 conversatus,
2497 5272 2729 5323 aiebant
2739 5283 2941 5323 vocem
2960 5270 3063 5322 Dei
3078 5269 3150 5322 ad
3163 5281 3295 5321 eum
3311 5268 3412 5321 de-

1806 5359 1982 5412 latam
2006 5359 2261 5412 dixisse:
2287 5360 2572 5426 Apolloni,
2598 5374 2697 5427 per
2719 5363 2775 5412 te
2808 5359 3044 5426 perdam
3068 5358 3411 5424 sapientiam

1761 5571 1767 5577 .
1807 5531 1935 5580 Fors
1962 5531 2147 5580 eadem
2175 5545 2298 5581 cum
2334 5531 2451 5581 hac.
2500 5530 2627 5581 Vide
2654 5531 3081 5595 Prolegomenon
3108 5529 3158 5583 4.
3187 5530 3211 5594 ξ
3242 5528 3291 5584 1.
3328 5530 3414 5578 1η-

1808 5602 2095 5653 Sozo-meno
2141 5603 2311 5652 Graece
2351 5604 2670 5664 εειΛπολλὼς,
2697 5603 2845 5667 quod
2888 5601 2989 5651 alii
3034 5602 3218 5651 Latine
3273 5606 3408 5651 verte

1804 5678 1941 5734 rent,
1968 5674 2216 5737 Apollas.
2258 5674 2406 5724 Nam.
2438 5674 2500 5723 de
2536 5674 2664 5733 alio,
2707 5674 2803 5736 qui
2847 5672 3187 5738 Apollonius
3233 5673 3405 5723 dictus

1804 5744 1930 5806 fuit,
1957 5744 2151 5795 ibidem
2174 5746 2433 5810 sequitur.
2470 5746 2872 5798 ROSWBYDUS.
