3898 6402
449 393 546 450 411

1473 390 1717 443 RUFINI
1751 389 2245 454 AQUILEIENSIS
2290 392 2726 447 PRESBYTERI

3639 392 3739 449 412

445 510 791 576 sapientium
820 510 882 563 in
896 510 1155 576 Egypto,
1174 512 1230 561 et
1245 508 1595 561 intellectum
1610 508 1959 574 prudentum
1975 520 2056 562 re.
2069 512 2124 583 Α
2139 523 2275 564 nere
2292 513 2697 576 constantiam,
2713 518 2888 579 atque
2910 513 3269 567 imminentia
3279 519 3652 568 contemnere
3677 527 3741 568 ac

443 602 696 666 probabo
729 600 875 669 I45
923 603 1129 654 Perdes
1152 607 1344 654 autem
1376 602 1515 653 mihi
1551 604 1608 654 et
1630 615 1731 655 eos
1771 602 1867 666 qui
1890 601 2037 653 inter

444 691 599 755 ipsos
617 697 753 744 sunt
790 693 1077 756 sapientes
1096 691 1419 756 Babylonis,
1434 697 1490 743 et
1505 704 1735 744 omnem
1753 692 2036 743 culturam

444 780 775 832 daemonum
801 782 1062 833 subrues.
1092 783 1295 846 Perges
1311 793 1445 845 ergo
1461 795 1616 833 nunc
1639 781 1711 833 ad
1728 781 1851 833 loca
1874 780 2037 831 habi-

444 869 638 921 tabilia
670 870 999 934 :generabis
1028 871 1180 923 enim
1205 870 1345 922 mihi
1370 870 1642 935 populum
1682 870 2038 922 substantia-

442 956 573 1019 lem,
600 963 656 1009 et
678 958 992 1022 perfectum
1029 960 1422 1012 aamulatorem
1460 972 1697 1024 operum
1733 961 2035 1012 bonorum.

443 1050 519 1097 At
541 1046 635 1099 ille
656 1048 1010 1111 respondens
1022 1048 1104 1101 ait
1127 1062 1139 1098 :
1166 1049 1342 1101 Aufer
1354 1061 1389 1101 a
1410 1062 1521 1108 me,
1544 1049 1802 1113 Domine,
1815 1050 2041 1113 jactan-

444 1136 601 1200 tiam,
634 1149 706 1188 ne
730 1136 871 1188 forte
894 1138 1080 1189 elatus
1106 1151 1279 1202 super
1301 1138 1504 1190 fratres
1536 1152 1715 1203 meos,
1742 1140 1943 1191 cadam
1965 1142 2039 1192 ab

444 1225 713 1278 omnibus
729 1226 889 1278 bonis
908 1228 1038 1279 tuis.
1059 1227 1369 1290 Respondit
1386 1227 1458 1280 ad
1484 1240 1614 1280 eum
1631 1242 1830 1281 rursus
1847 1230 2041 1281 divina

442 1326 559 1366 vox
585 1332 597 1363 :
623 1315 782 1367 Mitte
800 1329 1041 1369 manum
1066 1322 1227 1369 tuam
1252 1318 1324 1369 ad
1348 1318 1601 1370 cervices
1627 1324 1774 1379 tuas,
1807 1320 1863 1370 et
1883 1319 2039 1382 quod

445 1405 943 1468 comprehenderis
967 1406 1310 1471 constringe,
1336 1409 1393 1459 et
1427 1408 1534 1459 sub
1558 1420 1730 1459 arena
1752 1408 1947 1460 obrue.
1967 1410 2042 1459 At

439 1492 536 1545 ille
564 1493 689 1545 sine
705 1506 864 1546 mora
887 1480 1095 1559 injecta
1110 1507 1285 1547 manu
1309 1497 1380 1547 ad
1400 1497 1655 1548 cervices
1672 1510 1826 1560 suas,
1841 1510 2041 1562 appre-

442 1580 643 1635 hendit
656 1583 822 1646 quasi
839 1583 1144 1647 parvulum
1156 1585 1463 1649 quemdam
1485 1586 1885 1650 .Ethiopem,et
1901 1600 2039 1639 con-

443 1671 604 1725 tinuo
620 1673 934 1727 submersit
955 1686 1087 1726 eum
1111 1676 1219 1727 sub
1234 1686 1405 1728 arena
1415 1676 1757 1729 clamantem
1781 1682 1838 1729 et
1853 1676 2040 1729 dicen-

446 1764 562 1813 tem
590 1763 744 1826 :Ego
776 1775 907 1815 sum
927 1764 1213 1828 superbiae
1241 1764 1490 1817 daemon.
1523 1767 1656 1817 Post
1678 1765 1806 1818 haec
1836 1780 1950 1819 vox
1966 1767 2039 1818 ad

2139 600 2393 653 deridere
2418 602 2696 667 pericula:
2717 605 2970 667 Tempus
2994 603 3171 666 enim,
3187 605 3266 656 ait
3282 605 3535 656 certandi
3557 604 3739 667 adest,

2135 690 2194 742 in
2219 704 2332 755 quo
2349 691 2600 743 fidelium
2614 696 2833 744 mentes
2851 694 3264 745 tentationibus
3278 694 3590 758 probanda
3609 699 3744 745 sunt

2136 785 2192 831 et
2219 781 2546 833 noscendae.
2591 783 2849 845 Cumque
2873 782 2962 833 his
2988 786 3043 834 et
3084 782 3209 834 aliis
3234 784 3426 835 verbis
3450 785 3744 836 roboraret

2134 870 2357 921 animos
2367 870 2763 927 adolescentis.
2778 872 3112 936 supervenit
3126 872 3463 936 centurio,et
3486 873 3744 937 indigna-

2139 964 2233 1011 tus
2257 963 2363 1020 est,
2392 974 2494 1011 cur
2527 962 2759 1012 introire
2797 974 2976 1013 ausus
3004 963 3117 1014 sit:
3157 962 3347 1014 claves
3381 963 3746 1015 extrinsecus

2138 1049 2377 1099 carceris
2396 1049 2687 1113 imposuit,
2706 1050 3009 1113 ipsumque
3030 1056 3087 1101 et
3112 1062 3312 1101 omnes
3328 1050 3660 1114 quicunque
3679 1062 3745 1101 ve

2139 1143 2347 1188 nerant
2371 1138 2583 1201 pariter
2599 1138 2827 1189 conclus
2841 1139 3022 1203 it,quo
3041 1138 3260 1191 scilicet
3276 1140 3446 1191 etiam
3464 1139 3574 1204 ipsi
3595 1139 3749 1189 simi-

2137 1225 2261 1276 liter
2283 1226 2352 1277 ad
2372 1226 2590 1279 militiae
2624 1227 3010 1280 detinerentur
3042 1228 3294 1279 officium
3327 1242 3341 1278 :
3368 1227 3750 1280 constituens-

2139 1328 2250 1379 que
2267 1316 2537 1367 custodes
2552 1316 3021 1381 quamplurimos,
3034 1318 3333 1368 abscessit.
3346 1317 3530 1369 Medio
3553 1320 3748 1368 autem

2138 1408 2321 1459 noctis
2348 1412 2533 1459 astare
2558 1407 2720 1459 visus
2735 1413 2826 1459 est
2845 1406 3097 1471 Angelus
3112 1407 3329 1471 ingenti
3350 1406 3477 1457 luce
3498 1405 3749 1471 resplen-

2140 1497 2365 1559 dens,et
2377 1497 2789 1561 obstupefactis
2809 1495 3243 1561 perterritisque
3260 1496 3619 1557 custodibus,
3636 1508 3753 1547 car-

2139 1588 2283 1639 ceris
2301 1588 2550 1639 claustra
2565 1586 2847 1651 patefecit.
2876 1586 3039 1637 Tunc
3064 1598 3200 1637 vero
3228 1585 3337 1651 ipsi
3362 1585 3632 1637 custodes
3657 1584 3752 1636 ad-

2139 1675 2319 1728 voluti
2345 1676 2583 1740 pedibus
2608 1680 2964 1739 sanctorum,
3004 1675 3284 1739 rogabant
3326 1687 3425 1725 eos
3454 1673 3745 1735 decedere,

2151 1765 2424 1828 dicentes,
2451 1765 2656 1817 melius
2682 1764 2786 1816 sibi
2804 1777 2930 1817 esse
2950 1764 3091 1816 mori
3108 1776 3208 1829 pro
3232 1763 3515 1828 eis,quam
3531 1762 3749 1815 divina:

446 1863 580 1902 eum
596 1851 740 1903 facta
755 1855 845 1904 est
862 1864 897 1904 a
910 1854 1029 1905 Deo
1043 1853 1271 1905 dicens:
1291 1855 1465 1919 Perge
1480 1867 1634 1907 nunc
1652 1856 1870 1908 :omnia
1884 1856 2040 1908 enim
2069 1812 2122 1886 B
2154 1856 2345 1907 virtuti
2371 1856 2666 1914 obsistere,
2693 1867 2825 1918 quae
2849 1867 3048 1907 eorum
3072 1866 3269 1906 curam
3292 1854 3540 1919 gerebat.
3579 1854 3748 1905 Mane

447 1952 830 2005 quaecumque
846 1954 881 1993 a
895 1943 1009 1994 Deo
1026 1944 1373 2007 poposceris,
1392 1946 1779 2009 consequeris.
1801 1946 1898 1997 Ille
1913 1958 2046 2012 ergo
2146 1958 2281 1997 vero
2302 1945 2473 1996 etiam
2490 1944 2608 2008 ipse
2626 1944 2882 1995 centurio
2899 1956 3031 1995 cum
3050 1942 3464 2008 principalibus
3478 1941 3619 1994 viris
3632 1941 3749 1994 fes-

446 2031 578 2094 post
598 2030 725 2082 haec
747 2031 1000 2095 perrexit
1018 2032 1088 2083 ad
1103 2032 1324 2097 ealoca,
1345 2033 1407 2084 in
1431 2033 1643 2098 quibus
1658 2034 1920 2088 homines
1942 2036 2049 2088 ha-
2145 2034 2307 2087 tinus
2329 2034 2402 2085 ad
2425 2045 2711 2085 carcerem
2732 2032 2903 2093 venit,
2926 2045 3136 2098 rogans
3153 2036 3216 2084 ut
3231 2032 3598 2085 discederent
3634 2043 3753 2083 om-

444 2119 722 2173 bitabant.
759 2120 1135 2187 Temporibus
1179 2126 1375 2175 autem
1414 2122 1627 2175 Juliani
1658 2124 1883 2188 tyranni
1919 2125 2046 2178 haec

444 2208 677 2260 ﬂebant.

503 2298 639 2350 Fuit
659 2303 852 2350 autem
884 2299 945 2351 in
973 2299 1241 2352 locisillis
1267 2301 1538 2365 spelunca
1562 2303 1829 2365 quaedam
1852 2316 2043 2356 eremo

442 2386 653 2451 vicina,
679 2388 740 2440 in
765 2400 880 2452 qua
907 2389 1166 2442 habitare
1208 2392 1400 2455 cmpit,
1426 2391 1817 2444 indesinenter
1840 2392 1932 2444 die
1976 2405 2045 2445 ac

442 2482 610 2528 nocte
634 2477 987 2531 orationibus
1011 2491 1243 2541 vacans,
1280 2492 1493 2544 easque
1547 2486 1779 2533 centum
1805 2482 1888 2545 (ut
1927 2483 2043 2534 aie-

444 2565 597 2629 bant)
630 2580 729 2630 per
744 2568 913 2633 diem,
938 2569 1294 2634 totidemque
1312 2571 1498 2622 noctis
1523 2577 1780 2636 tempore
1794 2585 2043 2625 curvans

444 2666 636 2718 genua
659 2657 1035 2721 consignabat
1057 2660 1195 2709 Deo.
1210 2658 1343 2710 cibo
1360 2664 1552 2712 autem
1577 2662 1763 2725 magis
1807 2662 2041 2722 caelesti,

444 2755 619 2805 quam
635 2743 887 2797 humano
904 2747 1603 2805 utebatur.Indumentum
1621 2750 1751 2812 ejus
1768 2753 2040 2815 stupeum

445 2832 753 2884 collabium
779 2838 917 2897 erat,
944 2836 1095 2899 quod
1119 2836 1273 2901 apud
1289 2836 1413 2889 illos
1434 2847 1449 2865 ·
1478 2838 1691 2890 lebetes
1707 2839 2042 2903 appellatur,

442 2924 499 2973 et
520 2922 762 2974 linteum
781 2925 933 2987 quod
950 2925 1154 2977 collum
1172 2930 1229 2977 et
1245 2932 1419 2990 caput
1435 2928 1782 2980 obvolveret.
1801 2930 1939 2989 Quae
1957 2933 2042 2980 ta-

436 3023 567 3062 men
591 3012 928 3065 indumenta
952 3014 1210 3067 ferebant
1248 3016 1603 3080 permanisse
1640 3017 1692 3069 ei
1719 3017 1780 3069 in
1809 3017 2038 3071 deserto

434 3113 754 3166 numquam
779 3105 1047 3156 veterata.
1071 3106 1203 3156 Erat
1226 3118 1358 3169 ergo
1383 3106 1440 3157 in
1466 3106 1652 3159 vicino
1688 3107 1863 3159 eremi
1887 3107 2029 3171 loco,

434 3190 495 3241 in
520 3190 731 3244 virtute
755 3192 994 3257 Spiritus
1014 3194 1248 3259 degens,
1276 3195 1440 3260 signa
1469 3200 1524 3246 et
1548 3196 1823 3248 sanitates
1856 3197 2031 3249 miras

438 3280 708 3343 efﬁciens,
735 3292 882 3345 quas
908 3295 1172 3335 enarrare
1198 3296 1297 3347 pro
1329 3285 1417 3336 sui
1452 3285 1838 3338 immensitate
1873 3287 2040 3349 (sicut

436 3369 509 3420 ab
530 3368 624 3421 his
641 3370 740 3432 qui
759 3382 892 3421 cum
910 3371 1054 3435 ipso,
1086 3380 1262 3432 erant,
1291 3373 1609 3425 senioribus
1634 3376 2036 3439 comperimus)

435 3470 546 3510 Vox
563 3459 721 3509 nulla
736 3460 999 3512 suﬁlciet.
1018 3462 1188 3512 Fama
1204 3467 1396 3513 autem
1414 3464 1717 3525 magnifica
1741 3464 1810 3516 de
1826 3478 1893 3518 eo
1915 3478 2043 3530 per-

440 3547 677 3611 vulgata
693 3561 827 3599 cum
844 3549 905 3600 in
916 3549 1293 3602 admiratione
1310 3552 1571 3603 omnium
1588 3554 1751 3617 quasi
1767 3555 2042 3619 propheta

443 3635 655 3700 aliquis
679 3641 781 3688 aut
804 3639 1113 3702 Apostolus
1131 3639 1327 3691 haberi
1351 3641 1638 3703 cmpisset,
1659 3642 1864 3695 vicinis
1893 3656 1924 3694 e
1949 3656 2041 3695 re-

444 3724 711 3788 gionibus
735 3728 1001 3779 monachi
1014 3728 1259 3781 diversis
1277 3742 1350 3780 ex
1373 3729 1512 3781 locis
1526 3732 1947 3785 conveniebant
1969 3734 2042 3785 ad

446 3827 598 3879 eum,
625 3821 683 3867 et
710 3821 983 3882 tanquam
1005 3819 1098 3883 pio
1116 3820 1255 3883 patri
1272 3832 1485 3883 magna
1496 3834 1752 3883 munera,
1770 3835 1906 3873 suas
1924 3823 2043 3875 sin-

443 3904 561 3968 guli
573 3906 785 3970 quique
796 3908 1019 3960 animas
1031 3908 1355 3962 offerebant.
1377 3912 1450 3962 At
1466 3909 1556 3963 ille
1573 3923 2043 3977 unumquemque

443 4007 640 4046 eorum
667 3998 784 4049 tota
805 3997 1076 4062 religione
1112 4000 1451 4065 suscipiens,
1475 4001 1616 4053 alios
1640 4001 1713 4053 ad
1743 4003 1888 4053 bene
1917 4015 2045 4068 ope-

440 4083 845 4150 randum,alios
860 4087 933 4139 ad
951 4089 1095 4141 bene
1107 4089 1538 4154 intelligendum
1551 4092 1899 4155 provocabat
1914 4105 1925 4141 :
1942 4091 2043 4144 sed

453 4171 603 4242 I46
622 4175 811 4239 etipse
828 4177 987 4240 prius
1003 4189 1070 4230 ea
1089 4179 1426 4231 ostendebat
1442 4181 2044 4244 exemplis,quaaverbis

444 4263 645 4316 docere
658 4264 1087 4329 cupiebat.Aliis
1100 4268 1334 4330 quidem
1346 4268 1548 4320 diebus
1563 4280 2043 4334 unumquemque

442 4352 593 4417 apud
607 4355 983 4419 semetipsum
1000 4368 1264 4407 exercere
1280 4357 1861 4420 abstinentiam,quam
1880 4366 2041 4420 posset

446 4441 698 4503 sinebat;
717 4442 809 4495 die
826 4456 960 4497 vero
979 4445 1293 4509 Dominica,
1317 4446 1502 4511 gratia
1539 4448 1810 4511 caritatis,
1843 4461 2040 4501 secum

2140 2135 2243 2176 nes
2264 2124 2357 2187 qui
2387 2124 2561 2175 teneri
2606 2122 2968 2175 videbantur.
3022 2122 3261 2174 Dicebat
3293 2121 3464 2186 enim,
3508 2121 3747 2173 domum

2144 2226 2309 2265 suam
2327 2214 2657 2265 terrmmotu
2673 2224 2880 2276 magno
2905 2210 3246 2274 concidisse,
3265 2212 3323 2261 et
3337 2209 3551 2261 electos
3570 2220 3749 2272 quos-

2144 2315 2255 2367 que
2283 2302 2627 2354 famulorum
2652 2313 2886 2353 suorum
2912 2299 3236 2366 peremisse.
3256 2297 3448 2351 Sancti
3473 2310 3627 2361 vero,
3652 2296 3746 2349 his

2142 2392 2372 2454 auditis,
2399 2392 2683 2456 hymnum
2714 2392 2828 2443 Deo
2857 2390 3170 2453 laudesque
3191 2388 3539 2450 cecinerunt,
3575 2391 3633 2438 et
3655 2397 3745 2439 re-

2140 2482 2324 2546 gressi
2349 2481 2420 2533 ad
2445 2493 2720 2544 eremum,
2746 2485 2911 2532 erant
2937 2480 2998 2530 in
3022 2490 3201 2530 unum
3216 2477 3404 2543 positi,
3420 2475 3743 2528 secundum

2142 2570 2547 2635 Apostolorum
2577 2568 2908 2633 exemplum
2940 2567 3220 2620 habentes
3264 2565 3515 2618 animam
3564 2576 3739 2616 unam

2141 2663 2199 2712 et
2222 2673 2317 2711 cor
2344 2661 2653 2723 unum(Act
2698 2658 2786 2721 4.).

2206 2750 2369 2801 Pater
2391 2755 2585 2801 autem
2612 2748 2801 2799 senior
2834 2745 3076 2798 docebat
3096 2758 3211 2808 eos,
3241 2748 3307 2797 ut
3325 2743 3583 2808 quotidie
3608 2755 3741 2809 pro-

2142 2840 2376 2891 ﬁcerent
2400 2840 2458 2890 in
2484 2838 2814 2897 virtutibus,
2841 2842 2900 2889 et
2926 2836 3168 2887 insidias
3187 2834 3414 2895 diaboli,
3454 2846 3600 2897 quas
3621 2846 3741 2898 per»

2142 2929 2518 2992 cogitationes
2540 2928 2769 2979 inferret
2786 2925 3201 2989 hominibus,in
3226 2924 3406 2976 initiis
3434 2923 3630 2975 statim
3660 2935 3740 2974 re-

2144 3018 2468 3071 tunderent.
2496 3018 2585 3069 Sic
2626 3017 2780 3069 enim
2824 3016 3029 3078 aiebat,
3081 3014 3186 3079 [Αι.
3217 3012 3576 3078 infringatur]
3600 3024 3741 3063 con-

2136 3107 2418 3171 fringatur
2445 3104 2591 3175 |47
2620 3108 2791 3170 caput
2807 3104 3172 3169 serpentis,et
3195 3115 3364 3155 omne
3386 3102 3512 3165 ejus
3528 3113 3739 3165 corpus

2140 3204 2465 3251 emortuum
2496 3196 2783 3249 reddetur.
2800 3194 2886 3247 Ob
2900 3192 2958 3245 id
2974 3192 3127 3245 enim
3146 3190 3379 3243 mandat
3395 3189 3566 3243 nobis
3586 3191 3739 3241 Deus

2138 3290 2445 3341 observare
2459 3288 2630 3351 caput
2654 3284 2954 3349 serpentis,
2983 3287 3045 3334 ut
3068 3282 3299 3333 omnino
3318 3281 3515 3332 statim
3534 3278 3733 3331 abini-

2141 3380 2219 3431 tio
2236 3390 2340 3429 nec
2356 3378 2696 3441 recipiamus
2713 3374 2892 3426 malas
2918 3379 2973 3425 et
3001 3372 3262 3425 sordidas
3288 3370 3668 3433 cogitationes
3685 3372 3739 3417 in

2141 3469 2308 3521 corde
2338 3471 2553 3518 nostro.
2582 3468 2803 3528 Quanto
2821 3476 2954 3526 ergo
2989 3462 3175 3526 magis
3214 3460 3591 3514 diil‘undinon
3612 3470 3743 3510 con-

2142 3558 2300 3609 venit
2323 3557 2382 3607 in
2398 3556 2664 3607 sensibus
2689 3555 2905 3606 nostris
2936 3551 3350 3616 cogitationum
3376 3548 3736 3614 phantasias.

2142 3659 2287 3710 quas
2314 3646 2483 3696 etiam
2505 3644 2667 3696 initio
2707 3643 2881 3709 recipi
2925 3642 3120 3695 vetat?
3166 3640 3273 3691 Sed
3295 3643 3355 3691 et
3369 3637 3510 3690 illud
3532 3649 3736 3689 mone-

2142 3737 2258 3799 bat,
2284 3740 2348 3786 ut
2372 3734 2432 3785 in
2448 3732 2760 3785 virtutibus
2791 3732 2934 3783 alter
2953 3730 3198 3782 alterum
3242 3726 3452 3788 vincat,
3491 3737 3597 3776 nec
3638 3735 3740 3789 pa-

2140 3826 2318 3877 tiatur
2334 3836 2395 3875 se
2408 3822 2812 3885 unusquisque
2830 3820 3150 3871 inferiorem
3173 3815 3434 3881 proximo
3460 3826 3567 3866 suo
3596 3812 3734 3865 ﬁeri.

2141 3914 2287 3965 Hinc
2311 3918 2523 3975 autem,
2550 3912 2796 3973 dicebat,
2816 3908 3009 3961 scietis
3026 3921 3132 3959 vos
3164 3905 3434 3972 proiicere
3465 3904 3528 3955 in
3567 3902 3740 3955 virtu-

2144 4004 2315 4066 tibus,
2335 4003 2382 4053 si
2398 4001 2555 4053 nulla
2578 4000 2740 4053 vobis
2770 3998 2961 4063 passio
2987 3995 3157 4049 fuerit
3174 4008 3308 4060 erga
3331 3992 3626 4046 mundana
3638 3990 3740 4043 de-

2144 4093 2370 4144 sideria.
2407 4092 2527 4142 Hoc
2542 4090 2697 4141 enim
2720 4094 2810 4141 est
2826 4088 3054 4139 initium
3071 4086 3355 4137 donorum
3369 4083 3489 4135 Dei.
3509 4080 3674 4143 Quod
3690 4080 3740 4132 si

2142 4182 2312 4234 etiam
2325 4180 2397 4232 ad
2414 4182 2532 4232 hoc
2563 4178 2788 4232 venerit
2815 4177 2946 4241 quis
2970 4181 3252 4236 vestrum,
3285 4176 3436 4236 ut_et
3481 4171 3649 4235 signa
3683 4174 3742 4221 et

2141 4270 2424 4323 mirabilia
2458 4269 2643 4332 faciat,
2670 4280 2789 4319 non
2812 4266 3117 4318 extollatur
3151 4276 3252 4329 pro
3297 4262 3425 4325 hoc,
3440 4273 3628 4325 neque
3679 4259 3743 4311 in

2142 4360 2483 4426 cogitatione
2507 4370 2614 4410 sua
2641 4358 2888 4421 erigatur
2907 4361 3201 4419 tamquam
3221 4351 3444 4406 caeteris
3467 4348 3742 4415 primatus

2144 4450 2246 4502 sed
2260 4462 2367 4501 nec
2381 4450 2490 4501 hoc
2505 4448 2695 4513 ipsum
2707 4445 3036 4499 hominibus
3051 4445 3222 4496 debet
3236 4440 3537 4494 ostendere
3564 4438 3739 4504 quod,

448 4543 649 4584 omnes
678 4533 874 4586 cibum
906 4546 1133 4587 sumere
1156 4535 1507 4599 hortabatur,
1524 4549 1658 4589 cum
1686 4542 1878 4589 tamen
1916 4539 2039 4602 ipse
2071 4506 2357 4592 Ddonum
2396 4538 2596 4603 gratiae
2651 4536 2830 4600 hujus
2864 4533 3165 4598 acceperit,
3202 4529 3461 4595 alioquin
3502 4528 3740 4581 seducet

448 4619 629 4672 solitis
638 4622 1005 4677 abstinentiae
1015 4626 1518 4678 observationibus
1534 4626 2042 4690 deserviret,herbis

451 4707 812 4763 solummodo
856 4717 958 4765 aut
996 4712 1245 4767 oleribus
1294 4717 1481 4780 utens,
1528 4728 1636 4769 nec
1701 4729 1895 4782 usum,
1940 4723 2043 4772 aut

450 4797 838 4852 ministerium
861 4801 1012 4866 ignis
1035 4803 1368 4857 admittens.

509 4888 618 4940 Hic
662 4900 796 4941 cum
836 4890 1113 4953 audisset,
1154 4894 1364 4946 Juliani
1417 4896 1501 4957 (ut
1558 4907 1732 4960 supra
1768 4895 2041 4961 diximus)

451 4978 804 5044 temporibus
822 4980 1055 5034 fratrem
1078 4984 1383 5047 quemdam
1400 4985 1602 5038 militia
1630 4990 2042 5047 comprehensum

448 5067 688 5121 detineri
703 5070 765 5121 in
782 5072 1187 5135 carcere,venit
1208 5072 1281 5125 ad
1304 5086 1434 5125 eum
1461 5087 1596 5126 cum
1621 5074 1890 5127 fratribus
1916 5089 2046 5127 con-

447 5158 669 5211 solandi
683 5161 883 5225 gratia,
903 5163 959 5214 et
981 5162 1040 5213 ui
1062 5165 1319 5215 moneret
1346 5176 1478 5216 eum
1506 5164 1567 5217 in
1600 5165 1941 5218 necessitate
1964 5170 2051 5218 te-

509 5331 811 5396 ‘Lebetes]
842 5334 957 5398 Ipse
1004 5334 1235 5398 explicat
1290 5335 1374 5384 hic
1430 5341 1634 5395 auctor,
1695 5336 1877 5399 aitque
1920 5336 2029 5388 colo

444 5400 593 5449 bium
610 5419 712 5452 esse
733 5406 795 5455 de
819 5422 925 5469 quo
946 5422 1063 5471 cap.
1091 5405 1141 5470 3,
1192 5406 1454 5455 diluimus.
1502 5407 1867 5468 Hieronymus
1912 5408 2049 5459 Prte-

444 5472 541 5532 [αἱ.
566 5472 625 5521 in
644 5474 901 5537 Regulam
920 5478 974 5527 S.
994 5476 1275 5527 Pachumii
1301 5492 1316 5525 :
1337 5477 1485 5528 Nihil
1501 5478 1711 5529 habent
1728 5479 1787 5529 in
1805 5479 2048 5542 cellulis,

447 5549 653 5608 praeter
674 5548 986 5611 psiathium
1010 5553 1067 5601 et
1090 5549 1205 5601 duo
1220 5549 1555 5602 lebitonaria
1581 5549 1751 5613 (quod
1769 5552 2050 5615 Egyptiis

449 5618 738 5670 monachis
754 5622 1087 5673 vestimenti
1103 5633 1285 5685 genus
1302 5622 1528 5673 estsine
1543 5621 1798 5683 manicis,
1817 5624 1875 5673 et
1891 5638 2051 5672 unum

446 5687 566 5759 jam
591 5691 849 5743 attritum
861 5694 932 5743 ad
948 5693 1348 5746 dormiendum
1361 5693 1451 5747 vel
1467 5692 1839 5759 operandum.
1855 5694 2050 5745 Isidor.

451 5758 536 5809 tib.
562 5763 703 5814 XIX.
724 5764 870 5825 Orig.
895 5778 1013 5828 cap.
1040 5763 1127 5819 QQ.
1165 5765 1590 5817 Lebitonarium
1628 5769 1717 5817 est
1762 5764 2048 5818 colobium

2144 4630 2423 4694 seipsum,
2441 4632 2497 4680 et
2512 4627 2634 4692 ipse
2650 4624 2983 4691 decipietur,
3005 4627 3062 4675 et
3090 4622 3334 4687 gratiam
3368 4617 3583 4684 perdet.

2201 4719 2464 4771 Habebat
2489 4731 2623 4783 ergo
2646 4717 2793 4769 hanc
2818 4712 3185 4778 magnificam
3220 4708 3383 4762 verbi
3421 4707 3519 4758 Dei
3544 4704 3748 4757 doctri-

2139 4821 2293 4872 nam,
2327 4808 2495 4860 sicuti
2532 4812 2590 4859 et
2612 4819 2720 4858 nos
2756 4805 2866 4869 ipsi
2902 4815 2976 4855 ex
3010 4806 3169 4867 parte
3183 4798 3339 4851 fruiti
3379 4809 3606 4859 sumus,
3644 4794 3746 4847 sed

2139 4900 2417 4963 majorem
2434 4895 2757 4949 habebatin
2788 4893 3056 4959 Operibus
3080 4889 3340 4955 gratiam.
3380 4887 3564 4939 Omne
3592 4883 3747 4937 enim

2142 4985 2424 5052 quidquid
2447 4986 2684 5051 petisset
2704 4997 2737 5035 a
2761 4985 2897 5045 Deo,
2930 4982 3055 5033 sine
3071 4991 3230 5031 mora
3253 4975 3743 5040 consequebatur;

2144 5076 2248 5129 sed
2289 5081 2345 5129 et
2367 5074 2742 5127 revelationes
2771 5073 2821 5124 ei
2857 5070 3119 5136 plurimae
3148 5066 3619 5122 ostendebantur.
3650 5064 3751 5115 De-

2144 5166 2319 5228 nique
2333 5164 2619 5216 seniorem
2634 5162 2868 5214 fratrem
2898 5171 3087 5221 suum,
3114 5157 3215 5222 qui
3241 5161 3304 5209 et
3330 5155 3452 5219 ipse
3473 5153 3536 5204 in
3551 5163 3746 5204 eremo

2148 5334 2273 5385 sine
2297 5332 2554 5394 manicis,
2581 5329 2737 5395 quali
2749 5329 3013 5381 monachi
3038 5327 3285 5392 Egyptii
3310 5319 3755 5395 utuntur.__Dic_i-

2149 5412 2238 5455 tur
2276 5406 2449 5453 ercc
2498 5392 2549 5453 et
2597 5392 2809 5468 διεϐητών
2866 5402 2942 5451 vel
2994 5401 3220 5451 λεῧετὼν·
3260 5399 3341 5446 Ita
3384 5392 3640 5468 Palladio
3668 5392 3750 5468 jn

2158 5478 2275 5528 Vita
2299 5476 2501 5549 abbatis
2517 5463 2802 5526 Pachomii
2827 5491 2841 5523 :
2875 5473 3236 5549 λεᾉϐητωνᾴριογ
3259 5486 3270 5517 :
3307 5464 3633 5549 {tantadem
3659 5463 3750 5511 So-

2148 5547 2526 5611 wmcnusJib.
2562 5549 2651 5599 ΙΙΙ.
2714 5564 2830 5613 cap.
2877 5547 2960 5602 13.
3006 5546 3237 5609 explicat
3282 5547 3515 5613 qutbydq
3556 5546 3753 5613 ᾷκειρο·

2148 5619 2332 5679 δὸτονς,
2357 5608 2579 5673 tunicas
2604 5619 2725 5673 sine
2747 5608 3002 5672 manicis.
3024 5608 3119 5677 Inf
3118 5632 3180 5664 ra
3203 5628 3321 5676 cap.
3346 5610 3397 5663 9.
3426 5608 3656 5658 Lebclu.

3072 5691 3474 5739 ROSWBYDUS.
