3898 6394
164 406 275 463 413

1371 418 1713 473 HISTORIA
1746 415 2273 471 MONACHORUM.

3363 411 3466 469 414

164 519 486 575 defunctus
512 528 619 583 est,
644 536 776 579 cum
799 537 915 593 quo
935 528 1183 594 plurimo
1212 533 1463 596 tempore
1481 537 1674 597 egerat
1689 533 1766 586 vi-
1790 532 1846 607 Α
1937 533 2075 585 Haec
2093 542 2226 597 ergo
2250 535 2414 584 erant
2436 530 2611 582 verba
2629 526 2812 581 sancti
2834 525 3133 594 Apollonii.
3161 522 3271 579 Sed
3288 524 3467 579 multo

165 616 287 664 tam
313 614 645 679 perfectam,
671 616 818 670 vidit
840 618 900 671 in
928 621 1148 673 somnis
1182 621 1242 674 in
1275 622 1412 674 sede
1444 625 1775 688 Apostolira

164 701 540 767 residentem,
552 712 725 771 atque
735 721 919 760 unum
936 722 1008 761 ex
1026 710 1164 775 ipsis
1179 712 1466 777 effectum,
1480 713 1775 768 haeredita-

165 794 289 843 tem
343 793 451 845 sibi
501 796 779 849 virtutum
823 803 882 850 et
924 800 1126 863 gratim
1162 801 1477 865 reliquisse.
1512 805 1771 869 Cumque

164 879 348 941 etiam
373 900 473 953 pro
494 886 802 951 semetipso
838 893 1039 953 oraret,
1063 895 1127 941 ut
1151 891 1406 943 velocius
1429 905 1561 945 eum
1578 895 1771 946 Domi-

165 992 283 1031 nus
306 983 647 1041 assumeret,
670 982 883 1030 etcum
906 979 1031 1043 ipso
1052 980 1162 1031 sibi
1190 983 1446 1045 requiem
1469 986 1771 1048 praestaret

166 1069 228 1120 in
253 1068 435 1131 caelis,
458 1080 801 1132 responsum
824 1070 914 1120 est
937 1069 1044 1121 eia
1066 1070 1308 1122 Domino
1334 1072 1639 1138 Salvatore,
1665 1087 1769 1139 pa-

164 1169 295 1208 rum
331 1156 520 1208 adhuc
547 1157 821 1221 temporis
838 1158 1043 1210 debere
1067 1171 1201 1211 eum
1226 1162 1571 1224 conversari,
1589 1161 1771 1215 donec

166 1246 306 1299 vitae
330 1249 387 1298 et
407 1247 863 1299 conversationis
888 1249 1015 1313 ejus
1026 1249 1256 1313 plurimi
1272 1251 1637 1304 aemulatores
1653 1252 1769 1304 exi-

166 1341 354 1388 stant:
381 1336 620 1401 populos
648 1349 901 1402 namque
924 1338 975 1389 ei
1005 1338 1280 1403 plurimos
1305 1340 1620 1393 credendos
1642 1354 1771 1394 esse

165 1426 602 1490 monachorum,
618 1429 674 1480 et
689 1427 1008 1479 exercitum
1021 1441 1057 1492 q
1066 1428 1330 1481 uemdam
1342 1430 1581 1494 piorum,
1598 1437 1660 1482 ut
1673 1444 1771 1495 per

164 1516 297 1567 haec
319 1515 551 1580 dignam
575 1530 676 1582 pro
702 1517 911 1569 talibus
929 1517 1143 1570 meritis
1160 1520 1771 1573 remunerationemin-

166 1605 366 1658 veniat
403 1606 558 1670 apud
596 1608 797 1659 Deum.
839 1608 978 1660 Haec
1008 1612 1203 1660 autem
1226 1612 1291 1660 ut
1316 1609 1481 1673 vidit,
1506 1609 1584 1661 ita
1606 1613 1771 1673 gesta

167 1699 322 1747 sunt.
341 1695 748 1749 Convenerunt
759 1697 913 1749 enim
925 1712 995 1749 ex
1008 1698 1164 1750 omni
1176 1698 1299 1751 loco
1312 1698 1598 1763 monachi,
1618 1698 1771 1751 fama

165 1786 223 1837 et
246 1784 507 1837 doctrina
538 1787 668 1851 ejus
691 1786 935 1851 invitati,
954 1793 1012 1840 et
1026 1788 1312 1854 praecipue
1335 1788 1615 1853 exemplis
1641 1789 1770 1854 ejus

1870 624 2055 688 magis
2078 622 2173 675 illa
2206 621 2373 674 scribi
2395 623 2632 686 oportet,
2661 630 2793 683 quas
2809 617 2869 669 in
2883 617 3150 681 operibus
3167 617 3224 668 et
3239 614 3468 668 virtuti-

1870 716 1980 766 bus
2014 712 2227 765 habuit.
2268 714 2442 763 Erant
2474 708 2783 774 aliquando
2806 708 2865 759 in
2889 706 3133 758 circuitu
3155 706 3282 770 ejus
3316 702 3463 773 |49

1869 803 2039 869 positi
2069 803 2267 854 decem
2290 800 2510 852 circiter
2533 798 2843 850 Gentilium
2868 797 2999 859 vici,
3016 796 3170 860 apud
3192 808 3338 859 quos
3354 794 3466 846 din-

1869 894 2131 946 moniaca
2148 889 2474 955 superstitio
2492 900 2720 940 summo
2745 886 2937 938 studio
2963 885 3271 937 colebatur.
3296 885 3467 935 Tem-

1868 983 2028 1048 plum
2056 982 2209 1034 enim
2234 984 2354 1032 erat
2378 979 2456 1031 ibi
2470 976 2910 1043 amplissimum,
2935 979 3107 1039 atque
3123 974 3182 1024 in
3198 986 3264 1025 eo
3284 972 3472 1025 simu-

1869 1073 2106 1131 lacrum,
2138 1070 2293 1134 quod
2322 1069 2496 1121 moris
2521 1071 2641 1119 erat
2663 1064 3055 1117 circumferria
3077 1062 3470 1115 sacerdotibus

1869 1161 2272 1214 bacchantium
2288 1160 2418 1223 ritu,
2437 1170 2571 1210 cum
2591 1155 2807 1219 reliqua
2827 1152 3195 1205 multitudine
3220 1152 3475 1203 circum-

1870 1252 2161 1311 euntibus,
2181 1255 2237 1302 et
2254 1248 2420 1313 quasi
2443 1260 2542 1313 pro
2558 1246 2724 1310 aquis
2735 1243 3082 1311 pluvialibus
3098 1241 3333 1307 profana
3349 1252 3467 1304 my-

1870 1342 2045 1394 steria
2068 1339 2454 1406 pergentibus.
2474 1335 2931 1401 Contigitautem
2959 1333 3068 1383 sub
3093 1343 3161 1383 eo
3192 1335 3465 1395 tempore,

1869 1446 1982 1498 quo
2020 1429 2355 1495 hujusmodi
2389 1428 2463 1480 ab
2500 1427 2583 1479 eis
2606 1425 2765 1490 orgia
2786 1424 3145 1487 gerebantur,
3170 1420 3276 1471 iter
3299 1432 3465 1483 agere

1867 1523 2099 1574 beatum
2137 1518 2501 1585 Apollonium
2538 1529 2636 1582 per
2670 1515 2797 1580 ipsa
2827 1513 2969 1575 loca,
2995 1523 3128 1563 cum
3151 1509 3467 1573 aliquantis

1866 1612 2159 1663 fratribus.
2189 1612 2257 1661 Et
2290 1622 2424 1660 cum
2457 1607 2704 1660 vidisset
2724 1602 3036 1656 infelicium
3060 1600 3275 1660 turbas,
3304 1597 3468 1663 quasi

1868 1703 2133 1755 daemone
2158 1699 2409 1765 quodam
2433 1698 2544 1763 agi,
2564 1694 2944 1758 baccharique
2968 1703 3067 1756 per
3083 1702 3335 1754 campos,
3358 1688 3471 1740 mi-

1872 1794 2095 1844 seratus
2116 1802 2364 1843 errorem
2382 1799 2597 1849 eorum,
2624 1785 2757 1837 ilxis
2772 1782 3018 1849 genibus
3049 1778 3338 1832 invocavit
3360 1778 3473 1829 Do-

165 1874 572 1940 quamplurimi
616 1877 832 1929 saeculo
872 1878 1365 1942 abrenuntiantes,
1412 1884 1760 1932 conventum
1797 1857 1847 1930 Β
1871 1881 2094 1933 minum
2130 1884 2189 1932 et
2225 1878 2578 1933 Salvatorem
2613 1879 2897 1936 nostrum,
2922 1876 2978 1922 et
3008 1880 3210 1922 omnes
3234 1879 3335 1920 eos
3369 1867 3469 1932 qui

166 1964 477 2027 quemdam
499 1966 871 2029 magnificum
901 1967 1159 2019 fecerunt
1181 1968 1336 2032 apud
1370 1967 1518 2035 I48
1550 1982 1684 2021 eum
1708 1969 1768 2022 in

166 2043 496 2117 supradicto
528 2054 746 2106 montis
774 2054 921 2119 loco,
950 2068 1318 2108 communem
1347 2058 1525 2109 vitam
1548 2070 1768 2111 mensae

164 2141 341 2193 unius
351 2143 701 2196 unanimiter
710 2147 1311 2199 conservantes.Hunc
1323 2160 1457 2212 ergo
1470 2152 1765 2212 tamquam

164 2243 304 2283 vere
321 2232 613 2285 caelestem
637 2234 951 2298 quemdam
969 2237 1027 2288 et
1041 2236 1367 2301 angelicum
1390 2239 1767 2290 cernebamus

165 2322 567 2384 exercitum,in
578 2324 847 2377 omnibus
862 2326 1175 2378 virtutibus
1191 2326 1767 2380 adornatum.Nullus

167 2422 307 2462 sane
330 2411 393 2463 in
415 2411 497 2463 eis
514 2412 759 2465 sordidis
775 2415 1048 2467 utebatur
1062 2415 1437 2481 indumentis,
1456 2416 1557 2468 sed
1575 2415 1768 2481 splen-

164 2499 303 2551 dore
331 2501 584 2553 vestium
614 2503 822 2567 pariter
842 2510 1014 2568 atque
1038 2506 1359 2557 animorum
1384 2506 1663 2568 nitebant,
1688 2508 1767 2558 ita

165 2594 232 2640 ut
254 2590 448 2655 etiam,
473 2592 792 2644 secundum
823 2595 1190 2659 Scripturam,
1222 2595 1511 2647 lmtaretur
1537 2607 1767 2647 eremus

164 2679 379 2742 sitiens,
428 2683 487 2732 et
520 2681 687 2734 multi
725 2682 825 2734 filii
869 2684 998 2747 ejus
1037 2684 1369 2737 viderentur
1412 2684 1474 2737 in
1518 2684 1764 2737 deserto.

167 2768 336 2830 (Esai.
373 2767 479 2834 35.)
506 2772 647 2832 Quae
667 2773 934 2835 quamvis
959 2773 1030 2825 de
1065 2774 1315 2825 Ecclesia
1338 2773 1489 2825 dicta
1515 2774 1648 2839 sint,
1684 2778 1768 2825 ta-

166 2870 302 2910 men
322 2858 385 2910 in
406 2862 667 2926 Egyptis
696 2863 961 2929 desertis,
986 2864 1111 2916 haec
1141 2864 1310 2916 etiam
1329 2864 1599 2917 historica
1619 2864 1765 2917 rela-

169 2949 326 3001 tione
345 2950 627 3016 completa
651 2958 805 3005 sunt.
826 2954 934 3005 Ubi
952 2958 1124 3007 tantas
1145 2967 1242 3019 per
1257 2954 1766 3007 urbesmultitudi-

166 3051 275 3090 nes
312 3041 552 3094 veniunt
587 3041 660 3094 ad
697 3041 958 3105 salutem,
998 3048 1242 3108 quantas
1278 3043 1506 3109 Egypti
1539 3044 1765 3097 deserta

167 3128 545 3193 protulerunt.
583 3132 792 3195 Quanti
836 3133 1029 3198 populi
1083 3133 1371 3186 habentur
1411 3135 1473 3186 in
1508 3134 1766 3195 urbibus,

1870 1969 2216 2024 caerimoniis
2240 1968 2610 2021 daamoniacis
2633 1967 2967 2029 agebantur,
2995 1971 3129 2012 cum
3165 1963 3470 2017 simulacro

1870 2074 1976 2113 suo
2002 2064 2151 2112 stare
2175 2059 2308 2110 fecit
2335 2058 2675 2119 immobiles,
2703 2069 2775 2109 ne
2804 2056 3067 2121 progredi
3101 2054 3335 2108 omnino
3365 2065 3468 2105 us-

1868 2162 2042 2216 quam
2055 2154 2308 2215 possent.
2327 2150 2517 2212 Atque
2534 2148 2638 2199 iter
2654 2160 2752 2213 per
2769 2152 2948 2199 totam
2964 2146 3117 2197 diem
3130 2144 3470 2206 rapidissimis

1867 2240 2058 2292 adusti
2089 2240 2331 2292 aestibus
2375 2241 2831 2302 permanserunt,
2844 2236 3176 2299 ignorantes
3199 2232 3355 2285 unde
3384 2231 3468 2283 eis

1866 2331 2082 2383 hierere
2112 2342 2228 2382 uno
2264 2329 2324 2379 in
2361 2330 2485 2381 loco
2513 2326 2876 2379 immobiliter
2907 2323 3261 2388 contigisset.
3309 2321 3472 2372 Tunc

1868 2420 2191 2471 sacerdotes
2212 2431 2411 2469 eorum
2427 2418 2707 2477 dicebant,
2727 2427 2857 2466 esse
2877 2412 3186 2478 quemdam
3203 2409 3468 2462 Christia-

1866 2522 2010 2561 num
2048 2510 2109 2560 in
2144 2509 2480 2573 regionibus
2517 2507 2725 2559 vicinae
2766 2503 2942 2557 eremi
2986 2505 3466 2558 commanentem,

1867 2598 2231 2663 Apollonium
2260 2598 2508 2657 nomine,
2535 2599 2593 2649 et
2614 2596 2797 2661 ipsius
2831 2606 2958 2646 esse
2986 2592 3115 2644 haec
3151 2601 3337 2655 opera,
3370 2587 3470 2653 qui

1865 2688 1977 2740 nisi
1992 2693 2147 2741 esset
2161 2690 2449 2751 exoratus,
2468 2688 2576 2739 sibi
2592 2684 2905 2752 periculum
2916 2691 3373 2748 permansurum.
3396 2679 3469 2729 Ut

1864 2782 2059 2830 autem
2075 2778 2148 2829 ad
2161 2779 2239 2829 rei
2251 2782 2430 2831 tantae
2447 2776 2787 2829 miraculum
2800 2775 3193 2827 convenerunt
3207 2768 3465 2833 undique

1866 2868 1966 2932 qui
1981 2868 2295 2931 audierant,
2314 2872 2372 2919 et
2385 2870 2806 2932 percontantes,
2821 2875 2952 2927 qua:
2969 2860 3113 2917 tanti
3127 2870 3334 2910 caussa
3349 2855 3466 2909 exi-

1866 2961 2040 3010 steret
2050 2957 2312 3018 monstri,
2327 2957 2588 3021 ignorare
2602 2968 2661 3006 se
2674 2955 2903 3018 penitus
2918 2953 3257 3004 fatebantur:
3273 2944 3464 3017 suspi-

1863 3047 2089 3099 cionem
2113 3051 2307 3098 tamen
2322 3046 2445 3098 dari
2469 3045 2578 3096 sibi
2594 3046 2793 3096 dicunt
2810 3042 3120 3107 supradicti
3143 3041 3267 3103 viri,
3288 3054 3464 3106 quem

1868 3140 1927 3188 et
1949 3136 2168 3188 exorari
2194 3148 2291 3197 pro
2322 3148 2384 3187 se
2407 3134 2745 3199 deposcunt.
2785 3134 2947 3184 Tunc
2976 3130 3210 3195 quidam
3233 3143 3307 3183 ex
3330 3130 3462 3195 illis,

173 3220 351 3272 tantae
376 3233 542 3285 paene
564 3220 847 3275 habentur
878 3223 939 3274 in
960 3223 1200 3276 desertis
1227 3222 1626 3276 multitudines
1642 3235 1765 3275 mo-
1794 3219 1842 3291 C
1870 3236 2003 3280 vere
2026 3238 2124 3277 eos
2141 3225 2357 3290 epinari
2373 3225 2536 3277 aiunt
2552 3237 2566 3287 ;
2584 3236 2719 3275 nam
2743 3227 2802 3274 et
2821 3221 3038 3276 vidisse
3060 3233 3120 3273 se
3144 3232 3277 3272 eum
3294 3220 3353 3271 in
3369 3220 3465 3272 illo

172 3309 508 3361 nachorum.
520 3312 681 3364 Unde
697 3312 1076 3365 mihividetur
1090 3314 1262 3365 etiam
1278 3312 1534 3378 Apostoli
1549 3313 1767 3365 dictum

169 3398 233 3450 in
256 3399 339 3450 eis
352 3412 479 3451 esse
495 3402 871 3465 completum:
890 3404 1047 3465 Quod
1067 3403 1158 3452 ubi
1170 3403 1467 3453 abundavit
1472 3407 1766 3468 peccatum,

172 3488 245 3536 ibi
278 3490 736 3554 superabundavit
759 3492 941 3567 grali‘a
968 3494 1134 3556 (Rom.
1154 3492 1591 3557 5.).Abundavit
1613 3493 1768 3545 enim

168 3578 484 3642 aliquando
519 3580 856 3633 immundus
890 3581 1172 3633 idolorum
1203 3581 1393 3635 cultus
1420 3582 1483 3634 in
1505 3584 1766 3648 Egypto,

170 3667 324 3721 sicut
372 3668 432 3720 in
478 3668 635 3722 nullo
667 3683 927 3735 unquam
960 3672 1220 3736 gentium
1262 3674 1296 3724 ι.
1323 3673 1506 3724 Canes
1535 3672 1690 3724 enim
1712 3677 1770 3726 et

169 3758 369 3810 simias
392 3762 567 3823 atque
590 3759 701 3812 alia
725 3766 986 3825 portenta
1010 3761 1265 3814 venerati
1290 3762 1444 3814 sunt.
1462 3761 1610 3814 Allia
1624 3774 1769 3826 quo-

168 3859 285 3911 que
312 3851 371 3898 et
394 3860 602 3913 caepas,
631 3854 689 3902 et
717 3849 993 3902 nonnulla
1012 3849 1249 3915 olerum,
1268 3852 1416 3903 Deos
1440 3851 1769 3915 credebant,

169 3938 323 3989 sicut
359 3938 432 3989 ab
476 3938 600 4002 ipso
636 3945 795 4004 patre
828 3940 1129 4004 Apollonio
1151 3943 1419 3992 narrante
1441 3939 1770 4004 didicimus,

169 4039 441 4079 caussam
452 4027 605 4079 enim
618 4029 787 4081 nobis
798 4029 1002 4094 priscae
1016 4042 1213 4081 eorum
1227 4030 1651 4094 superstitionis
1662 4030 1771 4083 hoc

173 4115 345 4168 modo
360 4123 684 4181 exponente
699 4132 710 4168 :
727 4119 940 4170 Bovem
959 4118 1189 4183 quidem
1210 4120 1393 4171 Deum
1409 4119 1772 4172 crediderunt

168 4206 484 4269 aliquando
505 4208 769 4273 Egyptii,
796 4220 898 4272 pro
922 4220 990 4260 eo
1013 4208 1166 4272 quod
1191 4221 1291 4273 per
1312 4209 1500 4274 ipsum
1525 4221 1655 4260 rura
1670 4219 1771 4261 ex-

171 4296 430 4347 colentes
450 4296 665 4349 victum
681 4297 991 4361 cibumque
1007 4297 1324 4361 capiebant.
1349 4297 1457 4350 Sed
1481 4303 1538 4349 et
1559 4309 1771 4362 aquam

174 4385 303 4447 Nili,
338 4398 439 4450 pro
482 4400 549 4438 eo
586 4387 741 4451 quod
777 4386 1076 4439 universas
1100 4388 1324 4451 rigabat
1346 4387 1771 4452 Egyptiregio-

174 4488 299 4539 nes,
326 4476 765 4528 venerabantur.
798 4477 1069 4529 Colebant
1096 4490 1326 4541 quoque
1350 4482 1409 4528 et
1433 4480 1771 4540 terram,ut-

173 4567 305 4630 pote
330 4565 645 4617 uberiorem
687 4566 913 4618 caeteris
945 4566 1126 4619 terris.
1160 4568 1343 4618 Canes
1367 4567 1557 4629 etiam,
1584 4570 1649 4617 ut
1672 4579 1767 4617 su-

175 4667 276 4719 pra
299 4654 571 4716 diximus,
601 4656 656 4706 et
685 4655 899 4719 simias,
918 4668 985 4707 ac
1000 4656 1227 4707 diversa
1240 4656 1546 4707 herbarum
1560 4665 1772 4719 genera

174 4748 349 4808 atque
373 4743 592 4796 olerum
609 4744 890 4809 colebant,
916 4758 1017 4809 pro
1034 4758 1100 4798 eo
1119 4745 1271 4810 quod
1288 4745 1650 4798 occasionem
1669 4745 1776 4796 sibi

176 4832 381 4885 salutis
393 4845 492 4898 per
502 4832 628 4885 haec
642 4835 873 4886 venisse
885 4834 1265 4899 opinabantur
1279 4835 1627 4899 temporibus
1642 4833 1775 4885 Pha-

174 4922 387 4974 raonis.
414 4923 572 4974 Circa
593 4922 720 4976 haec
736 4924 891 4976 enim
916 4924 1146 4990 singula
1164 4924 1460 4989 occupatio
1477 4925 1560 4976 eis
1578 4931 1776 4977 exorta

174 5011 496 5073 videbatur,
522 5025 656 5064 cum
680 5012 771 5066 ille
794 5017 987 5079 patres
1012 5019 1241 5067 nostros
1262 5028 1611 5080 persequens
1636 5017 1775 5067 sub-

172 5113 405 5153 mersus
438 5106 547 5166 est,
584 5107 643 5155 et
678 5103 1081 5168 unusquisque
1124 5104 1181 5155 id
1205 5118 1306 5169 per
1335 5106 1486 5170 quod
1512 5105 1774 5169 occupari

172 5191 338 5243 visus
364 5196 455 5243 est
469 5191 552 5243 uti
568 5204 641 5244 ne
655 5191 1007 5245 Pharaonem
1034 5199 1383 5258 sequeretur,
1409 5194 1518 5246 hoc
1552 5194 1660 5246 sibi
1684 5207 1773 5246 re-

173 5282 402 5347 putavit
441 5282 646 5347 Deum,
684 5283 912 5336 dicens:
952 5284 1093 5348 Quia
1121 5285 1230 5338 hoc
1267 5285 1410 5337 mihi
1450 5287 1604 5338 Deus
1644 5285 1777 5337 fecit

173 5370 366 5431 hodie,
392 5376 456 5423 ut
477 5386 595 5425 non
619 5386 886 5438 sequerer
899 5374 1271 5438 Pharaonem,
1296 5381 1352 5428 et
1369 5375 1542 5428 simul
1558 5388 1689 5427 cum
1706 5387 1774 5427 eo

173 5458 551 5523 demergerer.

238 5633 253 5667 ι
294 5632 469 5685 Recte
503 5636 698 5688 autem
724 5648 791 5688 ac
820 5647 951 5687 vere
976 5633 1285 5700 Porphyrio
1317 5633 1657 5686 adnotatum
1688 5638 1777 5685 est

177 5703 260 5754 De
305 5704 528 5757 Abstin.
567 5706 664 5758 lib.
711 5708 806 5759 IV.
851 5719 972 5772 cap.
1021 5707 1071 5762 9.
1120 5707 1271 5771 quod
1327 5705 1534 5770 [Egytii
1574 5700 1658 5765 τὴν
1696 5700 1776 5756 ἐπὶ

177 5775 341 5827 πάντα
365 5776 567 5843 δύναμιν
598 5784 721 5831 θεοῦ
751 5782 827 5831 διὰ
855 5788 949 5831 τῶν
983 5781 1239 5842 συννὸμων
1274 5779 1405 5835 ζώων
1429 5818 1440 5837 ,
1477 5772 1536 5839 ὴν
1572 5776 1775 5832 ἕκαστος

181 5843 273 5896 τῶν
307 5852 441 5899 θεῶν
471 5852 745 5915 παρὲσΧεν,
792 5846 1118 5918 ἐθεράπευσαν
1148 5868 1156 5898 :
1195 5850 1296 5899 Per
1330 5862 1619 5898 nemorum
1650 5864 1777 5897 suo-

1865 3315 2065 3367 itinere
2088 3319 2530 3381 praetereuntem
2553 3313 2985 3366 confirmabant.
3007 3315 3066 3364 et
3088 3313 3282 3362 tamen
3297 3308 3465 3361 adhi-

1866 3408 2018 3468 bere,
2037 3418 2169 3470 quin
2186 3406 2465 3470 putabant
2480 3404 2770 3469 prodesse,
2785 3402 3000 3454 auxilia
3013 3413 3132 3453 non
3147 3404 3463 3452 morantur.

1866 3495 2179 3548 Adducunt
2190 3496 2632 3559 boves,quorum
2646 3493 2858 3546 virtute
2873 3491 3161 3543 videretur
3172 3503 3343 3555 posse
3355 3500 3468 3540 mo-

1867 3584 1989 3637 veri
2002 3584 2393 3636 simulacrum.
2408 3583 2516 3635 Sed
2529 3596 2660 3634 cum
2670 3594 2776 3633 nec
2789 3582 2839 3632 si
2853 3580 3084 3645 quidem
3102 3578 3316 3643 aliquid
3333 3590 3465 3643 pro-

1866 3673 2154 3737 fecissent,
2183 3673 2341 3727 omni
2374 3667 2589 3725 auxilio
2620 3670 2895 3734 frustrati,
2933 3670 3153 3734 legatos
3182 3668 3255 3719 ad
3278 3666 3465 3719 homi-

1868 3776 2003 3815 nem
2037 3762 2140 3815 Dei
2167 3764 2419 3826 mittunt,
2446 3761 2796 3827 pollicentes,
2821 3763 2887 3811 ut
2910 3759 2957 3811 si
2979 3770 3079 3812 eos
3100 3757 3350 3810 resolvat
3374 3755 3466 3808 his

1869 3852 2132 3911 vinculis,
2148 3852 2357 3916 pariter
2373 3864 2604 3916 quoque
2620 3851 2826 3902 erroris
2845 3849 2905 3900 in
2923 3849 3005 3900 eis
3022 3846 3254 3900 vincula
3268 3844 3474 3896 dissol-

1869 3947 2049 4006 veret,
2062 3942 2201 3994 Haec
2217 3941 2314 3992 ubi
2330 3941 2601 3991 nunciata
2618 3944 2753 3990 sunt
2767 3939 2838 4001 ei,
2855 3938 2977 3989 sine
2996 3948 3154 3987 mora
3168 3934 3473 3986 descendit

1870 4030 1942 4081 ad
1966 4043 2083 4093 eos,
2109 4035 2166 4081 et
2188 4030 2445 4081 oratione
2475 4028 2595 4080 sola
2614 4028 2687 4079 ad
2712 4029 2895 4079 Deum
2910 4026 3054 4085 fusa,
3078 4036 3279 4076 omnes
3300 4022 3470 4074 resol-

1872 4120 1972 4171 vit.
2000 4124 2073 4171 At
2101 4120 2178 4172 illi
2207 4118 2330 4171 sine
2368 4118 2637 4170 dilatione
2661 4115 3012 4169 unanimiter
3034 4125 3237 4166 omnes
3261 4110 3468 4163 confu-

1870 4209 2034 4274 giunt
2053 4208 2124 4260 ad
2148 4221 2301 4271 eum,
2322 4207 2559 4260 salutari
2578 4209 2692 4260 Deo
2709 4211 2907 4258 nostro
2923 4204 3241 4265 credentes,
3267 4204 3325 4254 et
3339 4211 3470 4265 gra-

1873 4298 1981 4350 tias
1997 4298 2325 4350 referentes.
2342 4297 2721 4349 Simulacrum
2737 4307 2875 4348 vero
2891 4293 3046 4359 quod
3064 4297 3183 4345 erat
3192 4292 3467 4357 ligneum,

1873 4386 2147 4439 continuo
2178 4387 2409 4439 tradunt
2456 4386 2591 4452 igni.
2617 4386 2730 4451 Ipsi
2754 4390 2944 4436 autem
2971 4382 3151 4435 secuti
3176 4379 3470 4432 hominem

1869 4477 1994 4541 Dei,
2020 4481 2193 4541 atque
2217 4477 2405 4529 edocti
2438 4478 2511 4527 ab
2540 4488 2605 4527 eo
2630 4475 2802 4527 fidem
2820 4471 3064 4535 Domini,
3082 4469 3355 4522 Ecclesia;
3372 4467 3472 4519 Dei

1877 4566 2076 4626 sociati
2116 4570 2268 4617 sunt.
2306 4564 2539 4617 Plurimi
2577 4576 2710 4616 vero
2739 4575 2813 4614 ex
2837 4563 2979 4627 ipsis
3002 4573 3135 4612 cum
3157 4560 3285 4623 ipso
3319 4554 3467 4626 150

1875 4660 2331 4719 permanserunt,
2349 4660 2407 4707 et
2422 4654 2593 4707 etiam
2605 4665 2762 4705 nunc
2776 4652 2837 4704 in
2851 4648 3217 4704 monasteriis
3233 4647 3469 4712 degunt.

1872 4745 2028 4796 Facti
2054 4747 2245 4797 tamen
2261 4744 2437 4809 hujus
2454 4742 2730 4796 mirabilis
2747 4742 2897 4793 fama
2913 4740 3126 4805 ubique
3143 4738 3351 4790 diffusa
3366 4738 3473 4799 est,

1867 4838 1929 4885 et
1947 4834 2113 4886 multi
2140 4849 2239 4899 pro
2272 4837 2377 4888 hoc
2400 4835 2473 4888 ad
2502 4835 2670 4887 [idem
2698 4831 2942 4894 Domini,
2969 4829 3473 4889 convertebantur,

1872 4923 1956 4983 ita
1988 4936 2051 4983 ut
2071 4930 2131 4981 in
2154 4929 2421 4980 omnibus
2446 4925 2558 4977 illis
2585 4924 2916 4989 regionibus
2944 4920 3137 4973 nullus
3159 4920 3280 4983 jam
3304 4928 3473 4983 pmne

1874 5019 2185 5072 Gentilium
2222 5017 2579 5070 remanserit.

1935 5111 2069 5161 Post
2091 5108 2451 5172 aliquantum
2487 5110 2682 5157 autem
2709 5100 2998 5167 temporis,
3023 5103 3313 5150 certamen
3350 5098 3473 5148 erat

1873 5200 1944 5253 de
1962 5199 2174 5250 ﬁnibus
2190 5198 2341 5248 inter
2354 5195 2502 5247 duos
2518 5195 2690 5246 vicos.
2706 5194 2827 5245 Hoc
2843 5202 2976 5242 cum
2992 5186 3316 5240 nuntiatem
3330 5184 3473 5235 fuis-

1872 5294 1960 5342 set
1994 5286 2214 5340 homini
2252 5285 2369 5349 Dei,
2411 5283 2694 5335 festinans
2743 5278 3041 5335 descendit
3077 5275 3150 5329 ad
3187 5288 3287 5327 eos
3317 5272 3474 5339 pacis

1872 5378 2072 5446 gratia.
2109 5376 2218 5428 Sed
2256 5374 2336 5427 illi
2372 5374 2562 5426 furore
2604 5370 2991 5424 contentionis
3027 5365 3267 5429 incensi,
3313 5362 3471 5416 nullo

1871 5481 2077 5534 genere
2121 5465 2194 5518 ad
2242 5464 2397 5530 pacis
2441 5460 2748 5514 consilium
2781 5460 3175 5515 flectebantur,
3212 5452 3469 5506 maxime

1874 5654 2003 5689 rum
2048 5636 2339 5697 animalia,
2383 5633 2478 5683 Dei
2512 5631 2574 5681 in
2610 5645 2690 5680 res
2727 5644 2907 5680 omnes
2939 5634 3267 5693 potestatem,
3303 5639 3471 5689 quam

1873 5713 2105 5763 Deorum
2130 5708 2334 5772 singuli
2362 5703 2761 5769 signiﬁcabant,
2788 5699 3198 5751 venerabantur.

2820 5775 3079 5825 Roswnv
3090 5783 3218 5823 nus.
