3898 6418
410 389 514 446 415

1425 392 1669 445 RUFINI
1713 392 2206 456 AQUILEIENSIS
2238 393 2680 449 PRESBYTER!

3594 402 3700 460 416

410 506 568 573 quod
582 506 757 562 unius
771 511 950 575 partis
961 510 1207 578 populus
1219 509 1529 577 plurimum
1543 512 1770 568 ﬁducia
1791 514 1848 567 in
1866 515 2001 570 viri-
2027 512 2089 586 Α
2104 506 2243 572 qu“)
2273 512 2340 562 ut
2360 514 2543 575 Optas.
2572 509 2769 564 nullus
2795 512 2949 564 enim
2970 510 3115 565 31108
3139 517 3347 579 Ιπωιθΐ
3371 518 3427 568 ιθ
3454 516 3703 581 Perime-

405 598 519 651 bus
533 600 835 663 cujusdam
851 601 1088 654 latronis
1100 604 1351 683 gerebat,
1365 605 1458 668 qui
1474 604 1658 670 ipsius
1674 607 2003 660 certaminis

409 688 647 752 signifer
658 689 970 743 videbatur.
986 693 1151 744 Hunc
1164 705 1298 745 cum
1310 694 1525 747 videret
1542 695 1875 760 Apollonius
1893 699 2003 758 paci

411 778 792 839 resistentem,
806 780 943 832 dicit
957 781 1028 832 ad
1049 794 1205 833 eum:
1229 782 1286 834 Si
1297 783 1457 846 mihi,
1471 797 1505 836 o
1521 785 1718 849 amice,
1737 787 2002 850 acquies-

413 879 538 920 cere
584 868 833 921 volueris
874 871 948 922 ad
998 883 1217 936 pacem,
1252 875 1465 937 rogabo
1498 875 1678 927 Deum
1701 888 1915 940 meum,
1947 880 2004 928 et

407 956 658 1009 remittet
694 958 797 1010 tibi
814 965 1045 1024 peccata
1066 965 1181 1015 tua.
1201 964 1278 1016 At
1299 963 1391 1016 ille
1414 977 1547 1016 eum
1564 964 1837 1024 audisset,
1862 964 2004 1017 nihil

405 1046 638 1099 omnino
651 1047 896 1112 distulit,
913 1050 1015 1102 sed
1026 1052 1273 1116 genibus
1295 1054 1422 1117 ejus
1445 1054 1784 1119 provolutus
1797 1055 2004 1121 suppli-

405 1135 572 1188 cabat
618 1136 687 1188 ei.
729 1138 889 1189 Tunc
924 1137 1129 1192 deinde
1166 1153 1485 1194 conversus
1518 1143 1589 1195 ad
1625 1144 1844 1203 turbas.
1868 1156 2002 1207 qua

406 1236 539 1275 eum
552 1228 769 1279 secuta
782 1226 1022 1292 fuerant,
1034 1229 1169 1281 fecit
1186 1242 1389 1283 omnes
1408 1244 1542 1284 cum
1555 1244 1691 1296 pace
1708 1232 1998 1286 decedere.

408 1313 628 1374 Quibus
664 1316 1087 1381 secedentibus,
1120 1320 1243 1383 ipse
1271 1322 1589 1385 permansit
1616 1335 1747 1374 cum
1770 1322 2004 1375 homine

407 1402 529 1466 Dei,
553 1409 831 1468 expetens
844 1406 917 1457 ab
942 1418 1009 1459 eo
1032 1409 1398 1472 promissum.
1424 1411 1584 1462 Tunc
1607 1424 1743 1463 vero
1773 1411 2004 1475 Apollo-

406 1492 539 1544 nius
561 1506 868 1547 assumens
892 1508 1044 1560 eum,
1069 1499 1125 1549 et
1147 1511 1280 1550 cum
1303 1498 1428 1563 ipso
1453 1501 1560 1553 iter
1583 1513 1763 1565 agens
1786 1502 1857 1553 ad
1882 1515 2005 1554 mo-

406 1582 675 1647 nasteria,
698 1582 942 1637 docebat
963 1598 1095 1638 eum
1121 1592 1344 1640 mutare
1369 1589 1574 1641 debere
1589 1590 1847 1642 ordinem
1866 1590 2002 1642 vita

407 1673 464 1723 et
494 1673 774 1737 patienter
791 1686 827 1725 a
848 1676 966 1727 Deo
990 1687 1245 1739 quarere
1268 1678 1736 1743 misericordiam,
1762 1680 2003 1744 promis-

406 1760 628 1813 sionem
665 1774 739 1814 ex
769 1763 882 1815 ﬁde
912 1770 1266 1831 exspectare,
1304 1767 1498 1820 omnia
1529 1768 1682 1820 enim
1706 1769 2002 1834 possibilia

408 1849 635 1903 dicebat
656 1864 785 1904 esse
805 1852 1057 1906 credenti
1076 1856 1259 1918 (Marc.
1277 1855 1369 1920 9.).
1386 1857 1644 1921 Cumque
1661 1859 1849 1910 noctis
1867 1862 2002 1910 tem-

308 1997 316 2003 .
411 1950 547 2003 pore
572 1939 744 1992 simul
766 1941 826 1993 in
850 1945 1201 1996 monasterio
1224 1945 1665 2009 requievissent,
1694 1960 1793 2011 per
1817 1947 2013 1999 visum

412 2029 584 2081 ambo
601 2030 798 2083 vident
810 2044 870 2084 se
884 2045 1017 2085 esse
1032 2035 1093 2086 in
1115 2034 1293 2100 calis,
1318 2037 1375 2087 et
1394 2036 1663 2088 assistere
1689 2040 1823 2088 ante
1839 2036 2014 2089 tribu-

410 2116 508 2169 nal
539 2119 787 2173 Christi:
824 2122 1025 2174 vident
1051 2123 1223 2175 etiam
1254 2124 1506 2189 Angelos
1540 2125 1660 2187 Dei,
1697 2130 1754 2178 et
1776 2126 2013 2178 Sanctos

410 2218 675 2273 quosque
685 2209 991 2264 adorantes
1006 2212 1345 2265 Dominum:
1367 2218 1424 2265 et
1439 2226 1572 2265 cum
1588 2214 1715 2266 hac
1729 2214 1895 2267 viden
1906 2219 2011 2279 tes,

407 2298 701 2363 etiamipsi
712 2300 1052 2354 adorassent
1063 2304 1268 2367 Deum,
1281 2316 1396 2355 vox
1413 2304 1512 2354 Dei
1527 2304 1784 2356 defertur
1794 2304 1867 2356 ad
1890 2317 2011 2368 eos,

405 2387 603 2442 dicens
627 2404 642 2441 :
680 2390 840 2444 Licet
867 2392 1024 2444 nulla
1052 2392 1129 2445 sit
1159 2393 1489 2446 communio
1511 2393 1629 2446 luci
1656 2397 1713 2445 et
1735 2394 2003 2455 tenebris,

409 2490 516 2530 nec
555 2479 633 2531 sit
660 2480 854 2545 aliqua
887 2482 1071 2546 portio
1094 2481 1250 2535 ﬁdeli
1273 2495 1405 2534 cum
1433 2482 1649 2535 inﬁdeli
1676 2482 1732 2547 (ῐ.
1757 2482 1879 2534 Cor.
1897 2483 1967 2547 6.)
1993 2494 2009 2544 ;

411 2570 605 2621 tamen
631 2570 878 2621 donatur
902 2570 1004 2621 tibi
1028 2571 1186 2624 salus
1200 2572 1391 2635 istius,
1407 2585 1509 2636 pro
1525 2584 1641 2636 quo
1658 2571 2011 2637 supplicasti,

410 2658 691 2724 Apolloni.
706 2659 816 2712 Sed
836 2664 896 2713 et
917 2660 1028 2713 alia
1046 2660 1229 2712 multa
1243 2674 1375 2713 cum
1397 2661 1693 2713 audissent
1713 2662 1773 2714 in
1796 2661 2014 2715 calesti

413 2748 639 2801 visione
679 2749 871 2814 positi,
904 2761 1036 2813 qua
1062 2763 1249 2814 neque
1274 2763 1462 2803 sermo
1492 2763 1756 2804 enarrare
1780 2751 2010 2814 sufﬁcit,

412 2851 603 2903 neque
640 2840 796 2892 auris
838 2838 1054 2904 audire,
1095 2845 1474 2893 surrexerunt
1495 2852 1530 2892 a
1553 2853 1776 2905 somno,
1801 2845 1861 2892 et
1882 2853 2015 2905 qua

406 2930 672 2982 viderant
692 2928 961 2981 fratribus
989 2928 1333 2981 indicarunt.
1360 2930 1675 2982 Admiratio
1708 2935 1902 2983 autem
1925 2931 2015 2983 in-

405 3031 550 3085 gens
585 3032 715 3072 esse
746 3020 937 3084 capit,
963 3032 1096 3071 cum
1128 3031 1309 3071 unum
1337 3025 1513 3083 atque
1534 3020 1692 3072 idem
1719 3020 2015 3072 somnium

403 3112 647 3173 uterque
688 3113 961 3162 narraret.
998 3109 1318 3161 Permansit
1352 3114 1550 3161 autem
1576 3120 1709 3161 cum
1734 3109 2007 3161 fratribus

402 3198 547 3251 latro
586 3197 682 3251 ille
720 3198 841 3261 jam
880 3202 1139 3263 sanctus,
1178 3198 1360 3250 vitam
1394 3209 1560 3249 suam
1591 3209 1897 3261 moresque
1929 3198 2001 3250 ad

404 3298 636 3339 omnem
705 3286 1096 3339 innocentiam
1156 3287 1542 3352 pietatemque
1618 3291 2002 3347 commutans,

403 3378 704 3440 tamquam
749 3375 811 3427 in
854 3387 1071 3439 agnum
1116 3388 1434 3428 conversus
1479 3390 1552 3429 ex
1587 3377 1742 3442 lupo,
1767 3376 1916 3428 utin
1938 3389 2006 3428 eo

405 3464 739 3531 plenissime
791 3464 1062 3529 compleri
1122 3466 1415 3517 videretur
1479 3466 1778 3532 prophetia
1823 3466 2008 3519 Esaia

415 3552 538 3621 |5|
573 3552 816 3604 dicentis
843 3567 856 3604 :
890 3553 1033 3618 Lupi
1074 3569 1199 3604 cum
1235 3569 1416 3619 agnus
1448 3560 1754 3619 pascentur,
1778 3560 1825 3604 et
1853 3554 1929 3604 leo
1961 3558 2007 3603 et

408 3642 495 3692 bos
546 3641 714 3692 simul
748 3641 918 3707 paleis
948 3648 1237 3707 pascentur
1269 3644 1439 3706 (Esai.
1479 3644 1601 3706 11.).
1634 3643 1899 3696 Vidimus
1927 3643 2006 3695 ibi

408 3731 694 3796 quosdam
722 3732 894 3783 etiam
920 3732 1110 3796 gentis
1134 3732 1464 3796 Ethiopum
1480 3733 1636 3786 viros
1661 3745 1795 3785 cum
1819 3744 2008 3785 mona-

411 3820 536 3873 chis
561 3820 841 3881 viventes,
866 3825 925 3873 et
946 3821 1161 3874 multos
1184 3835 1254 3875 ex
1277 3822 1481 3874 ceteris
1503 3821 1803 3874 monachis
1826 3823 1886 3874 in
1905 3823 2010 3874 ob-

411 3910 699 3962 servantia
711 3910 1002 3975 religionis
1018 3916 1077 3963 et
1092 3911 1243 3963 virtu
1250 3916 1303 3964 te
1322 3911 1500 3963 animi
1520 3911 1925 3976 pracellentes,
1943 3913 2010 3963 ut

409 4004 466 4051 et
500 3999 559 4051 in
591 3999 731 4065 ipsis
754 4000 1027 4065 compleri
1051 4001 1315 4055 videatur
1339 4002 1645 4067 Scriptura,
1670 4014 1805 4066 qua
1829 4001 2005 4053 dicit:

407 4089 694 4155 Ethiopia
712 4091 995 4155 praueniet
1014 4106 1215 4141 manus
1237 4092 1352 4155 ejus
1371 4093 1477 4142 Deo
1500 4092 1668 4153 (Psal.
1693 4090 1798 4153 67.)

472 4177 678 4231 Adhuc
698 4183 896 4230 autem
918 4178 981 4230 in
1003 4180 1183 4243 gestis
1208 4181 1395 4234 sancti
1416 4180 1701 4246 Apollonii
1723 4180 2009 4233 ferebatur

408 4268 537 4321 hoc.
587 4267 683 4319 Lis
723 4266 977 4332 quodam
1021 4270 1276 4336 tempore
1306 4271 1605 4323 dicebatur
1640 4274 1839 4322 exorta
1860 4269 2009 4320 inter

410 4358 559 4410 duos
602 4357 780 4421 vicos,
813 4369 1058 4422 quorum
1101 4373 1255 4413 unus
1285 4361 1662 4419 Christianus,
1687 4358 1830 4411 alter
1858 4359 2009 4409 Gen-

409 4445 594 4499 tilium
643 4446 769 4500 fuit.
828 4449 1150 4502 Procedunt
1194 4463 1267 4502 ex
1315 4456 1561 4515 utraque
1616 4454 1777 4514 parte
1818 4460 2007 4502 arma-

409 4540 599 4588 torum
609 4537 795 4590 turba
806 4537 1314 4603 plurima.Accidit
1322 4545 1517 4592 autem
1527 4538 2005 4604 utsanctusApol-

408 4625 597 4677 Ionius
611 4629 1285 4694 superveniret.Cumque
1296 4642 1396 4682 eos
1407 4630 1732 4682 hortaretur
1741 4631 1803 4679 ad
1816 4644 1984 4691 pacem
1993 4664 2006 4687 ,

409 4713 646 4777 quidam
669 4728 866 4768 eorum
890 4718 990 4782 qui
1001 4719 1147 4771 inter
1157 4719 1408 4773 Gentiles
1425 4721 1587 4785 quasi
1604 4724 1777 4786 caput
1804 4724 1929 4772 erat
1953 4723 2018 4781 et.

409 4814 620 4855 caussa
634 4802 768 4856 belli
781 4805 1129 4863 illius.homo
1143 4809 1506 4863 truculentus
1517 4814 1575 4863 et
1586 4810 1756 4873 ferus,
1769 4808 2010 4861 obsiste-

410 4892 510 4944 bat
541 4892 593 4944 ei
627 4892 1018 4959 vehementer,
1052 4896 1280 4962 dicens,
1304 4911 1421 4953 non
1456 4911 1519 4952 se
1539 4899 1872 4965 permittere
1898 4896 2023 4949 fieri

410 4992 628 5047 pacem,
652 4995 842 5049 usque
862 4985 936 5038 ad
958 4991 1203 5040 mortem
1228 5000 1413 5041 suam.
1437 4989 1599 5041 Tunc
1621 4988 1717 5040 ille
1738 5002 1751 5039 :
1777 4988 1904 5040 Fiat
1920 4986 2024 5050 (in-

472 5158 491 5177 ³
526 5151 739 5205 Nicolai
762 5153 1222 5221 ingentes.]Deest
1249 5157 1345 5207 hoc
1357 5157 1513 5207 editis
1532 5155 1703 5206 libris.
1725 5156 1837 5207 Cur
1859 5156 2026 5205 omis-

406 5232 529 5269 sum
552 5223 638 5286 sit,
656 5239 771 5274 non
787 5226 1029 5291 inquiro.
1052 5228 1171 5278 Scio
1186 5243 1382 5277 rarum
1397 5232 1443 5277 et
1464 5243 1575 5276 non
1600 5226 1793 5291 ubique
1805 5226 2023 5277 obvium

410 5303 530 5342 esse.
571 5294 861 5347 Athenaeus
894 5298 988 5350 lib.
1026 5299 1168 5349 XIV.
1203 5299 1272 5348 Et
1304 5298 1579 5348 Plutarch.
1623 5298 1899 5350 Convivat.
1927 5296 2025 5347 lib.

420 5360 528 5414 VII.
578 5381 697 5431 cap.
745 5373 791 5420 4.
823 5370 1062 5419 scribunt
1100 5369 1352 5419 Nicolam
1398 5369 1687 5434 quemdam
1739 5371 2029 5420 Damasce-

409 5448 542 5506 num
585 5438 829 5503 Augusto
864 5441 1070 5490 misisse
1091 5439 1391 5504 palmulas,
1418 5456 1556 5506 quas
1579 5442 1665 5491 ille
1688 5441 1750 5491 0b
1773 5456 1831 5491 ϐο
1855 5441 2027 5492 Νἱοο“

408 5503 530 5577 laos
584 5509 818 5560 vocabat.
859 5511 948 5561 Sic
984 5517 1030 5561 et
1073 5503 1310 5562 Isidorus
1336 5503 1499 5564 ιὶὂίΧ
1510 5513 1615 5563 VII.
1651 5529 1768 5577 cap.
1795 5511 1845 5565 7.
1876 5511 2024 5573 Orig'

410 5575 683 5640 palmuta
729 5587 867 5633 sunt
907 5582 1228 5643 Thebaica,
1255 5584 1352 5647 qui
1377 5588 1433 5635 et
1459 5582 1690 5634 Nicolai.
1709 5575 1937 5632 Photius
1960 5581 2024 5629 in

417 5647 741 5699 Bibliotheca
786 5653 911 5703 Cod.
950 5652 1073 5708 189.
1103 5670 1202 5719 pro
1229 5654 1497 5719 palmulis
1522 5653 1676 5704 habet
1705 5653 2020 5718 placentas.

413 5720 505 5791 Ita~
520 5726 568 5791 et
593 5720 792 5771 Suidas
814 5723 877 5771 in
904 5724 1130 5776 Nicolao
1150 5738 1162 5785 ;
1189 5730 1234 5774 et
1258 5726 1554 5791 Hesychius
1577 5723 1867 5773 Illustrius.
1894 5722 2029 5773 Pal-

413 5788 552 5840 ladii
570 5791 830 5857 interpres
854 5795 1134 5859 conjungit
1150 5811 1275 5845 cum
1288 5788 1549 5862 panibus.
1588 5794 1776 5846 Vereor
1799 5808 1926 5843 cum
1950 5797 2003 5844 vi

2102 603 2199 650 tur
2214 612 2229 663 ;
2256 598 2359 651 sed
2382 602 2440 652 et
2449 612 2767 663 congruum
2782 600 2987 654 honori
3000 605 3102 655 tuo
3120 602 3221 655 tibi
3238 604 3569 669 sepulcrum
3580 605 3702 669 ﬁet,

2099 700 2217 739 non
2249 692 2412 753 terra,
2448 689 2549 742 sed
2592 690 2907 743 bestiarum
2938 704 3006 743 ac
3037 692 3336 746 vulturum
3357 699 3607 747 ventres.
3634 697 3702 747 Et

2101 777 2375 829 continuo
2391 791 2579 830 sermo
2591 781 2637 845 ej
2645 793 2716 832 us
2733 780 2977 832 efﬁcitur
2988 782 3381 845 verus,nullus
3393 783 3550 835 enim
3565 786 3705 835 alius

2100 878 2174 917 ex
2197 870 2438 931 utraque
2460 872 2618 933 parte
2649 870 2761 921 nisi
2785 870 2944 922 solus
2968 871 3092 934 ipse
3116 872 3337 925 cecidit.
3360 873 3543 934 Quem
3566 886 3704 927 cum

2101 957 2211 1007 sub
2235 969 2409 1010 arena
2437 958 2785 1024 obruissent,
2812 972 2979 1013 mane
3012 963 3260 1026 regressi
3288 963 3639 1017 invenerunt
3668 976 3706 1017 a

2099 1045 2297 1097 bestiis
2313 1047 2587 1099 effossum
2599 1048 3007 1114 laniatumque,
3027 1056 3201 1115 atque
3215 1063 3251 1103 a
3268 1052 3598 1105 vulturibus
3614 1054 3708 1105 de-

2100 1140 2391 1187 voratum.
2438 1136 2697 1201 Cumque
2735 1150 2940 1192 omnes
2989 1140 3425 1193 admirationem
3462 1142 3706 1196 habuis-

2102 1228 2248 1288 sent,
2280 1225 2432 1289 quod
2468 1238 2657 1279 sermo
2680 1227 2933 1281 hominis
2957 1228 3057 1280 Dei
3079 1229 3160 1281 ita
3184 1230 3387 1282 fuisset
3408 1231 3703 1295 impletus,

2101 1316 2363 1366 conversi
2386 1320 2525 1369 sunt
2547 1330 2749 1369 omnes
2771 1317 2845 1369 ad
2869 1318 3041 1371 fidem
3060 1320 3367 1372 Salvatoris
3382 1321 3627 1384 Domini,
3644 1326 3706 1375 et

2101 1403 2467 1467 Apollonium
2500 1406 2837 1471 prophetam
2859 1407 2959 1459 Dei
2986 1408 3387 1469 pradicabant.

2167 1491 2275 1543 Sed
2300 1498 2357 1544 et
2377 1493 2485 1545 hoc
2499 1507 2607 1547 nos
2625 1508 2742 1547 non
2759 1496 3014 1560 effugiat,
3027 1497 3179 1561 quod
3195 1498 3268 1549 ab
3291 1510 3358 1550 eo
3374 1498 3575 1563 primis
3598 1499 3702 1551 ad-

2098 1579 2215 1632 huc
2238 1580 2441 1634 diebus
2465 1583 2690 1647 (quibus
2705 1584 2768 1636 in
2785 1583 3059 1650 spelunca
3074 1586 3331 1639 habitare
3345 1600 3479 1639 cum
3504 1589 3704 1653 paucis

2099 1669 2370 1723 fratribus
2412 1674 2678 1737 caperat)
2704 1673 2920 1727 factum
2949 1674 3276 1728 didicimus.
3301 1676 3436 1729 Dies
3459 1682 3699 1730 sanctus

2105 1758 2304 1811 aderat
2320 1761 2568 1824 Pascha,
2587 1767 2646 1814 et
2660 1776 2791 1814 cum
2811 1762 3146 1816 solemnitas
3173 1765 3493 1830 vigiliarum
3516 1768 3706 1819 Sacra-

2106 1854 2549 1915 mentorumque
2582 1852 2732 1905 intra
2756 1851 3093 1918 speluncam
3118 1855 3322 1908 fuisset
3349 1856 3596 1920 expleta,
3619 1859 3707 1908 at-

2112 1951 2224 2002 que
2249 1953 2319 1992 ex
2343 1939 2435 1992 his
2452 1953 2584 2005 qua
2610 1942 2833 1995 fuerant
2853 1943 3007 2008 apud
3030 1956 3129 1996 eos
3155 1945 3387 1997 refectio
3414 1950 3708 2010 pararetur

2115 2028 2294 2092 (erant
2320 2034 2515 2082 autem
2549 2031 2631 2083 eis
2655 2032 2821 2096 pauci
2845 2033 3241 2085 tantummodo
3270 2036 3327 2086 et
3350 2034 3485 2087 sicci
3507 2046 3706 2101 panes,

2111 2122 2284 2182 atque
2307 2118 2458 2172 olera
2473 2133 2547 2172 ex
2560 2120 2653 2172 his
2673 2133 2805 2184 qua
2828 2121 2946 2174 sale
2968 2134 3201 2187 aspersa
3222 2124 3421 2189 reponi
3442 2124 3708 2190 apudeos

2113 2207 2338 2271 solent),
2357 2211 2481 2260 tum
2498 2209 2836 2275 Apollonius
2854 2211 3057 2264 fratres
3075 2212 3175 2276 qui
3187 2224 3387 2265 secum
3397 2218 3560 2266 erant
3570 2212 3709 2265 allo-

2114 2295 2213 2359 qui
2240 2296 2322 2349 ita
2351 2297 2560 2362 coepit:
2598 2299 2656 2352 Si
2694 2312 2761 2352 es
2796 2300 2856 2351 in
2891 2300 3060 2352 nobis
3081 2301 3245 2362 ﬁdes,
3270 2306 3330 2354 et
3351 2313 3485 2354 vere
3509 2302 3709 2355 ﬁdeles

2122 2385 2270 2453 I52
2307 2399 2512 2440 sumus
2532 2388 2728 2440 famuli
2743 2388 2971 2453 Christi,
2985 2395 3144 2454 petat
3163 2391 3563 2456 unusquisque
3579 2404 3711 2444 nos-

2110 2476 2265 2527 trum
2293 2488 2329 2528 a
2352 2477 2489 2542 Deo,
2513 2478 2562 2529 si
2580 2478 2720 2542 quid
2743 2480 2910 2543 quasi
2932 2479 2988 2532 in
3003 2479 3095 2532 die
3109 2479 3257 2533 festo
3274 2493 3502 2534 sumere
3523 2482 3710 2534 liben-

2115 2570 2198 2617 ter
2218 2565 2407 2618 habet.
2437 2570 2514 2619 At
2535 2567 2615 2618 illi
2638 2568 2749 2632 ipsi
2772 2568 2970 2634 potius
2998 2570 3116 2634 (qui
3140 2582 3239 2621 eos
3262 2575 3431 2623 atate
3458 2576 3518 2624 et
3538 2572 3711 2624 meri-

2112 2654 2187 2706 tis
2232 2655 2595 2721 praecelleret)
2630 2657 2758 2710 hac
2805 2669 2841 2710 a
2871 2659 2989 2710 Deo
3018 2658 3307 2724 poscenda
3350 2660 3710 2725 permittunt,

2113 2745 2453 2809 semetipsos
2472 2746 2770 2799 inferiores
2792 2747 2969 2812 hujus
2992 2749 3196 2813 gratia
3212 2748 3550 2803 indicantes.
3563 2751 3711 2803 Tum

2110 2831 2204 2885 ille
2228 2845 2363 2884 cum
2385 2834 2542 2886 omni
2564 2834 2855 2888 alacritate
2884 2837 3199 2889 orationem
3223 2837 3371 2891 fudit
3392 2838 3466 2891 ad
3493 2840 3709 2893 Deum:

2112 2933 2227 2985 qua
2237 2921 2479 2987 expleta,
2493 2937 2627 2976 cum
2650 2937 2853 2977 omnes
2878 2926 3332 2992 respondissent,
3351 2933 3559 2981 Amen:
3579 2942 3711 2983 ecce

2111 3017 2342 3076 repente
2371 3018 2503 3064 ante
2528 3013 2678 3066 fores
2703 3015 2996 3079 spelunca
3009 3018 3195 3069 astare
3218 3016 3419 3070 vident
3444 3017 3709 3072 homines

2112 3101 2392 3166 quosdam
2433 3102 2541 3154 sibi
2574 3105 2804 3169 penitus
2836 3104 3085 3170 ignotos,
3112 3107 3326 3172 quique
3348 3113 3468 3161 tam
3496 3109 3710 3162 multas

2110 3193 2304 3257 copias
2316 3205 2508 3246 rerum
2519 3195 2781 3247 omnium
2793 3208 2925 3260 qua
2934 3196 3007 3248 ad
3020 3210 3164 3249 usus
3174 3197 3477 3251 dumtaxat
3486 3201 3709 3249 ciborum

2108 3282 2406 3347 pertinent,
2419 3283 2834 3348 detulerunt,ut
2850 3298 3036 3350 neque
3047 3290 3167 3338 tam
3182 3287 3576 3352 multa,neque
3595 3293 3710 3341 tam

2108 3371 2353 3435 diversa,
2368 3377 2485 3426 tam
2497 3375 2657 3427 facile
2672 3376 2981 3440 quisquam
2998 3376 3223 3429 viderit.
3242 3379 3308 3429 In
3320 3378 3533 3441 quibus
3544 3384 3711 3432 erant

2108 3461 2378 3524 quadam
2415 3475 2548 3527 qua
2590 3464 2822 3516 omnino
2852 3464 2915 3516 in
2946 3466 3175 3530 )Egypti
3198 3465 3529 3530 regionibus
3555 3478 3712 3520 nun-

2107 3562 2283 3613 quam
2298 3551 2883 3619 visasuntpomorum
2898 3566 3125 3618 genera,
3169 3558 3225 3606 et
3258 3555 3601 3620 magnitudo
3634 3556 3715 3609 in-

2109 3640 2396 3693 credibilis
2418 3654 2573 3706 uva,
2598 3656 2798 3705 nuces,
2816 3643 2980 3708 ﬁcus,
3006 3643 3152 3695 mala
3168 3656 3399 3709 quoque
3409 3646 3639 3711 punica,
3654 3650 3714 3698 et

2108 3734 2240 3782 ante
2260 3732 2489 3796 tempus
2512 3731 2721 3792 omnia,
2755 3731 2889 3795 favi,
2913 3738 3089 3797 atque
3111 3732 3317 3791 mellis,
3344 3738 3403 3786 et
3424 3733 3592 3786 lactis
3613 3746 3713 3787 co-

2110 3819 2218 3882 pia.
2238 3829 2255 3850 ·
2273 3821 2486 3873 Nicolai
2502 3821 2674 3873 etiam
2696 3822 2984 3886 ingentes,
3004 3826 3062 3873 et
3080 3834 3255 3887 panes
3277 3822 3443 3876 calidi
3467 3829 3526 3877 et
3547 3837 3711 3876 mun-

2109 3905 2349 3968 dissimi,
2374 3908 2475 3972 qui
2501 3914 2694 3961 tamen
2711 3911 3031 3975 peregrina
3053 3925 3181 3965 esse
3219 3913 3554 3966 viderentur
3580 3924 3714 3978 pro-

2110 3994 2334 4049 vincia.
2364 3998 2480 4049 Viri
2497 4011 2631 4051 vero
2647 3999 2748 4063 qui
2777 4000 2904 4053 hac
2929 4000 3270 4061 detulerant,
3292 4000 3489 4053 statim
3511 4005 3580 4053 ut
3601 4004 3715 4052 tra-

2107 4084 2392 4147 diderunt,
2410 4088 2578 4151 quasi
2597 4088 2929 4141 festinanter
2942 4088 3015 4141 ad
3033 4101 3194 4154 eum,
3210 4102 3247 4141 a
3268 4102 3384 4154 quo
3404 4089 3567 4141 missi
3589 4088 3716 4142 fue-

2108 4179 2253 4238 rant,
2266 4174 2448 4227 redire
2464 4177 2778 4242 cupientes,
2796 4191 2932 4231 mox
2947 4179 3273 4231 discedunt.
3303 4180 3451 4231 Tum
3465 4178 3576 4243 ipsi
3593 4191 3719 4231 mo-

2109 4263 2279 4315 nachi
2289 4265 2502 4328 gratias
2512 4267 2755 4319 Domino
2771 4269 3100 4333 referentes,
3113 4281 3186 4320 ex
3208 4268 3301 4321 his
3322 4281 3456 4333 qua
3471 4268 3581 4320 sibi
3598 4269 3720 4321 fue-

2108 4357 2238 4405 rant
2250 4353 2454 4417 delata,
2465 4356 2619 4409 vesci
2637 4370 2910 4423 caperun
2918 4363 2954 4411 t.
2970 4360 3224 4420 Quorum
3237 4360 3401 4424 copia
3415 4363 3578 4411 tanta
3588 4358 3719 4421 fuit,

2105 4446 2171 4493 ut
2194 4454 2375 4507 usque
2396 4444 2470 4496 ad
2501 4445 2653 4498 diem
2678 4448 3081 4500 Pentecostem
3105 4448 3363 4512 quotidie
3384 4447 3715 4500 ministrata

2112 4530 2470 4597 sufﬁcerent;
2503 4536 2640 4587 certi
2675 4536 2831 4600 quod
2853 4538 2981 4590 hac
3003 4537 3114 4589 sibi
3141 4551 3177 4590 a
3196 4539 3309 4591 Deo
3322 4536 3712 4590 solemnitatis

2108 4622 2291 4685 gratia
2318 4624 2500 4675 missa
2524 4625 2662 4679 sint.

2180 4712 2574 4777 Comperimus
2597 4716 2769 4768 etiam
2790 4716 2919 4778 hoc,
2950 4716 3101 4781 quod
3136 4715 3373 4781 quidam
3425 4728 3497 4768 ex
3532 4716 3721 4768 fratri-

2119 4799 2247 4866 bus,
2281 4804 2373 4855 cui
2416 4804 2613 4857 deerat
2639 4805 2983 4858 humilitatis
3022 4811 3081 4859 et
3102 4804 3567 4887 mansuetudinis
3590 4818 3719 4871 gra-

2119 4892 2198 4943 tia
2238 4895 2501 4957 poposcit
2532 4896 2605 4947 ab
2637 4907 2705 4947 eo
2737 4900 2805 4947 ut
2840 4901 3056 4960 peteret
3084 4908 3121 4948 a
3150 4896 3413 4957 Domino,
3437 4900 3505 4948 ut
3526 4899 3586 4949 et
3610 4894 3721 4947 sibi

2119 4979 2429 5035 donaretur
2472 4983 2585 5036 hoc
2626 4996 2882 5037 munus:
2921 4990 3120 5039 orante
3154 4984 3273 5050 illo,
3311 4988 3474 5038 tanta
3496 4985 3717 5037 ineum

2120 5153 2252 5204 tioso
2274 5168 2434 5203 usum
2452 5153 2642 5205 codice.
2668 5155 2815 5205 Nam
2840 5156 2928 5205 hic
2947 5155 3138 5205 omnia
3160 5154 3312 5205 verbo
3338 5160 3566 5205 tenuseac
3586 5155 3720 5205 Pal-

2122 5224 2284 5276 ladio.
2319 5226 2334 5259 ι
2381 5226 2560 5276 Graeco
2589 5241 2837 5288 expressa
2870 5226 3047 5288 habes,
3071 5226 3218 5291 quod
3238 5231 3416 5275 noster
3441 5225 3611 5286 habet,
3633 5226 3727 5277 Ni-

2122 5296 2265 5348 colai
2286 5296 2574 5360 ingentes,
2598 5302 2657 5349 et
2670 5310 2847 5361 panes
2868 5298 3037 5349 calidi
3053 5302 3113 5349 et
3133 5297 3520 5349 mundissimi.
3536 5298 3726 5347 Herve-

2123 5373 2207 5417 tus
2230 5367 2465 5419 Palladii
2482 5369 2743 5434 interpres
2770 5368 2940 5429 habet,
2965 5373 3024 5421 et
3048 5369 3308 5421 Nicolaos
3329 5381 3508 5433 panes
3530 5369 3721 5420 maxi-

2122 5452 2268 5500 mos,
2299 5444 2356 5491 et
2384 5452 2559 5503 puros
2581 5438 2810 5504 lupinos
2838 5456 2850 5491 :
2876 5442 3012 5505 quia
3035 5441 3202 5507 θερμὸς
3226 5440 3473 5492 calidum
3495 5441 3722 5507 ειθέρμος

2120 5509 2382 5575 lupinum
2408 5510 2693 5575 signiﬁcat.
2719 5511 2851 5562 Inde
2873 5513 3130 5561 Hervetus
3148 5512 3391 5576 deceptus
3409 5517 3500 5563 est.

3002 5583 3406 5635 ROSWEYDUS.

2189 5652 2202 5687 ι
2238 5653 2358 5703 lmo
2374 5664 2448 5703 ex
2470 5651 2677 5705 Ruﬁno
2694 5652 2975 5705 Palladius
2992 5654 3186 5707 Graec
3195 5654 3323 5707 hac
3337 5653 3561 5707 refudit.
3578 5654 3719 5707 Con-

2124 5722 2247 5776 sule
2272 5722 2463 5776 Vitam
2483 5722 2581 5776 lib.
2612 5725 2682 5777 II.
2708 5736 2828 5790 cap.
2855 5722 2942 5779 12.
2970 5737 3129 5777 num.
3157 5725 3206 5779 6.
