3898 6414
179 463 281 519 417

1379 464 1718 516 IIISTORIA
1753 466 2278 518 MONACI-IORUM.

3377 470 3479 525 418

172 576 357 640 gratia
379 575 845 628 mansuetudinis
868 580 926 627 et
946 574 1285 627 humilitatis
1300 575 1554 637 advenit,
1581 581 1649 628 ut
1664 589 1779 629 om-
1800 584 1849 655 Α
1878 576 2065 630 ionius
2090 578 2344 642 procedit
2365 579 2424 629 in
2435 591 2759 631 occursum.
2788 582 2856 632 Et
2879 585 2945 632 ut
2969 580 3114 632 vidit
3133 594 3260 642 nos,
3281 583 3478 634 statim

175 677 282 716 nes
305 664 509 717 fratres
535 668 833 729 stuperent
856 664 927 716 de
955 665 1362 728 tranquillitate
1379 665 1554 716 animi
1575 667 1623 730 ej
1635 679 1703 718 us
1719 673 1778 719 et

174 754 476 819 modestia,
510 754 570 805 in
592 766 704 818 quo
735 755 893 818 prius
917 753 1061 805 nihil
1083 754 1291 806 horum
1315 753 1596 807 viderant.

239 846 378 896 Orta
387 850 475 895 est
488 843 800 907 aliquando
813 843 994 894 fames
1006 843 1162 907 apud
1191 843 1563 895 Thebaidam.
1590 845 1782 896 Scien-

176 938 467 986 terautem
481 933 828 984 habitatores
843 938 1007 984 terrae
1020 933 1191 995 illius,
1207 946 1240 996 q
1251 933 1360 984 uod
1379 934 1645 984 monachi
1679 935 1778 997 qui

175 1035 313 1075 cum
322 1024 410 1087 Ap
415 1021 660 1087 pollonio
676 1023 919 1074 Domino
934 1022 1618 1087 serviebant,frequenter
1628 1027 1776 1072 etiam

170 1115 300 1164 sine
323 1113 450 1164 cibo
473 1124 572 1176 per
594 1111 840 1176 gratiam
885 1112 1112 1164 Domini
1146 1113 1548 1176 pascebantur,
1576 1125 1777 1165 omnes

173 1200 349 1254 simul
372 1213 504 1253 cum
554 1199 701 1268 |53
727 1199 1005 1252 uxoribus
1030 1205 1089 1252 et
1110 1200 1241 1252 filiis
1266 1205 1509 1266 pergunt
1529 1201 1601 1252 ad
1623 1214 1777 1262 eum,

173 1290 371 1342 cibum
387 1289 561 1342 simul
575 1288 1143 1353 benedictionemque
1158 1292 1476 1354 poscentes.
1497 1293 1573 1342 At
1585 1290 1678 1343 ille
1695 1292 1779 1342 ni-

176 1381 258 1432 hil
283 1381 571 1439 dubitans,
615 1380 859 1443 proferre
895 1379 1069 1443 ccepit
1100 1392 1172 1430 ex
1201 1379 1312 1442 his,
1339 1391 1473 1443 qum
1497 1379 1570 1431 ad
1606 1393 1779 1432 usum

177 1470 423 1521 fratrum
456 1470 705 1533 reposita
749 1473 928 1532 erant,
972 1473 1030 1520 et
1057 1468 1192 1520 dare
1227 1469 1469 1533 singulis
1522 1470 1772 1534 copiose.

175 1560 323 1610 Cum
344 1571 477 1610 vero
497 1561 610 1610 tres
628 1558 768 1610 solae
781 1570 999 1622 panum
1017 1566 1231 1622 sportaa
1255 1558 1685 1620 remansissent,
1707 1559 1779 1610 fa-

177 1659 308 1700 mes
330 1648 524 1700 autem
547 1645 787 1712 populos
811 1647 1184 1700 vehementer
1205 1653 1451 1712 urgeret,
1473 1648 1637 1711 jubet
1653 1662 1780 1712 pro-

179 1736 313 1790 ferri
333 1737 394 1789 in
430 1736 686 1789 medium
721 1740 965 1801 sportas,
1007 1749 1142 1801 quae
1167 1737 1308 1789 solae
1355 1737 1778 1801 superfuerant,

180 1825 359 1877 unius
383 1824 494 1876 diei
521 1823 737 1876 victum
753 1825 1053 1876 monachis
1067 1825 1472 1888 praebituraget
1491 1826 1552 1876 in
1580 1825 1780 1876 auditu

1876 667 2027 731 prior
2051 667 2310 720 adoravit
2334 681 2521 732 usque
2544 669 2615 720 ad
2653 673 2878 733 terram,
2903 673 2961 722 et
3001 683 3250 735 surgens
3279 671 3476 723 osculo

1877 769 1984 807 nos
2001 757 2274 820 suscepit.
2288 757 2476 808 Ubiau
2486 762 2600 809 tem
2627 758 3083 822 ingressisumus
3125 763 3481 809 monasterium

1877 845 2131 896 oratione
2158 845 2316 909 prius
2343 847 2426 906 (ut
2449 847 2625 897 moris
2677 847 2778 909 est)
2827 847 2978 911 data,
3031 847 3208 912 pedes
3251 851 3482 901 nostros

1877 935 2116 999 propriis
2139 935 2406 986 manibus
2429 935 2600 1000 lavat,
2626 940 2912 988 etcmtera
2941 949 3073 1000 quae
3110 937 3182 989 ad
3227 938 3482 1002 requiem

1878 1023 2129 1087 corporis
2147 1024 2431 1087 pertinent
2455 1025 2802 1090 adimplevit.
2832 1028 2970 1078 Haec
2993 1030 3186 1078 autem
3224 1027 3408 1078 facere
3432 1027 3486 1079 ei

1877 1113 2054 1165 moris
2069 1117 2191 1164 erat
2206 1114 2474 1165 omnibus
2497 1114 2961 1167 adventantibus.
2978 1117 3294 1164 Consuetudo
3315 1121 3480 1164 autem

1878 1206 1999 1253 erat
2021 1201 2175 1266 apud
2209 1214 2362 1265 eum,
2400 1205 2466 1254 ut
2495 1202 2700 1256 fratres
2725 1204 2823 1268 qui
2851 1215 2985 1255 cum
3009 1203 3134 1268 ipso
3158 1208 3338 1268 erant,
3363 1217 3482 1256 non

1879 1292 2036 1354 prius
2059 1291 2251 1342 cibum
2279 1297 2591 1356 sumerent,
2617 1305 2794 1356 quam
2841 1293 3316 1345 Communionem
3366 1295 3481 1346 Do-

1879 1381 2147 1433 minicam
2161 1382 2519 1446 perciperent
2533 1385 2683 1435 circa
2699 1382 2896 1435 horam
2909 1382 3019 1435 diei
3037 1396 3269 1448 nonam,
3283 1389 3341 1435 et
3357 1388 3484 1448 post

1878 1471 1988 1523 hoc
2017 1471 2308 1523 interdum
2325 1471 2406 1522 sic
2423 1485 2608 1535 usque
2632 1473 2703 1523 ad
2729 1485 3032 1536 vesperam
3050 1474 3482 1536 permanebant,

1880 1561 2019 1612 dum
2055 1561 2293 1612 verbum
2328 1562 2428 1612 Dei
2460 1562 2774 1624 audientes,
2810 1561 2882 1613 de
2919 1562 3208 1613 mandatis
3258 1562 3486 1614 Domini

1879 1648 2260 1713 adimplendis
2316 1650 2439 1701 sine
2472 1650 2897 1704 intermissione
2932 1651 3303 1703 docebantur.
3353 1652 3491 1702 Post

1880 1739 2025 1801 haec,
2046 1740 2167 1803 jam
2192 1740 2318 1792 cibo
2344 1745 2551 1798 sumto,
2569 1739 2665 1790 alii
2686 1742 2944 1805 ipsorum
2968 1740 3040 1792 ad
3065 1753 3325 1792 eremum
3344 1753 3491 1791 seces

1882 1829 2114 1892 debant,
2136 1841 2237 1893 per
2253 1831 2431 1880 totam
2449 1833 2677 1880 noctem
2695 1830 3014 1894 Scripturas
3027 1829 3251 1880 divinas
3271 1841 3488 1882 memo-

182 1916 364 1968 totius
389 1914 597 1980 populi,
625 1916 723 1978 qui
744 1915 911 1966 famis
932 1918 1274 1967 necessitate
1291 1913 1780 1977 confluxerat,ele-
1803 1905 1857 1978 B
1884 1919 2016 1970 riter
2045 1919 2378 1982 recolentes,
2403 1918 2496 1969 alii
2518 1919 2577 1969 in
2602 1919 2802 1970 eodem
2826 1919 2952 1970 loco
2976 1918 3048 1970 ad
3074 1931 3249 1982 quem
3273 1931 3489 1971 conve-

182 2005 338 2058 vatis
349 2005 422 2056 ad
442 2006 629 2056 Deum
647 2004 914 2056 manibus
926 2004 1006 2056 ait
1029 2020 1041 2056 :
1058 2003 1350 2068 Numquid
1367 2017 1485 2056 non
1503 2004 1653 2057 valet
1665 2016 1783 2054 ma-

182 2107 300 2146 nus
346 2093 572 2146 Domini
629 2093 1005 2158 multiplicare
1035 2093 1163 2147 haec
1191 2097 1215 2145 ?
1255 2094 1345 2145 Sic
1373 2093 1510 2145 dicit
1543 2093 1785 2158 Spiritus

184 2186 434 2237 Sanctus
461 2199 474 2236 :
503 2186 632 2236 Non
654 2183 879 2236 deficiet
908 2185 1074 2249 panis
1116 2184 1177 2235 in
1215 2183 1424 2248 sportis
1447 2183 1560 2246 his,
1605 2183 1786 2235 donec

187 2273 465 2326 satiemur
480 2286 682 2326 omnes
703 2273 775 2326 de
796 2274 1058 2338 frugibus
1074 2273 1242 2326 novis
1268 2287 1281 2324 :
1301 2278 1359 2326 et
1374 2278 1440 2325 ut
1458 2272 1687 2337 plurimi
1710 2286 1783 2324 ex

183 2362 307 2425 his.
324 2363 425 2427 qui
469 2365 607 2416 tunc
635 2363 696 2415 in
733 2363 1004 2428 praesenti
1054 2363 1300 2427 fuerant,
1347 2362 1785 2426 confirmabant,

185 2458 437 2517 quatuor
460 2453 747 2505 continuis
771 2453 1071 2504 mensibus
1087 2465 1194 2504 nec
1221 2456 1513 2504 cessatum
1542 2456 1631 2503 est
1655 2464 1785 2502 um-

185 2555 366 2607 quam
396 2543 612 2608 erogari
637 2543 802 2606 panis
825 2555 897 2594 ex
919 2544 1147 2608 sportis,
1172 2554 1359 2606 neque
1382 2542 1582 2593 deesse
1605 2541 1789 2605 potuit

185 2632 516 2694 aliquando.
551 2632 816 2685 Similiter
843 2636 1038 2685 autem
1067 2635 1124 2683 et
1145 2632 1254 2683 alio
1293 2634 1547 2694 tempore
1583 2632 1789 2684 fecisse

187 2735 324 2774 eum
349 2729 420 2780 de
450 2722 724 2776 frumenti
748 2727 804 2775 et
827 2722 935 2773 olei
956 2721 1144 2786 specie
1162 2720 1549 2784 perhibebant.
1569 2721 1788 2781 Quibus

188 2818 509 2872 virtutibus
549 2818 742 2867 motus
765 2811 1028 2864 diabolus
1065 2811 1285 2862 dixisse
1309 2809 1380 2861 ad
1414 2822 1549 2861 eum
1574 2809 1786 2861 fertur:

187 2907 486 2972 Numquid
511 2905 705 2957 Helias
737 2915 800 2955 es
831 2907 912 2964 tu,
937 2905 1039 2953 aut
1061 2901 1208 2952 alius
1232 2899 1438 2963 aliquis
1481 2899 1792 2963 Propheta-

188 3013 320 3052 rum
337 2996 430 3051 vel
445 2995 872 3062 Apostolorum,
900 2992 1054 3056 quod
1072 2993 1197 3043 haec
1220 2991 1402 3042 facere
1419 3003 1598 3042 ausus
1610 2991 1794 3040 es‘iAt

187 3089 285 3142 ille
313 3088 668 3151 respondens
695 3085 764 3144 ei,
795 3083 968 3135 dixit:
996 3081 1142 3144 Quid
1169 3082 1361 3133 enim?
1377 3081 1575 3132 Nonne
1591 3083 1649 3131 et
1665 3079 1794 3129 Pro-

188 3178 383 3244 phetae
405 3181 465 3228 et
485 3173 746 3240 Apostoli
768 3173 1033 3225 homines
1051 3175 1230 3235 erant,
1249 3171 1348 3234 qui
1365 3170 1532 3223 nobis
1549 3173 1606 3221 et
1620 3169 1793 3221 fidem

1883 2013 2088 2060 nerant
2110 2009 2542 2072 permanebant,
2567 2015 2624 2060 et
2647 2022 2833 2073 usque
2857 2009 2928 2060 ad
2952 2008 3142 2060 lucem
3168 2009 3230 2060 in
3255 2009 3489 2073 hymnis

1884 2104 1942 2150 et
1988 2098 2258 2149 laudibus
2310 2099 2409 2149 Dei
2458 2098 2763 2162 pervigiles
2802 2098 3201 2162 perdurabant,
3250 2097 3399 2150 sicut
3431 2102 3488 2150 et

1885 2200 1989 2252 ego
2014 2187 2135 2252 ipse
2161 2199 2419 2252 praesens
2437 2187 2571 2238 vidi.
2597 2187 2892 2251 Aliquanti
2918 2200 3052 2240 vero
3077 2200 3149 2239 ex
3169 2187 3310 2251 ipsis
3341 2187 3488 2239 circa

1885 2277 2086 2328 horam
2117 2289 2350 2340 nonam,
2385 2289 2518 2327 cum
2550 2276 2988 2328 descendissent
3011 2277 3082 2328 de
3103 2281 3318 2338 monte,
3361 2289 3488 2340 per-

1887 2370 2050 2430 cepta
2093 2366 2277 2429 gratia
2317 2365 2544 2416 Domini
2591 2365 2787 2416 statim
2812 2365 3204 2428 discedebant,
3235 2365 3356 2417 solo
3380 2365 3488 2416 hoc

1887 2454 2125 2518 spiritali
2159 2454 2285 2506 cibo
2309 2455 2562 2505 contenti
2593 2469 2605 2504 :
2643 2460 2698 2505 et
2720 2456 2828 2506 hoc
2869 2454 3154 2505 faciebant
3186 2467 3284 2518 per
3310 2453 3492 2518 pluri-

1889 2557 2014 2594 mos
2050 2544 2187 2594 dies.
2219 2546 2400 2608 Supra
2422 2543 2662 2595 modum
2687 2546 2878 2596 autem
2904 2543 3104 2596 laetitia
3126 2548 3182 2595 et
3213 2543 3491 2608 gaudium

1887 2633 2071 2684 inerat
2093 2633 2192 2693 eis,
2219 2637 2276 2684 et
2299 2638 2457 2684 tanta
2479 2632 2775 2697 exultatio,
2807 2638 3022 2697 quanta
3044 2633 3241 2684 haberi
3264 2633 3336 2683 ab
3371 2631 3488 2685 ullo

1887 2723 2186 2775 hominum
2211 2735 2328 2775 non
2357 2724 2540 2788 possit
2560 2724 2619 2774 in
2642 2724 2832 2776 terris.
2876 2724 3081 2774 Nullus
3109 2723 3169 2773 in
3196 2721 3279 2774 eis
3304 2722 3488 2773 tristis

1891 2813 2126 2865 omnino
2141 2813 2558 2872 inveniebatur,
2586 2813 2685 2864 sed
2711 2817 2768 2865 et
2791 2813 2839 2863 si
2868 2812 3078 2876 aliquis
3095 2811 3260 2863 visus
3284 2811 3490 2863 fuisset

1890 2901 2314 2964 aliquantulum
2363 2903 2644 2966 maestior,
2694 2903 2889 2953 statim
2939 2907 3100 2966 pater
3153 2901 3492 2966 Apollonius

1891 3005 2162 3045 caussam
2186 2993 2482 3045 mcestitiaa
2505 2993 2890 3056 perquirebat.
2917 2993 3268 3054 Frequenter
3295 2996 3493 3043 autem

1892 3083 2066 3136 etiam
2093 3083 2142 3134 si
2167 3080 2374 3144 aliquis
2407 3082 2692 3134 occultare
2728 3081 3026 3141 voluisset,
3064 3080 3187 3144 ipse
3223 3081 3494 3132 enuntia-
3535 3129 3539 3134 ,

1895 3172 1993 3224 bat
2015 3171 2153 3235 quid
2171 3171 2374 3223 lateret
2397 3171 2458 3222 in
2481 3171 2669 3234 corde,
2695 3170 2775 3222 ita
2818 3172 2884 3221 ut
2925 3169 2976 3220 is
3027 3169 3125 3232 qui
3171 3170 3494 3232 patiebatur

191 3279 360 3319 suam
371 3265 678 3330 etgratiam
692 3263 1078 3316 tradiderunt?
1092 3264 1210 3314 Aut
1223 3266 1360 3313 tunc
1373 3261 1525 3312 Deus
1537 3271 1796 3324 praesens
1821 3286 1869 3357 C
1896 3264 2253 3325 agnosceret.
2279 3261 2549 3312 Monebat
2571 3272 2707 3324 ergo
2731 3272 2829 3310 eos
2852 3258 3070 3321 dicens,
3093 3270 3214 3310 non
3237 3262 3496 3322 oportere

190 3360 333 3419 erat,
350 3369 506 3408 nunc
522 3355 877 3409 veroabsens
895 3352 1234 3406 est?Absit:
1258 3353 1414 3402 Deus
1430 3350 1791 3413 omnipotens
1829 3347 1868 3357 "
1894 3362 2131 3415 prorsus
2155 3349 2347 3401 inesse
2370 3349 2660 3400 tristitiam
2689 3348 2781 3398 his
2816 3348 3030 3411 quibus
3075 3347 3232 3398 salus
3275 3347 3338 3398 in
3379 3347 3497 3398 Deo

190 3452 302 3507 est,
327 3450 386 3499 et
407 3457 540 3510 qua
561 3448 768 3510 potest,
795 3455 1019 3507 semper
1039 3443 1248 3506 potest.
1274 3441 1329 3491 Si
1354 3453 1489 3505 ergo
1518 3440 1794 3495 Deusbo-

190 3550 309 3590 nus
331 3541 422 3589 est
446 3540 561 3598 :tu,
578 3533 818 3598 diabole,
837 3544 1016 3597 quare
1041 3537 1159 3584 tam
1191 3530 1381 3583 malus
1412 3543 1476 3582 es
1501 3534 1525 3581 Ρ
1546 3531 1703 3593 Haec,
1731 3534 1796 3582 ut

193 3640 373 3692 supra
396 3627 516 3690 jam
539 3625 809 3688 diximus,
835 3636 869 3674 a
891 3622 1234 3686 senioribus,
1259 3621 1398 3673 viris
1427 3619 1726 3684 religiosis,
1741 3621 1798 3671 et

193 3717 415 3771 sanctis
444 3729 542 3781 per
563 3727 698 3768 eum
720 3717 885 3780 gesta
906 3725 1053 3772 esse,
1078 3712 1195 3764 fida
1219 3712 1542 3764 narratione
1566 3721 1798 3774 compe—

193 3808 399 3860 rimus.
423 3807 494 3858 Et
511 3817 688 3870 quam
698 3805 781 3857 vis
804 3815 1005 3857 eorum
1015 3802 1198 3854 fidelis
1216 3801 1292 3853 sit
1306 3800 1572 3854 habenda
1583 3799 1796 3861 relatio,

195 3898 485 3961 majorum
511 3899 702 3948 tamen
724 3893 898 3946 fidem
913 3906 1105 3946 rerum
1127 3903 1228 3956 per
1251 3904 1383 3944 eum
1406 3890 1676 3955 praestitit
1691 3890 1802 3940 Do-

195 3988 396 4041 minus
429 3987 601 4039 etiam
633 3985 744 4038 hoc
766 3983 922 4048 quod
943 3996 1051 4035 nos
1083 3982 1195 4047 ipsi
1218 3979 1402 4034 oculis
1436 3979 1652 4041 nostris
1677 3981 1801 4031 ins-

197 4079 487 4146 peximus.
514 4076 718 4129 Plenas
742 4075 896 4128 enim
926 4077 1151 4138 sportas
1193 4071 1439 4137 panibus
1463 4069 1668 4122 deferri
1707 4070 1796 4123 vi-

197 4170 395 4222 dimus
426 4167 500 4219 ad
525 4177 738 4220 vacuas
761 4177 1031 4217 mensas:
1057 4168 1116 4215 et
1147 4175 1282 4214 cum
1314 4161 1669 4226 replerentur
1703 4172 1805 4224 pa-

197 4259 374 4312 nibus
401 4269 642 4321 mensae,
676 4261 849 4320 atque
889 4254 963 4307 ad
991 4266 1222 4306 omnem
1248 4253 1570 4304 satietatem
1595 4263 1808 4303 consu-

198 4353 516 4413 merentur,
539 4348 726 4414 plenae
754 4346 1131 4399 nihilominus
1157 4343 1654 4408 recolligebantur.

264 4467 435 4520 Aliud
455 4479 684 4532 quoque
699 4466 850 4530 quod
865 4465 1018 4532 apud
1034 4477 1168 4518 eum
1180 4463 1390 4515 mirum
1411 4461 1810 4524 vidimus,non

203 4559 406 4612 silebo.
440 4558 580 4608 Tres
614 4569 845 4610 eramus
872 4569 980 4609 nos
1014 4555 1234 4616 fratres,
1275 4565 1409 4604 cum
1442 4550 1706 4604 venimus
1731 4549 1803 4601 ad
1828 4588 1886 4662 Β

203 4663 362 4715 eum,
391 4653 450 4703 et
472 4661 602 4701 ecce
624 4648 793 4714 longe
816 4647 1004 4701 adhuc
1026 4646 1194 4698 nobis
1214 4644 1415 4710 positis
1437 4644 1510 4696 ab
1533 4643 1658 4707 ejus
1681 4653 1808 4694 mo-

1893 3444 2064 3503 est,et
2075 3439 2278 3504 spesin
2287 3451 2464 3503 regno
2475 3438 2766 3490 caelorum.
2782 3436 3502 3500 Tristentur,aiebat,Genti-

1893 3528 1996 3592 les,
2026 3535 2084 3582 et
2103 3530 2340 3594 lugeant
2361 3528 2568 3591 Judaei,
2587 3527 2862 3593 plangant
2885 3527 3009 3580 sine
3033 3527 3356 3579 cessatione
3372 3538 3500 3592 pec-

1895 3624 2118 3671 catores
2144 3633 2157 3670 :
2175 3618 2316 3684 justi
2341 3631 2476 3671 vero
2499 3617 2786 3671 laetentur.
2815 3618 2960 3669 Nam
2985 3617 3032 3668 si
3055 3616 3116 3668 hi
3148 3616 3248 3680 qui
3279 3621 3502 3668 terrena

1895 3707 2160 3773 diligunt,
2181 3719 2354 3772 super
2377 3707 2679 3771 fragilibus
2696 3709 2753 3759 et
2768 3706 3004 3758 caducis
3019 3705 3192 3757 rebus
3203 3705 3473 3759 laetantur
3483 3721 3500 3766 ,-

1895 3811 2004 3850 nos
2026 3798 2126 3861 qui
2150 3802 2333 3850 tantae
2369 3795 2518 3864 155
2551 3797 2744 3863 glariae
2761 3809 2941 3862 spem,
2965 3801 3023 3848 et
3046 3796 3386 3849 aeternitatis
3410 3796 3505 3848 ha-

1899 3890 2106 3941 bemus
2139 3889 2648 3952 exspectationem,
2679 3899 2784 3938 cur
2821 3899 2938 3938 non
2971 3885 3127 3937 omni
3151 3884 3505 3937 exultatione

1903 3978 2172 4031 laetemur
2196 3981 2219 4026 ?
2245 3979 2360 4029 Aut
2378 3988 2498 4028 non
2527 3981 2586 4028 et
2607 3974 2920 4040 Apostolus
2943 3987 3053 4026 nos
3080 3974 3161 4026 ita
3188 3975 3387 4026 monet
3417 3974 3505 4026 di-

1903 4082 2038 4122 cens
2066 4083 2078 4119 :
2105 4069 2323 4132 Semper
2353 4066 2594 4131 gaudete,
2624 4066 2739 4115 sine
2780 4063 3180 4114 intermissione
3219 4067 3387 4127 orate,
3443 4064 3505 4113 in

1903 4159 2152 4210 omnibus
2167 4157 2373 4223 gratias
2384 4157 2523 4220 agite
2535 4156 2607 4220 [1.
2629 4156 2775 4206 Thes.
2794 4153 2866 4219 5.)
2879 4157 2904 4206 ‘i
2922 4154 3028 4206 Sed
3041 4154 3171 4218 quis
3185 4153 3370 4219 possit
3381 4153 3508 4206 doc-

1904 4251 2116 4303 trinam
2141 4249 2286 4314 ejus,
2301 4252 2360 4300 et
2375 4248 2682 4300 verborum
2697 4245 2940 4310 gratiam
2961 4243 3313 4296 sufficienter
3329 4256 3508 4308 expo-

1904 4352 2040 4394 nere
2061 4345 2085 4391 ?
2113 4339 2276 4391 Unde
2305 4338 2469 4390 silere
2492 4337 2563 4390 de
2587 4336 2676 4388 his
2699 4335 2906 4388 melius
2931 4346 3156 4398 censeo,
3199 4346 3375 4399 quam
3408 4345 3508 4399 pa-

1906 4445 2035 4484 rum
2065 4430 2239 4496 digne
2260 4428 2536 4495 proloqui.

1967 4548 2146 4602 Multa
2162 4549 2312 4602 enim
2333 4547 2500 4600 nobis
2532 4547 2736 4598 beatus
2774 4543 3114 4610 Apollonius
3137 4540 3308 4594 etiam
3333 4553 3510 4594 secre-

1907 4645 2024 4697 tius
2049 4642 2119 4694 de
2144 4641 2359 4694 ratione
2379 4636 2766 4695 abstinentim,
2804 4639 2864 4688 et
2885 4631 3338 4686 conversationis
3361 4631 3508 4684 inte-

203 4740 480 4803 nasterio,
527 4741 899 4791 occurrerunt
938 4737 1108 4790 nobis
1155 4736 1385 4799 fratres,
1421 4733 1521 4798 qui
1565 4733 1638 4785 ab
1681 4731 1806 4796 ipso
1909 4734 2129 4800 gritate,
2165 4731 2347 4783 multa
2369 4729 2544 4781 etiam
2566 4728 2636 4780 de
2668 4723 3078 4791 hospitalitatis
3104 4722 3296 4775 studio
3322 4722 3509 4775 disse-

204 4836 340 4883 ante
376 4829 631 4882 triduum
653 4828 952 4881 audierant
973 4827 1044 4880 de
1073 4827 1328 4881 adventu
1341 4829 1538 4877 nostro
1563 4836 1578 4887 ;
1610 4833 1810 4875 occur-
1907 4819 2904 4888 rebat,etpraecipiebatattentius,ut
2919 4815 3298 4867 adventantes
3310 4811 3512 4864 fratres

205 4925 412 4975 rerunt
432 4923 624 4972 autem
652 4919 820 4971 nobis
845 4931 979 4971 cum
1003 4917 1261 4984 psalmis.
1281 4917 1402 4968 Hoc
1427 4913 1584 4967 enim
1615 4917 1706 4964 est
1729 4912 1810 4963 eis
1911 4914 2079 4980 quasi
2092 4909 2711 4974 Dominisuscipiamus
2722 4907 3052 4961 adventum.
3068 4906 3212 4956 Nam
3224 4901 3513 4957 etadorari

207 5011 386 5064 moris
411 5011 593 5064 facere
623 5009 683 5062 in
715 5009 971 5062 adventu
995 5007 1254 5062 omnium
1286 5004 1716 5058 monachorum.
1744 5003 1815 5054 Et
1913 5005 2115 5058 fratres
2155 5001 2552 5061 adventantes,
2578 5003 2878 5064 propterea
2900 4996 3124 5060 (inquit)
3152 4994 3380 5046 traditio
3403 4992 3511 5045 ha-

143 5133 146 5136 η
207 5103 521 5156 adorantes
548 5100 609 5153 in
633 5099 804 5153 facies
830 5112 966 5152 suas
1001 5111 1190 5163 usque
1218 5096 1290 5150 ad
1315 5100 1546 5159 terram,
1581 5091 1812 5145 oscula-
1916 5096 2096 5156 betur,
2127 5096 2194 5144 ut
2216 5095 2436 5144 certum
2478 5089 2550 5141 sit
2571 5089 2631 5140 in
2665 5087 2920 5141 adventu
2955 5097 3154 5139 eorum
3195 5083 3513 5137 adventum

207 5194 425 5247 bantur
463 5204 598 5255 nos,
634 5187 782 5258 154¹
818 5194 992 5254 atque
1026 5188 1398 5242 ostendentes
1431 5198 1558 5248 nos,
1585 5184 1694 5235 sibi
1726 5183 1816 5234 in-
1914 5182 2142 5238 Domini
2163 5184 2302 5234 Jesu
2339 5177 2556 5243 haberi,
2592 5178 2693 5242 qui
2716 5177 2856 5230 dicit
2881 5195 2890 5226 :
2918 5177 3117 5242 Hospes
3141 5175 3246 5241 fui,
3273 5179 3318 5224 et
3340 5188 3512 5224 susce-

209 5287 401 5340 vicem
425 5283 730 5336 dicebant:
756 5281 858 5335 Isti
896 5283 1034 5334 sunt
1063 5279 1288 5344 fratres,
1319 5279 1391 5332 de
1423 5289 1670 5342 quorum
1714 5275 1817 5329 ad-
1916 5275 2069 5342 pistis
2090 5288 2171 5322 me
2187 5270 2400 5336 (Matth.
2425 5267 2532 5333 ‘25.)
2561 5268 2652 5320 Sic
2674 5268 2829 5319 enim
2856 5270 2913 5320 et
2935 5267 3227 5320 Abraham
3259 5267 3517 5332 suscepit

211 5380 397 5429 ventu
419 5375 552 5427 ante
565 5373 815 5426 triduum
829 5372 996 5424 nobis
1015 5375 1172 5437 pater
1186 5369 1520 5436 Apollonius
1543 5367 1820 5434 praedixe-
1921 5377 2017 5419 eos
2033 5364 2132 5429 qui
2147 5361 2412 5414 homines
2429 5358 2663 5423 quidem
2675 5357 3021 5409 videbantur
3037 5358 3182 5421 (Gen.
3206 5357 3518 5422 18.),Domi-

213 5471 322 5530 rat,
347 5465 568 5528 dicens,
606 5469 738 5529 post
784 5462 1037 5516 triduum
1069 5462 1352 5514 aiiuturos
1377 5464 1494 5511 tres
1519 5459 1723 5510 fratres
1748 5456 1818 5509 de
1916 5468 2030 5508 nus
2066 5457 2260 5507 autem
2297 5452 2355 5502 in
2392 5451 2474 5502 eis
2510 5447 2948 5512 intelligebatur.
2991 5447 3287 5500 Interdum
3321 5449 3517 5500 autem

217 5555 594 5620 Jerosolymis
628 5554 937 5607 venientes.
968 5552 1078 5605 Alii
1103 5564 1238 5617 ergo
1265 5564 1340 5604 ex
1374 5549 1644 5601 fratribus
1673 5560 1821 5614 prae-
1919 5544 2090 5598 etiam
2107 5545 2306 5595 contra
2324 5539 2677 5592 voluntatem
2691 5547 2890 5600 cogere
2902 5535 3105 5588 fratres
3118 5537 3189 5588 ad
3209 5539 3515 5599 corporalem

219 5647 506 5702 cedebant
522 5657 650 5709 nos,
675 5644 770 5699 alii
789 5645 1213 5708 sequebantur:
1237 5646 1480 5705 utraque
1501 5645 1691 5693 tamen
1708 5643 1821 5690 tur-
1919 5633 2194 5700 requiem,
2221 5629 2405 5684 sancti
2422 5630 2524 5680 Lot
2546 5625 2872 5691 exemplum
2888 5627 3256 5689 proponebat,
3283 5627 3382 5691 qui
3405 5629 3517 5681 An-

219 5748 320 5792 ma
341 5735 638 5805 psallebat.
674 5734 784 5789 Ubi
806 5738 998 5787 autem
1021 5731 1610 5800 appropinquarejam
1641 5733 1820 5798 ccepi-
1919 5726 2080 5792 gelos
2116 5724 2173 5777 vi
2201 5721 2532 5788 compulsos
2553 5717 2627 5772 ad
2660 5714 2976 5784 hospitium
2998 5713 3206 5769 domus
3237 5728 3361 5772 sua
3386 5730 3516 5784 per-

222 5841 377 5892 mus,
410 5826 608 5881 audita
628 5839 770 5880 voce
791 5824 1015 5892 psalmi,
1046 5824 1220 5878 etiam
1241 5823 1362 5889 ipse
1389 5825 1624 5876 sanctus
1648 5823 1822 5889 Apol-
1921 5816 2088 5871 duxit
2124 5814 2272 5882 (Ibid.
2307 5812 2433 5876 19.).
2482 5809 2589 5865 Sed
2623 5814 2682 5864 et
2711 5808 2821 5865 hoc
2859 5806 3129 5863 monebat
3173 5809 3261 5872 (ut
3303 5808 3352 5864 si
3392 5809 3517 5870 fieri
