3898 6396
476 428 580 487 419
1516 423 1757 475 RUFINI
1793 422 2288 483 AQUILEIENSIS
2324 420 2757 472 PRESBYTERI
3236 412 3259 455 κ
3679 427 3776 480 4ρο

476 547 719 614 posset),
737 545 990 610 quotidie
1006 540 1268 594 monachi
1291 539 1779 591 communicarent
1797 538 2080 603 Mysteriis
2106 541 2157 611 Α
2178 537 2351 589 nibus
2382 540 2514 600 tres,
2540 538 2637 602 qui
2661 537 2986 590 etGraacam
3002 537 3263 602 linguam
3282 538 3591 604 [Palladius
3607 543 3774 592 inter-

482 636 695 688 Christi
718 636 747 698 ',
772 648 845 686 ne
869 634 1013 685 forte
1037 632 1132 695 qui
1159 629 1405 693 selonge
1422 628 1551 680 facit
1572 629 1644 679 ab
1664 628 1953 692 his,longe
1979 628 2078 679 ﬂat
2176 629 2301 677 serit
2325 632 2384 679 et
2415 628 2751 692 Romanam]
2794 634 2851 680 et
2887 629 3211 693 Egyptiam
3246 630 3391 681 bene
3422 637 3684 695 nossent,
3720 640 3780 684 ut

478 739 511 777 a
528 728 646 777 Deo
664 724 787 788 ;qui
801 729 992 774 autem
1006 719 1362 783 frequentius
1384 718 1508 769 haec
1532 718 1804 781 suscepit,
1822 716 2077 780 frequen-

480 816 594 866 tius
623 814 814 878 ipsum
854 811 1116 864 videatur
1154 807 1443 872 suscipere
1473 805 1839 868 Salvatorem,
1865 808 1998 869 quia
2020 807 2077 858 et

475 904 599 968 ipse
624 902 876 954 Salvator
897 900 979 951 ita
996 899 1163 951 dicit:
1191 898 1295 957 Qui
1316 896 1613 946 manducat
1636 910 1853 945 carnem
1880 909 2074 960 meam,

470 997 517 1041 et
540 990 665 1040 bibit
700 990 1029 1055 sanguinem
1065 1002 1267 1049 meum,
1294 987 1357 1035 in
1393 1001 1475 1035 me
1506 990 1707 1050 manet,
1728 989 1772 1034 et
1807 1000 1898 1049 ego
1926 984 1987 1034 in
2017 1000 2074 1034 eo

475 1080 653 1145 (Joan.
682 1077 773 1142 6.).
792 1079 901 1132 Sed
922 1078 1116 1142 etipsa
1131 1075 1595 1128 commemoratio
1614 1074 1927 1126 Dominicaa
1953 1086 2077 1139 pas-

469 1169 669 1234 sionis,
684 1182 819 1221 cum
841 1168 1075 1221 assidue
1090 1165 1526 1228 ﬁtamonachis,
1541 1164 1853 1229 plurimum
1871 1164 2077 1216 utilita-

474 1260 548 1313 tis
573 1258 655 1311 eis
680 1258 900 1311 confert
921 1256 995 1309 ad
1019 1255 1347 1320 exemplum
1372 1254 1678 1319 patientiae.
1705 1253 1812 1306 Sed
1838 1255 1895 1305 et
1914 1266 2073 1305 com-

475 1348 717 1400 monitio
742 1347 911 1399 datur
936 1359 1033 1410 per
1054 1346 1200 1409 haec,
1225 1346 1291 1397 ut
1314 1343 1543 1395 studeat
1572 1342 1972 1406 unusquisque
1996 1343 2073 1395 ita

475 1450 701 1502 semper
719 1441 952 1501 paratus
968 1434 1229 1497 inveniri,
1254 1432 1611 1497 neindignus
1624 1432 1935 1483 Dominicis
1960 1432 2073 1497 My-

473 1526 667 1578 steriis
687 1526 983 1578 habeitur.
1010 1522 1274 1576 Addebat
1287 1527 1480 1575 autem
1495 1521 1602 1580 his,
1629 1520 1784 1585 quod
1800 1521 1973 1573 etiam
1995 1533 2074 1574 re-

471 1616 675 1668 missio
695 1617 1061 1681 peccatorum
1082 1626 1182 1679 per
1204 1613 1331 1665 haec
1354 1611 1721 1664 credentibus
1746 1610 1931 1663 detur.

536 1706 577 1771 [2
613 1704 838 1769 Jejunia
858 1717 997 1756 sane
1015 1703 1273 1768 legitima
1296 1702 1352 1754 id
1375 1706 1465 1754 est
1488 1706 1692 1765 quarta
1714 1705 1770 1752 et
1796 1704 1964 1753 sexta
1987 1700 2072 1754 fe-

469 1796 574 1859 ria,
597 1794 868 1846 monebat
888 1805 1005 1845 non
1028 1805 1156 1845 esse
1181 1791 1469 1853 solvenda,
1497 1790 1606 1842 nisi
1631 1791 1862 1855 grandis
1884 1790 2074 1855 aliqua

2178 717 2360 769 sicubi
2381 719 2771 769 necessarium
2795 718 3019 782 fuisset,
3054 718 3563 783 interpretarentur
3586 724 3770 786 nobis,

2175 807 2391 870 quique
2405 812 2467 859 et
2483 808 2541 858 in
2558 807 3033 860 collocutionibus
3053 808 3177 860 suis
3195 809 3480 862 aedificare
3504 824 3615 863 nos
3639 826 3771 877 pos-

2178 900 2325 948 sent.
2345 897 2577 948 Mittens
2599 910 2732 961 ergo
2754 910 2853 949 eos
2876 898 3177 950 nobiscum
3208 902 3495 965 praecepit,
3520 914 3594 953 ne
3617 903 3777 967 prius

2177 996 2213 1036 a
2231 985 2398 1036 nobis
2421 985 2799 1050 discederent,
2825 999 3001 1051 quam
3023 999 3226 1040 omnes
3240 993 3450 1053 patres,
3468 995 3645 1054 atque
3656 1004 3779 1043 om-

2171 1074 2267 1126 nia
2290 1087 2420 1140 quae
2443 1074 2722 1128 vellemus
2746 1078 3093 1129 monasteria
3124 1076 3483 1141 videremus;
3508 1082 3778 1143 quamvis

2172 1177 2374 1217 omnes
2391 1164 2626 1218 circuire
2640 1178 2810 1218 nemo
2841 1167 3106 1219 sufficiat.
3133 1169 3481 1221 Bcnedicens
3505 1182 3642 1235 ergo
3666 1184 3773 1223 nos

2172 1253 2419 1314 dimisit;
2437 1259 2612 1318 atque
2635 1254 2695 1309 in
2737 1255 2864 1308 haec
2888 1257 3064 1309 verba
3086 1257 3542 1310 benedictionem
3578 1259 3771 1311 dedit:

2172 1343 2455 1393 Benedicat
2478 1360 2565 1394 vos
2589 1345 2856 1395 Dominus
2888 1361 2955 1396 ex
2996 1346 3149 1408 Sion,
3175 1352 3222 1395 et
3245 1346 3469 1397 videatis
3493 1363 3612 1412 qua
3633 1348 3774 1399 bona

2171 1440 2295 1484 sunt
2318 1434 2635 1496 Jerusalem,
2662 1436 2911 1486 omnibus
2936 1436 3116 1486 diebus
3134 1437 3249 1487 vitae
3264 1442 3437 1488 vestrae
3458 1437 3769 1501 (ΡωΜΞῚο)

2678 1557 2825 1627 |57
2864 1560 3093 1613 CAPUT
3129 1562 3274 1613 VIII.

2752 1688 2830 1728 DE
2868 1685 2884 1704 '
2918 1688 3192 1729 ΔΜΜΟΝΒ.

2235 1794 2375 1854 Quae
2403 1792 2732 1845 audivimus
2764 1794 2779 1857 (
2809 1793 3041 1855 Pallad,
3077 1809 3196 1859 cap.
3221 1792 3290 1848 52
3313 1794 3458 1844 circa
3484 1797 3677 1860 ﬁnem)
3704 1797 3772 1849 de

470 1883 785 1938 necessitas
807 1882 985 1941 ﬁeret,
1011 1882 1146 1945 quia
1188 1885 1394 1945 quarta
1422 1880 1559 1932 feria
1579 1882 1610 1932 J
1620 1881 1762 1932 udas
1797 1880 1868 1933 de
1892 1882 2069 1933 tradi—
2097 1866 2155 1936 Β
2174 1882 2457 1934 Ammone
2478 1882 2728 1946 quodam
2749 1888 2948 1936 sancto
2961 1884 3102 1948 viro,
3127 1888 3294 1945 cujus
3311 1886 3484 1937 etiam
3506 1884 3697 1938 locum
3714 1887 3773 1938 in

474 1974 628 2026 tione
669 1972 895 2024 Domini
937 1972 1304 2036 cogitaverat,
1333 1972 1392 2022 et
1419 1974 1583 2022 sexta
1606 1970 1741 2021 feria
1762 1971 2071 2023 cruciﬁxus

480 2063 558 2115 sit
569 2062 842 2115 Salvator.
865 2061 1163 2113 Videbitur
1185 2072 1320 2124 ergo
1349 2059 1448 2123 qui
1473 2059 1563 2110 his
1587 2059 1791 2110 diebus
1817 2060 1941 2113 sine
1978 2060 2073 2112 ali-

475 2164 591 2218 qua
616 2151 959 2204 necessitate
983 2149 1159 2202 solvit
1186 2153 1401 2201 statuta
1416 2149 1657 2213 jejunia,
1681 2148 1771 2201 vel
1804 2162 1935 2200 cum
1958 2153 2073 2201 tra-

479 2241 652 2294 dente
676 2240 899 2293 tradere
923 2238 1290 2301 Salvatorem,
1320 2238 1413 2291 vel
1437 2251 1569 2290 cum
1603 2238 2073 2303 cruciﬁgentibus

471 2329 825 2394 crucifigere.
851 2328 866 2393 ]
898 2324 1048 2396 156
1088 2327 1322 2379 Dicebat
1350 2340 1502 2392 ergo,
1526 2333 1594 2379 ut
1627 2327 1675 2378 si
1699 2327 1844 2379 forte
1869 2327 1931 2379 in
1956 2328 2075 2380 die-

472 2419 585 2471 bus
631 2418 976 2484 supradictis
1019 2417 1416 2482 supervenerit
1455 2416 1663 2481 aliquis
1706 2417 1975 2481 fratrum,
2026 2418 2075 2468 si

464 2507 706 2571 quidem
721 2512 855 2559 ante
872 2507 1072 2559 horam
1095 2519 1309 2558 nonam
1345 2506 1565 2559 itineris
1589 2518 1797 2558 caussa
1820 2506 1961 2559 velit
1983 2519 2074 2559 re-

468 2597 658 2659 ficere,
681 2595 1006 2661 ponendam
1023 2596 1075 2647 ei
1090 2608 1221 2648 esse
1240 2608 1498 2647 mensam
1524 2596 1653 2647 soli:
1673 2596 1828 2661 quod
1843 2597 1891 2648 si
1911 2596 2073 2658 nolit,

470 2697 590 2738 non
613 2698 747 2737 eum
770 2697 899 2736 esse
921 2684 1274 2749 cogendum:
1297 2685 1623 2737 communis
1640 2698 1889 2749 namque
1905 2685 2077 2751 hujus

472 2774 854 2827 observantiae
879 2774 1103 2826 traditio
1139 2778 1243 2826 est.
1281 2775 1561 2839 Culpabat
1596 2789 1735 2827 sane
1762 2775 1927 2827 valde
1958 2789 2077 2838 eos,

475 2864 575 2928 qui
610 2864 703 2915 vel
722 2875 946 2915 comam
971 2863 1172 2928 capitis
1194 2864 1476 2927 nutriunt,
1505 2864 1595 2917 vel
1626 2865 1839 2917 ferrum
1874 2866 1935 2917 in
1971 2868 2058 2919 col

471 2954 526 3006 lo
538 2953 963 3016 circumferunt,
988 2954 1078 3006 vel
1090 2954 1305 3018 aliquid
1322 2956 1608 3020 tale,quod
1622 2957 1695 3009 ad
1709 2963 2055 3015 sustentatio
2065 2990 2081 3000 -

383 3104 392 3113 .
475 3056 613 3096 nem
657 3043 955 3096 hominum
999 3044 1119 3095 fieri
1147 3044 1426 3110 videatur,
1467 3051 1691 3111 gerunt.
1739 3052 1965 3104 Certum
1990 3060 2080 3107 est

470 3134 642 3193 enim,
672 3133 878 3198 inquit,
901 3134 1056 3198 quod
1077 3133 1172 3185 isti
1196 3135 1268 3186 ab
1293 3135 1628 3190 hominibus
1656 3138 1886 3193 laudem
1911 3157 2071 3208 quee-

467 3227 622 3285 runt,
640 3228 699 3276 et
710 3223 1113 3275 ostentationis
1131 3236 1339 3276 caussa
1354 3226 1480 3279 haec
1496 3228 1721 3294 faciant,
1745 3244 1879 3284 cum
1903 3246 2069 3286 man-
2095 3239 2145 3315 ρ

468 3311 669 3364 datnm
695 3311 788 3376 sit,
823 3312 998 3363 etiam
1016 3312 1239 3377 jejunia
1269 3315 1397 3378 ipsa
1419 3315 1479 3367 in
1513 3318 1740 3372 occulto
1768 3333 1896 3375 esse
1922 3324 2076 3377 cele-

469 3401 706 3466 branda,
740 3406 806 3471 ut
834 3402 944 3454 Deo
970 3402 1075 3454 soli
1106 3402 1221 3455 sint
1256 3405 1503 3468 cognita,
1529 3408 1626 3471 qui
1652 3408 1808 3461 videt
1836 3415 1992 3476 quod
2012 3417 2073 3470 in

473 3491 696 3544 occulto
710 3491 778 3543 ﬁt
791 3494 849 3542 et
863 3491 1048 3543 reddit
1062 3491 1123 3543 in
1137 3493 1343 3557 palam.
1367 3496 1473 3547 Sed
1499 3500 1566 3548 ut
1582 3497 1826 3562 videtur,
1848 3502 1944 3556 isti
1958 3518 2078 3560 non

475 3585 615 3633 sunt
643 3580 898 3633 contenti
911 3581 1040 3644 ejus
1061 3582 1390 3636 testimonio
1405 3590 1954 3658 etremuneratione,
1978 3597 2077 3660 qui

468 3668 627 3723 videt
648 3669 708 3721 in
729 3669 973 3730 occulto,
998 3670 1101 3723 sed
1125 3672 1481 3726 manifestari
1504 3676 1601 3729 isti
1618 3679 1790 3743 apud
1807 3681 2072 3738 homines

468 3759 673 3812 volunt
697 3760 912 3822 (Matth.
945 3759 1037 3824 6.).
1061 3760 1263 3813 Omnis
1282 3763 1436 3816 enim
1454 3766 1822 3823 abstinentiae
1843 3773 1993 3826 ratio
2018 3775 2078 3827 in

386 3896 396 3907 ,
470 3848 695 3901 occulto
718 3848 986 3902 habenda
1011 3854 1123 3915 est,
1149 3852 1208 3903 et
1232 3856 1298 3905 ut
1320 3865 1529 3918 corpus
1548 3856 1786 3921 jejuniis
1802 3860 2075 3928 fatigetur

467 3940 525 3991 et
547 3943 742 3991 tamen
763 3952 882 3991 non
903 3940 1056 4004 apud
1090 3939 1354 3995 homines
1384 3944 1681 4011 jactantia,
1708 3949 1808 4002 sed
1846 3951 2075 4005 Domini

470 4028 767 4082 retributio
797 4031 1110 4093 quaeratur.

527 4116 668 4169 Haec
687 4118 745 4169 et
774 4116 960 4170 multa
980 4117 1091 4170 alia
1117 4118 1287 4171 nobis
1310 4119 1381 4172 de
1405 4125 1838 4179 conversatione
1871 4140 2075 4181 mona-

469 4205 710 4258 chorum
733 4218 832 4270 per
854 4210 1036 4259 totam
1054 4207 1347 4261 disserens
1365 4209 1589 4264 dierum
1614 4215 2077 4281 septimanam,et

466 4294 637 4347 fidem
659 4294 937 4347 doctrinm
947 4299 1243 4360 gestorum
1260 4311 1499 4352 suorum
1515 4303 1853 4357 auctoritate
1869 4306 2071 4359 contir-

468 4396 657 4451 mans,
681 4384 781 4437 ubi
795 4384 1081 4450 proﬁcisci
1104 4387 1383 4452 coepimus
1398 4389 1471 4441 ab
1487 4402 1573 4455 eo,
1590 4392 1915 4457 producens
1943 4409 2069 4461 nos,

2168 1984 2283 2036 quo
2300 1972 2677 2037 habitaverat,
2693 1972 2942 2025 vidimus
2971 1972 3031 2025 in
3048 1973 3293 2034 deserto,
3318 1975 3639 2027 omittenda
3653 1988 3771 2027 non

2170 2060 2398 2113 credidi.
2425 2062 2601 2126 Igitur
2634 2062 2879 2127 digressi
2901 2075 2935 2115 a
2957 2064 3125 2115 beato
3145 2063 3461 2128 Apollonio,
3483 2077 3617 2116 cum
3640 2078 3772 2129 pro-

2170 2150 2536 2215 grederemur
2557 2151 2629 2203 ad
2655 2156 2873 2217 partem
2907 2151 3118 2204 deserti
3141 2156 3341 2204 contra
3372 2153 3765 2213 Meridianum,

2170 2238 2424 2291 vidimus
2452 2253 2552 2304 per
2578 2252 2809 2293 arenam
2844 2241 3086 2305 vestigia
3108 2242 3323 2294 tractus
3357 2242 3622 2295 draconis
3640 2243 3662 2272 ³
3686 2244 3772 2294 in-

2173 2328 2476 2393 gentis,cuj
2486 2341 2554 2380 us
2578 2332 2737 2381 tanta
2758 2330 3093 2394 magnitudo
3115 2332 3441 2395 apparebat,
3468 2332 3636 2395 quasi
3660 2335 3773 2384 tra-

2173 2418 2274 2469 bes
2296 2417 2490 2482 aliqua
2512 2431 2612 2483 per
2633 2431 2866 2471 arenam
2889 2418 3063 2471 ducta
3086 2420 3391 2473 videretur.
3406 2421 3567 2482 Quod
3593 2423 3656 2473 ut
3681 2422 3770 2473 vi-

2173 2507 2383 2572 dimus,
2408 2508 2627 2573 ingenti
2661 2513 2870 2561 terrore
2893 2509 3137 2573 perculsi
3162 2522 3382 2561 sumus.
3421 2512 3648 2563 Fratres
3669 2523 3769 2562 au-

2174 2601 2291 2649 tem
2314 2598 2413 2662 qui
2436 2612 2543 2649 nos
2562 2597 2938 2661 deducebant,
2956 2598 3330 2651 hortabantur
3352 2612 3461 2651 nos
3484 2600 3628 2652 nihil
3652 2613 3767 2651 om-

2173 2686 2310 2739 nino
2332 2686 2655 2748 formidare,
2683 2687 2786 2740 sed
2818 2688 3003 2753 magis
3035 2688 3305 2740 ﬁduciam
3338 2701 3557 2753 capere,
3594 2691 3651 2741 et
3674 2702 3769 2754 per

2177 2776 2489 2840 vestigium
2507 2777 2667 2840 sequi
2680 2777 2982 2830 draconem
2997 2792 3011 2829 :
3025 2778 3305 2830 Videbitis
3316 2778 3489 2842 enim,
3504 2779 3770 2842 inquiunt

2176 2870 2459 2929 quantum
2488 2866 2675 2918 valeat
2697 2866 2859 2929 fides,
2894 2879 3025 2918 cum
3048 2879 3083 2919 a
3117 2867 3283 2918 nobis
3327 2880 3462 2919 eum
3512 2867 3769 2920 videritis

2177 2955 2455 3020 extingui.
2512 2955 2719 3007 Multos
2755 2956 2909 3007 enim
2940 2959 2996 3008 et
3035 2955 3329 3021 dracones,
3357 2961 3414 3008 et
3441 2969 3683 3021 angues,
3713 2962 3770 3009 et

2178 3047 2444 3097 cornutas
2493 3045 2763 3096 manibus
2805 3046 3017 3098 nostris
3066 3046 3447 3109 peremimus,
3494 3045 3578 3098 sic
3623 3046 3773 3098 enim

2172 3134 2449 3198 scriptum
2472 3135 2717 3199 legimus
2743 3148 2756 3185 :
2782 3136 2923 3195 Quia
2946 3135 3313 3187 credentibus
3343 3135 3403 3187 in
3423 3148 3484 3187 se
3510 3136 3773 3188 concedit

2174 3222 2432 3276 Salvator
2457 3224 2674 3276 calcare
2712 3236 2884 3289 super
2919 3228 3215 3289 serpentes
3247 3230 3302 3277 et
3335 3225 3684 3290 scorpiones,
3714 3230 3773 3277 et

2174 3326 2346 3379 super
2367 3325 2601 3366 omnem
2622 3313 2895 3365 virtutem
2932 3313 3145 3365 inimici
3176 3314 3317 3378 (Luc.
3360 3314 3486 3377 10.).
3514 3314 3624 3366 Sed
3668 3314 3775 3366 illis

2173 3403 2301 3456 haec
2313 3403 2767 3465 dicentibus,nos
2779 3415 2897 3468 prae
2909 3401 3261 3455 inﬁdelitatis
3274 3403 3578 3468 fragilitate
3589 3405 3771 3468 magis

2172 3494 2475 3559 magisque
2502 3493 2987 3555 metuebamus,et
2998 3493 3344 3558 rogabamus
3361 3506 3458 3546 eos
3477 3506 3551 3545 ne
3566 3493 3775 3547 vellent

2175 3584 2339 3647 sequi
2362 3582 2627 3635 draconis
2653 3582 2916 3647 vestigia,
2945 3581 3047 3634 sed
3086 3582 3280 3647 potius
3304 3587 3371 3635 ut
3394 3586 3548 3636 recto
3573 3583 3773 3636 itinere

2174 3684 2560 3737 pergeremus.
2606 3671 2765 3724 Unus
2791 3674 2984 3723 tamen
3005 3684 3079 3723 ex
3107 3671 3248 3736 ipsis
3271 3670 3561 3725 alacritate
3593 3673 3774 3739 impa-

2174 3761 2322 3814 tiens
2344 3762 2647 3814 insecutus
2667 3765 2759 3813 est
2781 3761 3108 3814 draconem.
3128 3763 3198 3814 Et
3219 3774 3353 3814 cum
3371 3774 3490 3815 non
3508 3762 3681 3827 longe
3698 3763 3771 3815 in-

2173 3851 2429 3903 venisset
2460 3852 2588 3915 ejus
2628 3849 2981 3916 speluncam,
3009 3850 3292 3903 clamabat
3321 3864 3429 3903 nos
3461 3856 3529 3904 ut
3556 3852 3770 3904 iremus

2171 3939 2246 3993 ad
2271 3946 2487 4004 eum,et
2511 3941 2838 3993 videremus
2855 3940 3075 3992 exitum
3095 3940 3194 3993 rei.
3219 3940 3461 4002 Quidam
3485 3942 3680 3994 tamen
3701 3955 3773 3994 ex

2170 4030 2444 4083 fratribus
2460 4030 2706 4083 occurrit
2729 4030 2917 4094 nobis,
2941 4030 3042 4094 qui
3067 4030 3125 4082 in
3149 4030 3338 4083 vicina
3359 4042 3546 4083 eremo
3563 4031 3775 4085 habita

2170 4120 2239 4171 ba
2249 4124 2288 4184 t,
2326 4124 2384 4172 et
2419 4120 2709 4185 prohibuit
2733 4133 2839 4172 nos
2873 4120 3038 4184 sequi
3061 4120 3384 4185 draconem,
3411 4119 3625 4185 dicens,
3652 4133 3769 4174 non

2172 4222 2343 4276 posse
2364 4222 2473 4262 nos
2487 4222 2595 4262 nec
2610 4214 2909 4274 aspectum
2920 4209 3048 4272 ejus
3065 4208 3303 4262 tolerare
3326 4209 3615 4275 praecipue
3634 4210 3770 4275 quia

2171 4298 2285 4351 tale
2307 4298 2522 4362 aliquid
2551 4299 2611 4350 in
2635 4312 2749 4351 usu
2770 4311 2888 4351 non
2912 4298 3224 4351 habuimus
3249 4299 3479 4352 videndi
3504 4314 3517 4352 :
3550 4312 3615 4352 se
3639 4313 3772 4354 vero

2176 4386 2401 4440 dicebat
2424 4387 2755 4451 frequenter
2778 4387 2991 4441 vidisse
3013 4388 3197 4453 ipsam
3216 4388 3457 4441 bestiam
3481 4385 3772 4442 vastitatis

468 4474 891 4539 aliquantulum
913 4478 1207 4541 monebat,
1234 4477 1462 4532 dicens:
1487 4484 1636 4535 Ante
1654 4484 1867 4551 omnia,
1902 4486 2075 4540 dilec.
2172 4477 2540 4542 incredibilis,
2566 4480 2624 4530 et
2648 4477 2857 4530 habere
2878 4478 2939 4530 in
2956 4477 3310 4542 longitudine
3336 4478 3669 4542 quindecim
3686 4493 3777 4533 cu-

470 4564 699 4629 tissimi,
713 4577 914 4630 pacem
936 4566 1370 4620 habetoteinter
1384 4583 1488 4622 vos
1505 4589 1517 4621 :
1536 4571 1710 4625 nolite
1724 4575 1798 4626 ab
1819 4576 2069 4630 invicem
2092 4567 2149 4641 D
2174 4568 2345 4620 bitos.
2372 4570 2633 4632 Cumque
2655 4580 2761 4620 1103
2777 4568 2848 4619 ad
2868 4566 3059 4621 locum
3081 4567 3418 4621 dehortatus
3439 4571 3597 4620 esset
3617 4580 3779 4624 acce-

471 4655 738 4718 separari.
765 4655 928 4707 Tunc
952 4669 1267 4710 conversus
1290 4659 1363 4711 ad
1379 4661 1600 4727 fratres,
1623 4664 1722 4727 qui
1743 4664 1916 4717 simul
1939 4680 2073 4719 cum
2174 4658 2328 4722 dere,
2355 4658 2477 4723 ipse
2501 4670 2832 4723 Propera“,
2860 4656 3092 4710 fratrem
3117 4657 3217 4722 CIlli
3237 4656 3350 4709 ΠΙίο
3382 4669 3492 4709 1105
3518 4658 3775 4723 οΡΡθΐίθ·

469 4756 535 4795 eo
558 4743 938 4807 producentes
959 4758 1086 4811 nos,
1115 4747 1371 4811 aderant,
1399 4749 1551 4804 dixit
1579 4767 1592 4803 :
1621 4754 1761 4817 Quis
1787 4761 2071 4820 vestrum,

471 4832 694 4897 fratres,
718 4840 1021 4901 promptus
1041 4838 1130 4889 est
1152 4837 1438 4893 deducere
1458 4853 1558 4894 eos
1579 4856 1765 4908 usque
1787 4845 1860 4897 ad
1885 4846 2074 4899 vicina

472 4926 703 4988 patrum
724 4924 1073 4978 monasteria
1087 4928 1109 4973 7
1124 4927 1194 4979 Et
1213 4941 1344 4980 cum
1362 4941 1528 4995 paene
1552 4945 1752 4986 omnes
1768 4936 2074 5001 promptis-

473 5013 617 5066 sime
641 5014 981 5080 semetipsos
1005 5015 1371 5084 obtulissent,
1396 5025 1455 5073 et
1484 5023 1747 5087 progredi
1768 5024 2072 5078 nobiscum

475 5102 706 5171 vellent,
735 5104 859 5171 ipse
878 5109 1117 5161 sanctus
1138 5113 1299 5174 pater
1319 5109 1657 5176 Apollonius
1673 5113 1929 5179 elegitex
1952 5128 2072 5168 om-

535 5284 552 5350 f
575 5277 877 5350 Ammone.
897 5275 915 5341 Ἰ
937 5277 1230 5329 Distinctus
1253 5279 1341 5330 hic
1362 5279 1701 5334 abAmmonc
1712 5285 1967 5350 zEgyplio
1983 5300 2074 5335 seu

470 5347 719 5421 Nitfiote,
753 5349 816 5398 de
851 5364 958 5414 quo
989 5350 1077 5399 hic
1095 5356 1214 5415 post
1234 5367 1277 5403 c.
1304 5350 1390 5414 30,
1435 5358 1484 5403 et
1517 5347 1940 5418 Tabennedsiote,
1978 5358 2076 5421 qui

472 5419 534 5493 in
551 5418 812 5493 ATabenna
836 5421 1006 5470 tribus
1029 5422 1239 5472 circiter
1259 5424 1501 5474 mittibus
1522 5429 1920 5477 monachorum
1935 5418 2074 5493 prae-

473 5490 598 5555 fuit,
624 5492 685 5542 de
707 5507 813 5557 quo
839 5492 926 5543 hic
953 5508 1121 5558 supra
1139 5510 1261 5559 cap.
1298 5494 1350 5550 3.
1572 5490 1978 5553 ROSWBYDUS.

532 5561 553 5591 ¹³
584 5564 887 5635 Dracone]
916 5565 1047 5615 Fors
1070 5565 1306 5631 ejusdem
1326 5567 1615 5618 Ammonis
1639 5576 1709 5619 est
1733 5570 1879 5635 quod
1908 5571 2069 5622 habe-

475 5637 563 5685 tur
586 5634 674 5686 tib.
716 5646 785 5688 III
810 5635 832 5671 ³
853 5637 1061 5701 Ruﬁni,
1084 5652 1242 5689 num.
1271 5637 1376 5694 2M
1398 5640 1459 5689 de
1485 5639 1701 5691 basilico
1724 5634 2000 5706 dissipato.

1566 5713 1969 5768 Roswsrnus.

545 5775 562 5815 ι
599 5776 803 5833 Confer
824 5779 875 5834 S.
902 5779 1233 5849 Hieronymi
1261 5783 1421 5851 Epist
1441 5783 1503 5839 in
1525 5788 1723 5839 nostra
1745 5787 2075 5843 recensione

2172 4748 2343 4800 batur
2367 4752 2596 4809 paratus
2629 4747 2701 4799 ad
2750 4746 3142 4813 perimendam
3180 4747 3452 4813 bestiam,
3474 4748 3777 4812 abstraxit,

2171 4849 2486 4901 secumque
2505 4837 2813 4901 revocavit,
2837 4842 2894 4889 et
2916 4837 3208 4889 nolentem
3226 4836 3520 4890 discedere
3537 4837 3652 4889 nisi
3677 4850 3776 4891 ex-

2169 4928 2458 4993 tingueret
2479 4939 2625 4987 eam,
2648 4927 2833 4980 multa
2847 4939 3013 4993 prece
3035 4926 3286 4979 deﬂexit.
3306 4926 3413 4990 Qui
3430 4939 3564 4979 cum
3588 4928 3776 4981 venis-

2173 5021 2261 5069 set
2282 5016 2356 5069 ad
2387 5029 2514 5080 nos,
2543 5016 2835 5082 ignaviam
2858 5020 3117 5070 nostram
3151 5016 3660 5081 inﬁdelitatemque
3684 5029 3772 5070 re-

2172 5106 2420 5171 darguit.

2171 5279 2352 5331 LXXI
2375 5276 2448 5329 ad
2478 5276 2801 5340 Lucinium,
2828 5287 2990 5329 num.
3016 5275 3067 5337 6,
3099 5276 3281 5329 ubi‘dc
3303 5276 3681 5341 Eucharistia,
3702 5296 3773 5331 an

2171 5350 2488 5415 accipienda
2514 5348 2752 5413 quotidie
2780 5349 2855 5400 sit
2879 5349 3024 5413 quod
3055 5350 3303 5399 Romana
3322 5349 3555 5401 Ecclesia
3578 5358 3627 5401 et
3649 5353 3702 5402 Η
3706 5354 3777 5402 is-

2170 5424 2355 5488 paniae
2376 5421 2649 5471 observare
2670 5420 3038 5487 perhibentur,
3066 5421 3339 5484 disputat.

2234 5498 2255 5530 9
2293 5493 2523 5547 Uncinis
2546 5493 2769 5545 inclusa
2789 5493 3069 5547 habentur
3096 5495 3316 5547 Decret.
3342 5506 3431 5547 ιιι.
3476 5501 3622 5561 part.
3643 5496 3773 5550 dist.

2174 5567 2225 5624 3.
2252 5568 2313 5618 de
2337 5567 2577 5617 Consecr.
2606 5579 2649 5615 c.
2677 5568 2753 5617 16.

2235 5642 2258 5678 ³
2284 5637 2611 5691 Notandum
2633 5636 2760 5690 heic
2779 5637 2988 5702 denuo,
3007 5638 3160 5703 quod
3186 5638 3355 5693 toties
3371 5640 3643 5707 diximus,
3659 5644 3774 5697 non

2174 5726 2301 5767 esse
2321 5712 2483 5764 illum
2505 5709 2695 5763 Rufini
2716 5711 2944 5776 librum,
2962 5712 3064 5765 sed
3087 5724 3121 5765 a
3145 5712 3445 5768 Ruﬁniano
3470 5713 3585 5770 hoc
3600 5722 3770 5783 atque

2171 5786 2299 5842 aliis
2322 5784 2529 5840 alicubi
2553 5786 3031 5843 consarcinatum.
