3898 6416
176 422 285 481 421

1389 436 1725 491 HISTORIA
1759 442 2280 499 MONACHORUM.

3387 470 3490 526 4‘2‘2

245 540 648 594 Pervenientes
670 547 864 596 autem
887 546 958 596 ad
982 546 1245 600 cellulam
1267 547 1440 614 illius,
1458 563 1589 601 cum
1608 552 1791 605 multa
1810 558 1864 629 Α
1890 568 2007 608 non
2017 557 2283 625 ferentes,
2299 570 2971 635 congregaveruntsuper
2984 585 3113 626 eum
3125 586 3318 632 arenae
3334 584 3491 633 moles

176 627 491 682 dilectione
536 634 792 697 suscepti
833 631 981 701 I58
1020 636 1093 687 ab
1135 648 1201 688 eo
1247 637 1652 701 requievimus.
1688 642 1785 694 Ille
1811 627 2218 712 "immensas,
2253 656 2482 705 astante
2516 627 2709 709 tamen
2739 658 2949 712 ibidem
3001 675 3135 727 pare
3184 668 3484 736 Ammone,

175 729 325 768 vero
348 719 617 771 narrabat
637 721 825 785 nobis,
853 723 1005 785 quod
1029 723 1086 775 in
1109 724 1204 776 illo
1223 724 1349 777 loco
1374 727 1474 778 ubi
1494 728 1618 792 ipse
1637 742 1784 781 com-

171 808 473 871 manebat,
509 807 743 871 quidam
774 809 883 862 fuit
905 811 991 865 vir
1014 815 1270 879 sanctus,
1295 815 1463 880 cujus
1486 817 1609 881 ipse
1629 824 1784 871 esset

171 894 521 961 discipulus,
538 901 779 951 Ammon
800 900 1034 953 nomine
1058 902 1312 965 (Pallad,
1332 921 1449 969 cap.
1477 904 1563 971 53,
1583 908 1784 958 dicitur

171 985 413 1050 Amun),
435 999 535 1051 per
550 999 720 1051 quem
732 989 1007 1054 plurimas
1020 992 1264 1045 virtutes
1276 993 1505 1047 fecisset
1522 1000 1780 1050 Dominus.

173 1075 339 1127 Inter
366 1081 576 1130 caetera
607 1077 783 1143 igitur
805 1080 979 1133 etiam
1012 1081 1121 1134 hoc
1144 1082 1215 1137 de
1238 1096 1306 1137 eo
1328 1087 1615 1139 narrabat.

244 1166 613 1230 Frequenter,
651 1168 860 1234 inquit,
892 1170 1198 1224 veniebant
1241 1173 1315 1226 ad
1357 1187 1489 1227 eum
1531 1175 1781 1231 latrones

173 1266 411 1319 panem,
435 1268 549 1320 quo
563 1256 684 1309 solo
710 1260 1064 1324 vescebatur,
1078 1261 1405 1316 auferentes
1422 1266 1490 1329 ei,
1508 1268 1565 1318 et
1579 1266 1629 1318 si
1643 1266 1780 1331 quid

173 1347 302 1395 erat
314 1345 468 1409 quod
482 1346 554 1398 ad
572 1334 790 1400 victum
806 1361 979 1401 suum
996 1352 1557 1407 continentissimum
1575 1357 1784 1423 reposi-

174 1438 305 1484 tum
324 1434 635 1489 videbatur.
654 1438 911 1501 Cumque
930 1439 1254 1504 frequenter
1264 1444 1336 1494 ab
1356 1443 1445 1495 his
1458 1444 1781 1498 molestiam

174 1526 488 1587 pateretur,
518 1526 764 1588 quadam
788 1527 880 1579 die
903 1531 1178 1593 processit
1193 1531 1264 1583 ad
1281 1544 1557 1596 eremum,
1575 1535 1780 1588 etinde

171 1611 407 1666 rediens
419 1613 566 1667 duos
578 1615 853 1669 dracones
862 1618 1128 1683 ingentes
1141 1634 1336 1674 secum
1351 1624 1495 1675 comi
1504 1625 1605 1675 tari
1613 1628 1632 1686 j
1642 1625 1780 1677 ussit.

173 1705 355 1767 atque
377 1703 449 1755 ad
471 1704 683 1758 ostium
701 1710 1028 1761 monasterii
1043 1710 1133 1761 sui
1145 1723 1377 1764 manere
1397 1713 1479 1764 eis
1492 1716 1779 1780 praecepit,

172 1791 625 1858 ingressumque
637 1808 886 1850 servare.
902 1798 1236 1852 Veniuntcx
1248 1814 1405 1854 more
1421 1802 1691 1865 latrones,
1701 1805 1785 1858 vi-

1883 736 2018 798 quia
2040 749 2145 789 nec
2167 739 2249 790 sic
2265 741 2519 807 quidem,
2534 758 2664 796 cum
2680 753 2910 802 mortua
2925 750 3130 807 fuisset
3144 756 3347 824 bestia,
3361 761 3483 814 sine

1880 823 2007 888 ipso
2034 828 2491 894 appropinquare
2515 834 2565 885 ei
2589 835 2897 891 audebant.

2502 948 2733 1003 CAPUT
2769 954 2866 1006 IX.

1976 1070 2054 1110 DE
2080 1068 2098 1088 ⁶
2121 1071 2390 1115 COPRETB
2423 1076 2813 1122 PRESBYTERO
2848 1084 2924 1123 ET
2958 1086 3363 1135 PATBRMUTIO.

1942 1175 2077 1226 Erat
2108 1175 2341 1240 quidem
2372 1180 2690 1247 presbyter,
2716 1185 2925 1250 Copres
2954 1191 3189 1246 nomine
3225 1196 3479 1265 (Pallad,

1879 1276 1997 1328 cap.
2033 1262 2139 1329 54),
2184 1265 2244 1318 in
2282 1267 2408 1332 ipsa
2438 1281 2625 1323 eremo
2664 1272 2886 1333 habens
2924 1283 3354 1351 monasterium,
3392 1262 3481 1344 vir

1881 1356 2117 1405 sanctus
2146 1366 2427 1410 annorum
2452 1360 2674 1414 circiter
2696 1366 3003 1433 octoginta,
3035 1376 3091 1423 et
3123 1371 3245 1436 ipse
3268 1377 3480 1431 multas

1880 1441 2124 1496 virtutes
2148 1444 2382 1512 faciens,
2396 1448 2703 1514 languores
2727 1466 2958 1521 curans,
2986 1463 3042 1509 et
3063 1461 3314 1516 efﬁciens
3337 1471 3480 1518 sani-

1880 1535 2045 1596 tates,
2082 1533 2183 1585 sod
2218 1540 2275 1588 et
2307 1536 2600 1591 daemones
2636 1541 2866 1609 fugans,
2899 1552 2957 1598 et
2985 1551 3170 1603 multa
3199 1552 3481 1609 mirabilia

1878 1620 2107 1674 faciens.
2123 1625 2207 1674 Ex
2233 1625 2444 1688 quibus
2474 1630 2746 1682 nonnulla
2763 1634 2933 1686 etiam
2947 1636 3008 1688 in
3023 1640 3203 1691 nostri
3226 1655 3482 1706 praesen-

1880 1712 1956 1761 tia
1980 1711 2178 1764 effecit.
2207 1715 2262 1764 Is
2286 1728 2420 1780 ergo
2445 1729 2576 1769 cum
2599 1719 2841 1774 vidisset
2864 1737 2990 1786 nos,
3022 1731 3078 1778 et
3098 1731 3299 1785 osculo
3323 1734 3481 1786 salu-

1885 1805 2081 1866 tasset,
2107 1807 2281 1867 atque
2305 1817 2377 1855 ex
2412 1818 2569 1860 more
2592 1814 2725 1873 post
2755 1813 3070 1868 orationem
3101 1818 3273 1871 etiam
3304 1824 3481 1887 pedes

173 1881 382 1935 dentes
411 1883 486 1948 [L.
500 1885 839 1951 nescientes]
861 1888 959 1951 qui
976 1896 1169 1943 essent
1185 1891 1456 1944 custodes
1480 1893 1540 1945 in
1558 1893 1773 1958 limine,
1807 1883 1861 1957 B
1883 1887 2138 1954 leV'iSSet,
2159 1892 2483 1954 requirebat
2505 1906 2539 1945 θι
2561 1895 2744 1959 1101313,
2771 1911 2903 1962 (11133
2926 1908 3259 1965 gererentur
3282 1907 3341 1960 in
3368 1915 3482 1964 εδδ·

173 1975 236 2024 et
250 1977 319 2024 ut
330 1972 896 2041 videruntdracones,
909 1978 1205 2031 exanimes
1229 1985 1287 2033 et
1301 1987 1559 2035 amentes
1577 1986 1777 2051 effecti,

173 2063 882 2128 obmutuerunmetstatim
893 2069 1282 2123 conciderunt.
1302 2073 1462 2134 Quod
1482 2074 1580 2126 ubi
1593 2078 1782 2129 senior

174 2144 376 2215 sensit,
400 2166 672 2219 egressus
695 2156 915 2211 invenit
937 2171 1037 2211 eos
1062 2161 1396 2225 semineces,
1418 2168 1476 2217 et
1497 2166 1779 2219 accedens

174 2247 355 2307 atque
367 2244 613 2309 erigens,
630 2244 957 2312 increpabat
968 2261 1085 2311 eos,
1099 2249 1320 2303 dicens:
1340 2253 1577 2306 Comitis
1595 2267 1779 2319 quan-

174 2337 304 2386 tum
354 2346 460 2386 vos
496 2334 775 2401 duriores,
813 2338 1012 2390 bestiis
1047 2340 1211 2392 estis:
1252 2333 1366 2394 illae
1400 2345 1552 2395 enim
1607 2347 1776 2398 nobis

170 2425 404 2487 propter
422 2425 609 2476 Deum
632 2425 1037 2491 obediunt,vos
1049 2434 1243 2482 autem
1252 2445 1358 2483 nec
1370 2434 1557 2485 Deum
1572 2437 1771 2499 timetis,

169 2524 279 2564 nec
304 2512 484 2565 vitam
509 2527 809 2567 servorum
834 2518 932 2569 Dei
951 2518 1270 2582 inquietare
1295 2522 1644 2577 erubescitis.
1663 2527 1776 2578 Ve-

171 2606 503 2655 rumtamen
517 2603 892 2658 introducens
908 2619 1009 2659 eos
1023 2609 1084 2660 in
1096 2609 1313 2671 cellam,
1318 2613 1510 2676 posuit
1519 2614 1602 2665 eis
1618 2628 1773 2667 men-

172 2704 321 2755 sam,
353 2696 411 2745 et
429 2692 594 2757 jubet
616 2700 681 2747 ut
704 2696 1056 2762 perciperent
1083 2699 1292 2753 cibum.
1315 2702 1402 2753 Illi
1434 2716 1570 2757 vero
1600 2707 1773 2760 corde

170 2782 518 2847 compuncti,
547 2785 603 2836 et
624 2784 697 2836 ab
720 2787 877 2838 omni
891 2788 1102 2841 mentis
1120 2802 1244 2842 sua;
1260 2790 1619 2848 immanitate
1635 2810 1775 2850 con-

169 2871 345 2934 versi,
389 2872 590 2924 multis
637 2874 736 2938 qui
772 2875 931 2940 prius
955 2879 1198 2931 Domino
1224 2882 1440 2935 servire
1462 2894 1772 2952 cmperant,

167 2960 230 3012 in
253 2960 414 3013 brevi
448 2962 710 3016 meliores
737 2964 902 3019 fiunt.
928 2968 992 3018 In
1028 2972 1256 3022 tantum
1284 2971 1439 3024 enim
1461 2985 1561 3038 per
1581 2977 1771 3040 paeni-

169 3049 409 3102 tentiam
442 3052 818 3116 profecerunt,
860 3060 926 3107 ut
961 3061 1093 3121 post
1126 3071 1245 3111 non
1271 3062 1517 3115 multam
1547 3070 1771 3132 tempo-

168 3139 269 3203 ris,
302 3140 474 3193 etiam
510 3142 618 3207 ipsi
660 3146 860 3197 eadem
906 3146 1152 3202 facerent
1191 3151 1374 3216 signa,
1420 3155 1768 3223 easdemque

169 3229 435 3283 virtutes.

232 3318 361 3371 Alio
376 3323 654 3383 prmterea
670 3323 924 3388 tempore
939 3324 1360 3384 immanissima
1376 3334 1624 3398 quodam
1643 3338 1766 3390 dra-

166 3420 308 3461 cone
348 3408 569 3463 vicinas
609 3415 877 3467 vastante
917 3417 1197 3484 regiones,
1221 3425 1280 3473 et
1314 3422 1591 3486 plurimos
1619 3430 1770 3492 peri-

164 3502 378 3564 mente,
423 3506 704 3553 venerunt
738 3502 1094 3559 habitatores
1120 3508 1230 3562 loci
1280 3511 1437 3566 illius
1467 3515 1541 3568 ad
1573 3530 1769 3583 supra-

165 3587 383 3640 dictum
416 3594 655 3656 patrem,
679 3598 910 3647 orantes
934 3608 1086 3661 eum,
1112 3601 1178 3651 ut
1200 3600 1273 3654 de
1296 3603 1630 3668 regionibus
1648 3611 1770 3661 suis

164 3678 469 3742 perimeret
479 3680 740 3747 bestiam,
755 3683 929 3735 simul
944 3686 1134 3752 etiam,
1147 3694 1214 3742 ut
1226 3690 1300 3743 ad
1316 3693 1768 3751 misericordiam

167 3768 462 3821 ﬂecterent
485 3781 703 3837 senem,
721 3785 963 3837 puerum
985 3778 1294 3840 quemdam
1313 3786 1562 3847 pastoris
1586 3786 1769 3841 filium

166 3869 367 3910 secum
400 3857 684 3924 deferunt,
722 3863 823 3927 qui
856 3864 977 3918 solo
1015 3867 1146 3920 visu
1173 3869 1436 3925 draconis
1457 3877 1768 3931 exterritus

166 3950 358 4000 mente
380 3948 687 4016 exciderat,
712 3957 771 4005 et
792 3955 865 4006 ab
892 3955 1014 4008 solo
1036 3956 1217 4011 halitu
1241 3961 1447 4016 bestiis
1482 3968 1769 4021 exanimis

167 4037 501 4103 portabatur
530 4051 598 4093 ac
635 4045 892 4107 turgens.
946 4046 1107 4099 Tunc
1135 4048 1228 4101 ille
1259 4063 1504 4115 puerum
1534 4057 1766 4119 quidem

166 4139 496 4193 perungens
526 4128 669 4191 oleo,
694 4133 943 4187 restituit
962 4148 1185 4189 sanum.
1217 4140 1600 4208 Semetipsum
1634 4160 1768 4201 vero

168 4218 238 4271 ad
262 4231 463 4271 necem
488 4220 750 4274 draconis
770 4223 1075 4292 instigans,
1093 4227 1201 4281 illis
1225 4231 1469 4293 interim,
1488 4238 1655 4299 quasi
1670 4240 1769 4303 qui

168 4308 310 4362 nihil
339 4322 438 4362 eos
462 4313 658 4375 posset
674 4312 898 4379 juvare,
919 4319 1251 4381 promittere
1276 4322 1413 4376 nihil
1438 4327 1635 4380 voluit.
1661 4330 1768 4381 Ma-

170 4399 297 4449 ture
310 4403 505 4450 autem
521 4412 758 4465 surgens
780 4404 921 4457 abiit
942 4406 1014 4458 ad
1048 4405 1197 4477 |59
1217 4410 1518 4477 digressus
1542 4417 1767 4480 bestias,

170 4490 227 4539 et
249 4487 376 4539 flxit
399 4501 590 4553 genua
623 4504 731 4544 sua
757 4492 818 4545 in
843 4499 1050 4548 terram
1083 4499 1398 4565 deprecans
1435 4507 1768 4561 Dominum.

1789 3256 1838 3331 C

1878 1976 2024 2029 culo.
2041 1979 2150 2031 Nos
2166 1985 2360 2033 autem
2370 1984 2716 2047 rogabamus
2730 2000 2879 2049 eum,
2893 1993 2959 2042 ut
2973 1991 3095 2055 ipse
3111 1997 3297 2061 magis
3312 2000 3479 2053 nobis

1877 2065 1948 2118 de
1972 2068 2094 2119 suis
2118 2070 2298 2133 gestis
2319 2072 2510 2135 aliqua
2534 2080 2805 2140 narraret,
2828 2082 2886 2130 et
2905 2091 2979 2131 ex
3002 2082 3214 2145 quibus
3233 2088 3478 2155 actibus,

1879 2157 2165 2220 quibusve
2182 2161 2397 2212 meritis
2413 2163 2690 2216 Dominus
2708 2164 2756 2217 ei
2777 2171 2995 2221 tantam
3014 2172 3258 2236 gratiam
3282 2183 3478 2231 contu-

1874 2245 2058 2310 lisset,
2076 2255 2402 2313 exponeret.
2418 2254 2492 2302 At
2505 2252 2597 2304 ille
2613 2253 2755 2306 nihil
2778 2255 3123 2323 dedignatus
3147 2266 3255 2328 est,
3277 2270 3335 2318 et
3351 2280 3477 2320 sum

1875 2336 2031 2399 vitae,
2058 2340 2114 2388 et
2136 2338 2388 2402 priorum
2415 2354 2650 2394 suorum
2667 2356 2893 2398 narrare
2907 2350 3076 2401 nobis
3096 2353 3353 2407 ordinem
3370 2369 3481 2410 cm-

1875 2425 1975 2489 pit,
2004 2438 2149 2489 quos
2177 2431 2369 2481 tamen
2388 2430 2558 2495 longe
2572 2431 2908 2487 illustriores
2931 2436 3112 2492 fuisse
3127 2442 3475 2512 perhibebat,

1876 2526 2052 2577 seque
2080 2515 2337 2579 ipsorum
2377 2520 2639 2584 exempla
2672 2523 2771 2573 vix
2794 2536 2972 2588 parva
2994 2529 3215 2581 sectari.
3242 2532 3483 2588 Dicebat

1873 2615 2037 2667 ergo:
2075 2605 2224 2657 Nihil
2270 2609 2466 2671 magni
2508 2613 2616 2675 est,
2645 2624 2679 2662 o
2717 2598 2892 2677 filioli,
2925 2617 3078 2679 quod
3109 2619 3169 2671 in
3196 2621 3364 2674 nobis
3387 2624 3474 2677 vi-

1872 2692 2044 2753 detis,
2079 2694 2149 2745 ad
2181 2698 2665 2761 comparationem
2690 2708 3024 2757 sanctorum
3048 2714 3296 2772 patrum.

1934 2784 2067 2835 Erat
2082 2784 2237 2836 enim
2254 2786 2487 2850 quidam
2499 2793 2631 2841 ante
2646 2803 2755 2842 nos
2778 2792 2864 2845 vir
2878 2795 3296 2863 nobilissimus,
3312 2801 3474 2854 Pater

1851 2873 2102 2926 .nomine
2128 2876 2345 2928 Mutius
2363 2878 2518 2929 1.Hic
2541 2878 2649 2932 fuit
2676 2880 2899 2945 primus
2920 2883 2981 2935 in
3000 2884 3110 2938 hoc
3132 2886 3258 2941 loco
3281 2903 3475 2944 mona-

1870 2962 2036 3026 chus,
2075 2968 2131 3016 et
2160 2965 2220 3016 in
2252 2966 2407 3017 omni
2445 2967 2553 3020 hac
2577 2982 2765 3022 eremo
2789 2971 2942 3025 viam
2967 2974 3167 3028 salutis
3190 2980 3465 3034 omnibus

1867 3062 2033 3115 nobis
2057 3062 2279 3127 primus
2303 3064 2573 3118 ostendit.
2600 3066 2706 3119 Hic
2727 3071 2919 3122 autem
2953 3067 3100 3140 |60
3129 3075 3310 3139 primo
3326 3079 3468 3131 Gen-

1869 3151 1983 3203 tilis
2022 3150 2146 3215 fuit,
2185 3151 2474 3204 latronum
2501 3154 2811 3220 maximus,
2843 3161 2900 3209 et
2924 3161 3316 3224 sepulcrorum
3338 3166 3466 3218 vio-

1868 3239 2032 3303 lator,
2055 3242 2226 3304 atque
2248 3240 2307 3292 in
2331 3242 2602 3295 omnibus
2623 3244 2856 3309 ﬂagitiis
2890 3247 3355 3312 Opinatissimus:
3392 3255 3467 3307 ad

1870 3342 2044 3395 quem
2078 3328 2176 3382 tali
2206 3343 2278 3383 ex
2310 3332 2483 3385 modo
2520 3333 2745 3387 occasio
2779 3335 2981 3389 salutis
3014 3339 3262 3394 advenit.
3292 3344 3469 3397 Nocte

1871 3419 2121 3483 quadam
2137 3419 2209 3472 ad
2230 3420 2467 3473 domum
2496 3423 2802 3487 cujusdam
2826 3426 3065 3492 virginis
3086 3431 3204 3483 Deo
3229 3435 3469 3487 sacrata

1869 3509 2227 3574 exspoliandi
2251 3522 2456 3563 caussa
2477 3512 2747 3576 perrexit,
2777 3527 3025 3581 cumque
3043 3519 3325 3574 machinis
3343 3524 3471 3587 qui-

1868 3599 2133 3664 busdam,
2149 3612 2280 3664 quae
2295 3600 2637 3666 hujusmodi
2651 3605 2963 3659 artificibus
2980 3609 3122 3661 satis
3138 3615 3293 3664 notae
3310 3618 3467 3676 sunt,

1869 3688 2077 3741 domus
2098 3696 2225 3755 ejus
2244 3694 2391 3744 tecta
2407 3694 2861 3760 conscendisset,
2873 3710 3141 3762 quaerens
3159 3700 3312 3765 quali
3328 3706 3467 3768 arte,

1869 3779 1961 3831 vel
1985 3790 2101 3843 quo
2115 3779 2275 3833 aditu
2289 3780 2363 3833 ad
2380 3782 2690 3847 penetralia
2704 3786 2752 3850 ej
2760 3799 2832 3839 us
2846 3787 3123 3852 irriperet,
3137 3789 3469 3847 difﬁcultate

1868 3870 2226 3934 perpetrandi
2238 3872 2424 3935 operis
2438 3873 3021 3940 innexus,plurimum
3036 3879 3224 3933 noctis
3236 3885 3467 3948 tempus

1866 3959 1927 4011 in
1972 3960 2138 4012 tectis
2180 3961 2424 4026 positus,
2456 3963 2582 4017 sine
2615 3964 2732 4019 ullo
2766 3968 3044 4032 transegit
3074 3969 3297 4023 effectu.
3331 3974 3469 4028 Post

1867 4047 2083 4101 multos
2117 4063 2251 4104 vero
2273 4052 2448 4105 animi
2473 4059 2714 4107 conatus
2739 4055 2952 4109 frustra
2972 4058 3277 4126 adhibitos,
3293 4060 3468 4116 veluti

1866 4141 2074 4205 fessus,
2087 4154 2287 4194 somno
2300 4142 2654 4208 opprimitur,
2667 4150 2726 4199 et
2741 4158 2842 4211 per
2856 4147 3050 4201 visum
3064 4150 3338 4206 assistere
3355 4154 3467 4206 sibi

1867 4231 2029 4283 videt
2052 4232 2360 4296 quemdam
2375 4234 2531 4299 regio
2546 4235 2765 4297 habitu,
2780 4237 3062 4293 dicentem
3084 4254 3097 4291 :
3123 4241 3333 4295 Desine
3344 4244 3467 4309 jam

1866 4322 1939 4373 ab
1981 4321 2073 4373 his
2105 4323 2356 4388 flagitiis,
2408 4328 2467 4377 et
2497 4325 2570 4377 ab
2604 4326 2882 4381 effusione
2905 4329 3142 4383 humani
3167 4334 3466 4399 sanguinis

1867 4423 2051 4473 cessa,
2101 4417 2275 4477 atque
2318 4415 2391 4466 ab
2423 4416 2871 4471 exsecrabilibus
2904 4419 3071 4472 furtis
3106 4420 3181 4473 ad
3211 4421 3469 4476 laborem

1868 4501 2199 4567 religiosum
2248 4511 2522 4558 converte
2553 4507 2796 4571 vigilias,
2833 4513 2892 4561 et
2919 4510 3147 4575 suscipe
3172 4512 3469 4567 ccelestem

170 4577 324 4628 Tunc
361 4578 545 4631 bestia
580 4593 712 4632 cum
740 4582 959 4648 ingenti
981 4588 1198 4653 impetu
1222 4593 1416 4645 venire
1440 4607 1611 4660 super
1632 4610 1767 4651 eum
1792 4579 1855 4654 D
1871 4591 2302 4657 angelieamque
2317 4594 2597 4659 militiam,
2615 4601 2787 4661 atque
2810 4611 2881 4651 eX
2901 4598 3148 4663 heejem
3165 4602 3344 4655 animi
3364 4604 3470 4657 Vir-

170 4665 358 4730 caepit,
391 4669 695 4722 teterrimis
719 4672 968 4741 ﬂatibus,
1003 4688 1072 4729 ac
1101 4675 1280 4732 sibilis
1314 4683 1769 4752 stridoribusque

171 4755 503 4820 praemissis.
530 4759 710 4812 Atille
732 4761 877 4815 nihil
907 4765 1112 4819 horum
1138 4773 1430 4839 metuens,
1456 4787 1769 4831 conversus

173 4844 244 4898 ad
269 4843 572 4900 draconem
597 4848 745 4903 dixit
770 4869 781 4900 :
816 4853 1062 4908 Perimat
1083 4862 1139 4910 te
1164 4859 1424 4915 Christus
1447 4864 1625 4918 Filius
1644 4867 1764 4931 Dei,

173 4934 272 4999 qui
287 4940 684 5003 perempturus
702 4943 790 4993 est
811 4945 1002 4997 cetum
1020 4960 1316 5015 magnum.
1343 4954 1413 5005 Et
1430 4955 1528 5008 ubi
1543 4955 1671 5011 haec
1685 4971 1768 5011 se-

170 5024 298 5078 nior
312 5024 475 5089 dixit,
496 5028 691 5082 statim
712 5031 1036 5089 dirissimus
1060 5037 1231 5093 draco
1248 5053 1421 5098 omne
1442 5045 1613 5100 simul
1636 5061 1768 5101 cum

173 5113 375 5181 spiritu
387 5128 663 5173 evomens
675 5126 1284 5196 venenum,disruptus
1295 5135 1486 5200 crepui
1495 5140 1515 5189 t
1523 5138 1765 5192 medius.

172 5205 311 5257 Cum
325 5208 523 5260 autem
537 5208 950 5268 convenissent
958 5216 1186 5273 finitimi
1195 5221 1626 5291 habitatores,et
1636 5240 1767 5281 cum

172 5292 321 5349 facto
330 5296 609 5353 miraculo
620 5301 1191 5372 obstupescerent,faa
1197 5313 1332 5365 toris
1344 5315 1769 5372 vehementiam

236 5467 273 5497 "
288 5468 756 5555 Copreteillujus
775 5474 1312 5555 nulliliimcntionem
1326 5485 1542 5538 invenio
1558 5496 1769 5555 prater-

362 5541 513 5605 apud
525 5542 906 5624 §osomcnum.
925 5549 1013 5602 lib.
1050 5554 1129 5614 VI,
1155 5571 1272 5621 cap.
1289 5555 1375 5612 ‘28.
1400 5541 1769 5624 Nico};th

174 5608 261 5663 lib.
274 5612 367 5691 X_l_,
383 5627 503 5691 cap.
523 5612 608 5669 34.
628 5616 854 5683 Copres,
868 5620 1048 5687 inquit
1063 5608 1418 5691 Νἱεσρὴοῖνὶιε,

170 5696 238 5738 ex
244 5681 640 5758 pellendorum
657 5681 1017 5746 etﬁvariorum
1036 5681 1365 5753 morborum
1379 5681 1768 5758 militiai};

170 5755 411 5834 gratiam
433 5763 743 5834 acceperat.
772 5763 908 5817 Cave
940 5767 1211 5834 Coprclem
1236 5771 1381 5825 hunc
1413 5782 1458 5826 ct
1489 5755 1771 5829 Pais—ME;

172 5827 309 5880 tium
331 5828 640 5894 confundas
654 5847 778 5887 cum
789 5835 994 5889 duobus
1008 5827 1132 5893 aliis
1149 5842 1381 5909 ejusdem
1397 5827 1658 5914 nominis,
1672 5827 1770 5917 qui

1871 4682 2093 4735 tutibus
2117 4683 2275 4735 vive:
2300 4688 2358 4736 et
2380 4697 2515 4750 ergo
2538 4690 2593 4738 te
2624 4687 2798 4752 hujus
2820 4688 3041 4743 militia}
3064 4690 3271 4746 ducem
3296 4700 3471 4760 atque

1868 4771 2181 4838 principem
2211 4771 2433 4826 faciam.
2454 4777 2533 4828 At
2553 4774 2646 4828 ille
2662 4788 2794 4829 cum
2812 4780 3185 4848 gratulanter,
3202 4795 3335 4849 quae
3359 4785 3468 4838 sibi

1869 4862 2271 4922 offerebantur,
2295 4866 2570 4930 audisset,
2598 4870 2923 4925 ostenditur
2950 4877 3009 4926 et
3038 4878 3328 4932 exercitus
3351 4895 3467 4937 mos

1867 4953 2202 5018 nachorum,
2219 4960 2278 5007 et
2298 4955 2676 5023 principatum
2694 4972 2862 5026 super
2878 4974 2980 5015 eos
2994 4964 3233 5029 jubetur
3255 4975 3463 5027 tenere.

1867 5044 1932 5095 In
1975 5043 2068 5095 his
2105 5045 2402 5112 evigilans,
2436 5050 2724 5102 astantem
2758 5052 2917 5105 videt
2950 5055 3057 5108 sibi
3085 5057 3382 5126 virginem,
3410 5068 3470 5117 et

1867 5132 2270 5200 requirentem,
2284 5136 2433 5201 quis,
2445 5141 2548 5191 aut
2564 5138 2734 5205 unde,
2747 5140 2840 5193 vel
2852 5154 2955 5195 cur
2968 5142 3102 5197 illuc
3112 5146 3467 5206 advenisset.

1868 5222 2056 5276 Atille
2080 5225 2247 5289 quasi
2269 5238 2473 5280 amens
2505 5229 2762 5294 effectus,
2787 5232 2932 5285 nihil
2952 5234 3003 5286 ei
3026 5238 3341 5305 respondit,
3364 5241 3468 5295 sed

1869 5317 2097 5367 tantum
2119 5319 2186 5367 ut
2206 5316 2519 5372 Ecclesiam
2543 5320 2653 5372 sibi
2678 5322 3008 5377 ostenderet
3022 5329 3203 5391 rogat.
3216 5326 3318 5382 Illa
3332 5342 3470 5385 vero

1866 5486 2016 5564 [uere
2061 5490 2335 5564 marlyres
2367 5491 2597 5564 (enipore
2610 5489 2846 5564 ⁸ιῘιιζίᾳῃί
2875 5500 3144 5558 apostatae,
3179 5498 3242 5548 de
3272 5499 3468 5564 quibus

1868 5556 1930 5608 in
1961 5560 2239 5636 Menaeiscl
2277 5559 2575 5636 Menologio
2605 5559 2837 5636 9_._Juzzfi.
2868 5556 3024 5615 Alius
3051 5556 3215 5618 ctiam.
3241 5556 3471 5636 C'oprius

1869 5636 2099 5697 lempom
2141 5631 2418 5681 Theodosii
2466 5632 2877 5696 Cwnobiarchae,
2913 5636 2978 5686 de
3022 5654 3128 5704 quo
3182 5631 3352 5694 Graeci
3397 5643 3468 5702 24

1870 5704 2155 5770 Septembr.
2183 5719 2315 5755 nam
2346 5703 2432 5754 hic
2454 5704 2671 5758 Judior.
2704 5706 3092 5765 ROSWEIDUS.

1933 5780 1949 5814 ι
1988 5779 2126 5831 Haec
2141 5777 2213 5830 de
2227 5778 2574 5830 Patermutio
2592 5778 2805 5834 desunt
2820 5781 3068 5837 Palladio
3086 5785 3301 5843 Latino.
3320 5788 3466 5847 Sunt

1865 5848 1928 5904 in
1950 5855 2201 5916 excerpt.
2235 5850 2449 5906 Grecis
2472 5850 2736 5908 Biblioth.
2751 5855 3125 5921 Augustanae.
