3898 6388
496 432 600 489 423

1522 426 1766 479 RUFINI
1801 426 2292 488 AQUILEIENSIS
2326 425 2762 478 PRESBYTER!

3691 424 3790 480 424

497 562 633 602 cum
662 546 1057 607 intellexisset,
1090 557 1213 597 esse
1245 544 1305 595 in
1339 555 1401 595 se
1431 540 1647 605 aliquid
1669 540 1859 606 operis
1893 539 2090 601 divini,
2111 544 2167 616 Α
2190 539 2451 592 admirati
2475 542 2612 591 sunt
2626 538 2792 592 valde
2809 550 2981 603 super
2996 541 3113 590 tam
3135 539 3377 590 mirabili
3392 538 3540 592 facto
3557 540 3608 604 ej
3619 544 3793 592 us.At

497 640 791 693 hominem
815 634 1072 702 perducit
1092 634 1164 685 ad
1190 632 1519 695 Ecclesiam,
1542 644 1609 683 ac
1631 631 1985 695 Presbyteris
2008 630 2092 682 of-

2190 629 2303 694 iile,
2327 631 2551 693 sepulto
2563 628 2942 691 adolescente,
2956 628 3233 680 continuo
3248 628 3321 679 ad
3332 642 3589 681 eremum
3606 629 3790 691 rediit,

497 731 622 783 fert.
671 727 759 780 Ad
802 737 1045 791 quorum
1088 723 1179 774 ille
1221 722 1466 785 vestigia
1514 732 1809 785 proruens,
1855 721 2093 783 rogabat
2188 732 2417 771 summo
2442 718 2633 769 studio
2659 717 2994 781 jactantiam
3022 717 3338 769 declinans.
3380 732 3387 739 ο

496 820 877 876 Christianum
902 826 963 865 se
987 812 1127 875 fieri,
1153 816 1211 864 et
1237 812 1387 863 illico
1408 810 1516 862 sibi
1531 808 1927 874 panitentiam
1949 808 2088 859 dari.

497 907 816 974 Presbyteri
831 918 988 967 vero,
1006 903 1106 967 qui
1121 901 1549 965 cognoscebant
1572 900 1759 950 virum
1784 899 1938 950 hunc
1962 910 2090 950 esse

494 1000 753 1056 omnium
780 996 1124 1062 ﬂagitiorum
1156 991 1489 1057 principem,
1515 989 1869 1040 mirabantur
1892 987 1942 1039 si
1963 987 2091 1039 hac

493 1103 631 1146 vera
638 1090 985 1153 loqueretur.
1000 1086 1069 1136 Et
1079 1095 1212 1134 cum
1223 1078 1750 1147 perseverantia(sic)
1760 1077 1849 1129 sui
1862 1080 2005 1126 ﬁdem
2019 1078 2090 1126 rei

490 1182 741 1243 fecisset,
764 1178 1007 1229 monent
1028 1185 1181 1237 eum,
1207 1174 1273 1223 ut
1299 1168 1355 1222 si
1372 1169 1500 1222 hac
1530 1167 1719 1232 vellet,
1744 1167 1840 1219 illa
1861 1166 2090 1231 penitus

492 1271 799 1326 omitteret.
826 1264 1045 1318 Dehinc
1068 1274 1200 1314 cum
1224 1258 1510 1324 religionis
1533 1257 1695 1310 initia
1718 1256 2089 1319 suscepisset,

495 1364 619 1416 orat
639 1358 748 1411 sibi
771 1358 1059 1422 pracepta
1077 1351 1218 1415 dari,
1236 1350 1447 1413 quibus
1465 1348 1616 1400 viam
1633 1347 1836 1398 salutis
1858 1344 2091 1397 deberet

495 1449 772 1504 incedere.
808 1448 886 1498 At
906 1444 988 1496 illi
1018 1446 1130 1496 tres
1152 1442 1204 1494 ei
1225 1440 1388 1505 primi
1411 1438 1621 1489 Psalmi
1643 1435 1957 1489 versiculos
1976 1438 2090 1486 tra-

496 1542 662 1594 dunt.
699 1537 920 1601 Quibus
951 1533 1044 1587 ille
1074 1531 1371 1596 diligenter
1401 1527 1795 1587 consideratis,
1828 1524 2090 1577 sufﬁcere

496 1630 607 1684 sibi
636 1629 717 1681 ait
754 1639 853 1680 eos
889 1624 963 1677 ad
993 1622 1149 1676 viam
1181 1619 1404 1683 salutis,
1428 1620 1483 1670 et
1511 1617 1811 1670 scientiam
1842 1614 2087 1681 pietatis.

495 1694 822 1781 Tribusque
840 1714 1046 1767 diebus
1070 1720 1410 1777 permanens
1432 1706 1586 1772 apud
1601 1719 1719 1770 eos,
1738 1705 1810 1758 ad
1834 1718 2089 1757 eremum

494 1805 887 1879 proficiscitur,
921 1798 1043 1870 |6|
1075 1799 1176 1851 ubi
1198 1797 1442 1863 plurimo
1470 1798 1719 1860 tempore
1741 1794 2087 1857 demoratus,

2249 810 2509 870 Quodam
2526 814 2717 859 autem
2736 812 2988 871 tempore
3004 807 3211 859 iterum
3236 807 3307 860 de
3330 821 3519 861 eremo
3544 809 3789 861 venitad

2186 898 2504 951 visitandos
2539 898 2759 959 fratres,
2804 908 2953 959 quos
2995 896 3118 961 ipse
3152 897 3493 950 instituerat.
3543 900 3615 951 Et
3656 912 3789 950 cum

2185 988 2418 1053 quidam
2442 1002 2516 1040 ex
2548 988 2629 1039 eis
2659 987 2719 1038 in
2742 986 3016 1038 extremis
3040 992 3254 1052 ageret,
3278 988 3597 1039 revelatum
3619 991 3711 1040 est
3737 988 3788 1040 ei

2184 1090 2219 1131 a
2251 1078 2512 1140 Domino,
2547 1076 2701 1141 quod
2736 1081 2892 1128 esset
2923 1076 3251 1129 moriturus.
3278 1078 3431 1130 Hora
3451 1083 3652 1130 autem
3668 1078 3787 1143 jam

2185 1172 2306 1221 erat
2320 1168 2393 1219 ad
2412 1180 2583 1231 vespc
2593 1179 2715 1219 ram
2731 1164 3027 1217 declinans
3046 1184 3056 1215 :
3076 1165 3384 1219 festinabat
3398 1179 3553 1232 ergo,
3571 1172 3640 1220 ut
3655 1180 3787 1220 eum

2184 1258 2378 1312 videre
2394 1262 2607 1322 posset.
2624 1256 2801 1308 Vicus
2817 1261 3011 1308 autem
3028 1256 3125 1308 ubi
3140 1255 3517 1308 decumbebat
3546 1258 3584 1322 ι,
3615 1270 3786 1321 ager,

2185 1349 2355 1414 longo
2378 1348 2570 1400 adhuc
2602 1346 2800 1399 aberat
2825 1346 3030 1410 spatio,
3065 1351 3123 1399 et
3140 1346 3341 1399 nolens
3364 1351 3541 1398 noctu
3557 1347 3789 1400 introire

2185 1441 2401 1502 vicum,
2416 1437 2589 1489 simul
2610 1441 2667 1489 et
2691 1436 3000 1499 Salvatoris
3018 1449 3342 1489 sermonem
3356 1436 3506 1489 intra
3522 1438 3791 1502 semetip—

2187 1541 2317 1581 sum
2328 1528 2632 1590 meditans,
2647 1539 2760 1591 quo
2777 1526 2947 1578 dixit:
2967 1526 3265 1591 Ambulate,
3285 1526 3418 1576 dum
3437 1527 3620 1577 adhuc
3636 1526 3785 1590 lucet,

2183 1633 2252 1668 ne
2274 1632 2361 1667 vos
2388 1615 2603 1665 tenebrae
2622 1614 3081 1679 comprehendant
3107 1615 3285 1679 (Joan.
3312 1613 3438 1678 12.),
3455 1619 3530 1674 et,
3551 1615 3657 1673 Qui
3670 1629 3787 1665 am-

2183 1707 2332 1757 bulat
2366 1707 2425 1755 in
2449 1706 2580 1769 lucc,
2603 1719 2715 1754 non
2732 1702 2956 1768 offendit
2985 1704 3158 1769 (Joan.
3181 1703 3306 1768 11.).
3326 1706 3395 1756 Et
3410 1717 3544 1757 cum
3569 1704 3789 1757 videret

2182 1798 2303 1863 jam
2328 1796 2507 1847 solem
2531 1793 2801 1859 demergi,
2816 1794 2907 1845 ait
2929 1793 3000 1845 ad
3024 1806 3183 1845 eum:
3212 1795 3276 1846 In
3303 1795 3536 1847 nomine
3559 1795 3787 1847 Domini

492 1872 552 1955 et
575 1899 666 1951 die
693 1909 760 1949 ac
782 1897 950 1948 nocte
965 1893 1026 1943 in
1040 1890 1294 1943 oratione
1313 1899 1447 1939 cum
1469 1884 1735 1949 lacrymis
1752 1883 2083 1948 perdurans,
2110 1872 2164 1946 B
2193 1885 2376 1939 nostri
2396 1886 2426 1936 J
2433 1898 2537 1935 esu
2564 1883 2772 1935 Christi
2796 1888 2886 1935 sta
2902 1883 3186 1947 paulisper
3199 1883 3473 1937 initinere
3491 1889 3608 1951 tuo,
3622 1890 3680 1939 et
3693 1900 3789 1940 ex-

496 1991 689 2044 cibum
721 1999 795 2039 ex
817 1982 1104 2037 radicibus
1126 1978 1440 2042 accipiebat
1460 1976 1787 2028 herbarum.

552 2082 871 2143 Regressus
899 2077 1096 2125 autem
1140 2068 1213 2120 ad
1252 2066 1578 2127 Ecclesiam,
1620 2069 1735 2117 tres
1771 2062 2089 2117 versiculos

490 2167 721 2232 Psalmi,
764 2177 909 2230 quos
941 2175 976 2214 a
999 2157 1351 2223 Presbyteris
1376 2158 1725 2221 perceperat;
1753 2165 1870 2205 non
1901 2152 2087 2204 solum

490 2258 702 2319 verbis,
722 2255 823 2308 sed
841 2255 896 2306 et
910 2253 1081 2303 rebus
1097 2251 1269 2313 atque
1285 2246 1553 2312 operibus
1570 2243 1829 2296 reddidit.
1844 2243 2088 2307 Presby-

490 2348 595 2403 teri
613 2358 749 2401 vero
771 2343 1142 2402 mirabantur,
1161 2338 1313 2403 quod
1329 2336 1517 2388 subito
1534 2346 1864 2395 conversus,
1878 2332 2085 2384 acerri-

488 2450 647 2492 mam
664 2436 859 2489 statim
873 2431 1081 2497 ingerit
1096 2428 1203 2481 sibi
1218 2425 1624 2479 abstinentiam
1640 2438 1653 2475 :
1666 2427 1721 2475 et
1731 2424 2084 2474 instruentes

489 2540 622 2582 eum
654 2525 878 2591 plenius
901 2520 1112 2573 divinis
1146 2516 1469 2581 Scripturis,
1494 2513 1869 2565 hortabantur
1885 2524 2083 2564 secum

490 2613 791 2670 demorari.
808 2615 884 2664 At
900 2609 993 2662 ille
1014 2621 1085 2660 ne
1100 2606 1391 2658 videretur
1405 2616 1530 2655 esse
1540 2601 1892 2662 inobediens,
1906 2613 2083 2653 unam

491 2705 646 2772 apud
682 2715 781 2756 eos
812 2700 1046 2763 exigens
1077 2693 1513 2753 hebdomadam,
1552 2703 1755 2743 rursus
1790 2691 1975 2755 pergit
2008 2689 2082 2741 ad

491 2805 769 2857 eremum,
802 2794 976 2853 atque
1004 2787 1080 2838 ibi
1111 2797 1212 2851 per
1234 2787 1456 2848 septem
1485 2780 1785 2833 continuos
1817 2791 2001 2831 annos
2022 2779 2083 2831 in

490 2885 647 2939 omni
655 2877 1002 2934 abstinentia
1011 2875 1245 2940 degens,
1258 2870 1670 2938 plenitudinem
1684 2870 1882 2934 gratia
1893 2881 2084 2921 conse-

490 2973 685 3039 quitur
707 2983 742 3022 a
758 2967 1020 3029 Domino,
1037 2965 1118 3015 ita
1139 2964 1203 3015 ut
1220 2975 1389 3027 pane
1407 2972 1609 3011 omnes
1626 2958 1942 3023 Scripturas
1959 2969 2081 3009 me-

487 3062 719 3116 moriter
749 3062 983 3111 teneret.
1022 3056 1230 3106 Panem
1263 3064 1399 3105 vero
1424 3048 1721 3102 Dominica
1743 3052 1970 3099 tantum
1992 3046 2084 3098 die

483 3151 751 3206 sumebat
770 3162 783 3200 :
800 3151 859 3200 et
875 3146 1031 3198 hunc
1047 3141 1327 3196 divinitus
1349 3140 1619 3192 delatum.
1641 3140 1785 3190 Nam
1808 3149 1942 3189 cum
1964 3148 2085 3188 ora-

2187 1968 2497 2040 specta'ine
2522 1973 2703 2025 donec
2730 1972 2804 2024 ad
2836 1974 3028 2025 vicum
3053 1973 3403 2037 perveniam.
3426 1974 3621 2027 Atille
3652 1989 3789 2029 cum

2185 2064 2378 2128 aliqua
2388 2064 2508 2127 jam
2526 2062 2704 2127 mergi
2722 2061 2991 2127 capisset
3006 2074 3078 2114 ex
3096 2063 3616 2127 parte,restitit,nec
3629 2066 3788 2131 prius

2185 2153 2468 2217 occubuit,
2494 2165 2665 2216 quam
2688 2152 2860 2203 homo
2882 2152 2982 2203 Dei
2999 2152 3320 2216 perveniret
3340 2152 3412 2204 ad
3435 2154 3646 2206 vicum.
3666 2157 3788 2209 Hoc

2183 2247 2379 2295 autem
2402 2240 2775 2293 manifestum
2800 2240 3014 2292 factum
3035 2245 3127 2292 est
3145 2241 3412 2293 omnibus
3430 2241 3543 2294 illis
3568 2244 3671 2307 qui
3688 2244 3790 2297 ibi-

2184 2333 2317 2384 dem
2341 2332 2750 2384 consistebant.
2773 2332 3003 2382 Stantes
3028 2331 3179 2382 enim
3202 2334 3260 2382 et
3280 2330 3574 2385 intuentes
3594 2346 3787 2387 moras

2183 2423 2321 2475 solis
2343 2422 2403 2473 in
2425 2433 2715 2485 occasum,
2735 2420 3091 2472 mirabantur
3106 2433 3305 2474 omnes
3330 2422 3469 2486 quid
3493 2423 3603 2475 sibi
3620 2424 3793 2476 vellet

2181 2511 2307 2575 hoc,
2333 2510 2489 2576 quod
2515 2513 2599 2563 tot
2611 2510 2767 2561 horis
2784 2511 2845 2561 in
2860 2522 3129 2563 occasum
3151 2524 3321 2562 suum
3337 2524 3456 2564 non
3474 2511 3790 2565 descende-

2180 2607 2269 2654 ret
2305 2599 2409 2654 sol.
2450 2601 2728 2653 Videntes
2763 2602 2958 2653 autem
2984 2601 3479 2654 Patrem-Mutium
3503 2602 3575 2654 de
3597 2615 3791 2656 eremo

2179 2691 2527 2755 venientem,
2559 2690 2898 2755 quarebant
2919 2691 2991 2742 ab
3020 2703 3106 2755 eo,
3132 2691 3270 2755 quid
3298 2691 3409 2743 hoc
3433 2694 3588 2744 esset
3615 2694 3782 2760 signi,

2180 2785 2335 2846 quod
2359 2779 2689 2832 ostenderat
2711 2779 2813 2831 sol.
2838 2782 2916 2832 At
2936 2780 3029 2832 ille
3051 2780 3474 2844 respondit'eis:
3509 2784 3636 2836 Non
3660 2798 3783 2839 me-

2183 2870 2426 2922 ministis
2442 2882 2641 2923 vocem
2654 2870 2881 2920 Domini
2893 2875 2949 2922 et
2960 2868 3053 2921 Sal
3060 2870 3268 2922 vatoris
3281 2882 3383 2921 nos
3391 2871 3461 2921 tri
3476 2870 3782 2927 dicentem:

2184 2960 2245 3011 Si
2272 2958 2564 3008 habueritis
2579 2957 2739 3020 ﬁdem
2762 2958 2896 3007 sicut
2919 2972 3160 3021 granum
3181 2958 3411 3022 sinapis,
3443 2959 3666 3024 majora
3696 2963 3784 3012 ho-

2181 3065 2310 3100 rum
2333 3050 2493 3113 signa
2514 3048 2722 3111 facielis
2745 3048 2954 3113 (Matth.
2980 3046 3083 3112 17.)
3098 3050 3123 3098 Ἰ
3146 3052 3223 3101 At
3242 3048 3321 3100 illi
3339 3061 3473 3100 cum
3486 3050 3785 3104 intellixis-

2186 3151 2333 3209 sent,
2373 3147 2446 3198 ad
2492 3146 2620 3210 ejus
2656 3145 2829 3197 iidem
2864 3145 3041 3197 solem
3073 3145 3321 3209 stetisse,
3347 3147 3549 3201 timore
3574 3162 3786 3216 magno

484 3246 592 3306 Γθῐς
609 3251 855 3304 surgens
868 3236 941 3288 ab
957 3233 1211 3287 οΐλιίοηθ
1226 3230 1555 3285 inveniebat
1579 3240 1785 3293 Panem
1809 3227 2082 3292 Ροεὶωω,
2113 3245 2159 3319 C
2184 3236 2439 3289 exterriti
2485 3239 2639 3299 sunt,
2682 3235 3019 3299 plurimique
3054 3248 3250 3287 eorum
3277 3236 3602 3301 junxerunt
3636 3252 3701 3291 se
3733 3241 3786 3291 ei

486 3344 663 3398 quem
685 3340 854 3381 nemo
869 3323 1171 3378 hominum
1186 3320 1481 3373 detulerat.
1502 3319 1670 3369 Hunc
1688 3316 1788 3369 ubi
1803 3329 1935 3368 cum
1960 3329 2085 3381 gra-

485 3423 696 3475 tiarum
719 3417 940 3470 actione
965 3412 1291 3475 sumsisset,
1310 3408 1629 3461 sufﬁciebat
1648 3419 1833 3471 usque
1854 3405 1926 3458 ad
1950 3405 2087 3458 alte-

484 3522 609 3564 ram
642 3505 1003 3561 Dominicam
1032 3502 1201 3554 diem.

546 3600 683 3651 Post
717 3593 967 3648 multum
994 3603 1131 3644 vero
1169 3587 1440 3653 temporis
1483 3586 1692 3638 iterum
1727 3596 2029 3649 regressus
2051 3594 2087 3635 a

486 3688 731 3749 deserto,
745 3682 1007 3747 exemplo
1023 3678 1389 3733 abstinentia
1406 3687 1529 3728 sua
1542 3673 1996 3739 quamplurimos
2012 3671 2086 3724 ad

484 3776 861 3831 imitationem
874 3772 965 3825 sui
980 3769 1274 3824 invitavit:
1292 3767 1441 3819 inter
1454 3777 1599 3829 quos
1615 3764 1856 3816 accessit
1869 3762 1941 3815 ad
1951 3774 2085 3815 eum

483 3866 821 3922 adolescens
833 3862 1088 3928 quidam,
1102 3858 1339 3924 cupiens
1351 3857 1480 3921 ejus
1490 3868 1621 3909 esse
1632 3854 1966 3921 discipulus.
1982 3854 2086 3907 Cui

482 3957 577 4011 ille
614 3968 750 4009 cum
786 3952 1047 4007 habitum
1081 3948 1516 4011 monachorum,
1540 3946 1650 3998 hoc
1670 3950 1757 3998 cst
1780 3954 1798 3974 ·
1820 3944 2084 4009 lebetam,

479 4052 540 4102 et
577 4045 883 4109 cucullam,
919 4055 987 4095 ac
1022 4040 1311 4102 melotem,
1350 4050 1482 4102 qua
1518 4040 1607 4089 est
1638 4034 1869 4099 caprina
1899 4034 2083 4099 pellis,

479 4135 869 4202 imposuisset,
900 4132 1103 4185 docere
1137 4141 1271 4181 eum
1307 4127 1380 4180 de
1419 4126 1645 4179 cateris
1667 4124 2085 4177 monachorum

480 4223 947 4279 institutionibus
958 4219 1150 4285 capit.
1162 4217 1342 4270 Multa
1354 4221 1548 4269 tamen
1558 4228 1692 4267 cum
1704 4213 2085 4267 sollicitudine

481 4317 733 4377 curabat,
749 4311 935 4365 sicubi
950 4309 1401 4363 Christianorum
1425 4306 1557 4370 quis
1572 4304 1779 4357 fuisset
1796 4307 2083 4366 defunctus,

479 4410 548 4460 ut
564 4404 829 4470 sepeliret
843 4414 996 4456 eum.
1014 4400 1198 4462 Quem
1222 4409 1356 4449 cum
1380 4395 1621 4448 vidisset
1643 4393 1976 4447 adolescens
1991 4394 2085 4447 ille

482 4494 799 4559 discipulus
830 4504 975 4545 suus
999 4499 1227 4542 summa
1254 4498 1387 4539 cum
1410 4484 1705 4549 diligentia
1731 4484 1973 4537 mortuis
1994 4484 2083 4536 in-

2181 3325 2515 3391 discipulos,
2553 3330 2613 3378 et
2646 3324 2809 3388 sequi
2848 3337 2984 3377 eum
3019 3330 3337 3390 coeperunt.
3372 3328 3515 3378 Cum
3537 3316 3672 3394 ergo
3695 3329 3787 3382 in-

2180 3428 2417 3480 gressus
2454 3416 2660 3467 fuisset
2681 3414 2919 3466 domum
2944 3413 3100 3466 illius
3125 3414 3335 3480 fratris,
3359 3429 3460 3481 pro
3489 3430 3602 3481 quo
3625 3418 3789 3485 festi_

2180 3508 2436 3567 naverat,
2456 3508 2512 3557 et
2530 3504 2847 3558 invenisset
2861 3517 2993 3557 eum
3004 3505 3129 3569 jam
3144 3504 3501 3569 defunctum,
3524 3508 3785 3561 oratione

2182 3594 2351 3658 facta,
2376 3594 2655 3646 accedens
2692 3593 2763 3645 ad
2793 3593 3090 3658 lectulum,
3118 3593 3413 3646 osculatus
3436 3600 3528 3648 est
3549 3609 3703 3662 eum,
3728 3603 3786 3650 et

2181 3686 2292 3737 ait:
2340 3684 2486 3747 Quid
2521 3684 2711 3749 magis
2742 3683 3010 3736 desiderii
3052 3683 3252 3747 habes,
3296 3683 3486 3747 frater,
3520 3686 3692 3750 abire,
3729 3693 3784 3741 et

2182 3786 2309 3826 esse
2324 3786 2457 3825 cum
2472 3772 2717 3837 Christo,
2730 3785 2805 3825 an
2821 3785 3156 3838 permanere
3177 3773 3236 3825 in
3258 3786 3429 3826 carne
3442 3776 3469 3826 ‘i
3491 3775 3654 3827 Tunc
3668 3775 3782 3842 ille,

2181 3864 2512 3927 recuperato
2536 3863 2756 3927 spiritu,
2774 3861 3071 3927 paululum
3095 3861 3324 3927 resedit,
3356 3867 3414 3915 et
3433 3863 3513 3915 ait
3526 3863 3600 3915 ad
3615 3877 3777 3919 eum:

2184 3951 2332 4012 Quid
2340 3963 2433 4003 me
2442 3964 2696 4013 revocas,
2713 3954 2873 4016 pater
2885 3953 2912 4002 τι
2925 3950 3135 4003 melius
3151 3952 3307 4003 enim
3319 3954 3408 4003 est
3420 3951 3564 4004 mihi
3578 3953 3781 4018 redire,

2182 4042 2241 4091 et
2284 4052 2411 4092 esse
2447 4052 2579 4092 cum
2603 4040 2859 4092 Christo:
2909 4051 3243 4104 permanere
3297 4036 3446 4109 |63
3484 4046 3681 4095 autem
3720 4042 3781 4095 in

2183 4139 2367 4191 carne,
2394 4128 2535 4179 mihi
2556 4128 2939 4184 necessarium
2968 4141 3084 4181 non
3106 4131 3231 4182 est:
3257 4130 3348 4181 cui
3369 4129 3552 4183 dixit:
3586 4132 3782 4184 Dormi

2184 4230 2320 4283 ergo
2349 4218 2409 4271 in
2444 4231 2601 4283 pace,
2644 4219 2744 4281 illi,
2793 4224 2853 4272 et
2891 4231 2992 4273 ora
3027 4232 3129 4284 pro
3151 4231 3263 4271 me.
3288 4222 3363 4272 At
3386 4220 3479 4273 ille
3508 4223 3782 4276 continuo

2184 4307 2467 4360 reclinans
2496 4320 2559 4361 se
2576 4308 2637 4359 in
2660 4308 2887 4371 lectulo,
2908 4308 3200 4362 dormivit.
3218 4310 3291 4361 Hi
3311 4314 3507 4363 autem
3530 4311 3631 4375 qui
3653 4311 3780 4365 ade-

2186 4402 2332 4460 rant,
2372 4398 2812 4463 obstupuerunt,
2846 4398 3101 4453 dicentes
3127 4414 3140 4450 :
3176 4400 3324 4452 Vere
3354 4400 3458 4452 Dei
3489 4400 3664 4455 homo
3696 4407 3784 4455 est

2186 4487 2297 4539 hic.
2325 4488 2487 4539 Tunc
2523 4488 2617 4541 ille
2650 4488 2842 4540 induit
2881 4488 3321 4553 adolescentem,
3369 4493 3436 4542 ut
3468 4490 3576 4543 sibi
3608 4492 3786 4545 moris

481 4585 759 4638 dumenta
779 4585 1094 4647 aptantem,
1115 4576 1253 4630 dicit
1275 4576 1348 4628 ad
1372 4587 1528 4628 eum:
1557 4574 1795 4639 Vellem,
1818 4576 1885 4626 ut
1907 4577 1966 4626 et
1987 4585 2081 4625 me
2104 4574 2162 4643 D
2181 4581 2320 4642 erat,
2346 4577 2488 4629 satis
2512 4577 2734 4642 decore,
2760 4582 2820 4631 et
2843 4583 3016 4632 totam
3039 4584 3267 4631 noctem
3282 4580 3520 4645 psalmis
3534 4580 3788 4646 hymnis-

480 4677 777 4728 mortuum
799 4671 880 4724 ita
898 4669 1168 4722 indueres
1182 4679 1250 4720 ac
1279 4664 1566 4730 sepelires,
1583 4664 1875 4729 magister.
1902 4666 1977 4714 At
1991 4661 2085 4714 ille

481 4765 600 4818 ait:
630 4765 717 4814 Ita
744 4760 972 4823 faciam,
1005 4757 1087 4810 illi
1124 4757 1222 4819 mi,
1260 4760 1320 4809 et
1352 4757 1469 4807 tam
1494 4754 1721 4818 copiose
1747 4757 1804 4805 te
1825 4751 2080 4815 induam,

483 4851 667 4905 donec
681 4849 858 4912 dicas,
876 4846 1115 4900 Sufficit.
1129 4846 1389 4897 Postnon
1399 4842 1647 4896 multum
1661 4854 1797 4896 vero
1811 4840 2083 4906 temporis

483 4941 791 4995 defunctus
817 4942 907 4991 est
933 4935 1284 4999 adolescens,
1297 4938 1356 4987 et
1376 4932 1689 4999 pradictus
1713 4943 1900 4985 sermo
1924 4943 2084 4983 com-

482 5030 684 5098 pletur.
710 5031 857 5082 Cum
875 5026 1031 5080 enim
1052 5024 1298 5092 plurima
1320 5024 1369 5077 ei
1403 5021 1879 5075 circumdedisset
1911 5021 2083 5074 indu-

481 5122 692 5183 menta,
724 5119 806 5172 ait
836 5117 911 5171 ad
934 5129 1068 5171 eum
1092 5126 1286 5170 coram
1318 5112 1590 5167 omnibus
1614 5126 1626 5163 :
1654 5110 1958 5165 Sufﬁciunt
1978 5111 2081 5163 tibi

479 5212 607 5265 hac
626 5209 700 5264 ad
724 5208 1096 5275 sepulturam,
1121 5203 1313 5269 filiole,
1335 5214 1410 5255 an
1432 5202 1623 5255 adhuc
1644 5200 1753 5266 vis,
1777 5202 1844 5253 ut
1863 5200 2081 5266 aliquid

477 5301 797 5354 addamus?
806 5299 965 5351 Tunc
974 5296 1283 5349 defunctus
1296 5304 1496 5346 vocem
1511 5291 1737 5344 cunctis
1751 5293 2079 5341 audientibus

474 5391 683 5456 emisit,
718 5389 983 5443 obvelata
1018 5386 1142 5452 jam
1171 5384 1327 5447 facie,
1359 5382 1639 5447 vultuque
1662 5381 1988 5444 constricto,
2021 5383 2082 5433 et

475 5482 650 5535 dixit:
685 5476 832 5548 I62
872 5477 1096 5541 sumcit,
1130 5477 1307 5541 pater,
1342 5472 1595 5539 implesti
1619 5472 1774 5537 quod
1798 5472 2077 5537 promise-

475 5584 586 5626 ras.
605 5571 1039 5635 Obstupuerunt
1052 5572 1264 5633 autem,
1282 5565 1382 5631 qui
1398 5569 1714 5631 prasentes
1735 5564 1992 5629 aderant,
2020 5568 2076 5616 et

539 5750 557 5774 '
589 5739 837 5807 Lebeta.]
863 5739 927 5792 Id
948 5743 1021 5792 est
1046 5737 1327 5804 colobium,
1351 5737 1468 5789 vide
1491 5751 1612 5803 sup.
1636 5751 1755 5802 cap.
1781 5734 1831 5790 7.

540 5813 558 5852 ι
594 5816 779 5868 Antea
795 5811 1097 5865 decumbat:
1124 5809 1405 5877 ejusmodi
1420 5810 1533 5864 alia
1547 5808 1813 5874 quadam
1839 5818 1970 5873 qua
1986 5809 2074 5874 ty-

2185 4678 2298 4731 que
2331 4668 2667 4733 pervigilem
2701 4668 2934 4732 ducens,
2966 4669 3209 4723 honeste
3241 4670 3520 4735 juvenem
3553 4671 3789 4724 tradidit

2184 4759 2515 4823 sepultura.

2241 4848 2435 4901 Alium
2463 4853 2658 4903 autem
2680 4848 2916 4903 fratrem
2945 4862 3078 4903 cum
3105 4849 3401 4904 visitasset
3427 4849 3780 4905 decumben-

2183 4941 2318 5003 tem,
2343 4939 2442 4992 ubi
2470 4939 2613 4993 vidit
2634 4952 2768 4993 eum
2797 4940 3046 5005 quietem
3066 4940 3269 4993 mortis
3296 4939 3604 4994 difficulter
3628 4943 3781 4994 acci-

2174 5040 2333 5095 pere,
2368 5035 2427 5082 et
2460 5031 2714 5095 graviter
2745 5030 3114 5085 conscientia
3154 5043 3278 5085 sua
3313 5035 3473 5084 metu
3495 5032 3779 5099 redargui,

2178 5119 2259 5171 ait
2279 5121 2347 5171 ad
2364 5131 2527 5172 eum:
2549 5121 2661 5173 Cur
2675 5120 2992 5186 imparatus
3014 5134 3096 5184 es,
3114 5120 3211 5183 fili,
3234 5120 3310 5185 ad
3336 5119 3782 5186 profectionem?

2177 5209 2522 5273 accusatrix,
2536 5214 2604 5263 ut
2618 5209 2807 5275 video,
2824 5210 3073 5275 ignavia
3097 5213 3215 5264 tua
3238 5215 3429 5263 tecum
3453 5211 3641 5277 pergit
3656 5224 3783 5264 con-

2178 5297 2434 5356 scientia.
2472 5301 2640 5352 Tunc
2654 5299 3026 5353 illeexorabat
3036 5313 3189 5366 eum,
3202 5300 3424 5353 dicens:
3443 5300 3693 5354 Obsecro
3709 5306 3781 5365 te,

2177 5399 2360 5462 pater,
2382 5392 2673 5446 intercede
2706 5404 2807 5456 pro
2843 5404 2937 5443 me
2966 5392 3118 5456 apud
3144 5393 3344 5449 Deum,
3367 5395 3432 5442 ut
3457 5391 3600 5442 mihi
3613 5393 3782 5457 parvi

2178 5484 2451 5551 temporis
2485 5483 2736 5549 spatium
2774 5482 3067 5547 largiatur,
3094 5494 3206 5546 quo
3238 5481 3454 5546 possim
3478 5483 3781 5536 emendare

2174 5576 2355 5632 vitam
2396 5587 2603 5629 meam.
2642 5576 2716 5627 At
2746 5573 2841 5627 ille
2870 5574 3018 5627 dixit
3038 5573 3111 5626 ad
3135 5587 3299 5627 eum:
3330 5573 3495 5625 Nunc
3526 5573 3776 5639 spatium

2172 5749 2535 5816 pothetarum
2562 5747 2835 5802 videntur
2866 5747 3093 5814 menda,
3131 5747 3288 5802 taciti
3318 5746 3693 5814 castigamus.
