3898 6412
86 417 190 474 425

1283 421 1626 472 HISTORIA
1663 422 2191 473 MONACHORUM.

3279 423 3383 482 426

89 531 445 598 paenitentiae
460 531 720 595 requiris,
738 530 838 582 ubi
853 530 990 583 vitae
1006 535 1236 594 tempus
1252 531 1539 596 implesti?
1553 533 1680 588 Quid
1711 539 1765 611 Α
1790 545 2046 598 pressus,
2065 532 2207 585 vidit
2232 545 2332 597 per
2353 533 2544 586 visum
2567 533 2778 586 librum
2794 534 2982 587 aureis
3005 532 3208 588 litteris
3233 539 3385 598 scrip-

86 621 335 673 faciebas
361 622 422 672 in
455 620 610 672 omni
643 620 752 671 hoc
790 620 924 673 vitae
954 624 1069 672 tuae
1097 622 1348 685 tempore
1382 623 1408 670 σῖ
1439 622 1565 672 Non
1586 633 1688 686 po-

86 711 248 763 tuisti
276 711 517 763 vulnera
557 713 652 761 tua
689 713 932 760 curare?
967 711 1232 772 Quinimo
1279 715 1336 762 et
1374 711 1695 763 recentiora

86 813 316 864 semper
342 800 612 852 addebas.
639 801 714 850 At
746 798 838 849 ille
878 812 1010 850 cum
1034 804 1391 863 permaneret
1425 813 1695 862 exorans,

83 891 165 942 ait
188 889 260 941 ad
281 902 416 942 eum
439 902 642 941 senex:
663 889 718 940 Si
740 887 890 940 ultra
904 902 1021 940 non
1045 889 1224 940 addas
1242 888 1408 941 malis
1426 893 1523 939 tuis
1547 893 1695 953 mala,

87 980 380 1030 orabimus
401 991 501 1043 pro
529 983 584 1030 te
608 980 810 1029 Deum.
839 979 1030 1030 Bonus
1064 984 1154 1030 est
1186 979 1338 1029 enim
1371 983 1429 1030 et
1452 979 1695 1043 patiens,

88 1073 146 1119 et
164 1067 428 1132 indulget
454 1067 554 1118 tibi
573 1080 772 1131 parum
785 1065 1000 1130 aliquid
1019 1068 1291 1132 temporis
1314 1068 1467 1129 vitae,
1493 1072 1554 1118 ut
1577 1081 1699 1120 om-

89 1158 188 1208 nia
221 1157 414 1208 debita
439 1163 539 1208 tua
571 1157 878 1221 persolvas.
917 1157 987 1207 Et
1010 1169 1142 1208 cum
1166 1162 1298 1220 post
1327 1156 1455 1209 hate
1478 1161 1697 1208 orasset

89 1247 298 1309 Deum,
327 1258 570 1310 surgens
595 1245 665 1297 de
690 1245 964 1307 oratione,
999 1245 1078 1296 ait
1109 1244 1182 1296 ad
1211 1258 1344 1296 eum
1370 1260 1382 1296 :
1412 1247 1553 1296 Ecce
1579 1250 1694 1296 tres

85 1347 275 1386 annos
297 1335 580 1385 Dominus
605 1335 706 1385 tibi
729 1334 1019 1386 concessit
1041 1334 1100 1384 in
1124 1334 1232 1385 hac
1256 1335 1378 1386 vita
1405 1353 1416 1394 ;
1447 1339 1693 1398 tantum,

89 1429 156 1475 ut
179 1436 256 1475 ex
284 1425 477 1474 animo
503 1424 572 1474 ad
591 1425 987 1488 paenitentiam
1013 1425 1382 1476 convertaris.
1403 1425 1473 1475 Et
1494 1435 1692 1488 appre-

87 1513 276 1564 hensa
291 1525 470 1564 manu
486 1514 634 1576 ejus,
656 1511 903 1564 elevavit
920 1524 1053 1564 eum
1077 1512 1147 1564 de
1164 1513 1328 1564 lecto.
1355 1515 1430 1564 At
1453 1511 1544 1564 ille
1569 1526 1696 1565 sur-

87 1614 252 1665 gens,
284 1602 408 1653 sine
428 1601 620 1664 aliqua
635 1601 909 1653 dilatione
934 1606 1170 1653 secutus
1195 1607 1281 1653 est
1297 1602 1504 1653 eumin
1526 1605 1696 1651 deser-

87 1695 231 1742 tum.
258 1689 328 1742 Et
351 1691 448 1742 ubi
476 1691 742 1754 completi
762 1695 900 1742 sunt
923 1695 1040 1743 tres
1063 1691 1216 1754 anni,
1242 1696 1444 1755 postea
1464 1704 1696 1745 revoca-

91 1783 189 1831 bat
213 1792 351 1832 eum
377 1780 449 1831 ad
473 1781 665 1832 locum
696 1780 850 1832 unde
879 1793 1012 1831 eum
1035 1786 1404 1844 assumserat,
1423 1781 1547 1845 jam
1569 1793 1685 1833 non

88 1869 256 1933 quasi
278 1869 587 1930 hominem,
612 1869 712 1920 sed
739 1870 902 1932 quasi
926 1869 1213 1933 Angelum
1236 1882 1308 1922 ex
1335 1870 1568 1922 homine
1594 1874 1690 1920 Deo
1712 1860 1766 1934 B
1786 1898 1922 1960 non,

89 1958 464 2022 consignans,
490 1959 569 2010 ita
603 1963 670 2009 ut
693 1971 892 2010 omnes
925 1958 1273 2011 mirarentur
1295 1959 1366 2011 de
1391 1972 1690 2012 conversa-

93 2047 250 2098 tione
280 2049 422 2112 ejus.
466 2047 725 2111 Cumque
763 2048 1175 2100 convenissent
1205 2049 1278 2100 ad
1319 2061 1453 2100 eum
1492 2049 1692 2102 fratres

93 2137 346 2202 plurimi,
370 2136 572 2188 statuit
593 2149 723 2188 eum
746 2137 807 2188 in
831 2137 1039 2204 medio,
1062 2143 1233 2202 atque
1259 2151 1330 2190 ex
1352 2139 1477 2203 ipso
1507 2144 1692 2191 mate-

91 2225 241 2277 riam
266 2238 522 2288 sumens,
541 2238 640 2290 per
665 2229 842 2278 totam
863 2231 1088 2278 noctem
1107 2227 1426 2280 doctrinam
1450 2228 1520 2279 de
1541 2228 1692 2280 fruc-

95 2316 254 2366 tibus
279 2315 633 2380 pmnitentiaa
661 2321 718 2368 et
741 2317 1138 2369 conversionis
1163 2318 1289 2380 ejus
1318 2317 1588 2381 produxit
1619 2318 1692 2370 ad

96 2405 318 2456 fratres.
339 2407 471 2470 Ipso
488 2418 623 2457 vero
640 2418 962 2458 sermonem
980 2406 1243 2470 faciente,
1263 2411 1408 2467 quasi
1428 2410 1695 2457 dormitare

95 2494 270 2546 frater
284 2493 376 2545 ille
398 2495 570 2558 coepit
585 2494 899 2558 paululum,
913 2499 971 2546 et
986 2498 1257 2547 continuo
1282 2496 1339 2547 in
1355 2501 1694 2560 perpetuum

91 2582 328 2646 quievit.
356 2584 519 2634 Tunc
540 2583 688 2635 facta
711 2584 962 2636 oratione
981 2597 1153 2649 super
1167 2597 1320 2649 eum,
1345 2590 1403 2637 et
1425 2586 1695 2637 omnibus

92 2683 226 2735 qum
242 2671 315 2722 ad
332 2672 684 2737 sepulturam
711 2674 996 2738 pertinent
1019 2686 1090 2726 ex
1111 2687 1269 2726 more
1291 2674 1608 2739 completis,
1633 2676 1695 2724 ad

92 2773 356 2814 eremum
378 2766 747 2826 properanter
777 2763 1051 2815 abscedit.

159 2871 512 2932 Frequenter
529 2873 721 2920 autem
747 2875 803 2921 et
827 2870 1019 2922 Nilum
1049 2870 1292 2922 fluvium
1316 2869 1472 2921 hunc
1493 2870 1699 2922 imma-

97 2971 234 3009 nem
255 2958 500 3022 pedibus
520 2959 801 3022 transivit,
837 2957 986 3028 |64
1004 2973 1212 3024 aquam
1237 2973 1421 3024 usque
1446 2959 1518 3012 ad
1535 2965 1700 3022 genua

94 3047 337 3100 habens.

156 3147 286 3198 Alio
313 3151 568 3211 tempore
591 3147 804 3198 clausis
827 3147 1008 3209 ostiis,
1031 3147 1418 3211 fratribusque
1443 3147 1504 3198 in
1530 3159 1701 3211 supe-

1794 623 1996 674 tumin
2020 623 2287 673 manibus
2310 623 2464 674 senis
2490 624 2760 688 Copretis,
2779 636 2852 676 ex
2871 637 2985 688 quo
3000 626 3251 678 narratio
3277 629 3387 686 ejus

1793 711 1997 763 deduci
2013 711 2330 774 videbatur,
2349 716 2404 763 et
2418 713 2787 764 assistentem
2799 713 3110 776 quemdam
3121 717 3389 764 clarissimi

1792 805 2060 865 aspectus
2089 801 2292 862 virum,
2308 801 2512 852 canitie
2526 803 2930 866 venerandum,
2949 805 3390 856 comminatione

1791 889 1903 940 sibi
1933 901 2145 954 magna
2170 888 2484 941 dicentem:
2528 892 2639 941 Cur
2675 902 2791 942 non
2828 892 2995 942 audis
3019 893 3234 944 intente
3257 906 3388 956 quae

1792 980 2119 1040 recitantur,
2137 979 2233 1029 sed
2251 978 2580 1030 incredulus
2605 979 2879 1032 dormitas
2896 986 2917 1028 ?
2943 984 3018 1032 At
3044 981 3136 1032 ille
3160 987 3390 1034 contur-

1793 1069 1961 1120 batus
1987 1067 2230 1130 evigilat,
2257 1071 2313 1119 et
2340 1068 2536 1119 statim
2560 1069 2728 1120 nobis
2756 1071 3034 1123 secretius
3052 1072 3252 1123 Latino
3271 1084 3390 1122 ser-

1792 1170 1960 1210 mone
1985 1169 2116 1221 quaa
2142 1157 2364 1210 viderat
2389 1159 2706 1210 enarrabat.

1856 1276 2008 1326 Inter
2023 1274 2146 1326 haec
2169 1279 2363 1326 autem
2395 1275 2651 1326 vidimus
2688 1275 3048 1328 rusticanum
3082 1277 3389 1340 quemdam

1791 1365 2109 1416 accessisse
2129 1364 2200 1415 ad
2217 1365 2429 1416 ostium
2454 1366 2626 1428 senis,
2646 1365 2956 1418 habentem
2971 1377 3071 1416 vas
3095 1377 3269 1417 arena
3285 1368 3392 1426 ple-

1793 1465 1952 1514 num,
1979 1457 2036 1505 et
2058 1458 2490 1516 exspectantem
2516 1454 2697 1505 donec
2722 1467 2900 1506 senex
2919 1467 3243 1506 sermonem
3270 1467 3392 1506 suae

1794 1543 2136 1594 narrationis
2161 1542 2432 1605 expleret.
2459 1546 2574 1596 Nos
2593 1557 2728 1608 ergo
2747 1543 3010 1597 videntes
3033 1557 3186 1608 eum,
3212 1545 3391 1595 inter-

1794 1632 2121 1696 rogavimus
2138 1633 2558 1696 Presbyterum,
2585 1633 2723 1696 quid
2749 1634 2857 1684 sibi
2871 1633 3039 1685 vellet
3063 1634 3392 1685 rusticanus

1793 1721 1883 1772 ille
1910 1723 2090 1785 stans,
2121 1726 2180 1772 et
2214 1733 2448 1773 arenam
2474 1725 2676 1774 tenens
2699 1723 2756 1774 in
2781 1735 2937 1774 vase.
2983 1723 3298 1786 Respondit
3321 1721 3393 1773 ad

1785 1822 1892 1860 nos
1918 1811 2125 1871 senior,
2153 1809 2381 1862 dicens:
2402 1811 2524 1861 Non
2551 1811 2793 1874 quidem
2824 1812 3122 1875 oportebat
3136 1823 3246 1872 me,
3273 1823 3306 1862 ο
3330 1811 3398 1861 fi-

1956 1899 2065 1951 hoc
2094 1900 2259 1952 vobis
2292 1898 2550 1963 prodere,
2581 1912 2654 1952 ne
2681 1900 2986 1952 videamur
3016 1901 3077 1952 in
3100 1901 3203 1951 Dei
3226 1911 3396 1964 opere

1791 1986 2034 2051 gloriari,
2056 1994 2114 2040 et
2129 2001 2352 2040 merces
2373 1988 2586 2040 laboris
2611 1989 2797 2040 nostri
2811 1995 3037 2054 pereat;
3067 1994 3258 2041 tamen
3281 2004 3400 2051 pro-

1793 2077 2174 2129 aadificatione
2198 2083 2392 2129 vestra
2415 2082 2470 2129 et
2486 2077 2752 2140 utilitate,
2778 2079 2875 2142 qui
2901 2081 3018 2129 tam
3033 2078 3205 2141 longo
3223 2081 3400 2127 itinere

1791 2167 2036 2218 venistis
2061 2167 2133 2218 ad
2150 2179 2278 2228 nos,
2303 2179 2421 2217 non
2437 2167 2618 2230 patiar
2640 2167 2813 2218 etiam
2829 2167 2939 2218 hoc
2956 2166 3234 2218 abscondi
3249 2179 3284 2218 a
3307 2179 3401 2217 vo-

1791 2257 1899 2319 bis,
1926 2256 2030 2307 sed
2065 2257 2341 2308 enarrabo
2377 2268 2549 2320 opera
2574 2257 2817 2319 Domini,
2844 2268 2978 2319 qua
3015 2256 3286 2320 dignatus
3309 2259 3400 2307 est

1790 2340 2024 2410 implere
2049 2358 2148 2408 per
2182 2358 2310 2396 nos.

1854 2462 2027 2512 Terra
2052 2461 2304 2525 regionis
2331 2461 2525 2524 hujus,
2554 2473 2687 2524 quae
2719 2461 2777 2512 in
2796 2460 2982 2512 vicino
3037 2457 3185 2528 |65
3233 2459 3400 2511 nobis

1787 2550 1978 2614 posita
2000 2549 2230 2612 colitur,
2263 2549 2472 2601 sterilis
2499 2549 2663 2601 valde
2688 2554 2745 2600 et
2775 2548 3131 2601 infructuosa
3162 2548 3268 2600 fuit
3304 2548 3401 2612 ita,

1789 2643 1849 2689 ut
1873 2638 1921 2688 si
1948 2638 2178 2702 quando
2205 2652 2239 2690 a
2263 2638 2588 2690 colentibus
2616 2637 2840 2689 semina
2858 2651 2930 2689 ex
2957 2641 3263 2686 necessitate
3287 2652 3403 2686 sus-

1788 2728 1954 2792 cepit,
1980 2727 2268 2792 duplicala
2294 2723 2698 2779 vix'redderet.
2718 2729 2957 2779 Vermes
2980 2728 3145 2779 enim
3170 2727 3403 2790 quidam

1789 2817 2177 2869 nascebantur
2192 2817 2248 2867 in
2264 2817 2403 2880 ipsis
2420 2817 2747 2881 germinum
2762 2816 2994 2880 culmis,
3019 2820 3081 2867 et
3095 2815 3408 2868 ascenden-

1793 2911 1912 2958 tem
1937 2909 2192 2970 segetem
2214 2906 2613 2958 succidebant.
2638 2907 2812 2957 Erant
2834 2907 2987 2957 enim
3007 2905 3273 2970 agricola
3295 2904 3407 2956 loci

1792 2996 1954 3060 psius
1993 2986 2264 3047 Gentiles.
2310 2997 2430 3045 Hos
2467 3006 2600 3046 cum
2626 2994 3044 3046 docuissemus
3075 2997 3258 3045 Deum
3283 3006 3406 3044 cre-

1798 3084 1946 3149 dere,
1983 3089 2041 3136 et
2062 3084 2236 3135 fidem
2261 3084 2472 3135 Christi
2499 3083 2772 3147 recipere,
2799 3081 3103 3134 Christiani
3123 3083 3244 3145 jam
3274 3081 3407 3133 facti

1800 3173 2040 3225 veniunt
2054 3172 2125 3224 ad
2145 3185 2268 3236 nos,
2282 3177 2554 3237 rogantes
2571 3175 2946 3223 utoraremus
2962 3170 3272 3223 Dominum
3290 3185 3408 3232 pro-

98 3236 352 3287 tioribus
365 3236 586 3287 solariis
603 3236 1408 3301 sedentibus,ipseingressus
1423 3239 1572 3286 estad
1597 3250 1696 3299 eos,
1727 3229 1776 3304 (ζ
1804 3263 2096 3326 segetibus
2118 3229 2394 3326 ipsoéuu‘l'.
2422 3264 2492 3313 Et
2509 3273 2643 3312 cum
2668 3261 2993 3313 diceremus
3023 3261 3125 3324 eis,
3154 3274 3262 3312 nos
3289 3229 3408 3324 ξωί,

98 3329 162 3377 et
183 3324 516 3389 frequenter
530 3325 601 3377 ad
619 3338 1041 3390 quemcumque
1056 3325 1248 3378 locum
1271 3325 1472 3388 voluit,
1499 3338 1702 3388 quam-

98 3416 194 3468 vis
218 3416 392 3480 longe
415 3415 684 3481 positum,
705 3416 856 3468 intra
873 3420 1233 3468 momentum
1249 3415 1525 3480 temporis
1548 3427 1703 3467 evec-

98 3510 201 3557 tus
227 3509 338 3557 est.

167 3604 185 3638 ι
216 3604 366 3654 Nam
403 3603 586 3667 primo
625 3603 817 3656 adhuc
858 3605 1112 3668 tempore
1152 3603 1538 3656 conversionis
1583 3615 1705 3656 suae

97 3705 237 3744 cum
280 3698 440 3744 esset
471 3692 532 3744 in
570 3705 780 3755 eremo,
819 3698 878 3746 et
906 3691 1330 3745 hebdomadam
1360 3693 1704 3757 jejunasset,

95 3782 283 3846 aiunt,
317 3782 635 3835 occurrisse
675 3783 728 3834 ei
775 3783 1074 3836 hominem
1114 3783 1174 3834 in
1208 3782 1460 3848 deserto,
1496 3783 1708 3834 haben-

99 3874 222 3922 tem
276 3883 457 3934 panes
501 3876 560 3923 et
607 3883 835 3935 aquam,
884 3872 983 3935 qui
1023 3871 1363 3923 exhortatus
1421 3876 1512 3923 est
1570 3885 1704 3923 eum

99 3960 359 4024 accipere
395 3959 607 4024 cibum,
643 3961 743 4024 qui
775 3962 846 4012 de
888 3961 1029 4014 caelo
1062 3961 1113 4014 ei
1151 3960 1336 4012 fuerat
1360 3960 1702 4013 destinatus.

166 4068 233 4117 In
265 4063 375 4117 alio
391 4078 622 4130 quoque
646 4071 906 4131 tempore
923 4066 1155 4119 daamon
1171 4066 1474 4128 assistens,
1503 4068 1705 4115 thesau-

100 4169 199 4208 ros
222 4155 350 4207 auri
373 4155 667 4222 plurimos,
697 4168 843 4220 quos
866 4156 1178 4209 Pharaonis
1199 4157 1380 4210 fuisse
1395 4159 1705 4220 perhibebat,

103 4244 364 4298 ostendit
390 4245 441 4297 ei
472 4247 580 4296 sub
619 4248 827 4298 terram
855 4247 1170 4299 demersos.
1204 4247 1305 4299 Cui
1336 4245 1707 4311 respondisse

102 4335 291 4387 fertur
319 4335 704 4388 Patermutius
733 4351 746 4387 :
770 4337 1012 4386 Pecunia
1033 4343 1130 4387 tua,
1152 4343 1320 4388 tecum
1342 4339 1410 4387 sit
1432 4338 1494 4386 in
1520 4339 1710 4388 interi-

107 4433 225 4475 tum
252 4431 299 4474 et
319 4425 676 4489 perditionem
705 4427 836 4490 (Act.
865 4425 957 4491 8.).
984 4430 1123 4480 Haec
1148 4441 1300 4492 ergo,
1324 4431 1381 4481 et
1404 4429 1495 4481 his
1521 4432 1710 4479 similia

106 4516 357 4582 plurima
385 4515 570 4568 effecit
592 4529 693 4581 per
717 4530 848 4568 eum
877 4511 1193 4570 Dominus.

169 4622 282 4675 Sed
306 4624 362 4674 et
384 4622 478 4674 alii
498 4623 875 4676 nihilominus
897 4625 1131 4678 fuerunt
1146 4631 1280 4678 ante
1302 4639 1412 4678 nos
1436 4626 1600 4678 multi
1623 4639 1712 4691 pa-

109 4718 246 4778 tres,
262 4725 503 4773 quorum
522 4715 832 4778 praesentia
851 4715 1065 4780 dignus
1089 4727 1208 4767 non
1227 4715 1334 4767 fuit
1358 4714 1630 4779 mundus,
1647 4718 1713 4764 si-

106 4815 227 4866 gna
250 4801 509 4854 caelestia
532 4808 589 4855 et
613 4803 870 4868 prodigia
893 4805 1188 4857 facientes.
1216 4805 1363 4867 Quid
1389 4818 1526 4869 ergo
1551 4808 1713 4855 mira-

108 4893 272 4956 mini,
298 4893 472 4943 sinos
493 4893 657 4957 parvi
680 4893 944 4945 homines
981 4897 1382 4955 parvafaciamus
1405 4897 1632 4958 claudos,
1668 4900 1717 4944 et

109 4995 303 5035 caecos
331 4989 618 5047 curantes,
646 4983 800 5048 quod
825 4989 883 5036 et
904 4984 1113 5038 medici
1132 4997 1207 5037 ex
1229 4988 1351 5039 arte
1372 4985 1558 5038 facere
1581 4996 1718 5049 pos-

111 5075 253 5124 sunt
279 5075 302 5118 7

175 5173 245 5222 Et
263 5183 401 5221 cum
423 5170 550 5223 hwc
566 5171 731 5223 nobis
756 5171 991 5235 (Pallad.
1017 5189 1135 5237 cap.
1161 5171 1276 5236 54.)
1301 5185 1477 5225 senex
1501 5175 1711 5235 Copres

113 5265 424 5323 enarraret,
449 5273 600 5312 unus
613 5275 688 5313 ex
709 5262 978 5314 fratribus
1001 5262 1236 5325 nostris,
1261 5263 1425 5326 quasi
1446 5262 1715 5314 incredu-

110 5352 270 5405 litate
311 5365 510 5404 eorum
547 5365 680 5416 quae
717 5353 1076 5416 dicebantur,
1117 5353 1356 5406 tmdiare
1379 5354 1401 5389 ²
1437 5354 1628 5418 coepit,
1661 5357 1717 5403 et

111 5453 229 5505 prae
263 5441 439 5494 taedio
477 5441 800 5494 dormitare.
842 5444 1103 5507 Cumque
1142 5456 1348 5496 somno
1380 5443 1588 5495 fuisset
1614 5456 1718 5508 op-

176 5657 194 5691 ¹
223 5656 330 5706 Hic
355 5656 415 5706 in
432 5657 629 5708 Graeco
655 5659 817 5708 textu
835 5656 989 5721 apud
1011 5655 1324 5708 Palladium
1351 5656 1620 5721 quaedam
1644 5656 1722 5708 in-

118 5730 496 5780 terseruntur.

175 5829 196 5860 ²
224 5827 528 5877 Peculiaris
553 5828 780 5892 Rufino,
816 5828 1042 5879 tametsi
1070 5829 1266 5878 minus
1292 5829 1490 5879 Latina
1510 5827 1722 5878 locutio

122 5903 209 5948 est
234 5898 453 5946 tardiarc
476 5911 574 5961 pro
603 5898 853 5963 fatigari,
884 5899 1166 5959 delassari,
1208 5905 1264 5950 et
1301 5901 1604 5950 similibus.
1635 5902 1725 5950 Sic

123 5970 452 6023 Prmfatione
475 5970 678 6022 librili.
707 5971 776 6022 de
793 5972 1299 6024 Benedictionibus
1325 5973 1724 6022 Palriarcharum

407 6061 666 6118 PATROL.
707 6064 874 6118 XXI.

1805 3353 1938 3404 dem
1953 3356 2234 3415 oraturos,
2254 3352 2356 3402 sed
2379 3350 2550 3403 fidem
2563 3351 2820 3415 ipsorum
2837 3351 3047 3414 requiri
3062 3351 3214 3415 apud
3235 3354 3407 3414 Deum,

1804 3454 1938 3506 quae
1967 3441 2076 3493 hoc
2099 3441 2385 3505 percipere
2410 3446 2694 3492 mereatur
2717 3439 2833 3504 ;illi
2860 3453 2933 3491 ex
2957 3450 3130 3491 arena
3147 3440 3255 3491 hac
3274 3452 3406 3504 quae

1805 3531 2059 3584 calcatur
2087 3544 2120 3581 a
2140 3516 2338 3594 nobis,
2352 3530 2516 3582 sinus
2533 3543 2671 3581 suos
2695 3529 2982 3594 replentes
3006 3531 3294 3578 obtulerunt
3318 3545 3412 3578 no-

1805 3621 1894 3673 bis
1919 3625 2206 3686 rogantes,
2230 3620 2378 3672 utin
2402 3619 2638 3672 nomine
2670 3619 2900 3671 Domini
2921 3618 3409 3671 benediceremus.

1806 3712 1874 3762 Et
1891 3723 1998 3773 ego
2028 3710 2118 3760 aio
2141 3709 2214 3761 ad
2238 3722 2365 3760 eos:
2393 3709 2726 3762 Secundum
2742 3708 2916 3761 fidem
2937 3712 3192 3761 vestram
3217 3711 3298 3757 fiat
3323 3723 3412 3756 vo-

1807 3800 1914 3851 bis.
1942 3801 2102 3851 Tunc
2117 3799 2196 3850 illi
2218 3799 2540 3851 auferentes
2552 3811 2787 3850 arenam
2813 3811 3028 3860 secum,
3055 3797 3416 3850 miscuerunt

1809 3888 2127 3940 seminibus
2153 3900 2287 3952 quae
2314 3888 2653 3940 seminaturi
2669 3891 2848 3950 erant,
2876 3892 2932 3938 et
2955 3891 3294 3951 sparserunt
3317 3899 3414 3950 per

1804 3990 1976 4043 agros
1995 3990 2152 4040 suos,
2175 3981 2230 4028 et
2249 3980 2482 4027 tantum
2498 3976 2752 4027 fructum
2768 3974 3141 4039 collegerunt,
3167 3980 3410 4035 quantum

1805 4067 1962 4119 nulla
1985 4077 2234 4130 usquam
2267 4065 2456 4129 potuit
2476 4064 2706 4128 Egypti
2739 4067 2886 4116 terra
2917 4063 3212 4127 colligere.
3240 4064 3323 4114 Ex
3344 4075 3412 4114 eo

1804 4170 1938 4221 ergo
1963 4155 2320 4209 consuetudo
2346 4162 2434 4207 est
2456 4155 2558 4219 eis,
2587 4155 2675 4205 bis
2694 4167 2793 4218 per
2827 4165 3016 4206 annos
3040 4151 3308 4218 singulos
3328 4165 3416 4205 ve-

1807 4249 1930 4299 nire
1951 4246 2024 4298 ad
2049 4260 2174 4310 nos,
2200 4249 2259 4298 et
2284 4245 2484 4297 eadem
2507 4249 2840 4308 exspectare
2863 4255 2898 4295 a
2920 4243 3104 4295 nobis.

1873 4363 1980 4416 Sed
2003 4367 2060 4415 et
2082 4363 2221 4415 illud
2248 4375 2364 4414 non
2394 4361 2590 4413 celabo
2614 4373 2649 4412 a
2672 4361 2858 4423 vobis,
2877 4361 3033 4423 quod
3055 4359 3197 4411 mihi
3230 4359 3417 4411 Domi-

1813 4467 1926 4506 nus
1949 4453 2022 4504 ad
2045 4453 2285 4517 gloriam
2296 4451 2549 4503 nominis
2575 4451 2666 4502 sui
2682 4449 2968 4514 praestitit.
2993 4448 3415 4500 Descenderam

1810 4541 2116 4607 aliquando
2140 4541 2214 4592 ad
2238 4540 2548 4603 civitatem,
2586 4541 2643 4590 et
2674 4538 2870 4590 inveni
2896 4538 2973 4588 ibi
2997 4537 3186 4588 virum
3210 4549 3415 4600 quem-

1815 4633 1948 4683 dam
1963 4631 2256 4682 doctorem
2273 4629 2726 4680 Manichaeorum
2750 4626 3122 4679 seducentem
3139 4625 3384 4691 populos
3402 4640 3414 4676 :

1814 4735 1948 4774 cum
1969 4721 2078 4772 hoc
2101 4719 2279 4771 habui
2313 4717 2648 4770 conflictum
2675 4716 2976 4769 sermonis.
3005 4716 3115 4769 Sed
3140 4717 3276 4780 quia
3298 4718 3421 4768 erat

1814 4815 2088 4863 vorsutus
2102 4809 2296 4873 nimis,
2322 4812 2379 4860 et
2395 4806 2736 4860 concludere
2756 4819 2891 4859 eum
2914 4807 3102 4858 verbis
3120 4819 3236 4858 non
3262 4809 3421 4870 pote-

1814 4913 1956 4958 ram,
1975 4899 2193 4952 veritus
2218 4911 2292 4950 ne
2317 4897 2646 4949 auditorum
2673 4897 2858 4949 turbae
2880 4893 3248 4955 laederentur,
3270 4897 3314 4944 si
3335 4896 3422 4943 ille

1817 4989 1984 5054 quasi
2022 4989 2279 5053 superior
2311 4986 2698 5039 abscessisset
2724 4985 2782 5037 in
2813 4985 3022 5046 verbis,
3053 4984 3422 5036 audientibus

1822 5079 2024 5142 turbis,
2051 5077 2173 5129 dixi
2199 5093 2209 5126 :
2236 5078 2258 5114 3
2276 5076 2587 5129 Accendite
2601 5076 2798 5140 ignem
2822 5074 3129 5138 plurimum
3151 5076 3210 5122 in
3234 5071 3424 5124 medio

1823 5168 2046 5234 plateas,
2068 5171 2125 5218 et
2145 5167 2314 5218 ambo
2336 5167 2616 5218 intremus
2639 5164 2696 5215 in
2718 5165 3010 5214 flammam
3036 5176 3048 5212 :
3077 5161 3124 5212 si
3148 5160 3279 5224 quis
3290 5173 3424 5212 nos-

1825 5263 1976 5309 trum
2003 5269 2074 5308 ex
2101 5268 2169 5306 ea
2182 5267 2302 5306 non
2324 5254 2492 5306 fuerit
2503 5253 2769 5312 adustus,
2795 5252 2970 5316 hujus
2994 5262 3132 5303 vera
3155 5249 3297 5302 fides
3317 5265 3426 5298 esse

1825 5347 2106 5400 credatur.
2128 5343 2292 5406 Quod
2315 5357 2446 5394 cum
2470 5342 2772 5402 dixissem,
2788 5341 2956 5392 valde
2980 5339 3194 5404 placuit
3217 5341 3424 5400 populo,

1825 5444 1884 5490 et
1907 5431 2174 5489 continuo
2197 5433 2349 5497 ignis
2371 5430 2703 5484 ascenditur
2718 5429 3021 5495 plurimus.
3038 5429 3199 5479 Tunc
3219 5442 3310 5488 ego
3335 5443 3427 5488 up-

1824 5653 1898 5704 ad
1932 5651 2256 5712 Paulinum,
2292 5647 2393 5698 Sed
2430 5647 2565 5711 quia
2604 5650 2661 5695 tu
2692 5660 2786 5695 nec
2821 5646 2894 5695 sic
2937 5643 3154 5710 quidem
3191 5652 3428 5696 TEDIAS

1825 5726 2113 5789 imperare,
2135 5726 2244 5774 etc.
2271 5720 2474 5771 Recole
2495 5731 2602 5769 nos
2625 5717 2721 5770 ibi.

1889 5825 1910 5856 3
1938 5825 2058 5874 Hoc
2083 5822 2293 5885 ipsum,
2322 5820 2535 5871 nedum
2569 5817 2774 5880 simile,
2799 5814 3126 5880 exemplum
3153 5828 3428 5880 provoca-

1828 5895 2001 5946 tionis
2040 5893 2112 5945 ad
2138 5893 2328 5958 ignem
2367 5893 2543 5943 habes
2578 5891 2638 5942 in
2673 5889 2807 5942 Vita
2845 5891 2899 5942 S.
2929 5889 3202 5953 Eugeniae
3227 5901 3350 5952 cap.
3378 5886 3429 5942 5.

1827 5969 1981 6032 quod
2009 5967 2207 6018 itidem
2231 5979 2378 6031 opus
2408 5965 2613 6017 Rullno
2638 5963 2773 6016 olim
2799 5963 3030 6039 tametsi
3063 5961 3225 6028 falso,
3252 5962 3432 6013 adtri-

3076 6054 3144 6110 14
