3898 6392
522 367 627 423 427

524 568 595 619 Et
615 565 709 619 ille
732 579 865 628 non,
902 566 1109 630 inquit,
1138 566 1242 627 ita;
1289 565 1390 617 sed
1426 567 1828 630 unusquisque
1847 572 2115 619 nostrum

526 650 891 717 singulariter
910 650 1263 715 ingrediatur
1280 668 1291 700 :
1306 638 1526 716 primus
1542 656 1737 704 tamen
1754 657 1815 704 tu
1840 652 2013 705 debes
2030 654 2119 705 in-

526 746 689 801 trare,
722 741 821 805 qui
840 740 949 792 hoc
972 740 1339 804 praposuisti.
1362 742 1430 792 Et
1452 753 1559 806 ego
1583 741 1644 792 in
1666 743 1896 794 nomine
1909 742 2119 794 Christi

524 829 874 894 consignans
888 829 1313 894 memetipsum,
1344 831 1563 882 medias
1579 832 1842 883 ﬂammas
1858 834 2118 894 ingressus

523 929 687 977 sum;
727 917 964 969 ﬂamma
995 930 1131 970 vero
1156 916 1272 969 huc
1295 918 1543 982 illucque
1569 918 1815 984 dispergi
1837 933 1902 971 ac
1924 920 2117 984 fugere

519 1006 753 1070 penitus
768 1018 803 1057 a
824 1019 919 1059 me
944 1008 1137 1072 cmpit.
1157 1007 1300 1059 Steti
1334 1004 1483 1075 166
1509 1008 1768 1061 inmedio
1785 1010 1935 1074 ignis
1957 1009 2119 1061 dimi-

520 1095 619 1147 dia
650 1095 765 1148 fere
788 1095 946 1158 hora,
970 1101 1029 1149 et
1056 1096 1115 1149 in
1130 1098 1364 1148 nomine
1389 1097 1618 1148 Domini
1638 1096 1699 1148 in
1715 1097 1871 1148 nullo
1885 1098 2116 1162 penitus

520 1181 702 1235 lassus
727 1194 879 1234 sum.
904 1182 1181 1234 Videntes
1206 1187 1401 1236 autem
1424 1183 1617 1248 populi
1632 1196 1763 1235 cum
1781 1184 2001 1248 ingenti
2022 1184 2119 1236 ad-

524 1271 825 1324 miratione
868 1271 1353 1335 acclamaverunt,
1386 1277 1443 1325 et
1466 1272 1885 1324 benedixerunt
1911 1275 2115 1335 Deum,

525 1361 783 1414 dicentes
813 1375 825 1411 :
852 1360 1122 1411 Mirabilis
1154 1362 1293 1411 Deus
1324 1362 1384 1410 in
1426 1363 1626 1411 sanctis
1660 1363 1772 1410 suis
1802 1362 1963 1424 (Psal.
1991 1361 2117 1426 67.).

526 1451 835 1515 Coeperunt
867 1450 1037 1501 etiam
1070 1462 1371 1515 perurgere
1402 1449 1801 1515 Manichaeum,
1838 1450 1900 1502 ut
1925 1452 2118 1502 introi-

525 1538 693 1590 retin
715 1539 908 1603 ignem
940 1553 953 1589 :
978 1542 1039 1590 at
1070 1539 1163 1590 ille
1187 1538 1453 1590 reluctari
1486 1540 1659 1604 cmpit
1682 1544 1737 1591 et
1779 1540 2120 1592 subtrahere

526 1639 608 1678 se.
622 1628 785 1678 Tunc
805 1626 1359 1691 comprehendentes
1377 1640 1506 1679 eum
1526 1628 1709 1680 turbas
1728 1628 2121 1692 injeceruntin

524 1715 779 1767 medium
807 1716 977 1781 ignis,
1008 1720 1066 1767 et
1106 1717 1301 1768 statim
1324 1716 1686 1768 circumdans
1708 1730 1843 1769 eum
1867 1719 2119 1782 ﬂamma,

524 1808 696 1871 atque
718 1804 968 1856 adurens
992 1806 1338 1857 semiustum
1355 1805 1617 1858 reddidit.
1645 1808 1714 1858 Et
1740 1806 1900 1857 illum
1912 1810 2115 1868 quidem

522 1905 655 1946 cum
694 1893 972 1946 dedecore
1005 1907 1078 1947 ex
1116 1895 1256 1947 urbe
1291 1897 1543 1960 populus
1569 1896 1753 1959 ejecit,
1784 1896 2041 1948 elamans
2066 1901 2122 1949 et

523 1982 720 2036 dicens
748 2002 758 2034 :
784 1986 972 2037 Vivus
1011 1984 1210 2037 ardeat
1247 1984 1531 2038 seductor.
1561 1986 1646 2037 Me
1670 1998 1800 2037 vero
1819 1998 2119 2039 assumen-

527 2077 614 2127 tes
639 2076 925 2138 secum,et
945 2073 1350 2126 benedicentes
1366 2073 1695 2140 Dominum,
1719 2075 1792 2127 ad
1817 2075 2122 2129 ecclesiam

524 2163 861 2228 perducunt.

584 2314 712 2366 Alio
734 2325 966 2379 quoque
993 2318 1246 2378 tempore
1283 2312 1422 2366 dum
1457 2314 1763 2367 transirem
1783 2316 1960 2381 juxta
1979 2319 2123 2368 tem-

525 2402 685 2468 plum
721 2402 1030 2468 quoddam,
1064 2402 1182 2455 vidi
1204 2402 1282 2454 ibi
1308 2403 1626 2457 sacrificare
1658 2404 1927 2468 Gentiles,
1958 2409 2014 2458 et
2033 2406 2122 2459 aio

526 2491 601 2544 ad
626 2505 754 2544 eos:
780 2494 890 2545 Cur
902 2505 1005 2545 vos
1030 2505 1161 2545 cum
1187 2492 1313 2544 sitis
1330 2492 1596 2545 homines
1613 2495 1999 2555 rationabiles,
2017 2496 2123 2548 im-

525 2581 754 2634 molatis
777 2582 955 2634 mutis
982 2586 1041 2634 et
1061 2583 1498 2636 insensibilibus
1524 2584 1846 2637 simulacris
1867 2588 1894 2635 ‘I
1920 2587 2123 2637 Nonne

529 2672 681 2723 enim
720 2684 823 2724 vos
857 2670 1040 2724 multo
1065 2673 1248 2737 magis
1284 2674 1408 2726 sine
1438 2686 1617 2727 sensu
1650 2676 1808 2735 estis,
1845 2688 2019 2740 quam
2042 2675 2122 2727 illi

530 2760 741 2824 quibus
777 2760 1128 2813 immolatis?
1163 2762 1252 2814 Ad
1285 2762 1441 2815 hunc
1478 2776 1803 2816 sermonem
1840 2765 2123 2817 Dominus

531 2850 755 2915 aperuit
798 2850 880 2903 eis
922 2850 1298 2918 intellectum,
1354 2858 1413 2906 et
1448 2854 1840 2918 relinquentes
1875 2867 2124 2907 errorem

533 2953 705 2991 suum
729 2942 1194 3006 quemagebant,
1209 2943 1391 2995 secuti
1415 2946 1677 3005 suntme,
1691 2948 1749 2997 et
1763 2943 2126 2997 crediderunt

530 3028 811 3083 Salvatori
836 3034 1035 3084 nostro
1057 3032 1196 3085 Deo.

591 3182 724 3237 Fuit
743 3183 886 3236 mihi
899 3184 1209 3247 aliquando
1231 3183 1497 3238 hortulus
1513 3185 1862 3238 monasterio
1876 3186 2120 3250 vicinus,

529 3273 593 3324 in
617 3285 733 3337 quo
758 3278 988 3338 propter
997 3273 1384 3326 adventantes
1410 3274 1612 3327 fratres
1625 3277 1777 3327 olera
1789 3280 1971 3329 colere
1988 3281 2127 3328 vide-

532 3361 752 3412 bamur.
773 3361 1014 3423 Quidam
1028 3367 1222 3416 autem
1247 3364 1484 3415 Gentiiis
1499 3364 1798 3429 ingressus
1822 3370 1912 3418 est
1936 3372 2121 3432 nocte,

535 3454 594 3502 et
617 3449 839 3502 furatus
864 3452 1128 3503 estolera.
1147 3455 1288 3515 Quae
1304 3465 1436 3504 cum
1452 3454 1866 3518 pertulissetad
1890 3455 2127 3508 domum

536 3551 724 3601 suam,
738 3538 858 3603 igni
881 3543 1150 3604 apposuit
1173 3546 1240 3593 ut
1263 3546 1550 3606 coqueret.
1566 3545 1823 3608 Cumque
1836 3546 2020 3596 tribus
2034 3545 2129 3596 ho-

535 3628 615 3680 ris
644 3629 935 3681 continuis
959 3631 1183 3696 ingenti
1206 3632 1339 3696 igne
1364 3638 1659 3697 suggesto,
1685 3647 1869 3698 neque
1890 3635 2127 3699 fervere,

536 3729 724 3782 neque
749 3717 975 3784 molliri,
1006 3724 1106 3772 aut
1139 3720 1382 3773 calefieri
1404 3721 1767 3785 aliquatenus
1787 3724 2127 3788 potuissent,

537 3806 639 3859 sed
663 3810 1114 3871 permansissent
1136 3810 1335 3862 eadem
1352 3810 1635 3863 viriditate
1660 3825 1775 3876 qua
1797 3813 1978 3864 missa
1994 3817 2133 3864 sunt

535 3900 593 3949 et
614 3908 802 3961 neque
822 3910 971 3964 aqua
995 3899 1233 3962 quidem
1257 3900 1380 3964 ipsa
1415 3901 1506 3953 vel
1539 3900 1743 3954 leviter
1761 3901 1999 3955 caleﬂeri
2025 3916 2130 3967 po-

538 3986 763 4050 tuisset,
784 3987 845 4039 in
870 3988 1244 4053 semetipsum
1269 4002 1565 4054 regressus
1582 3989 1673 4043 ille
1690 3990 1789 4055 qui
1804 3991 2027 4044 furatus
2040 3998 2131 4055 est,

537 4080 729 4139 erepta
774 4088 978 4130 rursus
1014 4076 1087 4129 de
1133 4078 1257 4130 foco
1288 4080 1444 4132 olera
1474 4082 1803 4145 reportabat
1827 4081 1897 4133 ad
1923 4094 2052 4145 nos,
2078 4084 2135 4133 et

539 4170 906 4229 prosternens
937 4179 1000 4218 se
1024 4171 1157 4219 ante
1184 4168 1363 4232 pedes
1386 4171 1617 4221 nostros
1641 4181 1840 4233 rogare
1864 4169 2054 4235 capit,
2070 4173 2136 4221 ut

541 4253 761 4319 peccati
784 4254 876 4306 sui
900 4255 1126 4307 veniam
1148 4259 1480 4322 mereretur,
1499 4262 1557 4310 et
1574 4258 1736 4311 ﬂeret
1759 4259 2133 4324 Christianus;

541 4341 697 4407 quod
719 4347 778 4395 et
798 4342 1137 4409 impetravit.

604 4495 827 4549 Accidit
852 4498 1047 4549 autem
1071 4495 1275 4549 eadem
1299 4496 1392 4550 die
1420 4496 1680 4563 hospites
1713 4500 1908 4553 venire
1932 4499 2007 4553 ad
2028 4512 2138 4554 nos

1545 368 1789 419 RUFINI
1822 368 2315 430 AQUILEIENSIS
2357 367 2792 420 PRESBYTERI

522 477 888 544 prehendens
904 476 1208 541 eum,caspi
1227 488 1459 528 mecum
1472 476 1801 541 pertrahere
1812 477 1885 529 ad
1906 478 2120 543 ignem.
2145 484 2202 557 Α

3711 374 3806 430 428

2706 509 2854 580 I67
2902 503 3185 570 CAPUT
3238 507 3326 570 X.

2278 649 2356 689 DE
2390 648 2544 691 SYRO
2580 646 2598 667 ⁸
2639 650 2888 700 ΔΒΒΔΤΕ,
2928 650 3108 699 ΙΒΑΙΔ,
3152 652 3362 704 PAULO,
3399 653 3475 693 ΕΤ
3520 653 3749 695 ANUPH.

2277 753 2541 806 Addebat
2573 758 2631 805 et
2677 753 2867 805 adhuc
2902 754 3133 817 (Pallad.
3184 771 3301 820 cap.
3338 755 3424 810 55.
3457 756 3546 812 56.
3582 757 3674 812 57.
3705 755 3804 822 58.)

2217 843 2390 895 etiam
2429 843 2592 895 haec;
2637 845 2855 911 Abbas,
2893 844 3096 908 inquit,
3145 848 3341 911 Syrus,
3388 847 3722 912 aliquando,
3758 850 3809 899 et

2214 933 2411 997 Isaias,
2430 936 2486 985 et
2502 934 2713 986 Paulus
2738 938 3111 987 occurrerunt
3133 936 3242 987 sibi
3260 935 3504 988 invicem
3531 936 3605 989 ad
3633 937 3808 1002 ripam

2215 1022 2489 1074 ﬂuminis.
2520 1025 2695 1076 Erant
2715 1028 2907 1077 autem
2930 1024 3040 1078 viri
3061 1024 3157 1077 isti
3172 1025 3334 1089 justi,
3363 1038 3614 1079 summa
3634 1027 3811 1079 absti-

2217 1111 2432 1164 nentiae
2466 1117 2523 1164 et
2560 1114 2739 1165 totius
2768 1114 3077 1179 religionis.
3112 1115 3185 1165 Hi
3222 1116 3541 1179 pergebant
3576 1117 3810 1171 visitare

2217 1200 2524 1264 quemdam
2550 1202 2778 1255 nomine
2810 1203 3040 1268 Anuph.
3067 1205 3277 1256 Aberat
3301 1209 3498 1257 autem
3523 1209 3810 1259 monaste-

2218 1289 2367 1341 iium
2392 1290 2465 1341 ad
2491 1291 2646 1354 quod
2667 1291 2829 1344 ibant
2857 1292 3257 1345 mansionibus
3282 1294 3486 1346 tribus.
3503 1298 3649 1347 Cum
3679 1308 3810 1362 ergo

2219 1378 2430 1431 vellent
2464 1380 2707 1433 transire
2738 1381 3000 1446 fluvium,
3024 1394 3129 1435 nec
3161 1387 3317 1435 esset
3341 1384 3503 1447 copia
3525 1388 3811 1437 transme-

2220 1466 2372 1530 andi,
2399 1468 2561 1519 aiunt
2578 1469 2727 1520 inter
2749 1471 3092 1535 semetipsos
3116 1473 3411 1523 :Pelamus
3432 1474 3691 1523 aDomino
3703 1488 3815 1535 gra-

2220 1556 2380 1621 tiam,
2408 1561 2473 1608 ut
2489 1570 2561 1608 ne
2572 1558 2915 1622 impediatur
2933 1559 3098 1611 nobis
3114 1560 3250 1611 boni
3265 1561 3449 1625 operis
3474 1561 3595 1613 iter.
3614 1562 3816 1613 Eteon-

2222 1646 2376 1699 versi
2399 1646 2469 1698 ad
2491 1647 2758 1699 abbatem
2787 1649 3011 1713 Syrum,
3042 1650 3146 1711 Tu,
3178 1650 3359 1710 aiunt,
3381 1651 3672 1715 praecipue
3689 1656 3814 1716 pete

2223 1747 2259 1786 a
2302 1736 2583 1787 Domino:
2612 1736 2826 1788 scimus
2850 1738 2999 1789 enim
3034 1738 3216 1789 audiri
3252 1742 3328 1801 te,
3363 1739 3498 1802 quia
3520 1740 3816 1803 priestabit

2144 1799 2200 1874 B
2229 1824 2330 1876 tibi
2348 1837 2478 1888 qua:
2502 1830 2679 1889 petes.
2707 1828 2781 1877 At
2802 1826 2894 1878 ille
2907 1826 3236 1879 cohortatus
3252 1799 3425 1879 etiam
3441 1799 3597 1892 ipsos
3615 1841 3813 1881 secum

2220 1926 2409 1977 genua
2431 1914 2621 1978 figere,
2645 1914 2707 1965 in
2730 1916 2984 1967 oratione
2999 1919 3306 1981 prostravit
3336 1929 3398 1968 se
3421 1916 3483 1968 in
3504 1917 3709 1969 faciem
3724 1931 3813 1970 co-

2220 2014 2343 2055 ram
2366 2004 2624 2056 Domino.
2654 2006 2721 2056 Et
2754 2018 2888 2057 cum
2918 2005 3202 2070 completa
3229 2008 3502 2070 oratione,
3533 2008 3814 2059 surrexis-

2222 2097 2368 2157 sent,
2393 2106 2524 2145 ecce
2559 2094 2757 2146 viient
2779 2094 2984 2160 appelli
3006 2095 3303 2159 navigium
3324 2094 3398 2148 ad
3417 2096 3601 2161 ripam
3625 2096 3812 2148 ﬂumi-

2220 2182 2311 2235 nis
2336 2188 2615 2250 paratum,
2646 2184 2719 2235 ad
2747 2184 2855 2237 iter
2878 2184 3034 2248 quod
3056 2185 3238 2237 acturi
3271 2189 3435 2238 erant
3458 2186 3813 2250 expeditum.

2222 2278 2344 2328 Hoc
2366 2274 2743 2327 ascendentes
2777 2274 3059 2328 adversus
3081 2275 3335 2327 ﬂuminis
3358 2288 3591 2327 cursum
3615 2276 3696 2328 ita
3718 2289 3811 2328 ve-

2220 2364 2416 2417 lociter
2438 2364 2569 2416 ferri
2591 2368 2886 2428 ceperunt,
2910 2368 2977 2416 ut
3007 2365 3156 2417 inter
3179 2365 3378 2416 horam
3411 2376 3607 2429 unam,
3634 2365 3811 2418 totius

2222 2454 2442 2506 itineris
2465 2453 2640 2518 (quod
2662 2454 2844 2505 acturi
2865 2466 2966 2519 per
2988 2453 3241 2506 triduum
3264 2455 3445 2518 erant)
3471 2454 3816 2507 conficerent

2223 2544 2492 2608 spatium.
2532 2545 2788 2607 Cumque
2816 2544 3228 2607 applicuissent
3263 2544 3337 2595 ad
3371 2549 3600 2605 terram,
3640 2544 3817 2595 Isaias

2221 2633 2335 2684 ait:
2361 2632 2798 2685 Dominusmihi
2824 2633 3077 2685 ostendit
3098 2634 3283 2685 virum
3307 2632 3381 2684 ad
3404 2645 3582 2696 quem
3615 2646 3815 2697 prope-

2221 2734 2436 2787 ramus,
2461 2727 2856 2774 occurrentem
2887 2722 3073 2782 nobis,
3107 2727 3164 2774 et
3196 2722 3661 2786 uniuscujusque
3682 2735 3818 2774 nos-

2222 2814 2379 2863 trum
2404 2816 2623 2863 secreta
2646 2810 2833 2863 cordis
2856 2811 3222 2876 aperientem.
3249 2812 3361 2864 Sed
3382 2811 3593 2863 Paulus
3614 2812 3727 2864 ait:
3754 2812 3821 2863 Et

2221 2900 2362 2952 mihi
2386 2900 2642 2952 ostendit
2671 2901 2970 2965 Dominus,
2998 2901 3153 2966 quod
3182 2905 3313 2966 post
3334 2900 3591 2953 triduum
3612 2900 3819 2954 educat

2225 3002 2358 3043 eum
2390 2990 2462 3041 de
2486 2990 2597 3041 hoc
2619 2989 2851 3042 mundo.

2288 3080 2431 3131 Cum
2464 3091 2600 3143 ergo
2642 3079 2766 3142 iter,
2801 3078 2956 3143 quod
2987 3077 3142 3130 ducil
3174 3078 3250 3131 ad
3280 3078 3722 3149 monasterium,
3752 3079 3823 3131 de

2228 3169 2462 3221 ﬂumine
2504 3168 2767 3220 iucedere
2814 3169 3146 3233 cmpissent,
3194 3169 3597 3233 progressique
3619 3174 3823 3221 essent

2228 3258 2542 3325 paululum,
2568 3258 2814 3311 occurrit
2837 3259 2919 3310 eis
2945 3258 3307 3322 supradictus
3332 3258 3436 3319 vir,
3452 3258 3525 3310 ad
3549 3272 3723 3322 quem
3750 3260 3827 3313 vi-

2227 3348 2519 3402 sitandum
2542 3350 2872 3412 pergebant,
2887 3352 2943 3399 et
2961 3350 3219 3400 salutans
3237 3349 3425 3400 eOSait
3443 3366 3453 3398 :
3475 3349 3824 3401 Benedictus

2225 3438 2525 3500 Dominus,
2551 3438 2649 3501 qui
2673 3450 2776 3489 vos
2799 3437 2941 3488 mihi
2975 3442 3031 3488 et
3062 3450 3220 3489 nunc
3242 3437 3300 3489 in
3323 3450 3574 3501 corpore,
3610 3440 3670 3490 et
3692 3444 3826 3491 ante

2222 3528 2338 3592 jam
2379 3527 2633 3579 ostendit
2675 3527 2734 3578 in
2763 3527 2985 3591 spiritu.
3013 3529 3082 3579 Et
3106 3531 3243 3579 tunc
3264 3529 3438 3591 coepit
3457 3527 3529 3578 de
3550 3528 3827 3580 uniuscu-

2221 3618 2437 3681 jusque
2459 3628 2661 3669 eorum
2696 3616 2935 3675 meritis,
2962 3628 3095 3679 qum
3129 3616 3418 3668 habebant
3440 3616 3595 3682 apud
3613 3619 3826 3680 Deum,

2228 3711 2400 3771 atque
2415 3705 2640 3758 actibus
2665 3718 3001 3757 memorare.
3023 3707 3181 3757 Tunc
3206 3706 3413 3758 Paulus
3432 3706 3530 3765 ait,
3552 3707 3827 3770 quoniam

2230 3798 2287 3847 et
2302 3795 2467 3845 nobis
2489 3794 2770 3846 Dominus
2787 3794 3058 3859 ostendit,
3076 3793 3230 3858 quod
3243 3800 3373 3858 post
3389 3795 3650 3846 triduum
3665 3802 3722 3848 te
3754 3797 3827 3847 de

2229 3883 2339 3936 hoc
2361 3883 2576 3935 mundo
2604 3888 2887 3947 assumat,
2905 3883 3153 3947 petimus
3177 3896 3211 3935 a
3234 3888 3307 3944 te,
3334 3887 3399 3935 ut
3416 3884 3587 3935 etiam
3611 3884 3685 3937 de
3709 3886 3827 3938 tuis

2232 3973 2397 4024 nobis
2413 3972 2721 4026 virtutibus
2736 3977 2795 4025 et
2807 3973 3052 4031 actibus.
3073 3973 3282 4036 quibus
3298 3973 3545 4025 Domino
3563 3976 3824 4035 placuisti,

2232 4074 2478 4122 enarres,
2493 4076 2601 4114 nec
2622 4063 2869 4114 verearis
2878 4062 3174 4126 jactantim
3195 4067 3410 4114 notam.
3424 4064 3827 4115 Abscessurus

2232 4151 2386 4203 enim
2409 4150 2481 4203 de
2504 4150 2613 4202 hoc
2631 4151 2869 4215 mundo,
2894 4151 2968 4202 ad
2985 4150 3359 4203 imitationem
3384 4153 3629 4217 posteris
3644 4158 3829 4217 gesto-

2232 4253 2364 4292 rum
2387 4246 2620 4293 tuorum
2643 4241 2979 4293 memoriam
2990 4240 3337 4304 derelinque.
3352 4242 3511 4293 Tunc
3522 4240 3637 4306 ille,
3655 4242 3825 4305 Nihil,

2232 4333 2439 4398 inquit,
2454 4341 2734 4393 magnum
2745 4330 2951 4382 fecisse
2966 4330 3335 4391 memini,hoc
3347 4334 3539 4383 tamen
3552 4334 3827 4395 custodivi,

2235 4436 2308 4475 ex
2324 4434 2438 4487 quo
2452 4433 2665 4473 nomen
2688 4418 2998 4479 Salvatoris
3021 4420 3205 4471 nostri
3222 4419 3284 4471 in
3305 4420 3706 4484 persecutione
3718 4436 3831 4470 con-

2239 4512 2429 4565 fessus
2471 4522 2622 4568 sum.
2666 4523 2739 4562 ne
2792 4505 2940 4577 |68
2969 4513 3100 4573 post
3122 4509 3544 4562 confessionem
3570 4510 3831 4563 veritatis

544 4585 1088 4652 Ρὶυῖὶωοεῖτθιωω»
1102 4587 1313 4659 (“libus
1329 4594 1649 4652 Opportune
1661 4589 1814 4643 Olera
1828 4589 1952 4655 ipsa
1966 4597 2139 4652 Parata
2162 4613 2223 4688 D
2244 4601 2605 4653 mendacium
2626 4600 2699 4652 de
2721 4612 2819 4652 ore
2842 4612 2969 4651 meo
2983 4598 3330 4663 procederet,
3345 4611 3532 4663 neque
3548 4604 3682 4664 post
3697 4615 3832 4649 amo-

546 4681 719 4728 sunt:
746 4677 961 4741 gratias
988 4690 1122 4742 ergo
1141 4678 1449 4730 referentes
1492 4680 1737 4732 Domino
1772 4693 1873 4745 pro
1907 4680 2141 4733 mirabi-
2162 4677 2214 4688 ”
2241 4704 2364 4743 rem
2396 4690 2715 4743 οωιεειὶυω
2739 4695 3028 4742 terrenum
3050 4686 3265 4752 aliquid
3285 4701 3554 4754 amarem,
3589 4690 3693 4741 sed
3729 4703 3832 4744 nec

543 4765 697 4819 libus
721 4766 864 4828 suis,
888 4766 1175 4833 duplicem
1206 4767 1467 4821 iustitiam
1490 4770 1799 4835 gessimus,
1836 4774 1893 4823 et
1914 4784 2017 4837 pro
2045 4783 2140 4824 sa-

542 4855 663 4909 lute
683 4854 952 4922 hominis,
977 4862 1036 4911 et
1056 4870 1159 4923 pro
1181 4859 1479 4913 beneﬂciis
1502 4859 1738 4914 divinis.

545 5107 753 5162 butum
776 5112 881 5170 est,
902 5120 1012 5161 nos
1027 5109 1086 5160 in
1107 5109 1353 5173 hujusce
1374 5108 1537 5162 Tomi
1562 5109 1889 5175 Appendice
1916 5111 2142 5165 recudi—

544 5193 697 5233 mus.
733 5182 816 5232 Ibi
851 5180 1104 5233 Helenus
1128 5181 1448 5246 Episcopus
1472 5186 1529 5233 et
1560 5184 1765 5234 Zareas
1791 5196 1995 5246 magus
2012 5197 2143 5237 con-
2174 5242 2177 5245 _

546 5252 902 5318 grediuntur.
923 5253 1109 5304 Verba
1130 5252 1328 5304 eadem
1352 5266 1482 5304 cum
1505 5253 1595 5304 his
1615 5253 1789 5305 ferme
1802 5260 1954 5307 sunt.
1972 5256 2141 5308 Hele-

546 5336 659 5374 nus
681 5324 793 5375 ait:
823 5324 1163 5373 Accendatur
1184 5323 1336 5385 ignis
1361 5324 1420 5372 in
1443 5325 1624 5374 media
1646 5326 1876 5388 civitate,
1901 5327 2143 5390 etingre-

545 5395 772 5444 diamur
789 5396 1000 5459 pariter
1010 5396 1264 5458 ﬂammas
1278 5400 1324 5443 et
1346 5396 1444 5460 qui
1465 5401 1615 5445 ustus
1637 5412 1750 5446 non
1768 5396 2143 5460 fuerit,'creda—

549 5467 847 5530 mus,quod
873 5468 1019 5516 hunc
1050 5467 1256 5516 miserit
1282 5468 1545 5517 Christus.
1579 5469 1723 5517 Tunc
1747 5468 1997 5517 omnibus
2019 5485 2143 5517 sen-

548 5538 713 5586 tentia
732 5538 956 5601 placuit.
988 5537 1185 5587 Statim
1210 5539 1354 5602 ignis
1376 5540 1617 5604 copiosus
1634 5555 1882 5588 accensus
1897 5541 2143 5591 est.Tunc

546 5607 725 5657 beatus
760 5608 992 5657 Helenus
1016 5608 1164 5673 jubet
1202 5610 1435 5660 Zaream
1469 5611 1694 5659 introire
1726 5611 2004 5673 ﬂammas.
2040 5612 2143 5662 Cui

546 5679 589 5727 Ζ
593 5694 748 5728 areas
764 5680 962 5742 inquit,
976 5681 1255 5744 Ingredere
1271 5687 1327 5730 tu
1340 5683 1488 5746 prim
1496 5697 1606 5745 us,q
1616 5682 1673 5729 ui
1691 5682 1786 5730 hoc
1797 5683 2144 5745 proposuisti-

548 5750 949 5814 Consignansse
960 5752 1130 5815 igitur
1152 5752 1485 5802 beatissimus
1502 5757 1656 5816 pater
1670 5752 1919 5817 Helenus,
1934 5768 2143 5818 expan-

546 5821 618 5870 sis
641 5823 897 5872 manibus
917 5824 1158 5888 ingentes
1178 5825 1432 5887 ﬂammas
1454 5825 1628 5874 intrat
1651 5837 1664 5874 :
1686 5828 1733 5872 et
1755 5830 1902 5875 stans
1925 5826 2037 5875 illic
2057 5825 2144 5876 di-

549 5891 844 5957 midiafere
860 5892 1001 5945 hora
1012 5909 1181 5960 neque
1190 5895 1416 5961 capillis,
1430 5909 1529 5960 neq
1538 5910 1600 5945 ue
1611 5895 1932 5948 vestimentis
1946 5912 2014 5949 ea:
2033 5896 2140 5947 ali-

2237 4782 2423 4847 gratia
2442 4780 2670 4833 Domini
2690 4780 2752 4831 in
2766 4778 2857 4830 his
2868 4778 3052 4831 defuit
3066 4777 3226 4830 mihi.
3240 4779 3565 4842 Numquam
3576 4779 3731 4836 enim
3747 4795 3825 4829 me

2238 4870 2373 4923 fecit
2387 4882 2555 4935 egere
2577 4869 2768 4934 aliquo
2792 4874 3034 4935 terreno,
3057 4882 3290 4922 omnem
3312 4880 3487 4933 quem
3507 4868 3828 4923 desideravi

2241 5122 2351 5173 qua
2365 5112 2517 5173 parte
2539 5104 2769 5168 violatis,
2793 5109 2851 5154 ut
2876 5104 3078 5155 Zareas
3093 5119 3302 5169 quoque
3324 5105 3834 5167 intraret,simititer

2242 5178 2558 5244 imperabat.
2593 5176 2697 5226 Sed
2729 5177 2931 5226 Zareas
2974 5177 3234 5227 reluctare
3268 5177 3422 5242 coepit
3454 5184 3497 5226 et
3528 5178 3732 5242 fugere.
3768 5182 3836 5231 At

2240 5251 2333 5301 ubi
2360 5250 2597 5299 invitum
2622 5249 2778 5299 illum
2801 5249 3031 5313 populus
3056 5251 3114 5298 in
3140 5250 3354 5314 ignibus
3378 5249 3625 5311 tradidit,
3649 5254 3830 5301 statim

2241 5339 2364 5374 eum
2386 5324 2734 5373 circumdans
2755 5323 2982 5386 ﬂamma
3002 5325 3158 5387 capit
3187 5336 3428 5373 exurere.
3453 5323 3521 5372 Et
3544 5324 3832 5373 immittens

2241 5411 2293 5445 se
2313 5400 2531 5443 sanctus
2552 5394 2804 5456 Helenus,
2832 5394 3289 5455 licetsemiuslum,
3316 5396 3497 5444 vivum
3519 5401 3704 5446 tamen
3729 5398 3832 5447 eri-

2239 5468 2361 5530 puit
2385 5480 2397 5515 :
2426 5480 2580 5528 quem
2598 5466 2976 5515 cumdedecorc
2998 5467 3542 5530 climinavitpopulus
3559 5468 3622 5516 de
3641 5469 3832 5531 ﬁnibus

2241 5536 2480 5600 regionis
2497 5537 2677 5599 hujus.
2694 5537 2850 5585 Hunc
2864 5537 3101 5600 quotidie
3117 5552 3502 5603 quoquumque
3519 5540 3827 5601 perrexerit.

2241 5608 2305 5656 in
2343 5607 2440 5656 Dei
2476 5606 2727 5656 laudibus
2748 5608 2980 5672 populus
3004 5610 3309 5659 comitatur.
3344 5611 3481 5659 Haec
3519 5610 3592 5661 ab
3630 5609 3831 5661 Ruﬁno

2243 5679 2483 5729 totidem
2520 5678 2630 5729 fere
2666 5680 2856 5731 verbis
2879 5686 3252 5744 personatum
3276 5681 3626 5744 Scriptorem
3657 5682 3829 5733 fuisse

2241 5751 2586 5813 mutuatum,
2611 5763 2703 5802 res
2737 5751 2964 5802 clamat.

2305 5829 2322 5850 '
2351 5821 2510 5886 Syro,
2546 5822 2660 5887 etc.]
2710 5823 2782 5873 De
2832 5822 2916 5871 his
2958 5827 3148 5886 praeter
3188 5826 3438 5872 notatum
3485 5823 3546 5872 in
3582 5824 3828 5887 margine

2239 5890 2557 5944 Palladium
2577 5893 2724 5945 nihil
2745 5894 2947 5945 inveni.
2964 5896 3368 5948 ROSWEYDUS.
