3898 6400
70 352 182 409 429

1277 360 1611 415 HISTORIA
1654 363 2182 417 MONACHORUM.

3265 373 3369 430 430

72 467 295 527 cibum,
308 467 663 533 Angelorum
686 468 1110 534 mihildeferens
1125 472 1465 528 ministerio.
1486 474 1683 526 Nihila
1702 481 1761 554 Α
1785 482 1846 530 et
1895 476 2083 542 edere,
2126 478 2238 529 sim
2271 478 2485 531 iliteret
2530 492 2605 531 ex
2650 479 2808 533 fonte
2840 481 3116 547 poculum
3145 495 3372 540 sumere

74 566 173 606 me
201 554 523 607 occultavit
535 556 820 608 Dominus
831 569 1049 611 eorum.
1064 572 1197 623 quae
1215 566 1492 625 geruntur
1507 562 1567 615 in
1578 567 1683 615 ter-

76 644 157 695 ris
190 660 204 696 :
228 657 555 708 numquam
579 645 762 697 defuit
787 647 942 698 cordi
966 660 1095 700 meo
1113 648 1216 701 lux
1228 652 1375 715 ejus,
1390 664 1489 715 per
1505 664 1681 715 quam

80 733 406 785 suscitatus
430 747 700 787 somnum
728 737 981 799 corporis
1003 750 1119 787 non
1134 741 1516 804 requirebam,
1535 740 1683 791 desi-

78 821 313 874 derium
341 823 560 874 habens
586 836 811 888 semper
834 825 1066 877 videndi
1095 839 1245 878 eum.
1283 828 1392 880 Sed
1415 835 1472 882 et
1492 833 1684 893 Ange-

77 910 208 961 lum
254 924 428 964 suum
468 912 738 964 assistere
760 913 903 964 mihi
926 927 1151 979 semper
1174 915 1325 980 fecit,
1350 917 1684 970 edocentem

82 1012 182 1050 me
227 1000 301 1052 de
320 1000 564 1065 singulis
599 1002 928 1066 quibusque
954 1004 1268 1056 virtutibus
1298 1006 1519 1058 mundi.
1557 1009 1684 1059 Lux

86 1089 303 1139 mentis
327 1102 475 1142 meae
490 1102 811 1154 numquam
825 1093 1081 1145 extincta
1097 1097 1202 1145 est.
1222 1095 1404 1147 Omne
1420 1098 1552 1157 quod
1564 1099 1685 1158 petii

83 1190 119 1228 θ.
143 1178 415 1241 Domino,
432 1182 555 1231 sine
570 1192 737 1232 mora
760 1186 1106 1234 consecutus
1121 1197 1272 1236 sum.
1285 1185 1687 1237 Ostenditmihi

86 1265 419 1332 frequenter
451 1268 857 1322 multitudines
900 1272 1251 1336 Angelorum
1286 1274 1688 1326 assistentium

91 1356 201 1407 sibi
218 1375 231 1420 ;
249 1357 949 1423 vidietcnetusjustorum,
961 1364 1552 1428 congregationesque
1563 1380 1689 1413 mar-

90 1449 308 1510 tyrum,
323 1448 736 1500 monachorum
748 1454 1091 1515 conventus,
1106 1453 1481 1517 omniumque
1493 1458 1690 1503 Sancto-

87 1547 243 1599 rum,
265 1548 465 1588 eorum
489 1537 807 1602 dumtaxat,
829 1552 1077 1603 quorum
1101 1554 1246 1605 opus
1270 1554 1388 1594 non
1409 1547 1497 1594 est
1513 1541 1689 1607 aliud,

88 1623 205 1675 nisi
231 1625 463 1677 laudare
477 1639 704 1691 semper
718 1632 774 1679 et
796 1629 1134 1681 benedicere
1157 1631 1467 1682 Dominum
1488 1633 1549 1682 in
1565 1634 1695 1680 sim-

90 1712 347 1776 plicitate
387 1715 575 1767 cordis
622 1721 679 1767 et
722 1716 871 1769 fidei.
916 1717 1042 1769 Vidi
1079 1719 1397 1772 econtrario
1419 1721 1609 1781 Satan,
1635 1726 1692 1773 et

1780 567 2165 619 Confirmabat
2186 570 2398 632 autem,
2426 581 2490 619 se
2513 580 2834 633 numquam
2856 570 2918 622 in
2949 572 3105 624 omni
3122 572 3238 625 vita
3269 586 3375 627 sua

1784 661 1962 709 tanta:
1975 655 2294 708 dulcedinis
2312 656 2527 721 aliquid
2544 663 2600 709 et
2616 662 2793 711 tantm
2814 660 3112 713 suavitatis
3125 664 3373 728 hausisse,

1781 746 2011 798 Invenit
2031 750 2227 797 autem
2249 745 2310 796 in
2334 744 2458 809 ipso
2488 746 2612 799 loco
2636 748 2811 800 etiam
2831 749 3168 813 speluncam
3191 762 3376 815 quan-

1782 846 1933 906 dam,
1961 844 2114 896 intra
2133 856 2310 907 quam
2334 844 2673 909 aliquandiu
2695 847 2996 911 requievit.
3015 850 3229 902 Etcum
3247 851 3373 903 reﬂ-

1783 933 1968 986 ciendi
1993 934 2319 998 corpusculi
2338 939 2568 999 tempus
2579 941 2638 987 et
2650 938 2966 990 necessitas
2982 938 3264 992 adfuisset
3277 952 3379 1004 per

1784 1023 1886 1074 Dei
1928 1022 2305 1074 nihilominus
2343 1023 2604 1088 gratiam,
2627 1024 2769 1078 nihil
2789 1025 2986 1080 deerat
3010 1040 3210 1081 eorum
3243 1040 3378 1092 qum

1786 1113 2063 1177 poscebat
2083 1124 2117 1163 a
2141 1111 2398 1163 Domino.

1849 1253 2109 1315 Quodam
2124 1266 2256 1306 vero
2282 1259 2538 1319 tempore
2561 1255 2836 1319 pergebat
2848 1255 2921 1307 ad
2934 1256 3257 1310 visitandos
3273 1259 3384 1311 fra-

1787 1346 1903 1394 tres
1917 1343 2551 1407 incommodos,quibus
2568 1344 2742 1395 etiam
2758 1356 2892 1408 qum
2906 1346 3237 1398 necessaria
3248 1353 3386 1396 erant

1787 1432 1859 1486 ad
1881 1432 2247 1485 refectionem
2274 1433 2525 1497 corporis
2551 1433 2856 1487 deferebat.
2870 1436 2955 1498 _Et
2977 1449 3109 1488 cum
3131 1436 3385 1488 initinere

1789 1543 1991 1582 eorum
2013 1543 2145 1594 quae
2169 1531 2431 1595 portabat
2450 1536 2987 1595 onerelgravaretur,
3002 1533 3385 1588 viditeminus

1790 1632 2036 1683 onagros
2074 1619 2317 1670 transire
2363 1632 2462 1683 per
2493 1619 2804 1682 desertum,
2830 1624 2887 1672 et
2907 1622 3274 1686 exclamavit,
3298 1623 3395 1675 di-.

1794 1721 1933 1760 cens
1957 1723 1969 1758 :
1990 1710 2053 1760 ln
2072 1709 2303 1760 nomine
2330 1708 2561 1760 Domini
2582 1709 2919 1761 nostriJesu
2944 1710 3174 1773 Christi,
3195 1712 3390 1763 veniat

91 1804 335 1866 angelos
356 1804 482 1868 ejus
506 1807 739 1857 aeternis
758 1800 992 1871 ignibus
1018 1808 1181 1874 tradi,
1208 1814 1266 1861 et
1288 1812 1690 1875 rursusjustos

1803 1799 1906 1849 huc
1928 1810 2081 1849 unus
2103 1811 2175 1848 ex
2198 1797 2382 1862 vobis,
2401 1802 2456 1849 et
2479 1797 2753 1862 suscipiat
2780 1798 3067 1851 sarcinam
3094 1811 3302 1851 meam.
3321 1802 3391 1851 Et

90 1897 316 1944 aeterna
336 1891 539 1945 laetitia
561 1895 791 1959 perfrui.
814 1897 1073 1961 Cumque
1084 1898 1212 1950 hac
1228 1904 1283 1950 et
1298 1899 1480 1951 multa
1494 1903 1593 1948 alia
1610 1903 1692 1949 bis

96 1980 312 2032 similia
333 1993 433 2047 per
450 1986 635 2034 totum
649 1984 901 2037 triduum
918 1993 1242 2039 enarrasset
1257 1987 1359 2051 eis,
1373 1990 1575 2037 tradidit
1587 1992 1691 2050 spi-

93 2069 294 2122 ritum.
334 2071 405 2122 Et
447 2072 718 2124 continuo
751 2073 954 2127 vident
986 2076 1097 2140 ipsi
1121 2077 1192 2128 ab
1219 2078 1457 2142 Angelis
1480 2077 1695 2142 suscipi

97 2159 229 2224 ejus
265 2160 538 2222 animam,
580 2166 758 2226 atque
788 2163 861 2214 ad
896 2165 1069 2216 caelos
1106 2165 1257 2230 ferri,
1288 2167 1371 2218 ita
1403 2170 1469 2218 ut
1496 2179 1695 2218 vocem

97 2249 454 2314 hymnorum
480 2251 744 2303 audimnt
763 2255 935 2304 etiam
958 2254 1089 2318 ipsi,
1105 2256 1243 2319 quib
1257 2269 1323 2307 us
1340 2267 1458 2307 una
1473 2272 1583 2305 cum
1600 2260 1696 2304 An-

100 2339 247 2404 gelis
270 2340 464 2391 anima
486 2341 613 2404 ejus
637 2342 958 2394 abscedens
980 2344 1291 2395 Dominum
1315 2344 1692 2397 collaudabat.

661 2511 951 2576 CAPUT
1012 2513 1132 2578 XI.

692 2685 771 2724 DE
792 2682 811 2703 ⁸
842 2685 1105 2726 HBLENO.

164 2840 300 2893 Fuit
333 2845 394 2893 et
414 2841 558 2893 alius
581 2842 668 2894 vir
697 2848 954 2905 sanctus,
981 2845 1238 2897 Helenus
1250 2846 1481 2898 nomine
1495 2847 1700 2911 (Ραιια-

102 2930 196 2980 dio
219 2946 337 2995 cap.
363 2930 451 2984 59.
476 2932 677 2982 Hellen
702 2933 947 2995 dicitur):
974 2933 1067 2984 hic
1086 2934 1698 2998 apueritiainservitio

100 3019 350 3084 Domini,
367 3033 500 3071 cum
510 3021 667 3072 omni
687 3022 1041 3075 continentia
1062 3027 1121 3075 et
1143 3016 1698 3076 castissimisin'stitu-

103 3109 362 3161 tionibus
382 3110 780 3175 enutritus,ad
803 3123 1033 3163 summa
1055 3114 1258 3164 merita
1272 3119 1601 3177 pervenerat
1617 3119 1698 3164 De-

102 3199 277 3262 nique
319 3212 453 3251 cum
487 3200 677 3252 adhuc
698 3214 839 3266 puer
860 3206 1021 3254 esset
1042 3202 1101 3254 in
1134 3204 1501 3268 monasterio,
1523 3205 1571 3255 si
1592 3218 1695 3256 ne-

1793 1900 1922 1939 ecce
1955 1899 2110 1938 unus
2133 1899 2206 1937 ex
2230 1887 2388 1938 omni
2416 1899 2608 1951 grege,
2636 1892 2756 1939 tota
2779 1900 2913 1939 cum
2946 1889 3392 1943 mansuetudine

1793 1989 1976 2052 pergit
1998 1986 2067 2036 ad
2086 1997 2236 2036 eum.
2252 1987 2413 2036 Tunc
2436 1985 2530 2037 ille
2559 1986 2841 2050 praebenti
2866 1998 2928 2038 se
2952 1990 3176 2051 sponte,
3191 1991 3249 2039 et
3264 2002 3394 2036 onus

1792 2074 2052 2139 imponit,
2078 2078 2135 2125 et
2163 2074 2273 2136 ipsi
2304 2074 2539 2135 insedit,
2566 2078 2623 2127 et
2648 2088 2782 2127 cum
2806 2075 2963 2126 omni
2984 2074 3285 2128 velocitate
3321 2075 3393 2127 ab

1794 2176 1859 2216 eo
1886 2163 1959 2215 ad
1999 2161 2236 2214 cellulas
2261 2162 2523 2226 fratrum,
2562 2175 2679 2225 quo
2705 2165 3000 2227 pergebat,
3021 2169 3257 2217 evectns
3287 2168 3398 2216 est.

1856 2306 1981 2358 Alio
2016 2318 2220 2358 rursus
2245 2311 2499 2371 tempore
2520 2306 2821 2358 Dominica
2844 2305 2934 2358 die
2950 2306 3105 2358 venit
3125 2307 3199 2358 ad
3215 2306 3396 2371 quod-

1795 2395 1932 2447 dam
1954 2394 2372 2446 monasterium
2395 2394 2637 2445 fratrum
2648 2398 2707 2446 et
2729 2407 2862 2446 cum
2887 2395 3134 2447 vidisset
3149 2407 3249 2447 eos
3269 2408 3391 2448 non

1795 2490 2032 2551 agentes
2062 2484 2482 2536 solemnitatem
2507 2484 2639 2548 diei,
2666 2496 2937 2536 caussam
2969 2485 3225 2549 requirit.
3252 2486 3396 2538 Cum

1795 2586 1991 2635 autem
2016 2581 2325 2644 dixissent,
2342 2593 2442 2645 pro
2457 2593 2521 2631 eo
2537 2581 2689 2644 quod
2713 2582 3018 2645 Presbyter
3033 2594 3151 2632 non
3166 2580 3399 2634 adesset

1797 2669 1898 2733 qui
1910 2674 2066 2721 trans
2092 2670 2309 2720 flumen
2319 2673 2578 2720 maneret
2592 2686 2603 2718 :
2633 2674 2859 2734 propter
2873 2673 3092 2721 metum
3109 2670 3262 2722 enim
3274 2683 3399 2721 cro-

1798 2758 1966 2809 codili
1991 2759 2231 2810 transire
2254 2757 2452 2809 nullus
2468 2757 2736 2810 audebat.
2753 2758 3017 2810 Tuncille
3028 2757 3199 2809 dixit:
3225 2761 3399 2808 Sivul-

1798 2848 1892 2910 tis,
1919 2860 2025 2912 ego
2054 2847 2279 2910 vadam,
2297 2852 2353 2899 et
2363 2847 2647 2899 adducam
2658 2861 2791 2900 eum
2807 2848 2881 2899 ad
2898 2861 3021 2900 vos.
3041 2850 3109 2899 Et
3124 2848 3398 2901 continuo

1797 2944 1872 2996 ad
1892 2945 2077 3009 ripam
2111 2945 2368 2996 fluminis
2404 2945 2592 3009 pergit
2617 2961 2629 2996 :
2658 2946 2758 2997 ubi
2780 2958 2915 2997 cum
2937 2958 3147 2998 nomen
3166 2945 3398 2997 Domini

1796 3035 2148 3097 invocasset,
2174 3039 2386 3097 praesto
2409 3033 2519 3084 fuit
2537 3033 2746 3098 bellua,
2765 3039 2824 3085 et
2843 3047 2975 3099 quae.
2994 3034 3215 3086 solebat
3224 3037 3399 3084 adesse

1796 3123 1870 3174 ad
1910 3123 2216 3187 perniciem
2241 3122 2561 3186 hominum,
2591 3123 2773 3174 adfuit
2800 3126 2937 3175 tunc
2962 3124 3037 3175 ad
3061 3123 3392 3176 vehiculum

1790 3221 1955 3285 justi,
1982 3225 2141 3285 tergo
2168 3233 2393 3284 quoque
2419 3234 2524 3271 suo
2550 3221 2877 3285 suscipiens
2911 3218 3057 3289 I70
3084 3234 3390 3285 eum,cnm

100 3289 393 3339 cessarius
430 3288 635 3341 fuisset
656 3291 827 3354 ignis,
851 3291 1156 3343 utevicino
1175 3298 1477 3357 peteretur,
1490 3294 1696 3345 arden-
1724 3312 1769 3384 C
1799 3314 1956 3366 omni
1979 3312 2429 3375 metusubjecla,
2443 3325 2633 3375 usque
2651 3311 2724 3362 ad
2736 3288 2957 3376 partem
2981 3313 3120 3376 ripa,
3139 3314 3391 3363 υιιθτίοτίε

100 3380 192 3429 tes
235 3389 456 3441 prunas
495 3378 841 3431 vestimento
867 3381 1081 3432 ferebat
1102 3382 1301 3433 illseso.
1322 3381 1485 3442 Quod
1508 3383 1696 3434 admi-

96 3470 299 3517 rantes
336 3478 539 3517 omnes
582 3467 680 3530 qui
720 3468 961 3518 aderant
993 3468 1213 3527 fratres,
1235 3470 1490 3521 studium
1520 3473 1698 3523 animi

100 3554 360 3615 vimque
383 3552 509 3616 ejus
532 3566 598 3605 ac
621 3554 811 3605 meriti
823 3554 1033 3606 imitari
1056 3556 1380 3619 cupiebant.
1401 3558 1546 3608 Huic
1565 3571 1701 3622 quo-

98 3641 239 3694 dam
267 3646 522 3706 tempore
551 3656 685 3695 cum
709 3645 865 3695 solus
881 3645 1330 3710 essetineremo,
1348 3646 1699 3699 desiderium

100 3732 382 3786 vescendi
395 3731 580 3784 mellis
605 3738 874 3785 exortum
899 3739 988 3785 est
1013 3750 1024 3784 :
1052 3740 1111 3786 et
1133 3747 1451 3788 conversus
1476 3737 1618 3789 vidit
1640 3737 1703 3788 in

102 3834 249 3873 saxo
274 3820 475 3872 favum
495 3820 682 3872 mellis
713 3820 1113 3887 inhaerentem,
1154 3827 1213 3874 et
1242 3823 1572 3887 intelligens
1594 3826 1702 3877 ini-

103 3910 239 3972 mici
262 3909 415 3961 hanc
434 3922 563 3961 esse
594 3908 890 3972 fallaciam,
917 3910 1189 3963 continuo
1214 3914 1590 3977 semetipsum
1614 3914 1703 3965 in-

102 4012 369 4065 crepans,
394 3999 474 4051 ait
493 4014 506 4050 :
522 3999 761 4051 Discede
783 4011 818 4051 a
840 4012 953 4060 me,
972 4000 1267 4065 deceptrix
1291 4006 1348 4053 et
1369 4002 1704 4057 illecebrosa

105 4088 593 4153 concupiscentia.
610 4089 895 4153 Scriptum
909 4094 1000 4141 est
1019 4090 1193 4154 enim,
1212 4090 1426 4154 Spiritu
1436 4091 1704 4143 ambulate

105 4184 154 4229 ιι
184 4179 647 4242 concupiscentiae
690 4180 874 4228 carnis
905 4193 970 4228 ne
989 4180 1315 4243 perfeceritis
1344 4180 1480 4245 (Gal.
1508 4180 1603 4247 5.).
1636 4186 1707 4235 Et

108 4269 310 4321 statim
334 4268 739 4332 derelinquens
763 4269 936 4320 etiam
962 4268 1154 4320 locum
1180 4266 1328 4337 |69
1353 4272 1566 4336 ipsum,
1588 4272 1706 4324 dis-

107 4358 304 4419 cessit,
330 4357 536 4409 etabiit
553 4358 617 4408 in
636 4358 952 4419 desertum,
976 4364 1151 4423 atque
1170 4359 1249 4411 ibi
1266 4366 1545 4424 tanquam
1576 4375 1707 4427 pro-

106 4447 574 4511 concupiscentia
595 4447 783 4499 carnis
805 4449 1361 4514 punienda.jejuniis
1381 4455 1705 4512 semetipsum

107 4538 288 4603 cmplt
308 4536 579 4601 afﬂigere.
607 4538 797 4589 Tertia
824 4541 1021 4590 autem
1055 4540 1379 4603 septimana
1397 4541 1603 4604 jejunii
1618 4541 1707 4593 sui

110 4627 274 4680 videt
293 4626 357 4678 in
371 4626 623 4690 desertoj
631 4637 792 4679 acere
809 4627 1040 4679 diversa
1057 4640 1228 4692 poma
1244 4641 1474 4693 sparsa:
1491 4637 1538 4677 et
1556 4632 1711 4677 intel-

110 4716 299 4780 ligens
323 4716 486 4768 dolos
523 4716 757 4777 inimici,
784 4716 865 4769 ait
901 4730 916 4768 :
955 4718 1082 4769 Non
1111 4718 1491 4779 manducabo,
1518 4731 1708 4782 neque

112 4806 468 4870 contingam,
482 4817 556 4856 ne
574 4806 811 4857 fratrem
834 4819 1048 4870 meum,
1064 4807 1173 4859 hoc
1183 4810 1273 4860 est
1285 4808 1539 4859 animam
1555 4823 1715 4857 meam

113 4895 524 4948 scandalizem.
563 4896 850 4960 Scriptum
889 4902 980 4949 est
1012 4898 1185 4962 enim,
1211 4898 1355 4957 Quia
1376 4913 1490 4949 non
1516 4899 1579 4948 in
1606 4898 1718 4949 cibo

105 4985 221 5036 solo
264 4985 395 5035 vivit
425 4986 605 5048 homo,
647 4986 737 5035 sed
771 4987 833 5036 in.
883 4989 1035 5036 omni
1058 4987 1210 5037 verba
1245 4989 1342 5037 Dei
1390 4988 1598 5053 (Matth.
1626 4988 1717 5051 4.).

112 5078 378 5138 Cumque
428 5080 487 5127 et
529 5077 795 5140 sequenti
841 5077 1496 5142 septimanajejunaret,
1527 5077 1722 5142 paulu-

113 5167 238 5217 lum
261 5166 322 5216 in
345 5177 549 5217 somno
573 5165 857 5245 deductus
877 5169 983 5225 est,
1010 5171 1066 5219 et
1090 5180 1222 5219 ecce
1247 5167 1505 5231 Angelus
1521 5168 1721 5217 Domini

113 5255 300 5308 astitit
321 5256 375 5307 ei
399 5267 498 5321 per
523 5256 732 5320 visum,
750 5257 952 5308 dicens
980 5274 990 5306 :
1016 5259 1197 5322 Surge
1213 5262 1353 5321 jam,
1377 5260 1433 5309 e't
1456 5269 1589 5321 qua:
1620 5256 1722 5308 tibi

115 5345 385 5411 apposita
404 5345 717 5409 inveneris,
744 5347 888 5398 nihil
904 5348 1180 5399 dubitans
1193 5360 1442 5399 vescere.
1463 5348 1720 5411 Surgens

116 5441 334 5499 autem,
354 5435 499 5488 vidit
519 5448 686 5500 aqum
715 5436 935 5488 fontem
958 5435 1186 5489 lenibus
1198 5435 1486 5499 repletum
1501 5439 1719 5500 ﬂuentis,

117 5525 365 5590 ejusque
386 5525 539 5589 ripas
555 5526 615 5576 in
638 5526 881 5577 circuitu
907 5526 1099 5577 herbis
1125 5525 1478 5590 quibusdam
1506 5527 1722 5579 teneris

118 5614 492 5680 odoratisque
511 5620 847 5681 praetextas.
864 5617 935 5667 Et
955 5615 1236 5669 accedens
1256 5616 1555 5682 decerpere
1575 5617 1723 5680 caepit

186 5847 207 5869 ³
229 5830 491 5905 ΗθΙθΠό.]
531 5840 854 5891 Sozomenus
893 5839 979 5889 lib.
1028 5841 1108 5892 VI.
1134 5855 1252 5905 cap.
1271 5838 1356 5895 28.
1387 5842 1727 5906 Nicephorus

125 5910 216 5963 lib.
291 5911 381 5962 XI.
436 5927 557 5976 cap.
614 5913 701 5967 34.
753 5913 1103 5964 Cassiodorus
1153 5910 1241 5965 lib.
1289 5912 1428 5964 VIII.
1492 5914 1726 5978 Tripart.

1797 3404 2007 3456 evexit.
2052 3402 2208 3453 Adiit
2252 3402 2524 3453 continuo
2576 3400 2832 3453 Helenus
2870 3403 3294 3467 Presbyterum,
3336 3407 3393 3455 et

1798 3504 2036 3547 exorare
2061 3504 2195 3543 eum
2215 3492 2407 3555 coepit,
2422 3494 2487 3542 ut
2513 3491 2733 3542 veniret
2747 3490 2820 3541 ad
2843 3490 3077 3543 fratres:
3095 3496 3217 3545 erat
3240 3492 3396 3545 enim

1796 3582 2038 3634 indutus
2064 3580 2350 3631 vilissimo
2363 3584 2421 3630 et
2434 3580 2520 3642 abj
2530 3592 2593 3630 ec
2601 3579 2825 3631 tissimo
2840 3579 3197 3632 indumento.
3218 3582 3398 3645 Super

1801 3685 1914 3735 quo
1938 3670 2182 3721 miratus
2207 3669 2529 3732 Presbyter,
2546 3669 2674 3731 quis
2684 3673 2785 3733 aut
2805 3669 2956 3721 unde
2969 3672 3141 3733 esset,
3158 3670 3253 3722 vel
3271 3673 3394 3732 quid

1801 3760 1911 3812 sibi
1933 3758 2122 3819 vellet,
2139 3757 2393 3821 inquirit.
2415 3757 2520 3809 Ubi
2539 3769 2672 3808 vero
2693 3757 2967 3820 cognovit
2986 3771 3116 3809 esse
3141 3761 3397 3807 hominem

1803 3849 1923 3911 Dei,
1950 3848 2114 3910 sequi
2130 3859 2264 3898 eum
2288 3846 2462 3910 caepit
2483 3845 2557 3896 ad
2571 3847 2809 3897 flumen.
2836 3848 2908 3897 Et
2932 3859 3065 3897 cum
3078 3855 3400 3897 caussaretur

1800 3950 1919 3990 non
1959 3936 2203 3988 inveniri
2239 3934 2555 3998 navigium,
2591 3947 2703 3998 quo
2735 3935 2967 3985 transiri
3004 3941 3220 3999 posset,
3260 3940 3401 3988 tunc

1803 4028 1983 4081 abbas
2007 4025 2261 4078 IIelenus
2278 4023 2422 4074 dixit
2444 4024 2518 4075 ad
2540 4036 2705 4075 eum:
2734 4023 2886 4074 Nihil
2910 4023 3184 4085 verearis,
3198 4029 3395 4088 pater;

1805 4138 1910 4191 ego
1929 4126 2049 4190 jam
2065 4137 2220 4175 nunc
2243 4123 2455 4187 parabo
2480 4120 2827 4197 vehiculum.
2847 4121 3259 4174 Etexclamans
3273 4138 3365 4173 voc
3376 4139 3402 4172 e

1804 4228 2033 4281 magna,
2057 4214 2259 4266 adesse
2286 4211 2719 4275 bestiamjubet.
2737 4214 2878 4272 Quae
2903 4213 3102 4263 statim
3126 4224 3267 4265 voce
3280 4214 3405 4276 ejus

1804 4306 2000 4358 audita
2022 4304 2204 4365 affuit,
2224 4315 2290 4354 ac
2314 4302 2551 4353 dorsum
2570 4314 2744 4353 suum
2769 4301 2841 4353 ad
2864 4302 3193 4354 vehendum
3208 4304 3405 4363 placide

1805 4396 2148 4460 praeparavit
2173 4411 2183 4442 :
2216 4393 2367 4457 prior
2395 4393 2516 4456 ipse
2534 4391 2926 4443 conscendens
2947 4391 3166 4453 invitat,
3198 4395 3258 4442 et
3282 4404 3411 4455 pre-

1807 4486 2121 4548 sbyterum,
2137 4483 2335 4535 dicens
2352 4480 2664 4544 :Ascende,
2676 4480 2821 4532 nihil
2842 4479 3181 4532 formidans.
3207 4483 3282 4531 At
3294 4480 3408 4544 ille,

1812 4575 1937 4626 visa
1961 4572 2172 4633 bellua,
2197 4571 2524 4633 exterritus,
2551 4570 2903 4622 retrocedere
2932 4581 2999 4621 ac
3022 4569 3282 4633 refugere
3302 4581 3413 4622 cte-

1815 4664 1914 4728 pit.
1947 4664 2160 4715 Omnes
2182 4666 2376 4713 autem
2393 4661 2494 4725 qui
2512 4660 2769 4719 aderant,
2792 4661 2993 4723 stupor
3011 4659 3220 4724 ingens
3238 4663 3297 4710 et
3313 4673 3413 4708 me-

1815 4759 1911 4805 tus
1955 4750 2350 4817 apprehendit,
2390 4750 2651 4802 videntes
2683 4749 2977 4802 hominem
3000 4749 3104 4800 Dei
3129 4747 3412 4800 crocodilo

1816 4846 2086 4895 evectum
2121 4840 2378 4892 fluminis
2401 4839 2626 4891 alveum
2651 4845 3019 4891 transmeare.
3048 4838 3154 4900 Qui
3177 4838 3275 4889 ubi
3312 4838 3413 4889 de-

1818 4931 2057 4994 scendit,
2077 4942 2275 4982 secum
2288 4928 2496 4994 pariter
2514 4928 2573 4980 in
2586 4928 2773 4980 sicum
2786 4929 2975 4981 educit
2989 4928 3162 4981 etiam
3175 4930 3414 4990 belluam,

1819 5030 2018 5082 dicens
2046 5028 2120 5080 ad
2166 5040 2328 5080 eam:
2371 5027 2564 5078 Melior
2607 5033 2698 5078 est
2742 5027 2843 5078 tibi
2878 5039 3052 5090 mors,
3102 5038 3281 5090 quam
3330 5028 3417 5077 tot

1818 5119 2100 5173 scelerum
2121 5122 2179 5169 et
2202 5121 2284 5169 tot
2307 5115 2749 5168 homicidiorum
2773 5114 2988 5169 involvi
3010 5119 3191 5168 reatu.
3219 5118 3296 5168 At
3316 5114 3411 5167 ille

1818 5209 2016 5261 statim
2048 5219 2324 5260 corruens
2357 5205 2693 5270 exspiravit.

1882 5353 2106 5403 Interea
2115 5363 2215 5414 per
2225 5347 2481 5400 triduum
2500 5347 2558 5398 in
2575 5347 2924 5400 monasterio
2942 5351 3180 5400 sanctus
3192 5349 3418 5398 Helenus

1819 5450 2177 5504 permanens,
2224 5435 2465 5487 docebat
2500 5434 2701 5486 fratres
2734 5436 3048 5499 spiritalem
3071 5434 3418 5496 doctrinam,

1818 5530 1899 5581 ita
1920 5534 1985 5581 ut
2008 5529 2181 5579 etiam
2197 5523 2606 5577 nonnullorum
2629 5523 3007 5588 cogitationes
3018 5522 3227 5587 cordis,
3247 5528 3305 5575 et
3327 5536 3420 5575 se-

1823 5622 1977 5670 creta
1998 5615 2235 5670 consilia
2246 5614 2521 5681 proferret
2541 5612 2605 5665 in
2628 5612 2901 5678 medium,
2920 5612 3168 5665 etalium
3182 5610 3417 5677 quidem

1822 5842 1962 5895 Hist.
2010 5856 2130 5907 cap.
2164 5838 2217 5897 1.
2243 5838 2436 5907 quibus
2453 5836 2648 5891 Helles
2675 5839 2894 5903 dicitur,
2921 5837 3173 5890 Palladio
3195 5837 3417 5894 Hellen.

2722 5913 3133 5966 Roswnvnus.
