3898 6396
496 366 595 422 431

1505 364 1665 413 RUH
1680 364 1746 411 .\'l
1796 320 2288 420 AQUILEIENSIS
2342 359 2425 409 PR
2438 357 2777 407 ESBYTERI

3689 351 3786 407 432

493 478 759 544 proderet
790 477 993 542 spiritu
1039 473 1426 527 fornicationis
1449 474 1658 536 urgeri,
1679 472 1857 522 alium
1885 471 2088 535 spiritu
2109 473 2165 546 Α
2186 482 2277 522 res
2299 469 2391 521 his
2425 469 2793 521 inveniamur
2821 467 2881 518 in
2918 466 3049 529 fide,
3086 479 3332 531 quorum
3358 466 3505 517 fides
3537 477 3643 529 per
3681 477 3787 516 nos

493 565 829 625 iracundia,
854 565 1029 615 alium
1054 575 1189 613 vero
1209 560 1517 624 cupiditate
1542 558 2090 622 pecunia,nonnul-

491 653 580 706 los
605 656 623 689 ί
650 660 843 705 autem
862 651 1157 716 jactautia
1185 661 1250 700 ac
1280 648 1487 712 spiritu
1513 649 1799 712 superbia
1816 648 2097 699 iliudi.Al-

494 744 668 794 terius
685 754 819 794 vero
839 737 1323 798 mansuetudinis,
1356 737 1591 788 alterius
1597 738 1860 801 justitia,
1883 740 2093 786 alterius

394 841 405 851 '
490 831 782 896 patientia
806 828 1203 880 testimonium
1223 826 1483 890 dabat,et
1508 827 1589 877 sic
1606 840 1679 877 ex
1697 832 1942 890 utraque
1954 834 2092 888 parte

489 921 731 971 aliorum
757 918 914 982 vitia,
934 917 1176 969 aliorum
1190 917 1438 968 virtutes
1455 916 1633 967 animi
1648 918 2091 980 exaggerans,ad

492 1029 692 1069 omnes
718 1029 816 1069 eos
840 1016 1132 1080 profectus
1164 1014 1504 1067 mirabiliter
1526 1015 1838 1067 excolebat.
1865 1017 2095 1077 Agnos-

492 1112 689 1157 centes
713 1119 847 1158 vero
860 1104 1076 1169 singuli
1091 1105 1325 1169 quique,
1343 1105 1425 1156 ita
1448 1105 1538 1169 agi
1565 1106 1718 1155 inter
1730 1105 2090 1168 semetipsos,

494 1200 557 1246 ut
580 1194 673 1246 ille
684 1195 1147 1258 annuntiaverat,
1161 1194 1330 1245 corde
1347 1194 1684 1258 cumpuncti
1696 1196 2093 1242 emendabantur

492 1283 853 1334 Profecturus
879 1287 1073 1335 autem
1097 1282 1176 1334 ait
1196 1282 1269 1333 ad
1302 1295 1403 1334 eos
1436 1297 1448 1333 :
1482 1284 1805 1346 Praparate
1834 1281 1985 1332 olera
2021 1280 2093 1331 ad

492 1372 804 1425 adventum
828 1372 1090 1424 fratrum.
1111 1374 1179 1423 Et
1195 1371 1309 1422 illis
1321 1371 1797 1435 praparantibus,
1818 1369 2092 1420 continuo

493 1466 958 1526 supervenerunt
980 1461 1203 1524 fratres,
1218 1461 1432 1525 quibus
1452 1460 1764 1512 honorifice
1784 1459 2088 1523 susceptis,

494 1552 616 1617 ipse
640 1552 937 1603 contendit
958 1551 1031 1603 ad
1058 1563 1333 1603 eremum.

554 1677 813 1741 Rogabat
858 1681 1055 1728 autem
1098 1688 1231 1727 eum
1274 1675 1510 1739 quidam
1555 1674 1626 1725 de
1679 1673 1980 1736 fratribus,
2024 1674 2088 1725 ut

496 1767 845 1831 permitteret
890 1778 1023 1817 eum
1072 1778 1270 1817 secum
1317 1764 1524 1827 degere
1567 1763 1628 1814 in
1674 1775 1881 1814 eremo.
1927 1764 2098 1813 Cum-

408 1850 413 1854 ’
497 1868 609 1919 que
652 1854 1047 1919 respondisset
1090 1854 1157 1916 ei,
1203 1865 1381 1916 grave
1411 1866 1539 1904 esse
1564 1853 1860 1915 negotium
1883 1856 1939 1903 et
1971 1850 2088 1916 plu-
2114 1843 2169 1917 B

496 1944 705 1995 rimum
773 1943 1006 2007 laboris,
1080 1942 1361 1994 obsistere
1420 1941 1838 1992 tentationibus
1885 1940 2101 1992 damo-

497 2046 675 2096 num;
715 2046 780 2085 eo
822 2032 1241 2085 contentiosius
1284 2032 1513 2095 juvenis
1559 2030 1922 2095 persistebat,
1969 2042 2101 2093 pro-

498 2123 732 2174 mittens
758 2135 819 2174 se
843 2127 1054 2173 cuncta
1088 2120 1458 2174 tolerabiliter
1487 2120 1856 2184 perlaturum,
1875 2123 2099 2170 tantum

506 2218 627 2288 ΙῚΙ
664 2226 729 2274 ut
770 2221 1051 2285 praberet
1099 2220 1149 2270 ei
1195 2220 1419 2283 copiam
1444 2220 1717 2269 consortii
1743 2218 1848 2268 sui.
1877 2218 2099 2268 Etcum

494 2320 871 2383 permisisset,
916 2321 1153 2369 secutus
1199 2320 1289 2368 est
1334 2328 1466 2368 eum
1506 2315 1580 2366 ad
1617 2327 1895 2377 eremum,
1925 2326 2102 2378 quem

496 2408 589 2460 ille
611 2409 672 2460 in
694 2409 886 2461 vicina
912 2408 1020 2458 sibi
1046 2406 1321 2471 spelunca
1344 2406 1802 2469 habitarejubet.
1823 2406 1985 2456 Tunc
2003 2407 2100 2453 (la-

496 2510 702 2549 mones
725 2496 997 2548 advolant
1020 2508 1120 2559 per
1142 2499 1379 2546 noctem
1406 2508 1418 2544 :
1446 2495 1699 2558 primum
1724 2494 1895 2545 fadis
1916 2499 1973 2545 et
1990 2499 2103 2545 tur-

498 2586 669 2649 pibus
697 2598 833 2636 eum
856 2583 1307 2647 cogitationibus
1332 2583 1790 2646 exagitant,post
1814 2583 1940 2635 hac
1965 2594 2100 2635 vero

499 2683 671 2736 etiam
701 2681 1207 2735 violenterirruere
1230 2685 1286 2730 et
1297 2691 1503 2731 necare
1517 2693 1648 2731 eum
1663 2680 2097 2744 aggrediuntur.

499 2772 793 2836 Effugiens
816 2774 1012 2822 autem
1033 2770 1289 2833 juvenis,
1317 2773 1375 2819 et
1402 2769 1712 2832 pervolans
1741 2769 1814 2820 ad
1834 2769 2099 2821 cellulam

503 2860 686 2913 sancti
712 2860 932 2918 Heleni,
958 2859 1171 2922 quibus
1186 2857 1354 2908 malis
1366 2861 1668 2921 urgeretur
1683 2860 1935 2922 exponit.
1964 2861 2101 2907 Tunc

502 2950 694 3002 senior
716 2948 1054 3002 consolatus
1076 2954 1169 3000 est
1198 2960 1331 3000 eum
1356 2948 1556 3011 paucis
1580 2948 1790 3007 verbis,
1817 2951 1875 2999 et
1898 2947 1969 2999 de
1984 2948 2101 2999 vir-

506 3042 625 3092 tute
647 3039 782 3092 fidei
816 3052 882 3090 ac
906 3038 1200 3103 patientia
1224 3049 1617 3099 commonens,
1646 3037 1842 3089 statim
1871 3039 2103 3089 revocat

504 3137 577 3190 ad
602 3136 949 3202 speluncam,
978 3136 1051 3188 de
1074 3149 1190 3199 qua
1207 3136 1502 3199 effugerat,
1521 3140 1579 3187 et
1596 3141 1889 3199 tamquam
1906 3135 2099 3184 sulcum

505 3226 813 3291 quemdam
835 3239 935 3290 per
963 3238 1195 3278 arenam
1212 3230 1372 3278 extra
1384 3225 1645 3277 cellulam
1653 3226 1903 3289 juvenis,
1919 3225 2098 3290 digito
2128 3219 2177 3294 Ο

509 3329 616 3367 suo
639 3316 881 3378 ducens,
912 3315 1181 3385 pracepit
1203 3316 1263 3367 in
1283 3320 1516 3367 nomine
1541 3314 1880 3379 Domini,ne
1891 3318 2111 3363 audeant

508 3405 802 3457 damones
828 3407 1110 3457 statutum
1134 3403 1736 3469 transgredilimitem:
1764 3409 1821 3455 et
1844 3405 1924 3456 ita
1949 3403 2109 3456 verbi

509 3494 635 3557 ejus
671 3493 884 3547 virtute
928 3493 1267 3547 adolescens
1312 3494 1629 3559 permansit
1669 3494 1738 3546 de
1775 3492 1992 3557 reliquo
2018 3506 2105 3546 se-

511 3596 701 3635 curus.

574 3709 886 3761 Ferebatur
909 3708 981 3761 de
1005 3721 1089 3769 eo,
1118 3709 1270 3772 quod
1290 3714 1345 3759 et
1369 3708 1492 3772 ipse
1516 3708 1857 3759 adolescens
1876 3708 1933 3758 in
1946 3722 2109 3757 eremo

511 3798 754 3864 positus,
801 3798 1062 3849 calestes
1103 3809 1257 3861 sape
1280 3797 1633 3861 percepisset
1655 3796 1830 3857 cibos,
1851 3801 1907 3848 et
1926 3796 2111 3847 fratri-

510 3889 619 3939 bus
641 3888 713 3939 ad
732 3900 794 3939 se
808 3888 1199 3950 venientibus,
1216 3900 1350 3938 cum
1370 3886 1511 3937 nihil
1527 3886 1831 3938 habuisset
1847 3885 2001 3949 quod
2020 3897 2111 3948 ap-

509 3982 762 4042 poneret,
787 3977 1023 4030 ail‘uisse
1052 3977 1362 4041 quemdam
1392 3975 1821 4027 adolescentem
1851 3987 2031 4039 panes
2060 3975 2110 4026 ei

509 4080 565 4126 et
588 4087 719 4139 qua
742 4078 903 4127 erant
925 4075 1254 4127 necessaria
1277 4073 1652 4136 deferentem,
1672 4086 1854 4136 eaque
1871 4089 1983 4121 cum
1998 4080 2111 4121 ante

510 4163 841 4228 speluncam
868 4165 994 4228 ejus
1013 4163 1394 4228 deposuisset,
1414 4162 1563 4214 ultra
1578 4144 1873 4225 nusquam
1889 4175 2113 4226 compa-

512 4252 728 4314 ruisse;
756 4252 975 4303 dixisse
1000 4264 1135 4305 vero
1164 4265 1299 4303 eum
1329 4252 1402 4302 ad
1426 4252 1663 4302 fratres:
1694 4251 2112 4303 Benedicamus

510 4340 945 4405 Dominum,qui
961 4342 1305 4406 praeparavit
1317 4340 1486 4393 nobis
1503 4354 1770 4394 mensam
1787 4342 1846 4393 in
1864 4344 2109 4396 deserto.

576 4466 733 4529 Hac,
760 4469 817 4518 et
846 4465 956 4518 alia
979 4466 1221 4531 plurima
1238 4466 1309 4519 de
1327 4472 1656 4519 sanctorum
1682 4469 1914 4520 Patrum
1927 4467 2046 4521 vita
2058 4472 2115 4520 et

2194 558 2531 621 consignata
2554 562 2645 608 est
2666 558 2801 608 Deo.

2742 696 3024 762 CAPUT
3081 694 3236 759 XII.

2833 870 2911 908 DB
2943 868 2960 887 "
2994 869 3148 908 BLIA.

2256 1002 2519 1054 Vidimus
2548 1006 2606 1053 et
2649 1000 2826 1052 alium
2876 1011 3073 1051 senem
3112 996 3341 1059 (Pallad.
3379 1012 3498 1061 cap.
3544 996 3636 1051 51.
3662 997 3797 1049 etde

2194 1092 2303 1142 alio
2335 1093 2465 1141 Elia
2486 1107 2529 1143 c.
2562 1090 2630 1154 3.)
2672 1089 3076 1153 venerabilem,
3102 1087 3283 1139 Eliam
3304 1087 3557 1151 nomine,
3584 1087 3648 1138 in
3670 1086 3794 1137 fini-

2195 1180 2305 1231 bus
2328 1180 2580 1231 civitatis
2603 1178 2868 1241 Antinoo,
2883 1188 3013 1240 qua
3030 1173 3460 1239 estmetropolis
3478 1173 3793 1225 Thebaidis

2194 1272 2426 1321 centum
2453 1268 2567 1319 fere
2585 1268 2704 1331 jam
2717 1271 2774 1319 et
2788 1266 2982 1317 decem
3002 1266 3086 1329 (ut
3106 1264 3420 1325 dicebatur)
3436 1277 3695 1311 annorum
3716 1278 3794 1309 su-

2193 1371 2293 1423 per
2314 1370 2489 1421 quem
2511 1356 2795 1419 dicebant,
2810 1354 2963 1419 quod
2987 1367 3118 1406 vere
3142 1354 3377 1418 spiritus
3394 1352 3607 1403 Eliain
3629 1364 3700 1403 eo
3716 1364 3795 1402 re-

2195 1448 2521 1512 quievisset.
2538 1447 2714 1497 Multa
2736 1445 2891 1497 enim
2913 1443 2984 1495 de
3005 1456 3072 1495 eo
3090 1446 3146 1494 et
3166 1442 3476 1506 magnifica
3502 1442 3794 1491 refereban-

2192 1549 2302 1596 tur.
2329 1544 2699 1608 Septuaginta
2721 1555 2969 1606 namque
2992 1554 3178 1593 annos
3221 1537 3369 1607 172
3394 1542 3457 1591 in
3480 1538 3793 1591 solitudine

2193 1644 2525 1696 vastissima
2537 1655 2667 1694 eum
2687 1642 3039 1706 transegisse
3056 1639 3433 1704 perhibebant
3447 1640 3599 1699 cujus
3612 1638 3792 1686 deserti

2194 1732 2487 1785 horrorem
2521 1736 2910 1795 terroremque
2939 1730 3136 1782 nullus
3173 1742 3360 1781 sermo
3388 1727 3562 1793 digne
3586 1727 3797 1791 poterit

2197 1834 2501 1887 exponere.
2526 1820 2644 1873 lllic
2664 1834 2799 1885 ergo
2825 1821 3063 1873 sedebat
3103 1820 3295 1871 senior
3318 1822 3438 1870 tota
3465 1818 3576 1868 hac
3601 1820 3789 1877 atate,

2198 1913 2469 1963 humana
2498 1911 2866 1963 habitationis
2902 1910 3168 1961 nesciens
3194 1908 3334 1960 loca.
3361 1906 3573 1958 Semita
3596 1910 3792 1956 autem

2200 2006 2322 2053 erat
2343 2004 2596 2064 angusta
2612 2004 2667 2052 et
2698 2012 2954 2063 scrupea,
2971 2011 3104 2062 qua
3128 1998 3199 2049 ad
3224 2009 3354 2048 eum
3377 1996 3641 2057 ducebat,
3660 2005 3793 2057 qua

2200 2092 2298 2143 vix
2315 2090 2557 2142 inveniri
2572 2101 2606 2140 a
2628 2088 3087 2140 commeantibus
3104 2100 3233 2151 pos:
3242 2090 3316 2137 et.
3332 2087 3518 2135 Locus
3529 2096 3663 2135 vero
3675 2083 3795 2146 ipse

2199 2182 2258 2231 in
2282 2191 2397 2243 quo
2423 2178 2677 2241 sedebat,
2703 2176 2979 2241 spelunca
3007 2180 3130 2227 erat
3157 2172 3423 2227 terribilis
3449 2171 3721 2237 quadam
3739 2176 3793 2222 et

2198 2268 2557 2320 intuentibus
2577 2266 2890 2331 plurimum
2913 2264 3162 2317 horroris
3178 2264 3481 2315 incutiens.
3498 2264 3610 2325 Ipse
3630 2268 3792 2309 autem

2200 2358 2573 2409 trementibus
2593 2359 2714 2421 jam
2738 2356 3012 2407 membris
3032 2366 3150 2419 pra
3173 2356 3397 2404 matura
3429 2350 3795 2416 quatiebatur

2200 2451 2389 2499 atate.
2420 2445 2841 2498 Incessabiliter
2866 2449 3059 2496 tamen
3085 2456 3185 2508 per
3200 2442 3457 2506 singulos
3481 2440 3606 2492 dies
3629 2440 3795 2503 signa

2198 2535 2457 2598 faciebat,
2489 2540 2545 2587 et
2566 2535 2935 2587 advenientes
2962 2533 3034 2584 ad
3061 2544 3124 2584 se
3152 2541 3535 2595 quacumque
3571 2529 3793 2580 incom-

2198 2625 2473 2676 moditate
2488 2624 2847 2682 constrictos,
2876 2622 3226 2675 omnimodis
3246 2618 3592 2672 resolvebat.
3617 2618 3795 2667 Cuncti

2201 2728 2336 2766 vero
2362 2720 2552 2778 patres
2577 2714 3011 2771 confirmabant,
3030 2711 3184 2775 quod
3203 2711 3397 2762 nullus
3421 2708 3659 2761 omnino
3670 2719 3792 2759 me-

2196 2804 2463 2855 minisset
2483 2804 2713 2867 quando
2735 2802 2829 2854 hic
2853 2801 3190 2854 secessisset
3210 2799 3282 2851 ad
3311 2809 3588 2850 eremum.
3621 2797 3793 2848 Cibus

2200 2894 2248 2944 ei
2273 2898 2394 2945 erat
2423 2893 2586 2957 panis
2609 2893 2878 2956 exiguus,
2910 2898 2968 2944 et
2993 2890 3365 2956 paucissima
3387 2889 3579 2952 oliva,
3603 2899 3789 2950 usque

2198 2982 2271 3034 ad
2303 2982 2565 3034 ultimam
2609 2987 2977 3034 senectutem.
3018 2983 3161 3032 Nam
3192 2980 3251 3031 in
3275 2981 3585 3043 juventute
3626 2979 3793 3042 septi.

2200 3083 2402 3123 manas
2425 3072 2751 3133 frequenter
2776 3073 3071 3135 jejunasse
3094 3070 3522 3133 perhibebatur.

2750 3215 3029 3280 CAPUT
3071 3212 3255 3280 XIII.

2735 3374 2813 3414 ns
2837 3362 2858 3392 ι’
2891 3375 3271 3417 PITI—IYRIONB.

2268 3502 2491 3552 Interea
2514 3500 2744 3565 (Pallad.
2767 3517 2885 3567 cap.
2913 3502 3017 3567 74.)
3045 3503 3356 3556 redeuntes
3387 3517 3461 3557 ex
3490 3505 3808 3570 Thebaide,

2209 3589 2465 3642 vidimus
2476 3595 2731 3643 montem
2755 3595 3021 3653 quemdam
3036 3601 3349 3655 praruplum
3360 3597 3517 3643 fluvio
3536 3597 3810 3644 imminen—

2208 3683 2345 3736 tem,
2363 3678 2607 3731 elatione
2622 3679 2864 3730 minacis
2887 3680 3031 3737 saxi,
3045 3686 3284 3745 aspectu
3294 3681 3467 3733 etiam
3482 3682 3805 3743 ipso’terribi-

2208 3766 2339 3829 1cm,
2371 3767 2428 3817 in
2453 3780 2565 3831 quo
2590 3774 2749 3820 erant
2772 3781 2872 3831 per
2893 3770 3018 3833 ipsa
3044 3770 3357 3834 pracipitia
3370 3769 3664 3835 spelunca
3675 3774 3806 3820 dini-

2210 3855 2334 3906 cilis
2350 3855 2759 3908 adscensus.ln
2778 3857 2867 3908 bis
2892 3859 3301 3910 monachorum
3323 3859 3812 3923 plurimicomma-

2210 3945 2440 4006 nebant,
2467 3958 2713 4009 quorum
2737 3950 2898 4010 pater
2920 3951 3042 3998 erat
3055 3948 3289 4000 nomine
3303 3948 3617 4014 Pithyrion.
3636 3950 3741 4000 Hic
3755 3953 3812 4001 et

2211 4047 2282 4085 ex
2298 4034 2596 4098 discipulis
2618 4036 2770 4087 beati
2787 4036 3020 4088 Antonii
3038 4036 3162 4101 fuit,
3178 4043 3237 4089 et
3261 4043 3390 4102 post
3413 4038 3567 4090 illius
3584 4040 3807 4091 obitum

2211 4137 2341 4175 cum
2355 4130 2555 4176 sancto
2568 4126 2929 4178 habitaverat
2940 4129 3238 4179 Ammone.
3260 4129 3397 4179 Post
3409 4128 3589 4191 hujus
3608 4144 3809 4191 quoque

2210 4214 2551 4266 abscessum
2585 4216 2645 4266 in
2684 4216 2791 4267 hoc
2826 4229 2888 4268 se
2922 4217 3300 4269 constituerat
3331 4222 3572 4269 monte:
3615 4219 3719 4271 sed
3753 4223 3808 4271 et

2212 4305 2374 4355 tanta
2405 4304 2466 4355 in
2495 4317 2560 4357 eo
2590 4311 2712 4358 erat
2736 4306 3015 4358 virtutum
3041 4307 3219 4371 cepia,
3240 4311 3513 4372 tantaque
3536 4310 3723 4373 gratia
3735 4322 3812 4359 sa~

2212 4393 2480 4457 nitatum,
2495 4400 2552 4446 et
2575 4400 2831 4459 potestas
2852 4397 3129 4448 adversus
3147 4397 3461 4458 damones,
3478 4401 3540 4449 ut
3563 4399 3808 4451 duorum

2214 4483 2416 4535 merito
2442 4497 2802 4537 summorum
2826 4486 3081 4539 virorum
3103 4485 3673 4539 solushareditatem
3689 4500 3812 4540 con-

511 4556 1050 4607 conversationibus
1082 4569 1359 4609 enarrans
1403 4557 1573 4609 nobis
1617 4562 1779 4622 pater
1802 4560 2032 4621 Copres,
2059 4562 2117 4609 et
2140 4639 2165 4641 _
2216 4579 2451 4626 secutus
2475 4574 2760 4640 duplicem
2785 4577 3089 4630 videretur.
3105 4578 3210 4629 Hic
3229 4591 3364 4641 ergo
3379 4577 3812 4630 mmwsmonms

513 4654 647 4694 cum
697 4644 855 4696 omni
896 4646 1106 4698 affectu
1134 4647 1460 4708 instruens;
1508 4652 1640 4712 post
1661 4648 2104 4700 adificationem

2219 4664 2533 4729 adificans,
2577 4664 2876 4730 multaque
2900 4666 3159 4718 doctrina
3180 4668 3495 4727 instruens,
3523 4670 3810 4733 pracipue

512 4752 650 4793 vero
681 4754 1033 4806 sermonum,
1058 4744 1377 4813 introducit
1399 4759 1507 4798 nos
1530 4747 1591 4797 in
1614 4746 1908 4799 hortulum
1923 4761 2115 4812 suum,

513 4830 767 4884 ostendit
787 4834 957 4884 nobis
980 4835 1218 4887 arbores
1253 4836 1591 4901 palmarum,
1623 4837 1984 4901 aliorumque
2017 4849 2119 4901 po-

510 4932 739 4973 morum
768 4934 912 4985 quas
928 4922 1051 4987 ipse
1076 4923 1449 4988 plantaverat,
1476 4930 1533 4978 et
1555 4925 1782 4977 dicebat
1806 4941 1822 4974 :
1862 4926 2003 4979 Hac
2024 4939 2118 4978 me

511 5010 571 5062 in
595 5024 786 5064 eremo
808 5012 1067 5077 plantare
1091 5016 1515 5067 rusticanorum
1539 5016 1686 5067 fides
1710 5016 2119 5069 admonuit.Ut

513 5109 667 5161 enim
698 5110 816 5162 vidi
838 5125 936 5163 eos
962 5117 1182 5165 tantam
1207 5113 1381 5166 fidem
1413 5112 1645 5174 habere,
1671 5118 1736 5165 ut
1757 5126 1987 5166 arenam
2008 5116 2116 5168 snb

512 5200 725 5251 nostris
748 5201 1012 5266 vestigiis
1042 5202 1394 5266 colligentes,
1415 5216 1514 5266 per
1535 5215 1706 5266 agros
1731 5216 1868 5256 suos
1893 5217 2122 5270 sparge-

511 5294 655 5352 rent,
674 5294 730 5341 et
750 5293 961 5343 terram
988 5292 1241 5343 sterilem
1256 5291 1330 5344 ad
1342 5293 1522 5343 totius
1543 5292 1916 5347 fecunditatis
1935 5300 2116 5347 verte—

511 5383 639 5430 rent
664 5379 1007 5445 ubertatem,
1042 5380 1244 5447 pudor,
1264 5380 1521 5447 inquam,
1546 5385 1652 5446 est,
1680 5385 1730 5435 si
1752 5397 1861 5437 nos
1881 5384 2117 5436 inferio-

576 5603 593 5623 '
624 5594 881 5659 Elia.]Dc
926 5596 1023 5645 hoc
1071 5597 1392 5647 Sosomenus
1437 5597 1572 5648 libro
1630 5600 1711 5651 Vl.
1751 5614 1866 5663 cap.
1909 5599 2116 5653 ‘28.]Vi-

513 5667 773 5736 ecphorae
833 5668 921 5717 lib.
969 5668 1040 5719 II.
1097 5686 1213 5734 cap.
1256 5669 1341 5724 34.
1396 5671 1749 5721 Cassiodorus
1791 5671 1909 5720 His.
1965 5672 2110 5736 Trip.

516 5735 605 5785 lib.
646 5738 779 5787 VIII.
807 5754 925 5803 cap.
963 5738 1013 5792 1.

579 5834 599 5864 δ
623 5836 992 5901 Pithyrione.)
1027 5840 1100 5888 De
1141 5839 1238 5889 hoc
1260 5840 1533 5904 Nicephor
1550 5855 1613 5889 us
1637 5838 1724 5891 lib.
1750 5841 1841 5892 IX.
1876 5856 1993 5906 cap.
2024 5841 2111 5905 14,

515 5908 793 5960 Praterea
818 5908 1110 5973 Pithyrion
1131 5908 1243 5972 ille,
1260 5912 1359 5974 qui
1384 5914 1577 5963 tamen
1596 5911 1749 5976 alibi,
1764 5912 2115 5977 apudAthe-

2218 4758 2413 4806 tamen
2435 4755 2505 4806 de
2525 4755 2869 4807 discretione
2895 4756 3203 4821 spirituum
3225 4770 3330 4808 nos
3347 4756 3591 4809 docebat
3610 4758 3807 4810 dicens

2216 4856 2345 4895 esse
2374 4844 2659 4908 quosdam
2676 4846 2986 4907 damones,
3004 4846 3101 4909 qui
3124 4846 3294 4898 certis
3309 4846 3641 4910 quibusque
3659 4847 3808 4900 vitiis

2216 4933 2627 4999 obsequantur,
2645 4934 2863 4998 quique
2879 4947 3010 4987 cum
3021 4935 3261 4987 affectus
3272 4936 3481 4987 anima
3497 4938 3807 4997 passibiliter

2216 5026 2274 5073 et
2307 5022 2511 5075 vitiose
2537 5023 2782 5076 viderint
2809 5025 3047 5088 moveri,
3072 5029 3419 5078 convertunt
3442 5038 3542 5077 eos
3554 5026 3630 5077 ad
3643 5036 3807 5078 omne

2218 5110 2441 5163 facinus
2457 5113 2689 5164 malum.
2706 5114 2761 5164 Si
2777 5115 2906 5178 quis
2921 5127 3055 5178 ergo
3072 5120 3177 5173 est,
3197 5115 3297 5179 qui
3310 5115 3434 5167 vult
3444 5114 3809 5166 damonibus

2214 5201 2513 5266 dominari,
2537 5203 2694 5267 prius
2712 5204 2871 5257 vitiis
2898 5205 3020 5255 suis
3043 5210 3101 5257 et
3121 5206 3491 5270 passionibus
3504 5208 3805 5254 dominetur.

2216 5292 2631 5356 Quodcumque
2654 5294 2805 5345 enim
2828 5295 3036 5347 vitium
3060 5307 3161 5359 pro
3172 5295 3311 5360 pria
3329 5296 3615 5359 passionis
3627 5298 3809 5355 abjece-

2213 5381 2311 5446 ris,
2329 5381 2509 5447 hujus
2522 5383 2646 5434 vitii
2675 5383 3001 5437 damonem
3024 5386 3236 5449 poteris
3259 5385 3431 5438 etiam
3456 5385 3525 5437 de
3550 5384 3807 5437 obsessis

2213 5609 2320 5649 nas
2362 5597 2645 5660 videlicet,
2682 5602 3047 5664 asceterium,
3088 5614 3190 5653 seu
3214 5601 3552 5655 exercenda
3578 5601 3802 5667 pietatis

2214 5668 2585 5734 domicilium,
2612 5670 2832 5723 habuit.
2860 5674 3263 5725 Roswsvnus.

2278 5769 2295 5803 ί
2329 5769 2750 5834 Rescripsimus
2780 5772 3089 5837 nonnullos,
3116 5777 3272 5824 recto
3302 5785 3479 5824 sensu
3508 5776 3685 5835 atque
3716 5786 3803 5823 se-

2212 5840 2294 5893 rie
2312 5841 2584 5893 orationis
2607 5848 3060 5909 cogente;antea
3083 5844 3259 5895 nullos
3292 5845 3457 5903 άπλῶς
3484 5843 3799 5910 legebatur.

2213 5915 2453 5970 Leviora
2469 5915 2707 5969 inferius
2732 5916 2888 5969 taciti
2911 5918 3283 5981 castigamus.
