3898 6410
63 361 176 418 433

1275 367 1615 420 HISTORIA
1647 369 2178 424 MONACHORUM.

3268 379 3374 436 434

62 476 418 543 corporibus
443 475 714 543 eil’ugare.
731 477 801 528 Et
822 475 952 530 ideo
972 478 1302 532 conandum
1326 485 1415 532 est
1435 484 1675 543 paulatim
1698 487 1760 559 Α
1780 485 1983 548 potuit.
2011 486 2213 538 Cibum
2238 498 2375 540 vero
2390 500 2710 553 numquam
2727 497 3017 545 sumserat
3038 492 3152 546 nisi
3175 494 3266 547 die
3280 499 3375 546 Do-

62 567 304 634 propria
335 567 478 619 vitia
501 579 792 632 superare,
816 572 882 619 ut
907 569 923 602 ι
950 569 1243 632 possimus
1268 570 1439 622 etiam
1460 571 1676 623 daemo-

64 669 176 709 nes
213 669 511 721 superare,
554 658 651 720 qui
690 657 1025 721 hujusmodi
1063 658 1218 710 vitiis
1252 661 1672 724 obsequuntur.

62 756 176 807 Hic
202 756 467 807 secundo
491 755 854 807 reﬁciebatur
884 754 1032 823 |73
1058 757 1117 808 in
1141 758 1478 822 septimana,
1506 759 1677 824 pulti-

63 853 236 904 culas
274 853 567 917 accipiens
599 866 672 905 ex
717 854 914 917 farina,
951 868 1056 906 nec
1101 857 1324 919 poterat
1368 857 1489 920 jam
1526 857 1675 909 acci-

64 954 206 1006 pere
231 941 405 993 aliam
430 954 644 1006 escam,
671 955 862 1007 neque
886 948 1075 1007 mtate,
1100 956 1287 1009 neque
1312 950 1675 997 consuetudine

58 1031 451 1095 permittente.

626 1156 913 1222 CHPUT
943 1158 1123 1224 XIV.

529 1302 607 1341 DE
634 1303 829 1343 PATRB
863 1302 881 1322 '
921 1303 1202 1347 EULOGIO.

131 1404 405 1458 Vidimus
444 1411 501 1458 et
527 1406 703 1458 alium
729 1407 977 1471 (Pallad.
1003 1424 1043 1459 ο.
1073 1408 1158 1464 75.
1187 1415 1233 1460 et
1269 1410 1330 1461 de
1370 1411 1482 1461 alio
1506 1411 1673 1461 Eulo-

57 1495 151 1559 gio
176 1511 223 1546 ο.
249 1494 359 1558 26.)
385 1501 653 1548 sanctum
677 1504 917 1562 patrem,
953 1500 1256 1564 Eulogium
1285 1502 1534 1564 nomine,
1571 1503 1670 1566 qui

57 1586 123 1637 in
147 1586 462 1638 efferendis
479 1588 863 1640 Sacramentis
882 1593 1111 1641 tantum
1138 1592 1341 1654 gratiae
1366 1599 1619 1654 acceperat
1641 1609 1671 1642 a

58 1675 333 1738 Domino,
372 1681 438 1727 ut
470 1677 930 1742 uniuscujusque
965 1680 1361 1732 accedentium
1384 1682 1456 1733 ad
1494 1682 1670 1735 altare

58 1765 167 1816 Dei
180 1766 400 1817 merita
422 1766 739 1830 culpasque
762 1774 1150 1832 cognosceret.
1175 1770 1436 1835 Denique
1468 1784 1542 1823 ex
1564 1784 1681 1824 mo-

1779 574 2005 626 minica.
2034 577 2334 640 Presbyter
2369 578 2522 628 enim
2556 581 2693 630 tunc
2728 580 2993 633 veniebat
3027 583 3101 634 ad
3127 596 3277 649 eum,
3318 590 3375 637 et

1778 663 2051 716 offerebat
2073 678 2174 729 pro
2198 678 2265 717 eo
2296 666 2657 729 sacriﬁcium,
2684 668 2859 733 idque
2882 671 2934 722 ei
2958 671 3148 724 solum
3177 674 3375 725 Sacra-

1777 764 1905 805 men
1915 757 2037 803 tum
2059 758 2182 805 erat
2204 758 2262 805 et
2279 754 2486 807 victus.

1840 868 1988 919 Huic
2008 870 2259 933 quodam
2284 869 2375 921 die
2391 873 2622 924 satanas
2647 874 2941 938 subripere
2965 876 3182 940 volens,
3210 882 3374 928 trans-

1776 957 2051 1021 ﬂguravit
2067 971 2128 1010 se
2143 959 2201 1009 in
2224 962 2641 1025 presbyterum.
2663 963 2762 1027 qui
2778 966 2972 1017 venire
2988 966 3060 1016 ad
3084 979 3216 1018 eum
3241 970 3374 1017 sole-

1776 1047 1892 1107 bat,
1919 1048 2355 1112 etpreeveniens
2371 1049 2572 1102 horam
2594 1051 2838 1114 solitam,
2866 1054 3174 1107 simulabat
3197 1069 3258 1109 se
3283 1062 3372 1106 Sa-

1775 1142 2200 1190 cramentorum
2216 1140 2402 1203 gratia
2415 1139 2663 1193 venisse.
2687 1144 2764 1193 At
2781 1141 2872 1194 ille
2895 1145 3163 1204 vigilanter
3184 1148 3372 1195 intelli-

1776 1238 1920 1289 gens
1938 1226 2147 1278 diaboli
2164 1227 2443 1293 fraudem,
2465 1242 2600 1281 cum
2616 1230 3009 1295 indignatione
3034 1233 3283 1297 quadam
3302 1236 3373 1284 ait

1772 1315 1852 1366 ita
1874 1315 1948 1367 ad
1981 1329 2115 1369 eum
2139 1332 2151 1368 :
2191 1317 2237 1368 Ο
2261 1318 2449 1370 omnis
2472 1318 2589 1370 doli
2617 1321 2927 1383 omnisque
2951 1321 3167 1374 fraudis
3192 1328 3370 1388 pater,

1771 1404 2002 1456 inimice
2027 1406 2215 1457 omnis
2233 1406 2494 1472 justitiaa,
2520 1420 2636 1459 non
2660 1408 2878 1460 desinis
2905 1410 3235 1463 seducendo
3258 1412 3374 1464 ani-

1772 1506 1898 1545 mas
1935 1494 2305 1558 Christianas,
2337 1496 2437 1547 sed
2461 1501 2519 1547 et
2542 1510 2724 1547 ausus
2766 1510 2827 1549 es
2851 1499 3025 1550 etiam
3055 1499 3128 1551 ad
3166 1500 3290 1563 ipsa
3317 1506 3371 1553 te

1768 1582 2106 1646 immergere
2134 1584 2378 1637 terrifica
2402 1589 2459 1636 et
2484 1591 2850 1638 sacrosancta
2874 1589 3166 1651 mysteria.
3196 1592 3271 1641 At
3287 1590 3372 1638 ille

1768 1672 2066 1736 respondit
2088 1673 2141 1725 ei
2166 1691 2178 1722 :
2206 1674 2424 1736 Putavi,
2452 1674 2660 1738 inquit,
2692 1676 2843 1737 quod
2867 1677 3085 1740 possim
3123 1680 3175 1730 te
3197 1680 3372 1730 lucri-

1780 1762 1961 1814 facere
1987 1781 1997 1811 :
2029 1762 2114 1814 sic
2136 1764 2291 1814 enim
2319 1767 2379 1815 et
2398 1764 2575 1814 alium
2599 1765 2909 1827 quemdam
2932 1779 3006 1818 ex
3033 1768 3240 1819 vestris
3268 1768 3371 1819 de-

55 1854 268 1906 nachis
294 1854 580 1919 quosdam
610 1856 870 1909 volentes
899 1858 1171 1912 accedere
1206 1860 1280 1912 ad
1309 1854 1740 1928 Communio-B
1766 1852 1907 1916 Cepi,
1944 1851 2025 1903 ita
2056 1856 2122 1903 ut
2150 1858 2343 1904 mente
2382 1855 2703 1915 excederet,
2739 1860 2797 1906 et
2820 1855 3082 1919 ρθτάθΐθι
3114 1869 3366 1909 sensum-

56 1956 221 2007 nem,
236 1944 520 1997 retinebat
534 1946 733 1999 dicens
758 1963 771 1999 :
789 1949 1084 2009 Quomodo
1099 1949 1226 2001 ausi
1243 1951 1383 2002 estis
1398 1951 1668 2004 accedere

55 2034 133 2085 ad
164 2035 542 2086 Sacramenta
564 2035 772 2100 divina,
804 2048 936 2089 cum
960 2049 1128 2088 mens
1156 2041 1349 2091 vestra
1370 2043 1429 2091 et
1462 2052 1668 2104 propo-

58 2122 243 2174 situm
268 2123 344 2175 sit
366 2124 427 2175 in
449 2123 602 2175 malo
626 2125 647 2159 2
675 2129 698 2173 ?
721 2126 979 2190 Denique
1003 2127 1223 2179 aiebat:
1252 2130 1338 2180 Tu
1365 2128 1475 2180 hac
1496 2134 1666 2182 nocte

56 2212 320 2264 habuisti
341 2213 719 2278 cogitationes
744 2214 1076 2268 fornicandi.
1113 2218 1198 2269 Tu
1222 2230 1355 2270 vero
1380 2218 1579 2271 dixisti
1606 2219 1666 2270 in

57 2302 236 2354 corde
263 2307 363 2354 tuo
390 2321 400 2351 :
430 2304 581 2356 Nihil
594 2304 853 2370 interest,
881 2306 1005 2359 sive
1023 2308 1228 2372 justus
1243 2309 1317 2359 ad
1333 2312 1663 2374 Sacramenta,

59 2393 190 2445 sive
207 2397 475 2456 peccator
498 2395 751 2446 accedat.
776 2397 846 2448 Et
860 2396 1008 2448 alius
1024 2397 1443 2450 dubitationem
1462 2398 1666 2452 habuit

54 2483 116 2533 in
154 2483 329 2534 corde
366 2496 493 2547 suo,
527 2484 727 2536 dicens
761 2485 947 2548 :Quid
985 2486 1138 2537 enim
1176 2499 1270 2539 me
1308 2488 1662 2541 sanctificare

58 2571 406 2624 Communio
430 2576 668 2637 potest?
692 2575 813 2626 Hos
849 2587 985 2639 ergo
1011 2575 1273 2640 singulos
1289 2578 1661 2629 removebata

56 2661 469 2713 communione
501 2664 871 2729 Sacramenti,
905 2668 965 2716 et
995 2663 1220 2717 dicebat
1244 2665 1366 2717 eis:
1405 2666 1661 2719 Secedite

56 2747 383 2813 paululum,
427 2754 485 2801 et
515 2752 670 2815 agite
704 2752 1121 2817 paenitentiam,
1153 2757 1227 2805 ut.
1243 2754 1522 2818 puriﬁcati
1560 2768 1661 2819 per

56 2838 515 2891 satisfactionem
541 2844 599 2893 et
630 2841 935 2906 lacrymas,
967 2843 1126 2907 digni
1151 2843 1478 2896 habeamini
1502 2858 1661 2896 com-

53 2928 335 2981 munione
357 2929 590 2982 Christi.

622 3055 908 3120 CAPUT
946 3057 1093 3123 XV.

242 3199 323 3239 DE
356 3187 378 3217 "
416 3200 667 3241 unum
701 3202 1087 3246 pnnsnv'rsno
1114 3205 1186 3245 ET
1213 3204 1466 3246 JOANNE.

114 3303 386 3355 Vidimus
410 3309 468 3356 et
490 3304 667 3357 alium
700 3307 1104 3371 Presbyterum
1137 3310 1151 3374 (
1176 3309 1387 3361 Pallad.
1417 3326 1533 3376 cap.
1563 3310 1649 3366 60.

50 3397 96 3442 et
135 3392 242 3455 61.)
283 3394 346 3444 in
378 3393 570 3446 vicina
600 3396 830 3459 regione
864 3398 1099 3448 nomine
1133 3398 1430 3464 Appellen,
1465 3400 1652 3452 virum

46 3484 295 3546 justum.
313 3483 420 3533 Hic
443 3483 599 3535 faber
620 3489 741 3537 erat
758 3485 901 3550 ferri,
919 3490 975 3564 et
991 3498 1124 3550 qum
1145 3489 1471 3541 necessaria
1488 3494 1654 3542 erant

48 3572 331 3623 fratribus
355 3574 712 3634 operabatur.
733 3574 992 3637 Quodam
1014 3581 1210 3629 autem
1236 3582 1509 3642 tempore,
1537 3595 1650 3628 cum

50 3661 124 3713 ad
162 3661 389 3713 fabrilia
426 3674 598 3726 opera
632 3662 894 3727 vigilaret
926 3665 984 3715 in
1017 3665 1242 3717 silentio
1275 3668 1480 3732 noctis,
1517 3681 1653 3720 con-

53 3763 263 3801 versus
279 3749 546 3802 diabolus
562 3751 621 3802 in
638 3751 878 3804 formam
900 3752 1154 3805 mulieris
1180 3756 1475 3819 speciosae,
1493 3757 1654 3810 venit

50 3840 124 3891 ad
142 3852 278 3891 eum
294 3844 594 3904 tamquam
617 3841 832 3905 aliquid
848 3842 1034 3907 operis
1050 3844 1101 3895 ei
1125 3843 1407 3897 deferens.
1426 3848 1548 3895 Tum
1566 3849 1655 3896 ille

51 3931 348 3993 arreptum
362 3941 543 3981 manu
556 3930 712 3981 nuda
735 3931 806 3982 de
830 3931 1058 3984 fornace
1072 3932 1286 3985 ferrum
1308 3934 1582 3997 candens,
1600 3938 1654 3985 in

53 4020 259 4070 faciem
283 4021 406 4083 ejus
429 4019 644 4084 injecit.
670 4023 744 4072 At
764 4021 861 4073 illa
882 4022 1137 4075 clamans
1163 4028 1219 4075 et
1249 4024 1476 4077 ululans
1498 4026 1659 4078 aufu-

55 4110 160 4172 git,
185 4109 268 4159 ita
290 4111 357 4160 ut
390 4120 594 4161 omnes
620 4110 838 4172 fratres,
865 4111 966 4174 qui
999 4112 1057 4162 in
1084 4112 1299 4165 circuiti
1326 4126 1657 4168 commane-

56 4198 216 4261 bant,
240 4196 527 4249 ululatum
552 4200 680 4263 ejus
704 4198 977 4264 fugientis
1002 4202 1286 4265 audirent,
1306 4207 1364 4254 et
1387 4216 1460 4255 ex
1485 4219 1541 4252 eo
1552 4208 1657 4264 jam

59 4288 152 4340 vir
173 4286 269 4337 ille
298 4287 355 4337 in
388 4300 500 4339 usu
525 4288 746 4351 habuit,
778 4290 989 4341 ferrum
1017 4291 1275 4342 candens
1300 4304 1479 4343 manu
1502 4294 1661 4346 nuda

62 4372 274 4425 tenere,
308 4381 415 4420 nec
450 4368 603 4421 laedi.
637 4370 725 4421 Ad
761 4370 918 4422 hunc
951 4384 1085 4436 ergo
1117 4383 1250 4424 cum
1275 4373 1658 4435 venissemus,

59 4463 115 4510 et
133 4458 270 4509 hun:
281 4457 557 4510 anissime
580 4471 688 4510 nos
705 4459 1077 4525 suscepisset,
1097 4462 1478 4524 poscebamus
1493 4465 1566 4516 ab
1581 4480 1657 4527 eo,

62 4546 307 4597 utnobis
334 4547 422 4598 vel
442 4546 513 4598 de
536 4547 659 4599 suis
674 4549 872 4612 gestis,
899 4548 990 4601 vel
1004 4549 1072 4600 de
1084 4563 1280 4603 eorum
1297 4564 1444 4616 quos
1464 4554 1658 4617 praeci-
1685 4546 1739 4619 D

57 4647 202 4699 puos
218 4635 276 4686 in
292 4637 732 4689 conversatione
749 4642 948 4691 sancta
963 4640 1151 4701 sciret,
1172 4641 1484 4693 virtutibus
1498 4643 1667 4703 loque~

64 4727 239 4776 retur.
268 4725 428 4776 Tunc
452 4724 545 4776 ille
571 4742 583 4776 :

127 4841 249 4899 Est,
282 4840 488 4906 inquit,
526 4841 586 4893 in
623 4842 732 4894 hac
769 4856 959 4896 eremo
995 4845 1187 4897 vicina
1223 4845 1395 4898 frater
1428 4845 1661 4911 quidam

65 4930 299 4982 nomine
321 4932 594 4997 Joannes,
612 4934 783 4985 aetate
807 4938 1131 4998 provectus,
1158 4934 1279 4987 vita
1300 4940 1357 4987 et
1380 4937 1660 4998 moribus,

62 5024 235 5085 atque
256 5021 607 5074 abstinentia
628 5027 868 5075 cunctos
895 5022 1244 5089 praecellens.
1286 5026 1392 5078 Hic
1414 5027 1662 5091 primum

66 5123 199 5162 cum
214 5110 563 5162 accessisset
581 5110 653 5162 ad
678 5124 956 5175 eremum,
979 5113 1161 5166 tribus
1176 5115 1468 5166 continuis
1490 5118 1661 5176 annis,

68 5209 173 5259 sub
198 5208 505 5272 cujusdam
530 5209 657 5260 saxi
677 5222 819 5274 rupe
840 5213 1023 5273 stans,
1049 5223 1274 5274 semper
1297 5209 1446 5279 I74
1484 5216 1662 5276 oravit,

67 5306 142 5358 ita
163 5310 229 5359 ut
252 5318 576 5372 numquam
590 5308 824 5361 omnino
858 5309 1149 5366 resederit.
1182 5322 1369 5375 neque
1400 5311 1662 5375 jacuerit.

70 5396 263 5448 Somni
286 5400 480 5448 autem
499 5399 722 5449 tantum
744 5403 991 5465 caperet,
1008 5401 1289 5464 quantum
1313 5405 1476 5453 stans
1491 5415 1665 5461 capere

130 5631 148 5651 ⁸
176 5619 478 5686 Eulogio.]
524 5622 595 5671 De
640 5622 737 5672 hoc
776 5622 1096 5674 Sozomenus
1142 5624 1230 5675 lib.
1284 5626 1363 5675 VI.
1411 5641 1529 5690 cap.
1576 5624 1663 5680 28.

74 5692 290 5772 ζκςξςερὴ.
323 5691 411 5772 lib:
454 5694 519 5743 Il.
560 5710 676 5759 cap.
703 5693 789 5748 34.
838 5694 1191 5746 Cassiodorus
1216 5696 1306 5747 lib.
1342 5698 1478 5747 VIII.
1519 5698 1663 5761 Trip.

76 5763 200 5811 Hist.
229 5780 349 5828 cap.
372 5764 421 5817 1.

125 5836 145 5863 ⁸³
174 5834 427 5898 Apellen.
476 5834 487 5899 ]
529 5836 602 5885 Dc
642 5838 738 5885 hoc
790 5836 1111 5886 Sosome‘nus
1158 5836 1246 5886 lib.
1294 5837 1377 5887 VI.
1416 5854 1531 5903 cap.
1578 5837 1666 5893 28.

74 5905 290 5971 Niccph.
325 5906 413 5958 lib.
449 5908 539 5957 XI.
566 5923 682 5973 cap.
710 5906 795 5963 33.

1767 1944 1951 2004 Quem
1975 1955 2107 1993 cum
2132 1942 2460 1994 credentem
2483 1941 2649 2005 mihi,
2668 1943 2938 1995 insanum
2966 1944 3367 2008 reddidissem,

1769 2035 1856 2083 tot
1871 2032 2017 2096 justi
2041 2036 2271 2082 orantes
2303 2044 2404 2095 pro
2428 2044 2513 2093 eo,
2540 2032 2639 2083 vix
2661 2045 2793 2084 eum
2816 2036 2875 2085 et
2908 2034 2969 2086 in
2991 2033 3116 2086 loco
3139 2040 3197 2087 et
3220 2036 3370 2088 sani-

1766 2121 1873 2172 tati
1898 2121 2537 2185 restituerepotuerunt.
2572 2123 2641 2174 Et
2663 2122 2789 2175 haec
2820 2136 2952 2176 cum
2983 2123 3230 2178 dixisset
3251 2125 3372 2179 dae-

1767 2222 1928 2274 mon,
1951 2210 2178 2275 aufugit
2199 2211 2273 2263 ab
2297 2224 2383 2263 eo.

1827 2328 1959 2378 Erat
2000 2329 2199 2377 autem
2233 2325 2602 2390 supradictus
2634 2327 2722 2379 vir
2758 2327 3079 2391 persistens
3101 2329 3159 2380 in
3198 2341 3368 2393 opere

1764 2417 1970 2480 coepto,
2011 2420 2185 2478 atque
2225 2416 2286 2467 in
2329 2416 2586 2468 oratione
2628 2416 2966 2480 perdurans.
3014 2417 3192 2469 Pedes
3222 2430 3364 2470 vero

1761 2506 1907 2569 ejus,
1931 2517 2003 2556 ex
2019 2517 2084 2556 eo
2102 2505 2255 2568 quod
2279 2505 2461 2558 multo
2483 2511 2740 2571 tempore
2762 2507 3088 2559 immobiles
3116 2507 3366 2572 fuerant,

1761 2593 2286 2659 disrumpebantur,
2310 2594 2389 2645 ita
2403 2599 2467 2646 ut
2484 2595 2677 2647 sanies
2700 2608 2774 2647 ex
2797 2596 2879 2648 eis
2897 2597 3216 2660 proﬂueret.
3247 2600 3363 2645 Tres

1759 2687 1953 2734 autem
1976 2695 2110 2733 cum
2133 2683 2554 2747 complerentur
2585 2684 2741 2748 anni,
2767 2684 2931 2736 affuit
2963 2685 3227 2750 Angelus
3249 2687 3361 2738 Do-

1758 2772 1919 2836 mini,
1952 2777 2009 2824 et
2042 2772 2124 2824 ait
2151 2772 2224 2825 ad
2248 2785 2421 2825 eum:
2457 2774 2741 2826 Dominus
2780 2776 2955 2826 Jesus
2979 2774 3262 2839 Christus,
3304 2777 3363 2827 et

1758 2860 2000 2926 Spiritus
2025 2865 2264 2914 sanctus
2294 2863 2552 2927 suscepit
2573 2863 2860 2915 orationes
2886 2868 3034 2927 tuas,
3066 2870 3112 2912 et
3135 2867 3359 2925 corporis

1761 2950 1843 3002 tui
1869 2951 2161 3003 cicatrices
2187 2956 2374 3016 sanat,
2398 2956 2457 3003 et
2481 2952 2730 3005 caelestis
2755 2953 2887 3015 cibi,
2917 2952 2974 3003 id
3005 2957 3099 3004 est
3120 2953 3281 3004 verbi
3300 2957 3360 3005 et

1758 3039 2019 3092 scientiae
2043 3052 2167 3092 sua:
2198 3041 2299 3092 tibi
2323 3041 2737 3093 abundantiam
2753 3041 2947 3093 donat.
2984 3044 3036 3089 Et
3054 3043 3355 3103 contingens

1759 3142 1824 3180 os
1849 3132 1974 3189 ejus
1996 3141 2064 3181 ac
2090 3130 2284 3193 pedes,
2309 3134 2368 3182 et
2388 3131 2461 3182 ab
2484 3129 2770 3182 ulceribus
2799 3142 2930 3182 eum
2956 3141 3166 3182 sanum
3190 3132 3354 3179 reddi-

1685 3173 1734 3247 Ε
1759 3218 1860 3281 dit,
1878 3173 1951 3270 “et
1971 3173 2253 3283 repIEtum
2270 3173 2532 3271 scientiae
2562 3221 2619 3271 et
2646 3219 2922 3271 doctrinae
2944 3220 3146 3284 gratia,
3170 3218 3266 3267 cibi
3284 3222 3352 3268 ta-

1755 3320 1912 3359 mem
1945 3308 2156 3360 sentire
2179 3320 2297 3360 non
2332 3307 2483 3361 fecit.
2508 3309 2681 3360 Jubet
2720 3313 2916 3360 autem
2952 3308 3195 3360 transire
3219 3320 3351 3359 eum

1752 3397 1826 3448 ad
1842 3396 1953 3449 alia
1964 3397 2109 3461 loca,
2127 3402 2185 3449 et
2198 3410 2452 3449 eremum
2476 3398 2924 3449 circumeuntem
2947 3397 3186 3450 visitare
3203 3399 3350 3445 etiam

1751 3486 1893 3537 alios
1919 3486 2142 3549 fratres,
2177 3490 2234 3538 et
2258 3485 2542 3539 aediﬁcare
2565 3499 2666 3538 eos
2701 3486 2763 3537 in
2800 3487 2976 3538 verbo
3009 3490 3068 3538 et
3096 3485 3355 3537 doctrina

1752 3575 1998 3627 Domini.
2020 3576 2318 3627 Dominica
2340 3580 2533 3627 autem
2555 3575 2647 3627 die
2664 3575 2737 3627 ad
2754 3576 3021 3627 eumdem
3039 3587 3265 3639 semper
3284 3589 3355 3623 re-

1749 3666 2079 3717 vertebatur
2097 3665 2309 3725 locum,
2333 3665 2507 3716 simili
2520 3665 2688 3717 modo
2713 3666 3209 3717 Sacramentorum
3228 3677 3356 3729 gra-

1757 3754 1850 3815 tia,
1876 3753 2111 3816 reliquis
2136 3766 2270 3806 vero
2293 3754 2498 3806 diebus
2523 3755 2698 3805 etiam
2724 3766 2871 3817 Opus
2888 3766 3167 3805 manuum
3192 3753 3354 3805 facie-

1756 3844 1855 3894 bat
1882 3847 1937 3894 et
1966 3844 2324 3907 operabatur,
2349 3844 2746 3907 jumentorum
2777 3844 3008 3906 cingula
3037 3855 3110 3893 ex
3138 3843 3355 3905 palma-

1756 3944 1886 3983 rum
1917 3931 2064 3982 foliis
2095 3936 2317 3993 texens,
2344 3935 2410 3983 ut
2439 3931 2499 3982 in
2522 3931 2633 3981 illis
2658 3931 2799 3981 locis
2824 3930 3023 3982 haberi
3044 3930 3223 3981 moris
3246 3934 3352 3981 est.

1820 4047 2077 4109 Quodam
2095 4059 2227 4099 vero
2245 4049 2500 4112 tempore
2517 4045 2758 4098 claudus
2779 4045 2986 4109 aliquis
3004 4045 3083 4096 ire
3106 4046 3169 4093 ad
3187 4046 3356 4105 ipsum

1758 4137 1953 4201 voluit,
1981 4142 2044 4189 ut
2074 4138 2145 4188 ab
2173 4150 2238 4188 eo
2272 4141 2584 4188 curaretur.
2617 4136 2868 4200 Contigit
2904 4138 3099 4187 autem
3130 4138 3195 4185 ut
3233 4134 3357 4183 ani-

1760 4226 1892 4290 mal,
1923 4226 2074 4291 quod
2098 4239 2449 4278 ascensurus
2474 4230 2613 4287 erat,
2632 4224 2934 4289 cingulum
2960 4223 3231 4275 manibus
3256 4222 3360 4274 ho—

1759 4315 1930 4365 minis
1970 4315 2069 4366 Dei
2102 4314 2319 4366 factum
2350 4314 2601 4365 haberet.
2641 4315 2782 4365 Cum
2815 4325 2951 4377 ergo
2975 4313 3363 4377 imponeretur

1762 4416 1937 4468 supra
1947 4405 2297 4468 jumentum,
2323 4405 2516 4455 statim
2540 4408 2603 4455 ut
2627 4400 2775 4470 175
2803 4403 3168 4466 contigerunt
3186 4400 3362 4465 pedes

1757 4495 1883 4558 ejus
1906 4493 2046 4545 illud
2079 4492 2396 4557 cingulum,
2423 4505 2600 4545 sanus
2624 4492 2860 4543 effectus
2884 4495 2991 4542 est.
3023 4490 3131 4542 Sed
3150 4494 3207 4540 et
3231 4490 3358 4553 qui-

1762 4584 2116 4648 buscumque
2146 4581 2317 4646 aegris
2342 4582 2706 4633 benedictum
2729 4592 2934 4646 panem
2960 4580 3132 4642 misit,
3161 4578 3357 4630 statim

1764 4676 1829 4723 ut
1853 4685 1926 4725 ex
1959 4686 2025 4725 eo
2054 4673 2430 4738 perceperunt
2460 4670 2646 4723 sanati
2680 4673 2835 4721 sunt.
2872 4670 2943 4721 Et
2975 4668 3118 4721 alias
3151 4668 3365 4721 multas

1761 4762 2003 4814 virtutes
2026 4766 2086 4814 et
2107 4762 2383 4815 sanitates
2401 4774 2501 4827 per
2521 4773 2658 4813 eum
2682 4760 2965 4812 Dominus
2988 4758 3271 4825 implevit.

1824 4877 2043 4929 Habuit
2066 4883 2263 4930 autem
2297 4884 2355 4930 et
2375 4878 2526 4930 hanc
2556 4877 2795 4941 gratiam
2824 4889 2995 4941 super
3024 4889 3226 4928 omnes
3263 4886 3363 4940 pa-

1763 4970 1875 5019 tres
1896 4971 1953 5018 et
1980 4973 2223 5020 cmteros
2245 4968 2530 5025 homines,
2558 4972 2620 5019 ut
2640 4967 3101 5031 uniuscujusque
3125 4966 3369 5019 fratrum

1763 5056 1833 5107 de
1851 5055 2057 5107 vicinis
2074 5058 2436 5108 monasteriis
2456 5057 2819 5109 conversatio
2836 5056 2887 5108 ei
2909 5054 3280 5111 revelaretur,
3300 5056 3368 5102 ita

1764 5148 1829 5196 ut
1852 5144 2125 5195 scriberet
2140 5143 2211 5195 ad
2227 5151 2417 5208 patres
2435 5146 2714 5208 ipsorum,
2738 5148 2798 5196 et
2820 5147 3211 5196 commoneret
3232 5144 3367 5204 quod

1764 5233 1840 5284 illi
1881 5231 2039 5285 etilli
2072 5233 2323 5295 segniter
2362 5237 2617 5296 agerent,
2648 5245 2755 5285 nec
2785 5239 3006 5286 rectum
3048 5233 3107 5283 in
3163 5231 3367 5283 timore

1762 5324 1864 5375 Dei
1897 5323 2250 5387 propositum
2282 5326 2527 5385 gerunt:
2564 5321 2643 5372 illi
2684 5334 2820 5374 vero
2853 5325 2913 5373 et
2952 5320 3033 5373 illi
3066 5320 3127 5372 in
3162 5319 3276 5371 fide
3309 5324 3368 5372 et

1764 5413 1942 5464 animi
1973 5413 2182 5465 virtute
2220 5412 2543 5476 proficiunt.
2581 5410 2691 5463 Sed
2735 5414 2795 5462 et
2848 5410 2923 5462 ad
2960 5410 3117 5474 ipsos
3162 5408 3367 5461 fratres

1763 5635 1781 5670 ί
1810 5637 2020 5686 Deerat
2042 5640 2099 5683 ut
2125 5633 2349 5697 vocula,
2376 5644 2550 5697 quam
2584 5632 2691 5683 loci
2716 5644 3043 5695 sensusque
3066 5631 3368 5695 integritas

1771 5707 2060 5771 exigebat.

1771 5816 1852 5934 8.?
1882 5812 2075 5934 Siliinile
2100 5817 2187 5866 est
2216 5813 2277 5865 in
2303 5812 2489 5877 Pelag.
2520 5810 2689 5863 libell.
2717 5810 2802 5864 18.
2836 5823 2960 5863 voc.
2987 5810 3070 5865 E20.
3101 5811 3171 5862 de
3195 5808 3370 5862 Paulo

1813 5897 1928 5934 IlIlD
1971 5898 2053 5934 ce.

1813 5897 2053 5948 Impuce.
