3898 6398
514 359 624 421 435

1552 362 1792 411 RUFINI
1828 360 2320 423 AQUILEIENSIS
2351 360 2788 413 PRESBYTERI

3712 361 3813 417 436

517 470 832 535 scribebat,
856 469 981 522 aliis
992 468 1226 534 quidem
1248 468 1400 533 quod
1415 469 1664 522 multum
1680 470 1907 523 tmdiosi
1921 476 2119 524 essent
2137 474 2190 547 Α
2215 469 2575 535 dignissima
2596 470 2733 521 vitae
2756 468 3049 522 hominem
3073 475 3452 534 peccatorem,
3475 475 3656 535 atque
3685 472 3813 523 ante

515 572 657 625 erga
687 560 912 622 fratres,
937 563 994 610 et
1026 558 1234 623 pusillo
1258 558 1450 609 animo
1467 571 1600 623 erga
1621 560 1973 623 patientiam,
1989 561 2114 612 aliis

515 662 655 701 vero
685 648 837 713 quod
869 649 1033 711 bene,
1058 651 1393 699 constanter
1421 652 1479 699 et
1505 648 1746 700 sollicite
1766 654 2019 712 agerent,
2058 654 2115 700 et

514 738 871 789 sufficienter
895 736 1331 788 consolarentur
1357 736 1576 788 fratres.
1596 738 1662 787 Et
1677 737 1815 801 quid
1840 738 1975 789 huic
1999 750 2115 790 me-

518 833 610 885 riti
634 845 737 897 pro
764 832 1099 891 virtutibus,
1125 833 1263 897 quid
1285 847 1419 886 vero
1436 834 1515 886 illi
1539 836 1915 899 correptionis
1933 836 2114 887 immi-

513 925 686 973 neret
714 933 749 972 a
784 921 1024 973 Domino
1061 934 1163 987 pro
1187 923 1419 987 ignavia
1442 924 1809 988 praedicabat,
1837 927 1890 974 et
1913 925 1991 975 ita
2027 939 2115 976 eo-

515 1022 647 1062 rum
668 1011 768 1073 qui
790 1011 1059 1063 absentes
1072 1017 1251 1074 erant,
1264 1016 1430 1064 actus
1455 1017 1513 1064 et
1529 1025 1865 1075 caussas,ac
1889 1015 2110 1073 merita,

514 1101 604 1152 vel
650 1099 1069 1164 negligentiam
1114 1101 1494 1166 describebat,
1532 1108 1599 1153 ut
1624 1102 1926 1154 audientes
1959 1103 2019 1154 hi
2042 1103 2113 1154 de

518 1187 733 1250 quibus
758 1188 1073 1251 dicebatur,
1115 1191 1465 1241 conscientia
1493 1192 1745 1242 convicti
1767 1204 1976 1255 negare
1996 1205 2114 1244 non

517 1280 779 1340 possent.

582 1368 839 1418 Docebat
870 1372 1063 1419 autem
1105 1380 1325 1427 omnes,
1369 1374 1434 1419 ut
1463 1369 1788 1420 visibilibus
1824 1372 1883 1420 et
1914 1381 2112 1433 corpo-

519 1461 636 1512 reis
656 1460 832 1510 rebus
856 1458 1079 1509 animos
1103 1457 1175 1508 ad
1201 1457 1509 1509 invisibilia
1529 1462 1585 1509 et
1606 1458 2114 1522 incorporeatrans-

521 1549 756 1601 ferrent.
778 1548 1027 1611 Tempus
1051 1547 1226 1606 enim,
1251 1546 1458 1609 inquit,
1482 1550 1573 1598 est
1598 1552 1662 1597 ut
1684 1548 1756 1598 ad
1781 1546 2115 1611 hujusmodi

522 1636 717 1689 studia
750 1642 1115 1688 transeamus
1141 1649 1155 1685 :
1192 1648 1381 1699 neque
1405 1636 1558 1687 enim
1586 1650 1810 1701 semper
1833 1637 2013 1701 pueri,
2057 1642 2116 1688 et

522 1739 753 1790 semper
768 1725 1021 1776 infantes
1042 1737 1171 1776 esse
1184 1724 1482 1785 debemus,
1500 1726 1597 1775 sed
1614 1725 2034 1787 aliquandojam
2049 1728 2109 1773 ad

520 1815 791 1878 spiritalia
814 1820 871 1867 et
891 1815 1091 1867 altiora
1110 1815 1511 1878 conscendere,
1536 1818 1594 1866 et
1618 1816 1871 1865 virorum
1904 1828 2112 1865 sensus
2139 1811 2194 1885 B

523 1916 721 1968 capere
745 1908 919 1967 atque
947 1904 1020 1955 ad
1046 1903 1437 1966 perfectiorem
1456 1904 1648 1954 subire
1666 1903 2119 1967 intelligentiam,

519 1998 585 2045 ut
632 1994 932 2058 possimus
967 1993 1282 2044 virtutibus
1314 1994 1490 2043 animi
1527 1993 1859 2044 enitescere.
1908 1994 2017 2045 Sed
2063 1998 2120 2045 et

522 2082 707 2134 multa
749 2081 862 2133 alia
898 2082 970 2133 de
1007 2082 1117 2134 hoc
1163 2082 1285 2133 viro
1311 2087 1549 2133 sanctus
1570 2081 1743 2133 homo
1768 2082 1867 2133 Dei
1891 2082 2118 2145 Apelles

520 2172 849 2223 narratione
861 2172 1030 2223 nobis
1049 2171 1386 2222 ﬁdelissima
1396 2172 1839 2233 commendavit,
1854 2184 1985 2235 quae
2002 2188 2121 2220 cuu-

522 2264 614 2311 cta
644 2260 1005 2311 conscribere
1018 2265 1076 2312 et
1098 2260 1337 2324 longum
1360 2260 1606 2324 videtur,
1633 2265 1690 2312 et
1714 2274 1813 2326 pro
1833 2261 2120 2325 magnitu-

524 2348 657 2401 dine
687 2350 796 2414 sui,
820 2350 1111 2401 nonnullis
1136 2350 1494 2402 audientium
1520 2351 1617 2401 vix
1647 2350 1934 2402 credibile.

976 2498 1127 2568 I76
1173 2492 1458 2556 CAPUT
1499 2492 1681 2556 XVI.

1068 2633 1148 2672 DE
1170 2630 1188 2649 ¹
1214 2633 1576 2673 PAPHNUTIO.

591 2762 861 2815 Vidimus
898 2768 957 2815 et
998 2764 1414 2816 monasterium
1449 2764 1679 2825 (Pallad.
1720 2780 1761 2813 ο.
1799 2764 1904 2827 6‘2.)
1942 2766 2126 2817 sancti

528 2852 841 2917 Paphnutii
863 2852 1114 2903 hominis
1140 2852 1268 2917 Dei,
1294 2853 1391 2916 qui
1414 2853 1915 2904 nominatissimus
1935 2855 1995 2905 in
2017 2853 2127 2905 illis

526 2942 669 2994 locis
702 2941 1107 3005 anachoretes,
1136 2947 1193 2994 et
1238 2941 1477 2993 ultimus
1506 2942 1792 2994 habitator
1823 2943 2006 2994 fuerat
2029 2943 2130 2995 de-

529 3031 665 3083 serti
689 3031 750 3081 in
771 3031 1102 3093 regionibus
1126 3032 1450 3094 Heracleas,
1469 3032 1787 3096 splendida
1808 3033 1962 3095 apud
1980 3032 2129 3084 The-

527 3120 752 3172 baidam
778 3120 956 3171 urbis.

2213 573 2331 610 non
2366 559 2614 610 multum
2649 560 2942 622 temporis,
2986 572 3060 610 ex
3096 560 3317 611 latrone
3349 560 3422 611 ad
3460 560 3622 611 istud
3663 560 3811 623 quod

2210 661 2365 699 nunc
2389 660 2654 699 exercere
2679 648 2992 711 videretur,
3008 648 3228 700 fcedum
3244 648 3552 701 artificium
3578 648 3812 700 devolu—

2210 740 2353 787 tum.
2394 736 2746 799 Paphnutius
2778 748 2845 787 eo
2885 738 3065 800 magis
3109 738 3380 800 instabat,
3417 738 3742 800 requirens,
3768 739 3811 788 si

2210 824 2344 886 quid
2394 825 2445 874 ei
2492 824 2651 881 forte,
2675 823 2766 875 vel
2786 825 2933 875 inter
2956 824 3251 877 latrocinia
3271 825 3347 889 pii
3388 826 3579 890 operis
3611 826 3809 877 fuisset

2209 912 2546 963 admissum.
2578 912 2745 975 Nihil,
2772 913 2976 980 inquit,
2998 915 3142 965 mihi
3165 915 3436 965 conscius
3470 928 3605 966 sum
3642 915 3804 966 boni:

2207 1001 2317 1051 hoc
2341 995 2533 1052 tamen
2559 1002 2865 1065 scio,quod
2891 1016 3025 1053 cum
3048 1003 3195 1053 inter
3215 1004 3466 1054 latrones
3483 1014 3700 1066 essem,
3720 1016 3808 1055 ca-

2209 1095 2307 1154 pta
2351 1094 2439 1140 est
2481 1090 2785 1152 aliquando
2822 1104 2855 1141 a
2887 1092 3055 1142 nobis
3091 1091 3249 1154 virgo
3283 1093 3397 1142 Deo
3439 1098 3803 1143 consecrata:

2209 1183 2375 1237 cujus
2392 1192 2526 1229 cum
2549 1180 2720 1230 ceteri
2744 1178 2977 1243 collegae
2996 1181 3108 1231 mei
3126 1179 3377 1231 latrones
3401 1186 3686 1243 cuperent
3709 1182 3807 1232 crio

2209 1282 2341 1333 pere
2382 1268 2677 1332 pudorem,
2724 1269 2907 1331 objeci
2941 1282 3032 1320 me
3067 1270 3127 1320 in
3159 1270 3415 1321 medium
3453 1273 3511 1321 et
3532 1270 3720 1334 eripui
3744 1270 3808 1321 de

2210 1357 2695 1409 contaminatione
2728 1358 3034 1423 latronum,
3073 1362 3129 1409 et
3167 1363 3334 1410 nocte
3358 1359 3656 1410 deducens
3688 1371 3809 1410 eam

2211 1460 2397 1509 usque
2424 1446 2498 1497 ad
2524 1447 2737 1510 vicum,
2765 1446 2962 1498 domui
2993 1459 3117 1499 sua;
3138 1448 3365 1499 restitui
3386 1448 3691 1499 intactam.

2276 1589 2401 1639 Alio
2442 1601 2674 1652 quoque
2708 1594 2960 1652 tempore
2995 1589 3222 1651 (Pallad.
3248 1606 3290 1640 ο.
3317 1588 3425 1651 63.)
3452 1590 3654 1641 inveni
3684 1603 3808 1641 mu-

2212 1678 2405 1730 lierem
2429 1678 2692 1729 honesta:
2718 1679 2917 1730 formm
2951 1679 3010 1729 in
3035 1691 3227 1730 eremo
3250 1680 3634 1730 obcrrantem.
3677 1682 3810 1731 Haec

2221 1780 2351 1819 cum
2398 1767 2842 1830 interrogaretur
2868 1780 2902 1819 a
2926 1780 3016 1818 me
3040 1782 3141 1819 cur
3159 1773 3261 1819 aut
3285 1768 3574 1831 quomodo
3604 1770 3665 1819 in
3691 1769 3811 1819 haec

2241 1868 2343 1908 oca
2365 1856 2732 1907 advenisset?
2765 1853 2911 1923 |77
2938 1856 3256 1920 respondit:
3280 1856 3427 1907 Nihil
3454 1870 3550 1908 me
3573 1858 3812 1908 interro-

2219 1958 2322 2007 ges
2350 1944 2799 1995 infelicissimam
2824 1945 3139 2004 mulierem,
3154 1958 3261 1996 nec
3277 1957 3516 1995 caussas
3537 1946 3810 2008 requiras,

2222 2034 2323 2085 sed
2369 2034 2417 2083 si
2458 2033 2724 2085 ancillam
2761 2033 2946 2097 placet
2979 2034 3208 2096 habere,
3242 2033 3513 2085 abducito
3553 2046 3668 2097 quo
3708 2035 3811 2085 vis.

2222 2123 2359 2173 Mihi
2388 2123 2538 2173 enim
2564 2122 2771 2174 infelici
2793 2128 2883 2174 est
2901 2123 3157 2183 maritus,
3172 2123 3270 2185 qui
3287 2123 3458 2173 debiti
3476 2122 3690 2173 Ilscalis
3707 2138 3817 2182 gra-

2224 2213 2301 2263 tia
2325 2224 2481 2275 saepe
2508 2225 2829 2275 suspensus
2854 2218 2912 2263 et
2940 2211 3273 2275 ﬂagellatus,
3294 2224 3359 2261 ac
3375 2212 3565 2275 pmnis
3580 2214 3814 2260 omnibus

2223 2301 2514 2353 cruciatus
2542 2304 2802 2351 servatur
2831 2300 2888 2351 in
2912 2313 3153 2363 carcere,
3175 2313 3282 2351 nec
3305 2300 3474 2351 aliam
3497 2301 3571 2351 ob
3588 2315 3809 2349 caussam

2225 2398 2570 2463 producitur,
2598 2398 2721 2449 'nisi
2747 2402 2811 2449 ut
2839 2402 3120 2450 tormenta
3150 2398 3421 2463 patiatur.
3454 2399 3593 2449 Tres
3620 2402 3814 2450 autem

2222 2487 2389 2538 nobis
2414 2486 2513 2537 illii
2548 2486 2798 2543 fuerunt,
2832 2488 2932 2551 qui
2966 2488 3087 2551 jam
3112 2500 3211 2552 pro
3236 2487 3496 2551 ejusdem
3521 2487 3697 2539 debiti
3720 2500 3814 2537 ne-

2226 2576 2498 2627 cessitate
2521 2575 2779 2628 distracti
2793 2580 2948 2627 sunt.
2973 2578 3090 2639 Ego
3107 2589 3331 2640 quoque
3344 2577 3685 2639 misserima,
3700 2579 3819 2637 quia

2225 2663 2297 2714 ad
2332 2663 2547 2714 similes
2581 2676 2781 2728 pmnas
2808 2664 3079 2727 inquiror,
3105 2663 3174 2715 de
3208 2664 3331 2716 loco
3351 2664 3422 2716 ad
3446 2663 3633 2716 locum
3664 2664 3815 2725 fugi-

2226 2757 2375 2816 tans,
2402 2752 2591 2803 inedia
2612 2753 2956 2816 miseriaque
2980 2752 3252 2817 confecta,
3280 2766 3380 2817 per
3400 2753 3527 2804 haec
3550 2765 3704 2803 nunc
3736 2752 3815 2802 la-

2228 2842 2405 2892 titans
2446 2842 2643 2893 oberro
2685 2840 2826 2905 loca,
2865 2842 3115 2893 triduum
3139 2841 3248 2893 hoc
3269 2843 3387 2906 jam
3412 2842 3537 2893 sine
3561 2841 3687 2892 cibo
3712 2841 3819 2891 du-

2228 2941 2383 2978 cens.
2412 2931 2530 2992 Ego
2551 2930 2649 2980 ubi
2666 2929 2791 2981 haec
2814 2929 3028 2993 audivi,
3041 2930 3343 2980 miseratus
3358 2928 3574 2980 adduxi
3594 2941 3719 2980 eam
3746 2928 3815 2978 ad

2230 3017 2583 3079 speluncam,
2602 3023 2659 3068 et
2678 3018 3203 3069 reﬁciensanimam
3226 3017 3507 3081 ejusfame
3521 3021 3811 3077 collapsam,

2223 3104 2353 3156 dedi
2397 3106 2568 3157 etiam
2617 3110 2899 3157 trecentos
2932 3107 2983 3157 ei
3024 3106 3254 3168 solidos,
3288 3118 3387 3169 pro
3427 3106 3639 3168 quibus
3663 3118 3725 3157 se
3745 3118 3809 3156 ac

594 3211 677 3261 De
697 3208 826 3261 .hoc
860 3222 998 3273 ergo
1033 3209 1260 3271 (ραιιαά,
1313 3226 1358 3261 ο,
1401 3210 1509 3275 63.)
1541 3210 1874 3262 ﬁdelissima
1895 3216 2122 3275 patrum
2148 3195 2197 3269 ρ
2229 3195 2518 3258 maritum,
2543 3198 2601 3246 et
2624 3195 2768 3246 illios
2790 3208 2907 3247 non
2933 3198 3120 3247 solum
3148 3195 3427 3257 servituti,
3454 3195 3555 3246 sed
3584 3200 3643 3246 et
3673 3208 3813 3259 sup-

529 3298 854 3350 narratione
881 3299 1283 3362 comperimus,
1298 3300 1456 3362 quod
1478 3313 1608 3350 cum
1634 3299 1841 3351 fuisset
1852 3301 1989 3352 vitm
2009 3302 2124 3351 An-

529 3386 746 3450 gelicte,
800 3387 1057 3450 quodam
1101 3390 1360 3451 tempore
1406 3388 1654 3439 oraverit
1687 3390 1887 3450 Deum,
1926 3394 1992 3439 ut
2017 3389 2126 3440 sibi

531 3475 880 3537 ostenderet,
905 3476 999 3527 cui
1032 3480 1364 3527 sanctorum
1390 3476 1595 3526 similis
1618 3477 1942 3528 haberetur.
1968 3478 2125 3528 Assi-

531 3568 703 3615 stens
726 3577 863 3616 vero
892 3564 1148 3628 Angelus
1160 3565 1453 3628 respondit
1475 3565 1548 3629 ei,
1567 3566 1720 3629 quod
1744 3566 1949 3617 similis
1975 3571 2130 3617 esset

531 3652 948 3718 symphoniaco
971 3653 1219 3715 cuidam,
1243 3654 1341 3716 qui
1365 3653 1426 3704 in
1446 3655 1575 3706 vico
1601 3655 1698 3705 illo
1720 3656 1990 3708 cantandi
2005 3661 2127 3708 arte

531 3740 745 3792 victum
782 3741 1083 3804 quareret.
1111 3741 1272 3791 Tunc
1298 3738 1392 3791 ille
1416 3739 1849 3804 obstupefactus
1872 3742 2129 3794 novitate

532 3829 814 3895 responsi,
832 3842 965 3881 cum
987 3830 1147 3881 omni
1173 3830 1566 3894 properatione
1585 3843 1828 3895 pergens
1852 3831 1925 3883 ad
1939 3836 2127 3894 vicum,

532 3919 810 3984 perquirit
840 3918 1154 3971 hominem.
1193 3921 1262 3971 Et
1286 3931 1419 3970 cum
1451 3919 1791 3984 invenisset,
1824 3921 2130 3971 studiosis-

532 4009 676 4060 sime
708 4014 1085 4073 percontatur
1102 4010 1175 4061 ab
1195 4022 1283 4072 eo,
1301 4008 1579 4073 quidnam
1604 4010 1788 4062 sancti
1812 4010 2129 4075 etreligiosl

532 4098 720 4162 cperis
746 4104 979 4162 gestum
1006 4098 1082 4149 sit
1095 4098 1166 4159 ei,
1186 4110 1504 4163 omnesque
1519 4101 1684 4150 actus
1700 4099 1829 4162 ejus
1845 4099 2129 4150 curiosius

536 4186 794 4239 discutit.
816 4188 892 4238 At
915 4186 1009 4238 ille
1032 4187 1325 4250 respondit
1348 4187 1504 4251 quod
1526 4200 1618 4239 res
1654 4192 1792 4248 erat,
1820 4201 1882 4240 se
1905 4200 2033 4240 esse
2043 4189 2132 4241 in-

595 4447 611 4467 ⁸
639 4435 999 4500 Paphnutio.]
1043 4435 1114 4485 De
1140 4436 1235 4485 hoc
1269 4435 1615 4501 Mau-rolycus
1652 4437 1711 4484 in
1744 4438 2134 4503 Martyrologio

532 4523 649 4569 suo,
688 4508 962 4559 Pannncii
997 4506 1356 4573 nomine,29.
1384 4508 1697 4557 Novembris
1728 4524 1739 4559 :
1774 4512 1827 4561 S.
1858 4512 2131 4563 Pannucii

532 4579 777 4639 abbatis,
802 4580 903 4641 qui
927 4592 1184 4631 eremum
1221 4579 1496 4631 Heraclia
1522 4580 1771 4643 regionis
1795 4581 2049 4644 incoluit,
2076 4585 2133 4634 et

533 4650 702 4710 cujus
724 4662 896 4712 opera
908 4650 1184 4702 Thaidem
1202 4651 1447 4713 insignis
1466 4651 1663 4703 formae
1679 4652 2037 4704 meretricem
2054 4670 2130 4702 or-

535 4720 825 4771 namentis
850 4720 906 4771 in
928 4721 1119 4786 ignem
1132 4723 1248 4785 proj
1258 4723 1417 4783 ectis,
1436 4723 1660 4774 veniam
1674 4725 2009 4787 paenitentia
2020 4738 2134 4777 me-

535 4790 725 4842 ruisse
763 4791 1078 4856 perhibent,
1124 4793 1437 4843 Florarium
1475 4793 1802 4844 Sanctorum
1827 4797 2132 4845 manuscri-

531 4867 688 4925 ptum
712 4862 763 4915 8.
789 4862 980 4911 Martii
1007 4879 1019 4913 :
1050 4864 1355 4928 Paphnutii
1379 4865 1744 4928 confessoris,
1768 4867 1866 4929 qui
1887 4872 2133 4917 convertit

534 4932 789 4985 Thaisim
829 4934 1206 4997 meretricem,
1242 4940 1300 4987 et
1336 4941 1453 4988 tres
1488 4937 1644 4988 viros
1668 4942 1893 5001 ereptos
1919 4940 2133 4991 saeculo

530 5003 788 5056 lucratus
833 5009 923 5056 est
967 5007 1104 5058 Deo.
1139 5005 1349 5058 Claruit
1394 5019 1547 5059 anno
1581 5008 1783 5059 salutis
1815 5008 1936 5063 3‘21.
1963 5010 2135 5061 Habes

536 5075 640 5125 hac
679 5076 977 5139 posteriora
1001 5077 1063 5127 de
1086 5078 1255 5127 tribus
1279 5079 1412 5127 viris
1431 5078 1492 5127 in
1520 5078 1615 5128 hoc
1636 5080 1823 5141 Ruﬁni
1843 5082 2013 5146 capite
2035 5098 2131 5134 ea:-

531 5162 732 5209 pressa.

597 5235 735 5286 Cum
765 5235 909 5284 varii
950 5236 1158 5298 fuerint
1197 5236 1519 5299 Paphnutii,
1555 5253 1665 5287 non
1684 5240 1932 5289 existimo
1957 5257 2135 5305 quem-

535 5318 704 5370 quam
727 5320 852 5356 cum
880 5308 985 5356 hoc
1010 5307 1255 5356 eumdem
1281 5322 1400 5359 esse.
1428 5308 1576 5358 Nam
1599 5312 1697 5373 qui
1722 5310 1959 5376 ‘28.Apr.
1987 5312 2135 5362 habe-

534 5384 624 5427 tur
662 5378 814 5442 apud
837 5379 1274 5443 Metaphrastem,
1302 5384 1347 5428 et
1370 5394 1437 5429 ea:
1461 5396 1517 5430 eo
1533 5383 1685 5445 apud
1709 5383 1957 5447 Surium,
1984 5396 2135 5435 mar-

536 5456 624 5514 tyr
654 5450 762 5512 fuit
796 5454 1028 5513 tempore
1073 5450 1393 5519 Diocletiani
1431 5465 1443 5501 :
1487 5467 1643 5515 quem
1684 5454 2133 5519 Martyrologium

536 5521 841 5570 Romanum
884 5520 1035 5569 habet
1064 5518 1151 5574 24.
1186 5520 1475 5585 Septembr,
1502 5538 1594 5572 nec
1634 5523 1744 5573 ulla
1778 5526 1892 5588 ejus
1935 5528 2133 5575 mentio

538 5593 593 5639 in.
620 5591 938 5653 Menologio,
956 5592 1049 5641 etsi
1079 5593 1137 5641 id
1158 5597 1359 5641 asserat
1389 5594 1599 5642 Baroni
1608 5610 1684 5651 us,
1714 5597 1826 5658 qui,
1854 5596 1999 5659 quod
2027 5597 2135 5645 Gar-

536 5662 759 5711 lesinius
794 5663 924 5712 dicit
955 5677 1006 5711 se
1036 5665 1290 5726 accepisse
1320 5680 1385 5712 ea:
1410 5664 1602 5715 tabulis
1626 5668 1829 5727 Graecis,
1851 5669 2135 5718 existima-

536 5734 609 5781 vit
632 5747 698 5781 ea:
714 5733 1034 5797 Menologio,
1064 5750 1185 5786 esse.
1205 5734 1307 5785 Sed
1330 5737 1578 5785 existimo
1602 5738 1913 5789 Galesinum
1942 5740 2004 5789 de
2024 5742 2135 5789 Me-

540 5803 812 5867 taphraste
849 5804 1157 5869 intelligere.
1202 5806 1265 5855 In
1300 5806 1513 5858 Menaeis
1556 5805 1645 5861 ‘25.
1677 5810 1933 5874 Septemb.
1983 5812 2044 5862 de
2077 5826 2134 5861 eo

541 5875 650 5926 solo
666 5877 882 5925 tantum
904 5876 1012 5927 duo
1035 5891 1235 5929 versus.

2229 3284 2411 3349 pliciis
2437 3285 2732 3335 asserebat
2762 3284 3045 3335 obnoxios
3074 3300 3087 3336 :
3122 3290 3181 3336 et
3203 3289 3471 3336 revocata
3494 3297 3558 3335 ea
3579 3283 3652 3334 ad
3677 3284 3819 3336 civi-

2228 3386 2423 3445 tatem,
2449 3395 2651 3435 omnes
2680 3394 2779 3434 eos
2804 3382 2938 3433 data
2959 3382 3202 3446 pecunia
3224 3382 3505 3434 liberavit.
3537 3383 3699 3433 Tunc
3721 3395 3821 3447 pa-

2230 3476 2315 3523 ter
2339 3472 2709 3535 Paphnutius,
2739 3474 2877 3534 Ego,
2910 3472 3117 3541 inquit,
3148 3472 3289 3523 nihil
3322 3472 3433 3524 tale
3462 3472 3601 3523 feci:
3630 3476 3820 3523 tamen

2229 3561 2397 3613 credo
2421 3562 2593 3613 etiam
2617 3562 2693 3612 ad
2711 3566 2764 3612 te
2790 3561 3141 3626 pervenisse,
3163 3562 3314 3625 quod
3340 3561 3561 3613 celebre
3582 3564 3822 3623 Paphnu-

2229 3651 2291 3702 tii
2312 3663 2525 3702 nomen
2546 3651 2695 3702 inter
2710 3650 3025 3701 monachos
3047 3650 3342 3702 habeatur.
3370 3652 3500 3702 Fuit
3518 3650 3675 3703 enim
3686 3650 3824 3701 mihi

2226 3752 2344 3791 non
2368 3740 2671 3791 mediocris
2697 3739 2890 3802 studii,
2916 3744 2982 3791 ut
3008 3740 3188 3792 vitam
3212 3751 3400 3791 meam
3418 3740 3477 3791 in
3491 3740 3822 3805 hujusmodi

2226 3828 2547 3879 excolerem
2570 3827 2903 3892 disciplinis.
2926 3830 3083 3880 Deus
3102 3829 3276 3893 igitur
3294 3828 3363 3879 de
3380 3833 3433 3880 te
3448 3828 3589 3880 mihi
3605 3829 3822 3880 revela-

2226 3916 2313 3969 vit
2349 3918 2484 3981 quia
2527 3916 2901 3969 nihilominus
2945 3917 3099 3981 apud
3144 3918 3337 3979 ipsum
3374 3917 3562 3968 meriti
3604 3917 3821 3970 habeas

2227 4019 2403 4069 quam
2434 4020 2561 4070 ego.
2604 4006 2747 4066 Quia
2769 4019 2922 4071 ergo,
2949 4006 3138 4069 frater,
3165 4007 3330 4058 vides
3360 4010 3415 4057 te
3439 4018 3556 4058 non
3587 4005 3821 4058 minime

2227 4094 2351 4146 loco
2373 4096 2568 4146 haberi
2596 4094 2747 4159 apud
2777 4096 2977 4157 Deum,
3000 4107 3117 4146 non
3129 4095 3385 4159 negligas
3401 4095 3653 4146 animam
3670 4101 3819 4145 tuam.

2229 4186 2309 4235 At
2334 4183 2427 4235 ille
2450 4185 2645 4235 statim
2679 4183 2904 4235 fistulas
2928 4195 3075 4248 quas
3100 4196 3274 4236 manu
3295 4185 3527 4248 gerebat
3550 4184 3821 4247 abjiciens

2294 4431 2554 4497 Menolog.
2600 4433 2841 4483 Graecum
2888 4431 2973 4487 19.
3023 4433 3157 4497 Apr.
3205 4432 3356 4482 habet
3400 4432 3819 4496 Paphnuntium

2231 4505 2694 4569 Jerosolymitam
2724 4520 2949 4569 eumque
2964 4510 3274 4567 martyrem
3295 4505 3357 4554 de
3381 4520 3486 4569 quo
3504 4505 3712 4554 Menam
3737 4505 3820 4558 ‘20.

2160 4578 2366 4684 DApr.
2394 4577 2525 4626 duos
2552 4582 2763 4626 tantum
2789 4576 2983 4626 habent
3006 4590 3205 4636 versus,
3232 4591 3324 4625 nec
3348 4576 3610 4640 martyrii
3634 4577 3823 4625 memi-

2234 4663 2373 4684 hipl‘ﬁi

2234 4663 2375 4696 nere.

2295 4727 2659 4791 Menologium
2687 4728 2927 4777 Graecum
2957 4724 3043 4780 25.
3072 4726 3359 4792 Septembr.
3391 4724 3543 4774 habet
3559 4725 3825 4789 Paphnu-

2236 4799 2373 4847 tium
2403 4800 2750 4863 Egyptium,
2774 4804 2967 4847 sanctae
2991 4800 3365 4863 Euphrosynx
3393 4798 3705 4861 patrem,de
3723 4813 3821 4861 quo

2234 4871 2431 4988 glenaeo
2479 4872 2657 4919 eodem
2694 4871 2778 4919 die
2815 4871 2949 4919 duos
2994 4886 3205 4935 quoque
3245 4876 3458 4918 tantum
3500 4884 3682 4918 versus
3730 4871 3823 4919 ha-

2266 4947 2371 4989 ent.

2296 5020 2748 5084 Martyrologium
2806 5022 3117 5070 Romanum
3167 5020 3254 5074 11,
3303 5018 3637 5084 Septembris,
3677 5020 3823 5069 habet

2234 5092 2615 5155 Paphnutium
2642 5091 2958 5144 Thebaaum
2991 5107 3081 5141 seu
3107 5091 3466 5154 superiorum
3496 5089 3820 5141 Thebarum

2234 5163 2569 5226 epis00pum
2614 5165 2671 5214 et
2718 5164 3127 5223 confessorem,
3162 5167 3220 5210 ut
3269 5166 3416 5211 vocat
3459 5162 3687 5225 Niceph.
3738 5162 3821 5210 lib.

2242 5234 2378 5284 VIII.
2413 5248 2531 5298 cap.
2560 5233 2645 5287 19.
2677 5235 2773 5297 qui
2796 5234 3165 5282 celeberrimus
3188 5239 3276 5293 est,
3301 5240 3345 5281 et
3382 5232 3632 5281 omnium
3660 5234 3823 5281 histo—

2233 5306 2473 5353 ricorum
2490 5306 2753 5369 preconio
2778 5310 2952 5355 notus.
2984 5306 3057 5354 De
3081 5320 3185 5368 quo
3213 5304 3329 5353 vide
3344 5304 3417 5353 ad
3445 5303 3624 5352 Vitam
3642 5301 3823 5352 Sancti

2233 5377 2462 5425 Antonii
2484 5392 2600 5440 cap.
2633 5375 2719 5430 30.

2295 5447 2450 5496 Alius
2488 5448 2648 5496 etiam
2682 5447 3032 5511 Paphnutius
3076 5445 3434 5508 Meletianus,
3469 5445 3531 5495 de
3561 5460 3667 5510 quo
3694 5444 3822 5507 Epi-

2231 5528 2477 5592 phanius
2511 5528 2567 5575 in
2607 5528 2813 5576 Panar.
2845 5529 3023 5576 haeres.
3052 5527 3140 5581 68.

2293 5598 2449 5647 Atius
2474 5598 2635 5647 etiam
2662 5600 3005 5663 Paphnutius
3034 5598 3297 5662 Cepheia,
3324 5595 3507 5660 dequo
3532 5595 3811 5647 Palladius

2235 5670 2668 5803 wﬁuliiitisd’aphn
2682 5742 2823 5789 utius
2836 5742 3136 5805 Presbyter
3157 5741 3450 5797 Scetiotes,
3476 5745 3816 5804 cognomento

2234 5812 2489 5862 Bubalus
2522 5813 2673 5875 apud
2711 5812 3035 5863 Cassianum
3071 5812 3258 5863 Collat.
3283 5811 3377 5862 III.
3412 5828 3531 5876 cap.
3564 5812 3613 5865 1.
3638 5818 3682 5860 et
3708 5812 3817 5862 Cot-

2237 5884 2328 5934 lat.
2352 5883 2395 5933 Α
2414 5884 2545 5934 VIII.
2574 5899 2691 5948 cap.
2715 5882 2800 5939 15.
3265 5884 3667 5937 Roswsvnvs.
