3898 6410
94 350 213 406 437

1378 352 1724 405 HISTORIA
1756 350 2285 404 MONACHORUM.

3313 349 3420 407 438

99 468 361 517 secutus
391 468 481 516 est
501 475 637 516 eum
659 462 731 514 ad
756 473 1033 526 eremum,
1060 468 1119 516 et
1140 467 1322 516 artem
1349 465 1632 515 musicam
1656 464 1713 515 in
1738 466 1793 539 Α
1823 463 2082 515 omnium
2120 474 2414 515 summum
2446 467 2553 525 est,
2585 465 2654 514 ut
2690 461 2965 514 amittens
2989 465 3213 526 cuncta,
3235 463 3421 528 ipsam

100 554 485 618 spiritualem
503 558 875 605 cemmutans
892 554 1029 605 vitae
1040 555 1371 618 mentisque
1388 557 1721 623 harmoniam,

101 655 213 707 per
239 643 541 705 integrum
558 642 872 695 triennium
888 643 1229 695 arctissimm
1241 657 1303 696 se
1322 643 1723 697 tradiditabsti-

101 740 358 804 nentiae,
400 740 463 791 in
493 740 738 792 Psalmis
763 744 819 792 et
841 742 1197 793 orationibus
1223 743 1596 807 semetipsum
1632 744 1725 797 die

101 834 423 894 noctuque
448 843 746 895 exercens,
764 837 939 895 atque
963 831 1070 883 iter
1091 831 1320 883 cmleste
1343 832 1519 884 animi
1543 834 1726 886 virtu-

105 920 278 972 tibus
305 931 504 984 agens,
531 920 680 971 inter
693 925 1028 973 sanctorum
1053 921 1360 985 Angelicos
1384 922 1589 975 choros
1601 924 1726 976 red-

109 1008 271 1059 didit
298 1008 585 1073 spiritum.

175 1151 568 1214 Posteaquam
614 1151 975 1216 Paphnutius
1019 1150 1248 1214 (Pallad.
1295 1168 1337 1204 ο.
1379 1152 1485 1218 64.)
1516 1153 1727 1219 praedi-

109 1245 283 1292 ctum
311 1240 794 1305 symphoniacum
825 1242 980 1294 omni
1004 1242 1276 1294 exercitio
1292 1243 1575 1296 virtutum
1600 1252 1729 1295 con-

109 1332 483 1381 summatum
501 1331 786 1395 praemisit
812 1330 886 1383 ad
913 1331 1238 1396 Dominum,
1263 1332 1387 1396 ipse
1415 1333 1729 1385 acrioribus

110 1427 513 1492 semetipsum
538 1428 767 1492 studiis,
792 1440 964 1492 quam
977 1429 1137 1494 prius
1160 1434 1511 1494 exercuerat,
1529 1442 1727 1495 agens,

109 1517 336 1569 iterum
355 1517 603 1569 Domino
622 1518 1002 1583 supplicabat,
1028 1523 1091 1571 ut
1108 1519 1219 1570 sibi
1246 1520 1597 1583 ostenderet,
1612 1522 1729 1582 quis

112 1606 232 1657 sibi
257 1606 468 1658 similis
492 1612 647 1660 esset
674 1620 853 1672 super
865 1613 1075 1660 terram
1114 1609 1201 1660 Fit
1224 1621 1359 1673 ergo
1385 1610 1596 1661 iterum
1610 1621 1730 1661 vox

112 1696 355 1748 Domini
380 1697 455 1748 ad
480 1709 614 1749 eum
636 1697 835 1749 dicens
864 1715 875 1747 :
909 1698 1164 1751 Similem
1190 1704 1244 1751 te
1266 1711 1396 1751 esse
1417 1704 1594 1751 nosce
1616 1698 1730 1761 pri-

110 1795 302 1847 mario
333 1795 443 1847 vici
463 1795 635 1856 illius,
668 1797 768 1859 qui
793 1800 884 1848 est
909 1798 969 1849 in
987 1798 1505 1862 proximeQuibus
1518 1797 1728 1849 auditis

117 1884 511 1949 Paphnutius,
536 1886 659 1937 sine
682 1898 845 1938 mora
860 1886 929 1938 ad
953 1899 1087 1938 eum
1114 1899 1445 1951 properans,
1464 1886 1724 1950 pulsatad
1752 1880 1806 1955 B

116 1973 347 2025 ostium
374 1974 583 2025 demus
609 1975 752 2039 ejus.
791 1974 889 2026 Ille
917 1977 1181 2038 vero,eui
1206 1976 1381 2027 meris
1405 1981 1529 2028 erat
1550 1977 1736 2027 susci-

119 2083 261 2136 pere
299 2069 451 2139 |78
489 2072 1023 2137 hospites,occurrit
1043 2074 1113 2131 ei,
1135 2078 1306 2136 atque
1331 2074 1654 2125 introduxit
1677 2074 1737 2125 in

120 2169 375 2222 domum
403 2185 592 2236 suam,
621 2173 827 2223 lavans
853 2184 1083 2236 quoque
1107 2173 1281 2236 pedes
1300 2173 1443 2236 ejus,
1470 2173 1741 2237 apposuit

126 2273 424 2324 mensam,
450 2261 683 2325 agitque
709 2262 1061 2314 convivium.
1080 2263 1236 2313 Inter
1258 2262 1459 2326 epulas
1477 2274 1611 2313 vero
1624 2274 1742 2328 per_

123 2359 353 2410 contari
380 2359 747 2423 Paphnutius
777 2361 953 2425 cmpit
985 2360 1056 2411 ab
1080 2360 1326 2424 hospite,
1349 2359 1446 2423 qui
1472 2364 1639 2411 actus
1666 2360 1736 2420 ei,

123 2448 291 2514 quod
325 2449 607 2510 studium,
635 2450 926 2515 cujusque
949 2450 1137 2514 operis
1161 2450 1398 2502 haberet
1420 2450 1695 2502 exercitia
1714 2452 1740 2501 ‘l

131 2548 239 2600 Ille
258 2559 395 2600 vero
423 2561 561 2600 cum
585 2548 655 2600 de
675 2562 737 2601 se
754 2549 993 2601 humilia
1013 2548 1405 2613 responderet,
1419 2554 1474 2600 et
1488 2548 1663 2600 latere
1685 2552 1740 2597 in

136 2636 310 2689 bonis
335 2648 510 2700 quam
537 2637 812 2702 publicari
833 2638 1050 2704 mallet,
1067 2639 1412 2703 perurgebat
1427 2640 1742 2700 Paphnutius

137 2725 362 2789 dicens,
387 2726 706 2779 revelatum
727 2728 837 2779 sibi
864 2741 992 2780 esse
1016 2740 1050 2779 a
1073 2728 1336 2792 Domino,
1355 2727 1509 2792 quod
1534 2727 1743 2790 dignus

138 2827 300 2877 esset
324 2824 600 2876 consortii
625 2824 1060 2876 monachorum.
1084 2826 1159 2876 At
1172 2822 1263 2875 ille
1284 2837 1350 2875 ee
1360 2824 1547 2887 magis
1558 2822 1743 2873 humi-

136 2912 285 2965 liora
332 2913 403 2965 de
450 2914 641 2978 seipse
686 2914 961 2978 sentiens,
1003 2914 1375 2977 aiebatzEgo
1417 2913 1649 2977 quidem
1684 2911 1743 2963 in

139 3000 303 3055 nullo
338 3002 480 3054 mihi
513 3016 643 3054 sum
674 3002 808 3054 boni
832 3002 1078 3067 alicujus
1091 3003 1377 3064 conscius,
1395 3001 1745 3065 verumquia

141 3100 394 3151 verbum
413 3100 515 3151 Dei
541 3100 753 3151 factum
779 3104 869 3151 est
891 3099 963 3151 ad
988 3102 1061 3161 te,
1088 3112 1218 3150 eum
1241 3111 1414 3163 quem
1426 3098 1568 3149 nihil
1584 3098 1739 3160 latet,

143 3188 327 3240 celare
365 3200 484 3239 non
526 3201 785 3253 possum.
823 3190 964 3240 Haec
986 3201 1120 3252 ergo
1147 3200 1280 3252 qum
1305 3188 1445 3238 mihi
1468 3187 1528 3238 in
1552 3186 1742 3237 medio
1768 3194 1818 3270 ρ

143 3277 462 3327 multorum
492 3277 679 3340 posito
702 3276 762 3327 in
785 3289 897 3327 usu
921 3281 1076 3337 sunt,
1102 3275 1322 3340 loquar.
1348 3275 1603 3339 Triginta
1618 3275 1738 3338 jam

148 3365 422 3430 completi
436 3367 573 3417 sunt
588 3366 744 3425 anni,
765 3364 919 3429 quod
930 3365 1299 3417 continentiae
1314 3376 1665 3417 consensum
1675 3367 1740 3412 ha

146 3462 289 3514 bere
311 3474 406 3514 me
439 3475 572 3514 cum
592 3465 838 3527 conjuge
863 3473 991 3514 mea
1010 3461 1205 3513 nullus
1227 3474 1289 3525 ag
1300 3460 1476 3513 nevit.
1504 3459 1741 3522 Suscepi

144 3555 343 3603 autem
373 3564 444 3602 ex
472 3563 540 3602 ea
565 3554 678 3603 tres
700 3551 866 3611 filios,
894 3550 1102 3601 horum
1124 3550 1278 3602 enim
1302 3561 1509 3601 caussa
1525 3548 1743 3600 solum-

146 3640 322 3692 modo
357 3640 588 3705 cognita
623 3646 711 3692 est
739 3640 879 3691 mihi
911 3652 1072 3704 uxor,
1098 3652 1204 3691 nec
1228 3644 1439 3703 praeter
1461 3651 1588 3690 eam
1611 3637 1740 3699 alia,

146 3742 254 3780 nec
277 3730 402 3794 ipsa
431 3729 583 3781 ultra
600 3730 722 3793 jam
747 3728 991 3792 cognita.
1011 3729 1308 3792 Suscipere
1320 3728 1576 3791 hospites
1592 3743 1746 3777 num-

151 3831 326 3883 quam
357 3819 717 3883 cessavi,sed
741 3820 838 3882 ito,
856 3823 921 3870 ut
940 3818 1232 3870 neminem
1253 3821 1384 3870 ante
1408 3830 1500 3869 me
1524 3822 1748 3882 paterer

151 3899 481 3959 advenienti
504 3921 796 3960 occurrere
814 3907 1138 3973 peregnine.
1161 3908 1287 3959 Non
1299 3905 1488 3957 dimisi
1507 3921 1746 3966 umquam

150 3997 221 4048 de
243 3996 415 4049 deme
434 4010 560 4049 mea
580 3997 868 4062 hospitem
894 3997 1017 4049 sine
1039 3996 1274 4049 viatico:
1295 4007 1605 4060 pauperem
1616 3994 1750 4045 nul-

152 4086 277 4139 lum
300 4085 557 4151 despexi,
574 4085 676 4138 sed
703 4099 835 4150 quae
857 4085 1180 4137 necessaria
1202 4083 1429 4136 fuerant
1443 4082 1682 4148 praebui.
1697 4081 1749 4133 Si

153 4187 213 4237 in
241 4184 458 4249 judicio
484 4184 625 4246 sedi,
655 4196 761 4235 nec
785 4182 884 4234 illii
905 4184 1021 4234 mei
1035 4193 1341 4246 personam
1370 4179 1752 4242 contrajusli-

156 4276 295 4328 tiam
320 4273 533 4338 accepi.
556 4272 739 4324 Alieni
760 4271 969 4324 laboris
995 4271 1215 4323 fructus
1231 4271 1751 4334 nunquamintreic-

158 4367 296 4417 runt
314 4364 374 4416 in
397 4363 635 4415 domum
648 4374 856 4414 meam.
872 4361 1052 4412 Litem
1069 4361 1118 4411 si
1134 4359 1269 4422 vidi,
1289 4371 1617 4423 numquam
1630 4374 1755 4420 prte-

161 4452 302 4515 terii,
355 4451 538 4505 donec
592 4451 1017 4503 reconciliarem
1053 4449 1407 4501 dissidentes
1429 4448 1503 4500 ad
1529 4459 1745 4513 pacem.

160 4554 337 4604 Nemo
362 4562 638 4614 umquam
650 4548 1027 4614 deprehendit
1042 4548 1102 4599 in
1123 4548 1292 4612 culpa
1311 4546 1559 4598 famulos
1569 4558 1746 4597 meos:

160 4652 479 4705 numquam
508 4653 709 4704 greges
721 4639 835 4690 mei
853 4638 1133 4690 laeserunt
1155 4637 1346 4701 fruges
1383 4635 1629 4687 alienas:
1653 4648 1750 4686 vo-
1780 4609 1836 4683 D

160 4732 375 4784 lentem
396 4729 681 4782 seminare
708 4729 768 4780 in
790 4740 920 4780 rure
944 4740 1071 4779 meo
1099 4737 1427 4789 numquam
1470 4723 1752 4788 prohibui,

163 4833 269 4875 nec
282 4820 546 4872 uberiora
570 4819 704 4870 mihi
733 4818 965 4871 novalia
982 4817 1149 4882 elegi,
1173 4816 1452 4868 steriliera
1471 4812 1582 4865 illis
1597 4812 1750 4865 derc-

162 4918 321 4983 liqui.
348 4920 640 4981 Quantum
658 4917 716 4968 in
729 4929 819 4968 me
844 4917 969 4979 fuit,
992 4926 1316 4978 numquam
1335 4911 1569 4971 permisi
1587 4913 1651 4962 ut
1664 4922 1760 4974 po-

165 5009 372 5061 tentior
415 5006 703 5058 infirmum
743 5006 1045 5071 premeret.
1071 5004 1303 5069 Semper
1327 5000 1522 5053 studui
1557 5000 1618 5051 in
1638 4998 1759 5051 vita

164 5111 309 5159 mea,
336 5097 699 5149 utneminem
725 5095 1145 5148 censtristarer.
1160 5094 1226 5145 In
1242 5091 1460 5158 judicio
1486 5089 1534 5141 si
1565 5088 1642 5139 fui
1668 5100 1760 5139 ca-

143 5201 288 5261 rput,
322 5196 611 5247 neminem
645 5193 1048 5254 condemnavi,
1088 5191 1189 5244 sed
1224 5190 1571 5241 dissidentes
1596 5199 1764 5239 revo-
1798 5240 1803 5245 _

167 5299 295 5340 care
319 5286 379 5336 in
402 5285 763 5337 concordiam
789 5283 1004 5336 studui.
1038 5284 1175 5333 Haec
1198 5280 1430 5332 interim
1458 5277 1600 5330 mihi
1627 5275 1761 5328 vita)

167 5375 471 5439 institutio,
497 5376 615 5427 Deo
641 5374 911 5437 donante,
936 5372 1220 5424 hactenus
1253 5369 1377 5422 fuit.

1825 566 2027 605 veram
2047 554 2168 616 jam
2198 553 2458 616 sequaris
2492 551 2596 603 Dei
2620 552 2983 616 sapientiam,
3007 557 3064 603 et
3086 551 3422 604 secretiores

1789 642 1796 649 ’
1835 649 1983 722 179
2017 656 2271 719 inquiras
2295 657 2619 719 thesauros,
2640 655 2713 706 ad
2736 668 2884 719 quos
2897 667 3013 706 non
3030 654 3196 708 aliter
3210 654 3424 720 poteris

1825 756 2139 820 pervenire,
2182 755 2294 805 nisi
2335 756 2590 818 abneges
2632 754 2884 818 teipsum
2908 758 2966 805 et
2994 753 3161 805 tollas
3194 766 3424 806 crucem

1829 848 2006 895 tuam.
2054 849 2113 895 et
2156 843 2415 906 sequaris
2454 843 2765 895 Christum.
2790 843 2979 895 Atille
3003 855 3137 894 cum
3163 843 3426 895 audisset

1827 933 1973 994 haec,
1998 933 2139 984 nihil
2159 936 2437 995 moratus,
2459 945 2564 983 nec
2588 932 2818 984 omnino
2846 931 3058 996 aliquid
3071 932 3131 984 in
3146 931 3319 986 domo
3334 946 3425 981 sua

1828 1032 2121 1094 ordinans,
2155 1035 2395 1083 secutus
2427 1032 2514 1082 est
2534 1031 2723 1082 virum
2739 1031 2860 1096 Dei,
2888 1044 3128 1096 pergens
3146 1043 3280 1082 cum
3299 1031 3424 1096 ipse

1830 1123 1903 1175 ad
1927 1122 2241 1174 desertum.
2269 1122 2525 1184 Cumque
2548 1121 2807 1172 venisset
2828 1121 2901 1172 ad
2924 1122 3422 1185 ﬂumen,nusquam

1829 1212 1902 1263 ad
1926 1210 2404 1263 transmeandum
2431 1214 2653 1273 reperto
2679 1210 2934 1273 navigio,
2972 1210 3278 1270 Paphnutius
3300 1224 3427 1271 prae-

1828 1302 1978 1367 cepit
1993 1302 2203 1354 intrare
2217 1313 2415 1353 secum
2433 1299 2675 1363 pedibus
2687 1299 2949 1359 ﬂuvium,
2968 1311 3099 1349 cum
3110 1298 3171 1349 in
3185 1300 3426 1347 illislocis

1829 1391 2113 1457 profunda
2135 1391 2453 1442 habebatur
2475 1389 2737 1441 altitudo.
2761 1389 3134 1440 Transierunt
3149 1400 3285 1451 ergo
3301 1389 3431 1449 pari-

1832 1491 1918 1540 ter
1940 1487 2205 1549 ﬂuvium,
2229 1486 2309 1537 ita
2331 1490 2398 1537 ut
2412 1497 2559 1548 aqua
2575 1485 2659 1536 eis
2672 1484 2768 1536 vix
2792 1484 2866 1535 ad
2885 1483 3063 1535 latera
3084 1482 3422 1548 perveniret,

1828 1576 1937 1630 Ubi
1962 1589 2099 1628 vero
2124 1579 2405 1627 venerunt
2428 1574 2502 1625 ad
2527 1573 2842 1635 desertum,
2864 1570 3104 1624 collocat
3132 1571 3427 1623 hominem

1829 1665 2191 1729 Paphnutius
2214 1664 2276 1714 in
2298 1663 2502 1714 cellula
2528 1662 2797 1725 quadam,
2831 1660 2989 1712 haud
3013 1660 3211 1725 procul
3243 1673 3278 1711 a
3320 1672 3427 1711 suo

1829 1754 2180 1806 monasterio
2203 1753 2410 1819 posita,
2424 1756 2483 1803 et
2504 1750 2954 1802 conversationis
2969 1748 3281 1814 spiritualis
3296 1751 3429 1798 erdi-

1834 1866 1970 1904 nem
2010 1852 2261 1916 tradidit,
2293 1849 2790 1915 perl‘ecterumque
2814 1847 3137 1899 studiorum
3161 1847 3432 1899 exercitia

1836 1942 2048 2003 docuit,
2079 1940 2336 1992 scientiae
2361 1951 2592 2003 quoque
2618 1937 2926 1990 secretiora
2947 1936 3257 1988 concredit.
3290 1938 3432 1987 Cum

1834 2044 1948 2097 que
1971 2044 2104 2082 eum
2130 2031 2189 2081 in
2216 2030 2485 2082 omnibus
2517 2027 2907 2090 instruxisset,
2934 2026 3311 2091 semetipsum
3335 2026 3435 2077 de-

1836 2143 1956 2182 nuo
1979 2129 2295 2193 majoribus
2319 2127 2608 2180 exercitiis
2626 2127 2801 2190 dedit,
2814 2126 3059 2191 exiguos
3076 2128 3267 2187 priores
3278 2128 3434 2187 depu-

1837 2224 1972 2272 tans
1996 2220 2241 2282 labores,
2270 2218 2481 2281 quibus
2516 2215 2757 2268 conferri
2776 2217 2995 2279 poterat
3014 2214 3082 2277 is,
3115 2216 3214 2279 qui
3237 2214 3437 2267 saeculi

1837 2308 2142 2361 videbatur
2164 2307 2388 2358 actibus
2408 2309 2739 2369 occupatus.
2756 2305 2877 2355 Hoc
2893 2303 3043 2355 enim
3056 2303 3164 2355 sibi
3178 2303 3436 2355 dicebat:

1840 2407 1896 2460 Si
1920 2407 2035 2471 isti,
2061 2406 2160 2471 qui
2196 2409 2335 2457 sunt
2379 2406 2440 2456 in
2472 2402 2706 2463 smeule,
2737 2405 2954 2454 tantum
2984 2401 3120 2453 boni
3143 2402 3331 2466 operis
3354 2401 3439 2453 fa-

1839 2499 2018 2563 ciunt,
2044 2501 2329 2562 quantum
2350 2507 2456 2547 nos
2487 2494 2717 2547 studere
2744 2493 3042 2553 debemus,
3062 2491 3194 2557 plus
3211 2491 3304 2544 vel
3319 2503 3438 2543 am-

1843 2587 1996 2653 plius
2019 2587 2079 2638 in
2101 2586 2467 2639 abstinentiae
2479 2583 2675 2636 labere
2690 2595 2789 2635 eos
2804 2581 3179 2635 antecedere?
3200 2585 3439 2643 Tempore

1843 2688 2039 2740 autem
2077 2684 2372 2747 aliquanto
2416 2683 2477 2733 in
2518 2681 2610 2733 his
2656 2683 2965 2744 transacto,
2992 2684 3051 2732 et
3079 2679 3153 2731 ad
3183 2679 3439 2733 scientia

1846 2775 2254 2842 perfectionem
2277 2786 2344 2825 eo
2371 2772 2664 2839 perducto,
2706 2783 2878 2835 quem
2903 2769 3356 2835 perfectumjam
3378 2769 3440 2822 in

1843 2866 2119 2931 operibus
2141 2865 2520 2925 assumserat,
2551 2860 2803 2926 quadam
2823 2859 2913 2912 die
2930 2862 3245 2922 Paphnutius
3260 2862 3438 2909 sedsn

1843 2964 1905 3016 in
1929 2962 2136 3016 cellula
2159 2974 2285 3021 sua,
2305 2961 2463 3013 videt
2487 2960 2737 3011 animam
2766 2958 2895 3023 ejus
2914 2957 3065 3009 inter
3087 2957 3438 3021 Angelorum

1845 3055 2053 3107 choros
2075 3055 2416 3108 assumtam,
2443 3047 2755 3101 dicentium
2782 3063 2793 3095 :
2826 3046 3021 3096 Beatus
3043 3061 3200 3110 quem
3219 3046 3440 3110 clegisti.

1842 3150 1887 3194 et
1907 3140 2207 3194 assumsiin
2231 3155 2247 3189 :
2275 3137 2534 3189 habitabit
2557 3137 2615 3186 in
2643 3135 3002 3186 tabernaculis
3021 3134 3434 3200 luis(PsaL64.).

1842 3243 1910 3294 Et
1940 3253 2075 3293 cum
2116 3239 2245 3291 haec
2277 3236 2556 3298 audisset,
2583 3234 2819 3297 agnovit
2852 3236 3178 3285 assumtum
3201 3244 3332 3284 esse
3361 3246 3434 3285 ex

1816 3332 1951 3383 'hoc
1975 3329 2195 3381 mundo
2218 3326 2605 3378 virum.Tunc
2629 3335 2766 3376 vero
2788 3321 3151 3386 Paphnutius
3167 3321 3434 3386 persiste-

1840 3421 1940 3471 bat
1961 3419 2101 3481 injej
2112 3415 2263 3468 uniis
2277 3413 2723 3476 eteratienibus,
2744 3412 3118 3476 semetipsum
3133 3410 3207 3463 ad
3223 3411 3438 3476 majora

1840 3513 1900 3562 et
1922 3503 2599 3573 perfectioraextendens.

1904 3662 1976 3711 Et
2024 3671 2229 3710 rursus
2274 3657 2475 3707 orabat
2518 3654 2828 3706 Dominum
2875 3651 3103 3717 (Pallad.
3150 3666 3191 3702 c.
3225 3649 3350 3714 65.),
3376 3652 3441 3702 ut

1847 3748 1956 3801 sibi
1969 3747 2316 3804 ostenderet,
2336 3745 2428 3796 cui
2452 3743 2654 3795 similis
2671 3743 2984 3795 haberetur
2997 3740 3439 3794 interhomines.

1846 3842 2070 3891 Rursus
2095 3836 2146 3887 ei
2171 3835 2366 3886 divina
2388 3846 2507 3885 vox
2529 3832 2844 3897 respondit,
2878 3830 3075 3882 dicens
3100 3844 3113 3879 :
3147 3829 3357 3882 Similis
3379 3842 3443 3881 es

1848 3933 2165 4001 negotianti
2191 3933 2261 3995 ei,
2289 3944 2461 3996 quem
2485 3930 2697 3982 videris
2717 3929 2790 3980 ad
2815 3930 2870 3981 te
2894 3927 3220 3981 venientem
3239 3944 3250 3976 :
3267 3927 3368 3979 sed
3392 3927 3443 3979 ei

1848 4038 2100 4091 exsurge
2124 4022 2414 4086 velociter,
2441 4023 2497 4072 et
2514 4032 2748 4072 occurre
2773 4019 2843 4069 ei.
2870 4017 3055 4069 Adest
3070 4016 3224 4068 enim
3244 4017 3327 4067 vir
3351 4017 3444 4068 cui

1851 4122 1905 4170 te
1931 4116 2178 4168 similem
2208 4110 2473 4165 iudicavi.
2491 4112 2559 4161 Et
2576 4107 2935 4173 Paphnutius
2954 4107 3077 4159 sine
3088 4121 3227 4155 mera
3242 4108 3447 4155 descen—

1853 4215 2019 4277 dens,
2054 4212 2302 4267 occurrit
2324 4209 2552 4263 cuidam
2583 4206 2924 4272 negotiatori
2948 4204 3339 4258 Alexandrino
3358 4204 3449 4255 vi-

1851 4305 1996 4369 ginti
2027 4303 2282 4354 millibus
2310 4300 2619 4353 solidorum
2636 4295 3202 4349 mercimoniatribus
3233 4296 3450 4343 navibus

1853 4391 2129 4445 deferenti
2157 4405 2231 4444 ex
2260 4390 2567 4443 Thebaide.
2594 4388 2662 4440 Et
2687 4385 2958 4452 quoniam
2982 4389 3106 4437 erat
3127 4382 3448 4448 religiosus,

1852 4496 1908 4544 et
1932 4493 2213 4543 bonorum
2241 4501 2481 4553 eperum
2508 4485 2765 4539 studium
2779 4496 3007 4549 gerens,
3025 4481 3223 4533 decem
3236 4478 3453 4542 legumi"

1856 4593 1999 4633 num
2024 4591 2223 4630 saccos
2252 4577 2445 4641 pueris
2473 4576 2596 4627 suis
2619 4572 3021 4640 impesitos,ad
3043 4568 3451 4622 monasterium

1861 4670 1964 4723 Dei
2006 4666 2258 4720 hominis
2294 4666 2626 4717 deferebat:
2665 4667 2722 4717 et
2747 4664 2873 4716 haec
2896 4662 2948 4714 ei
2971 4671 3175 4712 caussa
3202 4657 3454 4710 adeundi

1862 4763 2252 4832 Paphnutium
2285 4759 2434 4829 180
2463 4761 2586 4812 fuit.
2612 4764 2684 4812 At
2703 4760 2798 4813 ille
2826 4760 3101 4814 continue
3126 4763 3189 4810 ut
3212 4769 3344 4809 eum
3372 4755 3456 4807 vi-

1862 4865 1946 4917 dit
1971 4879 1983 4916 :
2017 4862 2313 4927 Quidagis,
2339 4859 2529 4923 inquit
2552 4870 2585 4911 o
2615 4858 3035 4922 pretiosissima
3058 4861 3115 4909 et
3140 4858 3258 4908 Deo
3283 4854 3458 4919 digna

1860 4955 2056 5007 anima
2077 4958 2101 5004 .9
2124 4952 2269 5015 Quid
2298 4950 2397 5003 tibi
2422 4960 2554 5001 cum
2578 4946 2928 5011 terrenisest
2953 4945 3235 5005 labor,cui
3252 4957 3378 4996 sors
3401 4947 3460 4995 et

1865 5054 2111 5106 societas
2123 5064 2252 5103 cum
2268 5047 2600 5102 caelestibus
2616 5044 2749 5096 data
2761 5046 2886 5095 est?
2897 5044 3176 5107 Relinque
3192 5044 3458 5102 hmcillls,

1863 5143 1961 5207 qui
1997 5142 2068 5193 de
2107 5143 2252 5192 terra
2292 5140 2431 5192 sunt
2472 5140 2529 5188 et
2561 5136 2632 5186 de
2666 5138 2816 5185 terra
2839 5132 3129 5196 cogitant:
3176 5136 3240 5183 tu
3263 5135 3461 5184 autem

1863 5230 2026 5296 regni
2052 5230 2170 5293 Dei,
2188 5230 2261 5281 ad
2287 5228 2439 5293 quod
2458 5231 2694 5279 vocatus
2712 5236 2793 5288 es,
2812 5220 3134 5287 negotiator
3148 5221 3391 5282 efﬁcere,
3406 5226 3464 5272 et

1865 5332 2105 5385 sequere
2136 5318 2507 5378 Salvatorem,
2532 5330 2568 5367 a
2597 5328 2711 5378 quo
2730 5312 2898 5380 paulo
2922 5312 3050 5376 post
3072 5310 3465 5362 assumendus

1865 5432 1951 5471 es.
1984 5420 2058 5469 At
2080 5415 2171 5468 ille
2206 5414 2348 5466 nihil
2378 5414 2615 5466 omnino
2639 5413 2930 5474 differens,
2970 5406 3238 5474 praecepit
3274 5407 3466 5472 pueris

233 5518 491 5572 Audiens
537 5524 734 5571 autem
770 5518 897 5570 haec
940 5517 1147 5568 beatus
1192 5512 1569 5579 Paphnutius,
1596 5514 1770 5574 caput
1870 5509 1992 5560 suis
2027 5510 2091 5557 ut
2121 5505 2317 5555 omnia
2346 5516 2477 5567 quae
2512 5507 2887 5567 superessent
2928 5500 3126 5565 (multa
3155 5497 3310 5549 enim
3346 5497 3465 5562 jam

167 5613 290 5676 ejus
314 5608 679 5670 exosculans,
716 5607 1011 5661 benedixit
1049 5618 1183 5658 eum
1208 5603 1404 5657 dicens
1439 5620 1449 5651 :
1485 5600 1770 5651 Benedical
1870 5600 1992 5664 ipse
2017 5608 2115 5661 per
2148 5608 2208 5646 se
2240 5593 2623 5652 distribuerat)
2649 5592 2995 5656 pauperibus
3008 5588 3467 5654 eregarent.lpse

168 5716 211 5759 te
236 5709 501 5759 Dominus
523 5723 590 5756 ex
624 5707 776 5770 Sion,
801 5711 845 5755 et
875 5706 1055 5754 videas
1078 5720 1194 5768 qum
1210 5702 1347 5752 bona
1377 5707 1504 5751 sunt
1528 5702 1591 5748 in
1613 5700 1773 5749 Jeru-
1870 5710 2001 5750 vero
2026 5706 2274 5758 sequens
2303 5693 2568 5743 sanctum
2594 5689 2981 5753 Paphnutium
3008 5689 3080 5740 ad
3094 5684 3469 5745 desertum,in

169 5798 333 5850 θαιεπι
365 5797 527 5859 (Ρεαι.
576 5796 738 5861 127.).
768 5766 918 5857 'Quia
955 5766 1101 5859 ergo
1136 5794 1279 5845 bene
1324 5792 1450 5843 hanc
1473 5794 1531 5842 et
1564 5801 1777 5842 conve-
1874 5787 2077 5840 eadem
2101 5785 2176 5836 ab
2209 5795 2276 5835 eo
2299 5780 2649 5833 constitutus
2673 5782 2762 5829 est
2784 5778 2928 5841 loco,
2954 5791 3027 5828 ex
3052 5791 3168 5857 quo
3202 5779 3257 5827 et
3282 5778 3473 5840 priores
3531 5766 3535 5770 ’

180 5889 409 5940 nienter
444 5885 719 5951 implesti,
754 5884 896 5938 illud
935 5883 1039 5937 tibi
1072 5883 1252 5947 deest,
1286 5880 1444 5946 quod
1498 5881 1779 5932 bonorum
1874 5877 1946 5929 ad
1971 5875 2288 5930 Dominum
2312 5873 2546 5924 fuerunt
2567 5867 2870 5934 assumpti.
2896 5867 3002 5930 Qui
3029 5865 3292 5919 similiter
3312 5865 3384 5918 ab
3408 5877 3475 5918 eo
