3898 6398
462 312 568 370 439

1486 306 1726 356 RUFINI
1760 304 2256 365 AQUILEIENSIS
2301 302 2733 354 I’RESBYTERI

3652 304 3756 361 440

464 425 535 477 de
558 422 831 477 omnibus
854 418 1263 483 lnstructus,in
1287 416 1576 469 exercitiis
1593 416 1984 481 spiritualibus
2001 419 2057 467 et
2078 418 2134 492 Α
2160 412 2441 478 cellulam,
2479 413 2540 464 in
2574 426 2690 477 qua
2718 413 3100 467 adventantes
3137 415 3385 481 hospitio
3421 417 3677 482 recipiat,
3703 423 3760 467 et

465 512 677 565 divinae
704 509 1005 575 sapientiae
1030 508 1236 559 studiis
1259 508 1645 572 permanebat.
1681 505 1843 558 Brevi
1861 510 2056 558 autem

468 606 722 666 tempore
752 600 1171 660 consummato,
1203 596 1374 648 etiam
1406 594 1498 647 hic
1523 594 1838 647 translatus
1871 596 1959 646 est
1985 593 2059 645 ad

468 689 970 754 congregationem
985 687 1301 751 justorum.

530 808 599 857 Et
619 817 736 857 non
761 802 943 855 multo
966 805 1097 867 post
1121 800 1351 863 (Pallad.
1377 816 1419 851 c.
1445 800 1555 864 65.)
1582 812 1713 851 cum
1738 799 1912 851 etiam
1936 798 2061 863 ipse

470 893 825 964 Paphnutius
840 891 924 943 ini
928 890 1051 956 psis
1071 902 1318 943 summm
1334 890 1598 941 abstinen
1608 890 1699 940 tiae
1710 887 2000 939 exercitiis
2018 896 2063 935 et

467 982 759 1034 laboribus
782 981 960 1034 vitam
986 984 1240 1045 poneret,
1265 979 1448 1031 astitit
1463 979 1514 1030 ei
1537 977 1794 1042 Angelus
1813 975 2059 1037 Domini,

467 1071 666 1123 dicens
701 1069 775 1122 ad
808 1082 945 1121 eum
972 1086 982 1118 :
1011 1068 1157 1121 Veni
1174 1069 1315 1132 jam,
1334 1067 1652 1129 benedicte,
1687 1070 1745 1118 et
1764 1065 2063 1129 ingredere

472 1174 556 1221 ea,
586 1172 718 1224 qum
734 1159 837 1211 tibi
856 1158 1139 1211 debentur
1160 1164 1379 1211 mterna
1400 1155 1786 1209 tabernacula.
1800 1159 1919 1205 Ecce
1930 1157 2061 1203 enim

473 1249 688 1301 adsunt
710 1247 1025 1313 Prophetm,
1039 1248 1137 1311 qui
1150 1253 1205 1299 te
1216 1248 1275 1298 in
1289 1260 1460 1299 suum
1475 1246 1793 1310 suscipiant
1803 1244 2062 1297 chorum.

474 1341 595 1389 Hoc
621 1340 818 1389 autem
843 1336 942 1387 tibi
968 1337 1126 1401 prius
1149 1336 1357 1388 idcirco
1390 1348 1506 1387 non
1528 1333 1789 1397 revelavi,
1813 1345 1886 1385 ne
1922 1332 2065 1384 forte

473 1427 677 1487 elatus,
709 1427 984 1479 damnum
1015 1425 1246 1489 aliquod
1278 1426 1359 1476 tui
1398 1424 1609 1476 laboris
1632 1424 1970 1475 incurreres.
1998 1424 2069 1473 Et

472 1529 651 1569 unam
677 1521 805 1580 post
837 1516 963 1567 haec
986 1515 1047 1566 in
1072 1527 1306 1579 corpore
1336 1513 1526 1566 adhuc
1541 1513 1763 1578 positus
1778 1512 1931 1563 diem
1958 1512 2067 1563 du-

471 1618 627 1668 cens,
640 1618 773 1657 cum
790 1604 1025 1668 quidam
1044 1604 1363 1668 Presbyteri
1382 1603 1455 1655 ad
1471 1616 1603 1656 eum
1619 1602 1969 1655 visitandum
1981 1614 2070 1653 ve-

473 1695 720 1757 nissent,
743 1693 938 1745 omnia
965 1693 1050 1745 eis
1074 1706 1205 1757 quas
1243 1692 1352 1745 sibi
1384 1692 1668 1744 Dominus
1705 1691 2067 1744 revelaverat.

475 1786 613 1833 nota
633 1782 785 1844 fecit,
816 1783 1015 1833 dicens
1036 1781 1109 1833 ad
1131 1794 1248 1845 eos,
1275 1780 1498 1833 nullum
1521 1782 1582 1833 in
1605 1782 1714 1832 hoc
1740 1780 1954 1833 smculo
1974 1779 2071 1831 de-

480 1872 616 1923 bere
636 1870 872 1935 despici,
896 1871 1070 1924 etiam
1112 1872 1160 1923 si
1190 1871 1332 1923 latro
1358 1871 1433 1923 sit
1455 1870 1680 1933 aliquis,
1695 1873 1797 1922 aut
1817 1870 1877 1921 in
1902 1881 2077 1921 scena

480 1962 727 2025 positus,
753 1961 923 2012 etiam
955 1961 1004 2015 si
1028 1961 1245 2014 cultum
1268 1962 1419 2013 ruris
1435 1964 1787 2023 exerceat,et
1807 1960 1932 2023 conj
1942 1958 2075 2023 ugio

480 2048 739 2101 videatur
762 2049 1098 2109 adstrictus,
1122 2050 1292 2102 etiam
1338 2050 1387 2101 si
1410 2050 1728 2113 negotiator
1751 2048 1993 2111 dicatur,
2019 2050 2078 2098 et

482 2138 866 2191 mercimoniis
891 2140 1115 2201 serviat,
1141 2145 1331 2191 tamen
1347 2140 1406 2191 in
1422 2139 1577 2191 omni
1594 2137 1789 2191 ordine
1802 2138 2076 2189 humanm

478 2227 613 2280 vitm
637 2232 777 2280 sunt
799 2228 1013 2281 animm
1035 2230 1156 2281 Deo
1182 2228 1499 2293 placentes,
1525 2232 1584 2279 et
1606 2228 1886 2280 habentes
1910 2230 2077 2278 actus

478 2315 704 2381 aliquos
748 2316 1022 2379 occultos,
1053 2317 1267 2382 quibus
1312 2316 1635 2370 delectatur
1676 2318 1833 2369 Deus
1873 2332 1883 2364 :
1920 2315 2078 2368 unde

481 2411 726 2471 constat,
750 2421 866 2460 non
883 2413 1113 2461 tantum
1129 2407 1542 2473 professionem
1560 2407 1716 2466 vitae,
1732 2406 2078 2459 authabitus

483 2496 733 2560 speciem
758 2498 877 2548 Deo
898 2509 1031 2549 esse
1053 2496 1339 2562 placitam,
1366 2501 1653 2561 quantum
1670 2495 2077 2559 sinceritatem,

484 2590 656 2650 atque
678 2584 1036 2638 affectionem
1058 2586 1291 2650 mentis,
1318 2598 1671 2649 operumque
1690 2587 1999 2646 probitatem.
2024 2588 2080 2634 Et

486 2685 618 2724 cum
644 2672 853 2725 similia
873 2673 946 2726 de
969 2673 1214 2738 singulis
1233 2673 1559 2738 quibusque
1577 2674 1970 2738 disseruisset,
1985 2681 2081 2723 tra-

487 2761 635 2814 didit
652 2762 936 2827 spiritum.
955 2762 1264 2815 Evidenter
1282 2767 1477 2815 autem
1494 2763 1820 2827 Presbyteri
1833 2764 1931 2827 qui
1945 2763 2083 2817 ade-

488 2854 842 2909 rant,omnes
855 2852 1058 2905 fratres
1073 2852 1346 2906 viderunt
1360 2865 1493 2905 eum
1510 2854 1582 2904 ab
1595 2852 1831 2917 Angelis
1848 2854 2081 2918 suscipi,

487 2940 774 3005 hymnum
796 2941 1136 2994 canentibus
1165 2946 1224 2994 et
1249 2941 1686 2994 collaudantibu
1702 2955 1730 2993 s
1756 2943 1962 2995 Deum.

939 3118 1061 3186 |8|
1104 3110 1388 3174 CAPUT
1430 3111 1639 3175 XVII.

737 3282 816 3320 ΟΒ
853 3282 1244 3324 MONASTERIO
1270 3284 1518 3324 ABBATIS
1546 3282 1561 3300 '
1589 3285 1832 3325 ISIDORI.

554 3437 823 3491 Vidimus
840 3443 898 3491 et
915 3439 1067 3504 apud
1079 3440 1428 3493 Thebaidam
1441 3441 1669 3505 (Pallad.
1685 3457 1801 3505 cap.
1820 3441 1923 3505 71.)
1937 3445 2086 3492 etiam

490 3526 730 3579 Isidori‘
759 3528 1283 3581 nominatissimum
1308 3529 1741 3594 monasterium,
1758 3532 2088 3592 amplissimis

491 3616 693 3682 spatiis
710 3616 925 3669 circum
933 3622 1161 3683 septum
1175 3630 1458 3683 muroque
1469 3619 1974 3680 circumdatum,in
1986 3636 2088 3682 quo

492 3706 891 3759 habitantibus
908 3706 1064 3768 viris,
1077 3707 1234 3772 larga
1248 3708 1657 3772 prmbebantur
1684 3710 1988 3760 habitacula.
2013 3713 2089 3759 In-

497 3796 786 3848 trinsecus
811 3795 968 3862 putei
983 3795 1195 3861 plures,
1209 3796 1359 3848 horti
1374 3797 1591 3862 irrigui,
1606 3798 1866 3850 omnium
1886 3814 2089 3861 quoque

494 3898 793 3951 pomorum
809 3887 1193 3951 arborumque
1216 3886 1485 3951 paradisi,
1504 3891 1561 3938 et
1584 3898 1965 3952 quacumque
1989 3900 2091 3941 ne-

490 3976 743 4029 cessaria
764 3976 972 4028 usibus
995 3980 1176 4039 erant,
1196 3976 1566 4041 sufficienter,
1585 3976 1700 4029 imo
1712 3979 1770 4030 et
1788 3977 2093 4031 abundan—

494 4068 580 4117 ter
604 4066 866 4130 provisa;
882 4066 955 4118 ob
980 4066 1090 4118 hoc
1111 4070 1178 4118 ut
1214 4066 1356 4118 nulli
1381 4067 1738 4116 monachorum
1755 4069 2089 4117 habitantium

492 4153 843 4207 intrinsecus
879 4155 1198 4207 necessitas
1231 4155 1346 4207 ulla
1380 4157 1542 4208 ﬁeret
1564 4156 1817 4209 exeundi
1849 4157 1999 4208 foras
2019 4155 2093 4208 ad

493 4242 712 4306 aliquid
736 4242 1166 4306 requirendum.
1194 4244 1390 4295 Senior
1414 4243 1649 4308 quidam
1686 4245 1771 4297 vir
1791 4246 2004 4309 gravis,
2039 4250 2097 4297 et

494 4331 566 4383 de
592 4330 791 4395 primis
825 4332 1040 4384 electus
1083 4331 1156 4383 ad
1186 4333 1428 4396 januam
1463 4332 1692 4396 sedens,
1717 4333 1825 4385 hoc
1847 4334 2098 4388 habebat

495 4419 687 4483 officii,
707 4425 771 4473 ut
787 4421 1171 4473 adventantes
1190 4433 1258 4473 ea
1274 4421 1397 4486 lege
1414 4422 1708 4487 suscipiat,
1726 4424 2096 4489 quaingressi

2159 503 2318 554 omni
2352 502 2712 555 humanitate
2754 504 3028 555 refoveat.
3067 507 3141 558 Ut
3182 517 3315 570 ergo
3360 511 3419 558 et
3449 519 3561 558 nos
3586 506 3662 558 ab
3692 519 3758 556 eo

2159 592 2417 657 suscepti
2430 604 2652 651 sumus,
2669 592 2996 644 introeundi
3013 594 3181 645 nobis
3197 594 3433 657 quidem
3449 598 3600 656 copia
3617 596 3759 643 nulla

2160 680 2286 743 fuit,
2324 682 2395 731 ab
2436 681 2561 745 ipso
2589 686 2784 733 autem
2804 681 3130 745 didicimus,
3159 694 3291 746 qum
3317 683 3758 735 institutionum

2162 769 2454 822 beatitudo
2492 774 2787 833 gereretur
2821 771 3189 822 intrinsecus.
3226 773 3385 823 Duos
3408 772 3603 824 aiebat
3625 784 3756 823 esse

2162 858 2317 910 solos
2342 859 2595 911 seniores
2620 860 2792 922 viros,
2819 860 3028 923 quibus
3048 861 3331 925 permissa
3355 866 3448 913 est
3462 863 3757 922 egrediendl

2162 948 2634 1013 ingrediendique
2656 948 2906 1011 libertas,
2938 950 3037 1012 qui
3065 962 3235 1011 opera
3260 950 3501 1001 fratrum
3526 949 3756 1014 dispen-

2165 1050 2305 1095 sare,
2344 1041 2403 1089 et
2433 1049 2567 1101 qum
2590 1038 2918 1089 necessaria
2943 1043 3081 1090 sunt
3103 1039 3310 1091 inferre
3330 1040 3636 1097 curarent;
3666 1050 3757 1089 ce-

2165 1132 2317 1179 teros
2343 1139 2480 1178 vero
2508 1127 2588 1179 ita
2608 1139 2740 1179 esse
2762 1128 2822 1178 in
2847 1126 3073 1179 silentio
3092 1132 3149 1179 et
3171 1128 3377 1191 quiete,
3402 1127 3760 1180 orationibus

2163 1220 2223 1269 et
2245 1215 2531 1281 religiosis
2556 1216 2764 1268 studiis
2787 1229 3016 1281 operam
3032 1216 3444 1281 dantes,atque
3460 1217 3642 1269 animi
3656 1218 3763 1268 virb

2166 1307 2387 1358 tutibus
2412 1305 2707 1371 pollentes,
2732 1311 2798 1358 ut
2820 1319 3021 1358 omnes
3041 1307 3206 1372 signa
3229 1307 3439 1359 faciant
3474 1324 3485 1355 :
3527 1312 3587 1360 et
3612 1306 3761 1371 quod

2171 1408 2302 1449 vere
2327 1396 2589 1448 omnium
2609 1394 2916 1448 mirificum
2940 1397 3175 1461 signum
3205 1397 3297 1460 sit,
3331 1396 3532 1449 nullus
3564 1409 3764 1449 eorum

2168 1485 2572 1549 mgritudinem
2604 1486 2950 1551 cujusquam
2982 1486 3333 1537 inﬁrmitatis
3366 1486 3629 1549 incurrit,
3665 1485 3764 1537 sed

2168 1587 2302 1626 cum
2326 1575 2634 1640 unicuique
2662 1575 2801 1628 vita:
2821 1574 2953 1626 finis
2977 1576 3218 1636 affuerit,
3245 1574 3597 1627 omnimodis
3627 1587 3763 1639 prm-

2170 1677 2440 1729 noscens,
2488 1670 2545 1717 et
2573 1665 2838 1717 indicans
2878 1665 3082 1718 ceteris
3111 1665 3383 1718 fratribus
3415 1665 3542 1717 suis
3566 1665 3637 1717 de
3662 1678 3763 1716 suo

2098 1735 2153 1810 B
2174 1753 2353 1814 exitu,
2377 1758 2552 1818 atque
2575 1754 2844 1806 omnibus
2871 1754 2997 1807 vale
3026 1754 3244 1818 dicens,
3261 1754 3334 1807 ad
3346 1754 3457 1807 hoc
3478 1755 3675 1819 ipsum
3690 1765 3767 1806 re-

2176 1842 2412 1903 cubans,
2439 1843 2700 1907 spiritum
2721 1842 2892 1896 laatus
2921 1843 3144 1896 emittit.

2592 2021 2739 2090 182
2787 2012 3068 2078 CAPUT
3108 2012 3354 2077 XVIII.

2508 2186 2585 2225 nr.
2617 2173 2640 2204 δ
2673 2185 3000 2227 SBRAPIONE
3034 2185 3434 2227 rassavruno.

2679 2345 2841 2407 (Deest
2875 2345 2961 2393 hic
2987 2344 3269 2405 Palladio.)

2244 2515 2354 2567 Sed
2376 2519 2433 2567 et
2456 2515 2515 2565 in
2540 2515 2771 2579 regione
2796 2515 3099 2567 Arsenoite
3120 2514 3481 2579 Serapionem
3507 2517 3769 2575 quemdam

2180 2605 2581 2669 Presbyterum
2600 2604 2852 2655 vidimus
2869 2602 3181 2655 multorum
3203 2603 3681 2655 monasteriorum
3694 2618 3775 2663 pa-

2182 2698 2345 2754 trem,
2392 2694 2502 2745 sub
2526 2694 2692 2756 cujus
2715 2704 2854 2744 cura
2875 2692 3037 2757 plura
3069 2697 3127 2744 et
3150 2692 3374 2744 diversa
3403 2691 3770 2753 monasteria,

2183 2783 2351 2847 quasi
2377 2782 2576 2834 decem
2590 2780 2832 2834 millium
2851 2782 3215 2834 habebantur
3228 2781 3667 2843 monachorum,
3678 2780 3773 2845 qui

2182 2883 2387 2923 omnes
2412 2882 2485 2922 ex
2505 2868 2798 2921 laboribus
2821 2869 3081 2935 propriis,
3107 2881 3252 2933 quos
3268 2869 3556 2933 praecipue
3569 2869 3776 2921 messis

2188 2966 2462 3026 tempore,
2488 2960 2752 3012 mercede
2777 2971 3057 3011 manuum
3095 2960 3526 3024 conquirebant,
3557 2962 3773 3024 partem

2186 3049 2492 3115 plurimam
2532 3049 2606 3100 ad
2642 3048 3033 3113 supradictum
3056 3054 3277 3113 patrem
3300 3047 3683 3110 conferentes,
3719 3048 3775 3099 in

2186 3151 2331 3191 usus
2354 3150 2675 3203 pauperum
2701 3138 3083 3190 destinabant.
3108 3139 3229 3189 Hoc
3252 3141 3445 3189 autem
3465 3136 3642 3189 moris
3659 3142 3777 3189 erat

2110 3196 2160 3271 C
2184 3240 2303 3279 non
2337 3196 2526 3279 solum
2551 3226 2711 3291 ipsis,
2732 3226 2833 3278 sed
2851 3226 3192 3279 etomnibus
3222 3226 3648 3291 pmneJEgyptils
3671 3242 3779 3275 mo-

2183 3316 2406 3381 nachis,
2446 3322 2511 3368 ut
2555 3316 2765 3367 messis
2813 3320 3065 3381 tempore
3099 3316 3321 3368 elocent
3350 3315 3422 3367 ad
3446 3315 3778 3367 metendum

2184 3418 2417 3470 operam
2436 3417 2622 3469 suam,
2636 3409 2808 3469 atque
2819 3417 2890 3457 ex
2913 3417 2981 3457 ea
3003 3404 3265 3457 mercede
3289 3409 3603 3469 octogenos
3619 3420 3784 3453 unus-

2186 3495 2431 3559 quisque
2456 3495 2683 3546 modios
2708 3494 2983 3546 frumenti
3002 3493 3130 3560 plus
3152 3494 3346 3546 minus
3358 3494 3781 3558 conquireret,et

2185 3583 2391 3637 horum
2416 3587 2635 3649 partem
2653 3584 2957 3649 plurimam
2970 3595 3287 3649 pauperum
3299 3583 3502 3634 usibus
3518 3583 3778 3640 offerant;

2186 3672 2342 3724 unde
2372 3686 2488 3725 non
2514 3674 2701 3724 solum
2720 3673 2971 3737 regionis
2996 3672 3177 3737 ipsius
3200 3671 3526 3736 indigentes
3538 3671 3780 3732 alantur,

2189 3761 2290 3813 sed
2317 3766 2374 3814 et
2400 3762 2809 3814 Alexandriam
2846 3774 3028 3814 naves
3062 3761 3348 3813 frumento
3387 3764 3616 3813 onustm
3652 3760 3783 3812 diri-

2188 3856 2419 3916 gantur,
2452 3851 2541 3904 vel
2564 3852 2623 3903 in
2647 3864 2931 3904 carcerem
2954 3852 3260 3914 conclusis,
3302 3850 3390 3903 vel
3425 3849 3662 3913 reliquis
3688 3862 3780 3914 pe-

2190 3942 2434 4005 regrinis
2454 3946 2626 4005 atque
2642 3941 2949 4016 egentibus
2966 3940 3361 4005 prorogandaa.
3402 3942 3604 4004 Neque
3631 3941 3779 3992 enim

2187 4032 2340 4084 intra
2376 4033 2685 4096 Egyptum
2728 4031 3021 4082 sufficiunt
3062 4043 3370 4095 pauperes,
3414 4030 3513 4094 qui
3557 4029 3780 4095 possint

2190 4119 2601 4172 misericordiae
2622 4132 2817 4172 eorum
2844 4119 3063 4172 fructus
3075 4124 3132 4172 et
3146 4119 3439 4184 largitates
3459 4119 3781 4172 absumere.

2257 4245 2532 4297 Vidimus
2569 4249 2762 4296 autem
2796 4250 2853 4297 et
2878 4245 2936 4296 in
2970 4244 3301 4309 regionibus
3340 4244 3700 4308 Mempheos,
3729 4248 3788 4295 et

2193 4335 2502 4401 Babylonis
2512 4335 2653 4387 innu
2663 4347 2848 4386 meras
2862 4334 3259 4387 multitudines
3272 4335 3786 4397 monachorum,apud

2194 4438 2341 4490 quos
2365 4430 2425 4478 et
2450 4424 2712 4477 diversas
2735 4425 3015 4476 virtutum
3042 4424 3256 4487 gratias
3281 4436 3347 4475 ac
3370 4435 3594 4475 morum
3623 4436 3789 4476 orna-

494 4509 645 4564 ultra
687 4522 804 4563 non
845 4514 1074 4563 exeant.
1115 4511 1172 4563 Si
1195 4522 1333 4576 ergo
1358 4512 1532 4564 semel
1556 4512 1777 4578 ingredi
1803 4513 2092 4580 placuerit,
2119 4545 2176 4620 D
2197 4520 2393 4568 menta
2413 4515 2831 4579 perspeximus.
2857 4514 2940 4566 Ibi
2959 4519 3151 4566 autem
3176 4513 3558 4565 tradunt‘esse
3574 4512 3719 4573 loca,
3736 4512 3789 4563 in

498 4603 613 4650 stat
635 4600 948 4652 immobilis
981 4600 1077 4653 lex
1103 4616 1115 4651 :
1150 4601 1252 4654 sed
1276 4602 1431 4666 quod
1454 4607 1545 4655 est
1568 4601 1983 4669 admirabilius,
2008 4604 2096 4656 in-

495 4700 731 4752 gressos
753 4702 871 4740 non
885 4690 1008 4753 jam
1019 4688 1164 4754 legis
1178 4691 1515 4753 necessitas,
1535 4691 1641 4744 sed
1657 4693 1791 4746 vitae
1804 4692 2096 4746 beatitudo

495 4775 720 4840 retinet,
742 4789 809 4829 ac
833 4778 1121 4842 perfectio.
1163 4780 1268 4832 Hic
1302 4793 1437 4845 ergo
1469 4782 1660 4835 senior
1696 4782 1753 4834 in
1772 4784 1971 4848 janua,
1998 4782 2096 4834 ubi

495 4866 622 4931 ipse
644 4873 987 4929 commanet,
1002 4868 1397 4923 adhaerentem
1413 4872 1522 4923 sibi
1538 4871 1787 4924 habebat
1799 4875 2097 4934 hospitalem

558 5090 575 5110 '
603 5081 858 5147 Isidoro.J
889 5083 961 5133 De
983 5098 1040 5133 eo
1063 5084 1389 5136 Sozomenus
1430 5086 1519 5137 lib.
1552 5086 1636 5137 Vl.
1664 5101 1780 5152 cap.
1808 5086 1895 5142 28.
1934 5094 1980 5137 et
2010 5088 2098 5138 lib.

502 5152 639 5204 VIII.
689 5170 806 5218 cap.
844 5153 933 5208 12.
972 5161 1017 5204 et
1063 5154 1150 5211 13.
1199 5156 1404 5208 Socrat.
1454 5156 1539 5205 lib.
1587 5158 1672 5209 VI.
1710 5174 1825 5224 cap.
1865 5158 1913 5213 9.
1944 5160 2101 5210 Nice-

492 5225 701 5287 phorus
760 5225 848 5276 lib.
895 5227 1058 5287 gVIII.
1120 5244 1241 5289 cap.
1297 5226 1385 5283 34.
1436 5229 1787 5279 Cassiodorus
1822 5225 1909 5282 lib.
1963 5231 2097 5281 VIII.

502 5296 648 5361 Trip.
667 5297 803 5347 Hist.
831 5300 1002 5363 capite
1036 5298 1087 5353 1.
1115 5300 1214 5349 Hic
1247 5300 1387 5348 inter
1424 5300 1752 5363 Or‘igenislas
1777 5310 2104 5354 numeratur

495 5383 530 5417 a
558 5368 622 5417 D.
652 5368 986 5434 Hieronymo
1015 5370 1164 5435 epist.
1184 5370 1259 5420 ad
1272 5370 1682 5435 Ctesiphontem.
1706 5374 2007 5424 Videndum
2025 5391 2103 5425 an

495 5438 582 5510 hic
612 5440 778 5490 etiam
795 5439 963 5502 fuerit
985 5442 1126 5491 inter
1150 5443 1445 5493 monachos
1473 5444 1850 5509 resipiscentes,
1878 5446 1941 5495 de
1975 5448 2101 5510 qui-

492 5508 586 5559 bus
609 5511 692 5573 egi
718 5511 1099 5576 Prolegomeno
1130 5511 1213 5566 15.
1242 5508 1587 5577 responsione
1608 5516 1681 5565 ad
1708 5508 2099 5581 argumentum

490 5582 804 5645 secundum,
845 5583 993 5647 quad
1016 5583 1366 5647 objiciebatur
1392 5591 1582 5635 contra
1608 5588 1806 5637 horum
1830 5587 2097 5638 librorum

494 5654 887 5705 auctoritatem.
914 5656 1318 5707 ROSWBYDUS.

561 5738 582 5768 "
609 5741 954 5812 Serapione]
999 5742 1072 5791 De
1114 5744 1212 5792 hoc
1236 5743 1545 5809 Serapione
1582 5745 1732 5812 apud
1764 5745 2096 5809 Palladium,

502 5824 620 5876 cap.
647 5809 733 5867 76.
758 5816 804 5862 et
825 5813 889 5864 de
910 5813 1021 5865 alio
1044 5813 1301 5879 quodam,
1317 5816 1408 5867 cui
1423 5809 1717 5881 cognomen
1739 5818 2097 5887 Sindonites;

2199 4604 2413 4669 quibus
2434 4603 2649 4669 Joseph
2667 4603 2846 4655 fertur
2861 4602 3250 4655 recondidisse
3267 4602 3575 4662 frumenta,
3592 4614 3740 4666 quos
3750 4607 3792 4651 et

2194 4693 2502 4747 thesauros
2529 4692 2746 4757 Joseph
2769 4696 3002 4755 vocant;
3023 4690 3117 4743 alii
3143 4704 3275 4743 vero
3301 4690 3653 4754 Pyramidas,
3671 4705 3793 4753 quas

2195 4783 2398 4835 dicunt
2421 4782 2577 4847 ipsas
2599 4794 2745 4846 esse,
2772 4782 2833 4833 in
2866 4782 3099 4846 quibus,
3133 4785 3197 4834 ut
3238 4783 3461 4846 putant,
3505 4780 3792 4833 frumenta

2199 4877 2340 4927 tunc
2362 4876 2711 4937 congregata
2734 4876 2889 4924 sunt.

2200 5088 2345 5153 quod
2367 5088 2481 5138 sola
2514 5088 2711 5138 sindon
2740 5088 2788 5137 ei
2818 5086 2969 5136 vestis
2982 5091 3107 5136 esset
3132 5103 3143 5135 :
3171 5087 3268 5151 qui
3292 5086 3400 5149 fuit
3424 5086 3710 5150 imperitus
3722 5086 3797 5135 li!-

2199 5166 2458 5210 tera-rum.
2496 5160 2620 5210 Vide
2644 5158 2960 5209 Palladium
2984 5173 3101 5222 cap.
3124 5158 3213 5213 83.
3243 5158 3339 5209 [lic
3359 5174 3394 5207 α
3429 5158 3672 5207 Baronio
3686 5158 3795 5208 Νο-

2198 5232 2387 5281 lalion.
2422 5231 2496 5279 ad
2520 5230 2802 5295 Martyrol.
2828 5231 3060 5280 Roman.
3089 5228 3380 5283 91.Marlii
3402 5244 3513 5279 non
3532 5230 3631 5278 rite
3665 5230 3797 5279 dici-

2198 5308 2287 5353 tur
2309 5303 2654 5366 Syndonius.
2687 5302 3010 5366 Serapionis
3046 5300 3249 5351 abbatis
3287 5301 3432 5351 dicta
3455 5300 3614 5350 habes
3651 5300 3797 5365 apud

2198 5374 2480 5437 Pelagium
2519 5373 2688 5422 libello
2736 5374 2802 5422 VI
2832 5388 3056 5422 numero
3084 5370 3169 5426 12.
3199 5372 3368 5422 libello
3402 5373 3536 5422 VIII.
3564 5388 3721 5422 num.
3745 5371 3791 5424 9.

2202 5445 2289 5495 lib.
2335 5445 2422 5494 XI.
2472 5460 2627 5495 num.
2675 5444 2759 5499 13.
2800 5446 2887 5495 lib.
2921 5446 3036 5495 XV.
3067 5460 3219 5495 num.
3248 5444 3331 5499 16.
3371 5444 3432 5493 de
3457 5459 3564 5508 quo
3589 5444 3789 5494 Sozam.

2202 5517 2289 5565 lib.
2346 5516 2427 5566 VI.
2466 5531 2581 5580 cap.
2617 5515 2706 5577 ‘28,
2750 5531 2817 5565 ea:
2862 5531 2969 5581 quo
3013 5516 3240 5580 Niceph.
3289 5515 3375 5565 lib.
3425 5516 3517 5566 XI.
3556 5532 3675 5579 cap.
3708 5515 3789 5569 35.

2197 5601 2300 5636 sua
2324 5587 2595 5645 desumsit,
2619 5593 2663 5636 el
2692 5588 3045 5639 Cassiodorus
3070 5587 3303 5652 Triparl.
3331 5585 3419 5638 lib.
3455 5587 3587 5638 VIII.
3612 5602 3726 5651 cap.
3746 5585 3787 5638 1.

3176 5661 3577 5712 Roswnvnvs.

2266 5759 2280 5793 ¹
2309 5757 2632 5823 Origenista
2656 5758 2749 5811 hic
2770 5758 2893 5821 fuit,
2931 5762 3076 5811 teste
3100 5757 3462 5822 Hieronymo.
