3898 6406
110 345 213 403 441

660 484 948 549 CAPUT
999 484 1184 549 XIX.

280 655 359 695 ΒΕ
397 653 417 675 ⁸
442 656 777 698 APOLLONIO
812 654 1108 701 MONACHO
1148 659 1223 699 ET
1257 660 1563 700 MARTYRB.

174 787 508 840 Tradebant
529 799 665 853 ergo
689 787 945 839 seniores
971 789 1201 851 (Pallad.
1220 805 1339 855 cap.
1363 789 1490 854 66.),
1512 790 1717 843 horum

112 877 293 929 fuisse
326 876 617 941 quendam
640 878 1052 941 persecmionis
1072 884 1323 944 tempore
1347 881 1716 947 monachum,

110 966 349 1018 nomine
369 966 732 1031 Apollonium
743 1002 755 1025 ,
768 967 1011 1031 quicum
1027 968 1202 1021 vitam
1216 970 1577 1035 magnificam
1591 974 1720 1032 egis-

115 1060 206 1108 set
230 1055 383 1107 inter
404 1055 626 1121 fratres,
650 1056 824 1109 etiam
844 1057 935 1109 dia
946 1070 1126 1110 conus
1152 1058 1448 1111 ordinatus
1463 1065 1570 1113 est.
1587 1065 1720 1110 Tem-

112 1165 249 1218 pore
289 1166 429 1219 ergo
463 1155 879 1219 persecutionis
910 1159 1033 1208 erat
1055 1156 1107 1209 ei
1138 1155 1286 1225 |83
1319 1158 1577 1212 studium
1601 1161 1719 1213 sin-

115 1253 283 1315 gulos
308 1265 571 1317 quosque
595 1253 834 1306 circuire
862 1254 1082 1315 fratres,
1121 1260 1179 1307 et
1201 1256 1481 1309 cohortari
1508 1272 1608 1311 eos
1646 1259 1718 1311 ad

116 1342 745 1406 martyriumﬂumque
760 1342 964 1394 fuisset
976 1343 1149 1394 etiam
1165 1344 1287 1408 ipse
1302 1347 1715 1405 comprehensus,

115 1436 170 1482 et
192 1431 253 1482 in
275 1444 564 1483 carcerem
590 1436 802 1496 trusus,
831 1432 1144 1483 Gentilium
1172 1433 1400 1497 plurimi
1423 1438 1717 1497 tamquam

116 1519 468 1573 insultantes
482 1521 786 1573 veniebant
800 1521 873 1572 ad
896 1534 1052 1586 eum,
1069 1527 1127 1575 et
1146 1523 1340 1575 verbis
1361 1522 1717 1587 blasphemis

116 1613 172 1661 et
192 1609 387 1673 impiis
415 1610 812 1663 confutabant.

174 1727 330 1777 Inter
351 1738 500 1789 quos
515 1727 624 1778 fuit
639 1726 879 1789 quidam
891 1726 1187 1779 Philemon
1198 1728 1431 1780 nomine
1444 1727 1713 1781 choraula

117 1814 559 1880 famosissimus,
604 1820 662 1867 et
701 1817 857 1867 omni
889 1817 1098 1881 populo
1135 1817 1414 1869 amabilis.
1442 1818 1548 1880 Qui
1572 1831 1704 1870 cum

1312 346 1653 398 HISTORIA
1691 348 2218 399 MONACIIORUM.

1750 461 2094 541 Aevidenter
2120 462 2358 513 salutare
2378 467 2535 513 tuum
2561 463 2719 529 (Psal.
2747 462 3082 530 84-).Igitur,
3097 465 3197 516 ubi
3218 466 3346 519 haec
3360 467 3420 517 in

3312 352 3418 408 442

1819 550 2023 603 auditu
2064 550 2254 616 populi
2300 557 2358 603 et
2398 552 2611 616 judicis
2644 553 2717 604 ad
2754 553 3066 605 Dominum
3088 554 3315 607 locutus
3336 560 3424 607 est

1818 640 2172 705 Apollonius,
2201 646 2434 705 repente
2456 643 2643 693 nubes
2666 642 2881 707 repleta
2896 656 3020 694 rore
3040 643 3421 696 circumdedit

1818 730 1988 793 viros,
2014 735 2072 781 et
2095 731 2360 782 ﬂammas
2385 731 2613 783 accensi
2644 732 2755 796 igis
2786 732 3037 784 extinxit
3063 751 3076 783 :
3105 746 3279 798 super
3302 746 3417 798 quo

1821 820 2132 883 stupefacti
2176 824 2232 871 et
2270 820 2472 884 judcx,
2504 824 2561 872 et
2603 821 2873 886 populus,
2906 833 3023 873 una
3046 834 3250 873 omnes
3275 835 3419 874 voce

1820 907 2067 961 clamare
2093 914 2424 973 cmperunt:
2456 910 2793 975 Magnus,et
2814 923 2967 962 unus
2991 916 3082 962 est
3100 912 3254 963 Deus
3268 914 3415 961 Chri-

1830 998 2176 1058 stianorum,
2203 999 2361 1050 solus
2377 999 2717 1051 immortalis
2740 1004 2844 1051 est.
2859 1000 2963 1051 Sed
2986 999 3113 1052 haac
3125 1012 3259 1052 cum
3278 1000 3420 1051 fuis-

1825 1088 2243 1140 sentPrmfecto
2259 1087 2624 1141 Alexandriae
2635 1089 2913 1152 nuntiata,
2926 1090 3236 1153 semetipso
3255 1096 3419 1138 trucu-

1822 1176 2027 1228 lentior
2050 1177 2325 1236 redditur,
2351 1183 2408 1229 et
2431 1178 2627 1230 electis
2652 1178 3005 1242 quibusdam
3024 1178 3094 1230 de
3109 1178 3295 1230 officio
3312 1191 3419 1232 suo

1820 1266 2254 1330 crudelissimis,
2290 1272 2347 1320 et
2386 1268 2745 1331 szevissimis,
2770 1280 2889 1319 non
2928 1273 3044 1319 tam
3067 1268 3417 1331 hominibus,

1820 1368 1994 1419 quam
2015 1357 2441 1418 bestiis,mittit,
2456 1358 2553 1421 qui
2574 1363 2633 1409 et
2654 1358 2845 1421 ipsum
2853 1357 3126 1423 judicem,
3141 1358 3240 1421 qui
3265 1358 3415 1406 mira-

1820 1444 2032 1496 bilibus
2052 1446 2256 1497 divinis
2279 1446 2610 1509 crediderat,
2624 1452 2682 1498 et
2704 1459 2803 1499 eos
2822 1459 2922 1511 per
2944 1460 3090 1511 quos
3106 1446 3294 1498 virtus
3319 1446 3420 1497 Dei

1818 1540 2180 1599 apparuerat,
2200 1536 2428 1587 vinctos
2445 1535 2852 1588 Alexandriam
2869 1536 3421 1600 adducerent.lgitur

1819 1637 1953 1676 cum
1984 1625 2403 1677 adducerentur
2414 1638 2616 1677 omnes
2638 1626 2844 1690 pariter
2865 1626 3061 1689 vincti,
3083 1625 3419 1685 ail‘uitgratis

1820 1714 1921 1766 Dei
1943 1714 2001 1764 in
2024 1715 2219 1776 verbo,
2239 1719 2296 1766 et
2319 1714 2492 1776 coepit
2514 1713 2849 1779 Apollonius
2866 1727 2982 1774 eos,
3010 1714 3108 1777 qui
3136 1727 3197 1765 se
3222 1716 3417 1764 vinctos

1813 1803 2123 1861 ducebant,
2150 1802 2324 1853 iidem
2348 1804 2447 1853 Dei
2471 1802 2691 1854 docere.
2714 1803 2938 1866 Quique
2950 1815 3085 1853 cum
3098 1802 3201 1854 Dei
3214 1805 3416 1851 miseri-

116 1902 314 1956 multis
337 1917 473 1956 eum
496 1904 1016 1969 fatigaretinjuriis,
1033 1906 1710 1971 impium,etsce1esmm,
1737 1882 1792 1956 B
1824 1893 2077 1944 cordiam
2101 1892 2499 1952 credidissent,
2525 1898 2583 1943 et
2604 1892 2777 1943 fidem
2802 1893 2903 1944 Dei
2927 1897 3047 1944 tota
3063 1892 3250 1943 cordis
3269 1893 3420 1940 ﬁrmi-

118 1994 172 2045 et
215 1993 582 2046 seductorem
626 2007 760 2047 eum
812 2006 1047 2058 vocans,
1085 1996 1517 2060 multorumque
1562 2010 1716 2049 mor-

116 2081 314 2134 talium
357 2083 739 2147 deceptorem,
786 2084 1142 2149 dignumque
1187 2098 1317 2138 esse
1338 2087 1411 2137 ab
1446 2086 1716 2138 omnibus

115 2171 245 2224 odio
284 2172 530 2224 haberi:
575 2185 820 2237 cumque
866 2173 993 2226 hinc
1036 2174 1220 2225 multa
1263 2175 1374 2226 alia
1429 2176 1715 2228 adversus

115 2273 250 2313 eum
295 2261 555 2326 graviora
573 2262 935 2326 loqueretur,
959 2263 1257 2327 respondit
1280 2264 1331 2316 ei
1355 2264 1714 2329 Apollonius,

116 2350 315 2403 dicens
338 2367 349 2402 :
371 2351 703 2403 Misereatur
728 2352 829 2403 tibi
850 2352 1149 2415 Dominus,
1165 2352 1241 2404 fili
1266 2354 1367 2417 mi,
1384 2359 1442 2405 et
1456 2354 1598 2406 nihil
1616 2354 1714 2406 tibi

114 2440 322 2493 horum
344 2453 478 2506 qum
504 2440 733 2493 locutus
764 2454 846 2505 es,
880 2447 1108 2507 reputet
1132 2442 1206 2494 ad
1229 2447 1548 2507 peccatum.
1575 2446 1715 2496 Haec

114 2544 249 2583 cum
260 2530 522 2584 audisset
532 2530 827 2583 Philemon
838 2532 1008 2585 corde
1022 2536 1407 2597 compunctus
1418 2539 1493 2582 est
1512 2535 1714 2596 vimque

112 2620 419 2673 verborum
442 2622 570 2685 ejus
585 2633 762 2686 supra
784 2621 1108 2674 humanum
1128 2634 1349 2675 morem
1359 2622 1420 2674 in
1432 2638 1457 2672 s
1471 2639 1534 2671 ua
1551 2632 1715 2673 mente

114 2710 401 2776 persensit
422 2711 730 2772 intantum,
748 2714 812 2763 ut
827 2712 1217 2765 Christianum
1242 2726 1303 2765 se
1324 2719 1560 2778 repente
1573 2714 1715 2765 fate-

114 2804 290 2852 retur.
315 2802 385 2852 Et
417 2800 552 2852 inde
586 2801 783 2853 statim
815 2802 1077 2866 pervolat
1108 2803 1181 2853 ad
1208 2802 1456 2855 tribunal
1478 2804 1710 2869 judicis,

110 2893 286 2952 atque
310 2888 371 2939 in
382 2894 697 2953 conspectu
715 2890 892 2942 totius
910 2891 1108 2955 populi
1124 2891 1511 2956 proclamans,
1529 2896 1718 2954 Injuste

110 2978 318 3041 inquit,
342 2978 485 3042 agis,
510 2991 543 3030 o
561 2978 744 3042 judex
765 2979 1106 3043 iniquitatis,
1133 2980 1288 3033 viros
1315 2982 1633 3047 religiosos,
1658 2989 1717 3037 et

113 3068 232 3120 Deo
261 3066 537 3119 amabiles
567 3068 835 3133 puniens,
868 3069 1010 3121 nihil
1044 3070 1199 3121 enim
1244 3071 1378 3123 mali
1409 3072 1714 3126 Christiani

107 3156 198 3208 vel
222 3156 458 3218 faciunt,
496 3156 591 3209 vel
615 3157 839 3210 docent.
867 3160 943 3209 At
978 3158 1070 3211 ille
1092 3159 1220 3212 haac
1239 3160 1500 3223 audiens,
1527 3164 1709 3227 primo

107 3246 347 3311 quidem
371 3247 633 3311 putabat,
656 3251 856 3313 utpote
871 3248 978 3299 loci
994 3246 1147 3300 illius
1163 3249 1593 3317 hominem,joci
1618 3257 1711 3303 ali-
1730 3250 1778 3325 ί]

105 3334 247 3400 quid
285 3348 616 3400 proponere.
652 3336 762 3389 Sed
788 3349 921 3389 cum
944 3337 1182 3389 vidisset
1203 3339 1331 3392 haec
1353 3353 1486 3393 eum
1510 3343 1710 3396 sedule

103 3429 636 3490 prosequentem,et
657 3438 795 3478 cum
818 3427 973 3478 omni
997 3429 1704 3485 constantiaasserentem:

105 3514 357 3576 Insanis,
402 3514 606 3579 inquit,
648 3514 963 3578 Philemon,
990 3521 1048 3568 et
1079 3522 1273 3570 mente
1297 3524 1500 3583 captus
1524 3533 1586 3572 es
1610 3535 1709 3573 su-

105 3602 245 3655 bito.
283 3604 359 3654 At
388 3602 500 3667 ille,
527 3606 659 3669 Ego,
690 3605 895 3669 inquit,
918 3618 1034 3659 non
1054 3607 1295 3669 insanio,
1336 3609 1438 3661 sed
1461 3614 1521 3661 tu
1555 3610 1710 3675 inju-

105 3692 406 3745 stissimus
428 3698 603 3758 atque
617 3694 1031 3748 insanissimus
1050 3697 1234 3761 judex
1257 3710 1340 3755 es,
1357 3700 1456 3763 qui
1470 3704 1536 3748 tot
1547 3702 1707 3761 justas

104 3781 322 3844 injuste
358 3783 592 3847 perimis
631 3784 801 3836 viros.
836 3786 953 3849 Ego
989 3786 1142 3838 enim
1167 3787 1521 3839 Christianus
1556 3802 1704 3848 sum,

104 3869 261 3934 quod
277 3875 365 3923 est
380 3870 684 3924 hominum
702 3886 889 3937 genus
916 3875 1215 3938 optimum.
1232 3876 1391 3928 Tunc
1406 3876 1497 3928 ille
1514 3890 1708 3929 coram

102 3958 319 4024 populo
349 3961 517 4025 capit.
532 3973 669 4013 eum
693 3964 877 4027 primo
899 3962 1163 4027 plurimis
1180 3966 1540 4014 blandimentis
1560 3982 1707 4016 revo-

105 4061 240 4099 care
264 4048 407 4101 velle
430 4049 487 4100 in
510 4050 568 4101 id
583 4051 735 4114 quod
759 4065 894 4103 eum
909 4057 1179 4116 noverat;
1196 4053 1299 4106 sed
1315 4058 1382 4105 ut
1396 4057 1706 4105 immobilem

104 4137 277 4201 vidit,
307 4138 501 4190 omnia
520 4139 770 4192 intendit
792 4141 852 4192 in
878 4154 1011 4193 eum
1035 4154 1249 4207 genera
1273 4148 1706 4197 tormentorum.

103 4227 350 4291 Cognito
375 4240 530 4290 vero,
549 4229 705 4293 quod
729 4243 802 4281 ex
824 4231 1022 4282 verbis
1045 4232 1330 4296 Apollonii
1353 4233 1479 4285 haec
1498 4234 1645 4286 facta
1658 4236 1709 4287 ei

102 4316 276 4368 fuerit
297 4319 664 4381 permutatio,
688 4324 1011 4381 correptum
1028 4321 1201 4373 etiam
1213 4322 1576 4385 Apollonium
1590 4338 1712 4388 gra-

101 4405 361 4456 vioribus
403 4406 659 4459 subdidit
693 4409 1010 4470 tormentis,
1047 4413 1105 4461 et
1141 4400 1461 4477 deceptoris
1490 4413 1551 4464 in
1574 4426 1709 4465 eum

101 4494 325 4547 crimen
355 4502 681 4561 exaggerat.
714 4498 1052 4564 Apollonius
1076 4514 1212 4553 vero
1254 4501 1401 4553 dixit
1437 4501 1510 4554 ad
1534 4516 1667 4554 eum
1694 4520 1705 4554 :

1816 1987 1934 2034 tate
1956 1982 2327 2046 recepissent,
2348 1982 2694 2045 semetipsos
2714 1995 2848 2033 cum
2864 1982 2974 2045 his,
2989 1994 3134 2045 quos
3151 1981 3420 2032 exhibere

1817 2077 2108 2132 venerant,
2128 2072 2357 2125 vinctos
2386 2071 2632 2123 oii‘erunt
2653 2070 2852 2134 judici,
2896 2075 2953 2122 et
2972 2070 3329 2122 Christianos
3356 2082 3419 2121 se

1815 2174 1945 2213 esse
1967 2162 2178 2226 pariter
2200 2162 2555 2227 profitentur.
2579 2164 2733 2224 Quos
2755 2174 2889 2212 cum
2914 2160 3226 2212 Prmfectus
3246 2160 3305 2211 in
3322 2162 3417 2209 fide

1814 2251 2042 2304 Domini
2066 2251 2383 2315 pertinaces
2399 2251 2796 2303 etimmobiles
2814 2250 3173 2314 pervidisset,
3191 2249 3419 2302 univer»

1815 2351 1913 2391 sos
1938 2338 2150 2403 pariter
2162 2339 2327 2402 jubet
2351 2338 2411 2389 in
2425 2336 2772 2402 profundum
2784 2337 2960 2389 maris
2972 2336 3244 2401 demergi,
3270 2339 3415 2397 igno-

1812 2441 1948 2480 rans
1972 2428 2183 2492 impius
2208 2427 2345 2491 quid
2357 2432 2568 2492 ageret.
2586 2428 2709 2479 Hoc
2720 2427 2874 2479 enim
2888 2426 3106 2479 sanctis
3126 2439 3243 2478 non
3257 2441 3411 2490 mors,

1816 2517 1919 2568 sed
1944 2517 2271 2580 Baptismus
2296 2516 2418 2568 fuit.
2448 2517 2557 2568 Sed
2581 2520 2640 2568 et
2664 2516 2866 2567 horum
2891 2528 3143 2580 corpora,
3168 2515 3270 2567 Dei
3289 2515 3413 2567 sine

1814 2606 1989 2658 dubio
2034 2606 2411 2671 providentia,
2449 2606 2671 2671 integra
2692 2605 3023 2669 illibataque
3054 2605 3228 2657 maris
3260 2604 3418 2656 unda

1812 2696 2122 2761 reportavit
2143 2696 2216 2748 ad
2249 2696 2432 2761 littus,
2482 2708 2730 2760 quaeque
2762 2696 2835 2747 ab
2869 2695 2979 2758 his,
3017 2695 3116 2759 qui
3158 2693 3418 2758 obsequii

1813 2800 2023 2839 caussa
2048 2785 2224 2838 simul
2242 2790 2521 2839 venerant
2532 2791 2819 2852 suscepta,
2832 2799 2898 2838 ac
2910 2789 3173 2839 revocata
3185 2786 3293 2836 sub
3311 2800 3413 2834 uno

1813 2877 2063 2942 sepulcri
2088 2877 2374 2928 domicilio
2398 2875 2675 2929 collocata
2686 2881 2848 2928 sunt:
2868 2890 2901 2926 a
2921 2876 3137 2939 quibus
3152 2887 3339 2938 usque
3352 2876 3413 2923 ad

1815 2980 2080 3033 praesens
2114 2972 2360 3031 tempus,
2386 2948 2628 3017 virtutes
2648 2965 2871 3027 multm,
2896 2969 2954 3016 et
2977 2963 3417 3028 signamiranda

1812 3057 2083 3109 omnibus
2109 3058 2608 3119 consummantur,
2625 3054 2726 3105 sed
2742 3055 2799 3106 et
2814 3058 2951 3105 vota
2965 3052 3225 3104 omnium
3242 3055 3416 3114 atque

1810 3146 2098 3199 orationes
2123 3144 2521 3209 suscipiuntur
2534 3144 2609 3195 ab
2633 3142 2733 3206 eis,
2748 3144 2803 3194 et
2819 3153 2954 3194 cum
2969 3140 3159 3192 fructu
3181 3140 3413 3205 petitio-

1809 3237 1904 3289 nis
1928 3236 2258 3300 implentur,
2283 3247 2399 3299 quo
2424 3234 2595 3286 etiam
2621 3237 2679 3285 et
2700 3246 2809 3285 nos
2832 3231 3106 3294 dignatus
3122 3234 3212 3283 est
3230 3229 3418 3282 Domi-

1810 3339 1925 3378 nus
1950 3324 2260 3389 adducere,
2286 3329 2343 3376 et
2367 3328 2502 3377 vota
2515 3326 2716 3375 nostra
2727 3321 3134 3386 orationesque
3149 3321 3413 3380 complere.

2263 3502 2413 3571 |85
2474 3493 2764 3559 CAPUT
2808 3491 2961 3557 XX.

2155 3670 2231 3709 ns
2266 3656 2287 3686 "
2324 3667 2625 3710 DIOSCORO
2661 3667 3071 3708 rnessrreno.

1878 3810 2144 3862 Vidimus
2182 3813 2240 3863 ct
2273 3810 2448 3862 alium
2482 3810 2718 3872 (Pallad.
2752 3826 2869 3874 cap.
2895 3808 3002 3872 68.)
3030 3808 3412 3861 venerabilem

1808 3905 2031 3965 patrem
2045 3899 2199 3963 apud
2217 3899 2591 3963 Thebaidam,
2602 3899 2937 3950 Dioscorum
2950 3899 3203 3962 nomine,
3216 3901 3417 3960 presby-
3460 3906 3467 3907 ί

1814 3992 2018 4051 terum,
2065 3988 2375 4040 habentem
2416 3989 2476 4039 in
2520 3989 2872 4040 monasterio
2906 4000 3012 4039 suo
3035 3992 3270 4038 centum
3302 3986 3417 4038 fere

1812 4078 2147 4137 monachos.
2175 4091 2347 4142 quem
2375 4083 2628 4142 tempore
2651 4089 2716 4127 eo
2747 4090 2864 4141 quo
2889 4077 3183 4129 acceditur
3211 4076 3285 4128 ad
3310 4079 3409 4127 Sa-

1811 4172 2133 4228 cramenta,
2153 4180 2409 4219 ummam
2425 4179 2620 4219 curam
2650 4179 3052 4230 summamque
3070 4168 3414 4229 perspeximus

1814 4257 2089 4310 adhibere
2117 4257 2499 4321 diligentiam,
2521 4270 2592 4307 ne
2608 4257 2739 4320 quis
2761 4269 2961 4308 eorum
2987 4257 3085 4320 qui
3111 4256 3413 4313 accedunt,

1810 4348 1872 4399 in
1894 4348 2085 4411 aliquo
2102 4347 2388 4399 deferrent
2400 4347 2769 4398 conscientia
2792 4346 3097 4408 maculam,
3109 4347 3170 4397 in
3186 4348 3411 4397 tantum

1812 4440 1879 4488 ut
1906 4438 2080 4488 etiam
2106 4436 2176 4488 de
2197 4436 2287 4488 his
2309 4449 2407 4487 eos
2432 4441 2843 4495 commoneret,
2883 4447 3013 4498 quae
3036 4435 3295 4486 accidere
3317 4447 3416 4499 per

1813 4526 2039 4577 somnia
2064 4524 2400 4576 hominibus
2420 4526 2633 4581 solent,
2654 4524 2746 4576 vel
2765 4538 2862 4588 per
2879 4523 3216 4588 phantasias
3229 4525 3417 4572 mulie-

101 4586 341 4637 Utinam
364 4591 421 4637 et
449 4591 526 4647 tu,
541 4587 743 4653 judex,
770 4593 828 4641 et
863 4602 1066 4642 omnes
1092 4591 1189 4654 qui
1212 4593 1519 4650 assistunt,
1541 4597 1705 4645 etau-

1816 4627 1940 4666 rum
1967 4614 2391 4679 apparenlium,
2415 4614 2501 4665 vel
2523 4614 2695 4666 etiam
2722 4626 2819 4677 per
2851 4612 3129 4665 naturalis
3154 4614 3415 4665 humoris

102 4673 278 4726 diunt
300 4687 412 4739 me,
439 4676 594 4727 hunc
619 4690 811 4729 meum
835 4692 1009 4743 quem
1032 4679 1173 4731 dicis
1185 4693 1434 4733 errorem
1448 4684 1703 4744 deceptio-

102 4784 364 4837 nemque
388 4775 791 4838 sequeremini.
813 4778 887 4828 At
912 4777 1005 4829 ille
1024 4778 1123 4829 ubi
1154 4778 1280 4831 hinc
1292 4778 1514 4831 audivit
1558 4778 1706 4848 |84

103 4874 165 4923 et
187 4870 402 4936 ipsum,
428 4877 487 4924 et
510 4872 901 4927 Philemonem
925 4875 1157 4941 ignibus
1187 4877 1329 4929 tradi
1359 4878 1419 4930 in
1441 4887 1710 4941 conspectu

99 4959 302 5025 populi
320 4962 515 5025 jussit.
542 4962 627 5015 Illi
642 4977 777 5015 vero
799 4970 1105 5030 postquam
1137 4967 1382 5032 ingressi
1398 4969 1712 5019 suntnam-

98 5049 463 5109 mas,beatus
474 5052 874 5118 Appollonius,
890 5056 1114 5107 cunctis
1130 5056 1521 5121 audientibus,
1533 5061 1715 5106 clama-

100 5139 203 5191 bat
224 5138 299 5191 ad
312 5140 645 5204 Dominum,
660 5143 879 5196 dicens:
901 5144 1028 5196 Non
1048 5146 1255 5210 tradas,
1275 5147 1519 5209 Domine,
1533 5146 1707 5197 bestiis

98 5228 327 5279 animas
351 5232 722 5293 conﬁtentium
746 5232 839 5282 tibi
856 5234 1016 5297 (Psal.
1036 5234 1144 5299 73.)
1173 5251 1188 5285 :
1214 5237 1302 5285 sed
1324 5237 1532 5287 ostende
1556 5237 1709 5287 nobis

161 5462 178 5482 ⁸
202 5452 553 5519 Apollonio]
602 5456 877 5507 Baronius
918 5457 1197 5510 Notation.
1244 5459 1320 5508 ad
1355 5460 1705 5526 Martyrolog,

96 5525 336 5574 Roman.
361 5526 411 5580 8.
437 5527 627 5577 Martii
648 5529 922 5580 existimat
942 5532 1086 5581 hunc
1101 5530 1456 5596 Apollonium
1473 5538 1518 5581 et
1537 5525 1708 5584 Phile-

102 5611 322 5646 monem
352 5613 435 5647 cos
459 5615 579 5660 esse,
608 5601 669 5651 de
692 5602 885 5666 quibus
912 5602 985 5652 ibi
1011 5603 1071 5651 in
1096 5604 1505 5669 Martyrologio.
1534 5607 1639 5657 Sed
1660 5608 1707 5656 si

100 5669 239 5716 Acta
263 5686 299 5719 α
328 5671 688 5734 Mdaphraste
711 5675 912 5737 scripta
936 5689 1058 5725 cum
1082 5674 1167 5724 his
1190 5676 1562 5740 conferantur,
1595 5694 1705 5727 non

101 5740 405 5801 quadram.
424 5741 489 5789 In
507 5743 722 5794 Meneis
746 5744 824 5794 bis
848 5746 907 5794 in
918 5745 1069 5794 venio
1086 5750 1409 5797 memoriam
1427 5748 1705 5810 Apollonii

100 5815 147 5857 et
174 5809 516 5862 Philemonis
532 5821 841 5880 martyrum
854 5831 977 5866 cum
989 5816 1211 5866 diversis
1233 5819 1412 5869 sociis.
1429 5809 1615 5869 Primo
1628 5823 1707 5871 14.

103 5880 445 5948 Novembris,
472 5886 570 5949 qui
593 5893 718 5938 sunt
743 5888 806 5953 ii,
832 5888 895 5938 de
917 5887 1114 5953 quibus
1129 5889 1479 5956 Martyrolog.
1504 5892 1707 5941 Roma-

1810 4704 2243 4755 abundantiam.
2260 4704 2493 4755 Dicebat
2511 4717 2674 4768 ergo:
2699 4704 2991 4767 Siquidem
3006 4706 3228 4767 absque
3242 4706 3418 4753 mulie-

1811 4805 1942 4843 rum
1966 4792 2289 4857 phantasiis
2310 4792 2420 4845 tale
2435 4793 2652 4857 aliquid
2675 4794 2926 4857 eveniat,
2944 4807 3060 4845 non
3073 4807 3199 4846 esse
3216 4806 3416 4859 pecca-

1813 4886 1959 4945 tum,
1985 4882 2327 4947 congenitus
2342 4884 2498 4935 enim
2521 4882 2804 4936 humorin
2831 4897 3084 4948 corpore,
3102 4885 3415 4945 ubiproprin

1809 4972 2113 5036 repleverit
2141 4975 2568 5036 conceptacula,
2589 4974 2711 5025 suis
2735 4987 2986 5026 necesse
3010 4980 3117 5036 est,
3145 4978 3208 5025 ut
3224 4974 3419 5025 meati-

1810 5062 1918 5113 bus
1944 5067 2227 5126 egeratur,
2255 5067 2313 5114 et
2333 5063 2460 5116 ideo
2478 5075 2595 5115 non
2617 5063 2867 5115 trahitur
2883 5063 2955 5115 ad
2973 5066 3289 5128 peccatum.
3308 5062 3412 5115 Ubi

1813 5164 1945 5202 vero
1971 5152 2139 5202 visus
2171 5152 2497 5213 mulierum,
2525 5157 2583 5205 et
2614 5152 3008 5205 blandimenta
3030 5152 3218 5203 carnis
3239 5165 3417 5201 occur-

1811 5244 1965 5303 runt,
1992 5240 2053 5291 in
2067 5240 2175 5292 hoc
2188 5241 2313 5304 jam
2334 5241 2636 5294 desideriis
2660 5242 2813 5293 anim
2828 5255 2878 5295 se
2901 5247 2960 5294 et
2974 5254 3109 5306 erga
3121 5243 3187 5289 hu
3191 5244 3208 5301 j
3218 5243 3413 5291 usmodi

1811 5479 1946 5513 num
1992 5462 2044 5517 8.
2095 5462 2287 5512 Martii
2328 5464 2473 5526 agit;
2502 5463 2732 5513 secundo
2770 5463 2822 5516 6.
2855 5464 3013 5522 Julii,
3053 5464 3143 5514 sed
3186 5464 3422 5514 neutribi

1809 5537 1943 5586 Acta
1963 5537 2370 5599 exprimuntur,
2392 5540 2447 5583 ut
2472 5535 2597 5583 inde
2628 5536 2854 5599 aliquod
2879 5537 3149 5586 indicium
3164 5537 3283 5599 fieri
3300 5552 3415 5601 pos-

1807 5608 1875 5656 sit
1901 5626 1912 5656 :
1959 5609 2086 5657 Vide
2117 5608 2486 5671 Nicephorum
2526 5607 2612 5658 lib.
2656 5609 2743 5657 IX.
2773 5624 2890 5672 cap.
2922 5608 2972 5662 1.
3002 5611 3408 5661 ROSWEYDUS.

1870 5678 1891 5707 "
1917 5680 2228 5743 Dioscoro.]
2253 5679 2579 5728 Sosomenus
2620 5679 2709 5728 lib.
2744 5681 2826 5729 Vl.
2864 5696 2982 5745 cap.
3017 5679 3103 5735 ‘28.
3146 5681 3408 5746 Nicepho-

1808 5766 1902 5799 rus
1949 5751 2035 5801 lib.
2074 5753 2163 5802 XI.
2205 5767 2322 5815 cap.
2361 5750 2445 5804 34.
2491 5752 2843 5802 Cassiodorus
2880 5753 2965 5804 tib.
3000 5753 3135 5804 VIII.
3171 5753 3403 5816 Tripart.

1809 5822 1947 5875 Ilist.
1974 5839 2094 5888 cap.
2123 5823 2171 5878 1.
2210 5825 2615 5876 Roswnvnus.
