3898 6394
501 348 606 404 443

1529 351 1776 403 RUFINI
1809 351 2296 412 AQUILEIENSIS
2327 351 2768 403 PRESBYTER!

3697 352 3800 408 444

507 460 892 526 cogitationes
914 461 1088 524 atque
1112 459 1405 512 illecebras
1429 467 1722 526 occupate
1755 462 1874 514 dari
1898 462 2104 514 conﬂr-
2123 465 2179 538 Α
2207 462 2376 528 pheta
2409 462 2719 527 corripiens
2757 461 3060 526 quosdam,
3088 461 3260 515 dicit:
3300 463 3442 522 Quia
3481 477 3594 512 non
3625 463 3803 512 aristis

505 550 704 602 mabat
727 549 954 602 indicia.
977 549 1194 601 Debere
1217 561 1352 613 ergo
1368 550 1702 614 monachos,
1730 551 1936 611 aiebat,
1961 554 2099 600 omni

505 651 720 702 genere
736 651 770 690 a
785 638 1230 703 cogitationibus
1253 639 1376 690 suis
1399 639 1669 704 repellere
1691 639 2025 704 hujusmodi
2041 643 2102 688 si-

505 728 779 791 mulacra,
797 741 902 778 nec
917 726 1210 790 indulgere
1234 727 1470 780 omnino
1491 729 1548 779 in
1573 729 1697 781 haec
1713 729 1926 780 diaboli
1951 732 2102 778 blan-

504 816 763 868 dimenta
789 829 998 867 sensus
1017 829 1174 879 suos,
1199 816 1454 880 alioquin
1476 817 1620 868 nihil
1642 818 2104 870 videbiturinter-

505 918 635 956 esse
677 905 825 956 inter
860 918 960 957 eos
1003 911 1062 957 et
1101 905 1230 957 illos
1263 908 1361 971 qui
1393 907 1448 958 in
1486 908 1696 959 saeculo
1734 908 1956 959 vivunt.
1995 907 2102 960 Sed

507 993 882 1046 laborandum
923 1000 1013 1046 est
1034 996 1357 1059 monachis,
1382 997 1642 1048 utetiam
1665 998 1982 1048 naturalem
1999 998 2109 1049 hu-

502 1094 722 1134 morem
746 1097 848 1148 per
867 1083 1109 1135 multam
1130 1085 1478 1148 jejuniorum
1495 1086 1904 1138 abstinentiam
1931 1091 1987 1137 et
2009 1086 2112 1138 fre-

497 1177 745 1235 quentes
763 1173 1051 1224 orationes
1077 1173 1314 1225 doment
1335 1187 1401 1225 ac
1429 1180 1703 1238 superent
1733 1190 1746 1225 :
1779 1177 2111 1238 ﬂuxamque

499 1261 628 1324 ejus
646 1261 855 1326 labem,
877 1263 1149 1314 orationis
1166 1267 1222 1313 et
1230 1264 1433 1328 jejunii
1452 1265 1883 1316 continuatione
1898 1268 2110 1314 restrin-

502 1353 666 1413 gant.
693 1350 954 1414 Denique
975 1351 1180 1412 aiebat,
1198 1355 1255 1402 et
1279 1351 1337 1402 hi
1361 1352 1458 1416 qui
1481 1353 1541 1403 in
1567 1352 1784 1405 deliciis
1806 1353 2030 1416 vivunt,
2061 1353 2109 1404 si

501 1438 652 1490 forte
681 1440 934 1502 corporis
976 1439 1066 1490 sui
1101 1440 1385 1504 aegritudo
1409 1439 1700 1505 deposcat,
1733 1443 1804 1493 ab
1838 1442 2109 1493 omnibus

501 1539 636 1590 quae
651 1529 824 1580 noxia
839 1542 969 1581 esse
979 1531 1323 1593 judicaverit
1342 1531 1618 1595 medicus,
1635 1535 1956 1581 abstinebunt
1981 1545 1992 1592 ;
2021 1549 2111 1582 cur

517 1629 637 1668 non
659 1616 770 1669 hoc
786 1619 968 1670 multo
991 1620 1179 1684 magis
1194 1620 1517 1672 monachus
1532 1620 1719 1684 faciat,
1731 1620 1820 1673 cui
1837 1622 2048 1674 animas
2063 1633 2112 1676 et

505 1705 742 1770 spiritus
767 1709 985 1758 sanitas
1021 1709 1343 1774 expetenda
1370 1715 1460 1761 est
1486 1713 1513 1760 εὶ

1051 1869 1332 1934 CAPUT
1374 1870 1560 1934 XXI.

627 2011 708 2052 DE
743 2008 760 2030 ⁸
795 2011 1113 2055 MONACHIS
1147 2015 1209 2054 IN
1242 2016 1447 2056 NITRIA
1481 2016 2018 2061 COMMORANTIBUS.

573 2144 892 2195 Veniemus
934 2148 1128 2196 autem
1165 2146 1394 2210 (Pallad.
1425 2164 1542 2213 cap.
1570 2149 1676 2212 69.)
1709 2154 1765 2201 et
1799 2151 1872 2202 ad
1911 2153 2106 2204 Nitriae

502 2231 528 2282 f
543 2233 978 2284 amosissimum
1010 2235 1066 2284 in
1087 2236 1360 2288 omnibus
1377 2239 1605 2302 Egypti
1628 2239 1976 2308 monasteriis]
1991 2239 2106 2310 86

500 2319 556 2372 lo
567 2333 721 2384 cum,
739 2322 836 2385 qui
853 2322 1228 2387 quadraginta
1247 2325 1359 2376 fere
1374 2326 1628 2378 millibus
1643 2329 1806 2380 abest
1820 2332 1881 2376 ab
1897 2332 2108 2381 Alexan-

504 2409 646 2474 dria,
673 2424 746 2462 ex
769 2412 1002 2463 nomine
1017 2413 1124 2464 vici
1143 2413 1482 2477 adjacentis,
1499 2415 1558 2466 in
1581 2429 1696 2480 quo
1713 2417 1928 2470 nitrum
1951 2419 2108 2470 colli-

507 2498 677 2561 gitur,
704 2500 905 2552 Nitriae
932 2501 1276 2554 vocabulum
1304 2504 1556 2568 trahens,
1574 2507 1953 2570 prospiciente
1977 2507 2105 2572 hoc,

503 2587 693 2649 credo,
709 2591 850 2638 tunc
861 2589 981 2652 jam
998 2590 1196 2642 divina
1211 2592 1585 2656 providentia,
1602 2595 1755 2658 quod
1780 2599 1834 2644 in
1857 2599 1962 2645 illis
1986 2599 2108 2645 locis

506 2681 742 2740 peccata
753 2676 1076 2739 hominum,
1095 2684 1388 2744 tamquam
1407 2682 1607 2734 sordes
1623 2686 1869 2732 abluenda
1885 2695 2048 2736 essent
2063 2693 2109 2735 et

507 2765 806 2816 abolenda.
825 2768 884 2817 In
897 2766 1008 2818 hoc
1019 2768 1197 2832 igitur
1210 2769 1333 2821 loco
1346 2771 1764 2836 quinquaginta
1778 2777 1892 2837 fere,
1907 2783 1992 2824 aut
2006 2791 2103 2825 non

519 2855 706 2906 multo
725 2855 918 2907 minus
935 2860 1447 2911 cernunturvicina
1467 2861 1594 2926 sibi,
1610 2867 1668 2914 et
1685 2864 1792 2914 sub
1817 2877 1934 2916 uno
1951 2868 2053 2926 posi
2065 2873 2108 2914 la

513 2949 674 3008 patre
711 2945 1096 3009 tabernacula,
1139 2948 1198 3000 in
1233 2949 1448 3013 quibus
1479 2949 1656 3014 aliqui
1693 2952 1889 3017 plures
1914 2955 2104 3019 simul,

513 3031 690 3097 aliqui
717 3035 903 3099 pauci,
928 3035 1192 3089 nonnulli
1215 3039 1386 3090 etiam
1408 3040 1727 3103 singulares
1744 3041 2024 3108 habitant,
2048 3050 2106 3096 et

499 3123 798 3175 mansione
811 3125 1043 3188 quidem
1059 3127 1234 3190 aliqui
1250 3128 1435 3187 divisi,
1457 3131 1650 3182 animo
1665 3135 1858 3183 autem
1875 3140 1920 3182 et
1937 3135 2034 3184 ﬁde
2049 3141 2098 3184 et

497 3211 731 3264 caritate
754 3215 1048 3278 conjuncti
1083 3221 1142 3268 et
1163 3217 1570 3282 inseparabiles
1593 3226 1846 3274 manent.

568 3301 717 3352 Huic
732 3315 866 3366 ergo
891 3316 1021 3355 cum
1044 3307 1630 3371 appropinquaremus
1655 3309 1797 3367 loco.
1821 3312 1922 3363 ubi
1944 3324 2106 3377 pere-

499 3389 704 3453 grinos
741 3391 944 3444 fratres
977 3394 1249 3447 advenire
1287 3403 1612 3464 senserunt,
1648 3401 1920 3453 continuo
1950 3403 2108 3454 velut

509 3491 755 3532 examen
775 3493 967 3545 apum,
1006 3483 1218 3547 singuli
1244 3486 1459 3550 quique
1483 3500 1555 3538 ex
1579 3488 1702 3540 suis
1731 3489 1949 3542 cellulis
1978 3505 2108 3557 pro-

518 3572 716 3633 ruunt,
741 3574 916 3634 atque
939 3571 996 3622 in
1023 3573 1251 3625 obviam
1277 3575 1444 3626 nobis
1461 3575 1593 3628 laeto
1617 3591 1790 3629 cursu
1821 3594 1838 3628 ι
1861 3584 1879 3629 ι
1905 3581 2108 3632 festina

507 3658 800 3711 alacritate
824 3661 1198 3725 contendunt,
1210 3659 1506 3728 portantes
1525 3679 1722 3718 secum
1738 3671 2098 3730 quamplurimi

505 3747 761 3812 ipsorum
785 3762 989 3802 urceos
1003 3763 1172 3816 aqua:
1189 3754 1245 3804 et
1268 3765 1464 3818 panes,
1485 3756 1803 3808 secundum
1829 3759 1978 3822 quod
1995 3762 2106 3808 Pro-

564 3953 581 3972 ⁸
612 3945 694 3995 De
720 3945 1014 3998 Monachis
1036 3947 1096 3998 in
1113 3948 1341 4014 Nitria.J
1374 3950 1693 4000 Sosomenus
1718 3951 1805 4002 lib.
1834 3955 1914 4005 VI.
1943 3968 1988 4006 c.
2019 3953 2104 4014 36.

512 4020 730 4091 Ιςαὶοῦσι
777 4018 829 4068 δὲ
866 4020 948 4091 τὸν
986 4029 1146 4091 χῷρον
1186 4027 1358 4072 τοῦτον
1397 4025 1618 4088 Νιτρίαν,
1657 4024 1824 4076 καῧότι
1863 4027 2004 4091 κώμη
2040 4028 2109 4083 τίς

522 4081 652 4166 ἐστιν
699 4089 872 4166 ὅμορος
917 4086 966 4140 ἐν
1015 4087 1145 4166 ᾖιτὺ
1181 4092 1340 4158 νίτρον
1377 4093 1714 4166 συλλέγουσιψ
1755 4091 1811 4146 οὗ
1859 4081 2107 4166 τξο1τνχὸν

511 4159 565 4208 δὲ
605 4154 1036 4232 πλῆθοςένταῦθᾳί
1063 4154 1351 4232 ἔφιξιοσόιρει·
1391 4160 1516 4214 ἀλλὰ
1538 4154 1850 4231 ⁷μοναστήρια
1885 4154 1944 4228 ἧν
1988 4154 2108 4232 ἀμφὶ

515 4227 849 4299 πεντήκοντα..
889 4227 1114 4299 ἀλλήλοις
1140 4228 1382 4299 ἐχόμενα,
1420 4237 1480 4284 τὰ
1518 4227 1606 4298 μὲν
1644 4227 1928 4298 συνοικιῶν,
1962 4227 2106 4290 τὰδὲ

515 4300 628 4374 παρ’
667 4294 871 4374 ἑαυτοὺς
893 4294 1197 4354 οἰκούντωνΪ
1223 4294 1405 4356 Istum
1446 4294 1637 4358 locum
1669 4307 1778 4369 (ubi
1817 4294 1972 4371 Scele)
2009 4322 2110 4374 ap-

503 4371 718 4448 pellant
736 4373 995 4448 Nitriam,
1012 4380 1309 4448 propterea
1325 4377 1478 4440 quod
1495 4382 1584 4429 est
1605 4391 1786 4443 pagus
1810 4371 2107 4448 finitimus,

500 4447 561 4497 in
577 4459 694 4510 quo
710 4445 924 4500 nitrum
941 4447 1240 4511 colligitur.
1261 4451 1383 4500 Non
1401 4450 1611 4510 exigua
1623 4454 1823 4512 quidem
1844 4445 2108 4502 hominum

509 4520 819 4572 multitudo
852 4520 929 4572 ibi
969 4521 1350 4572 monasticam
1390 4520 1748 4585 disciplinam
1786 4524 2104 4575 exercebat.

509 4593 688 4642 Erant
700 4605 951 4655 namque
966 4592 1310 4644 monasteria
1328 4593 1550 4646 circiter
1563 4595 1981 4658 quinquaginta
1991 4611 2103 4644 con-

2203 551 2334 614 ﬁliis
2357 550 2520 600 Israel
2544 551 2604 598 in
2622 551 2852 613 obviam,
2870 567 2992 600 cum
3007 567 3150 615 pane
3173 557 3219 600 el
3241 567 3389 615 aqua
3415 551 3466 616 (9
3490 553 3653 600 Esdr.
3680 551 3801 612 13.).

2205 641 2363 690 Tunc
2399 639 2606 690 deinde
2641 645 2941 704 susceptos
2979 653 3086 690 nos
3125 640 3422 692 adducunt
3458 641 3651 704 primo
3675 653 3798 692 cum

2201 727 2442 781 Psalmis
2466 728 2538 778 ad
2560 729 2894 790 Ecclesiam,
2920 729 3112 780 lavant
3133 730 3324 793 pedes,
3343 741 3409 780 ac
3436 729 3658 794 singuli
3683 731 3804 792 qui-

2204 830 2316 881 que
2341 817 2530 869 linteis
2545 817 2758 881 quibus
2777 819 3104 884 utebantur,
3131 819 3488 882 abstergunt,
3507 819 3675 882 quasi
3699 819 3804 870 vim

2203 907 2458 958 laborem
2503 907 2783 970 levantes,
2825 921 2884 958 re
2928 912 3122 958 autem
3165 921 3297 959 vera
3343 909 3479 959 vitae
3529 907 3802 959 humana!

2206 1009 2387 1049 rerum
2411 1010 2518 1048 nas
2543 997 2800 1061 mysticis
2829 997 3229 1048 traditionibus
3255 996 3576 1048 abluentes.

2266 1087 2411 1148 Quid
2434 1100 2568 1150 ergo
2591 1099 2747 1138 nunc
2773 1086 3215 1138 dehumanitate
3232 1099 3448 1146 eorum,
3475 1086 3617 1150 quid
3642 1086 3715 1138 de
3735 1089 3808 1134 ot-

2206 1177 2370 1238 ﬁciis,
2397 1176 2533 1239 quid
2561 1175 2631 1228 de
2657 1176 2891 1227 caritate
2917 1176 3138 1240 loquar,
3155 1189 3286 1227 cum
3311 1189 3510 1228 omnes
3528 1177 3809 1240 gestirent

2205 1279 2311 1316 nos
2335 1265 2407 1316 ad
2427 1277 2592 1316 suam
2609 1265 2853 1329 quisque
2867 1265 3226 1317 introducere
3248 1264 3529 1327 cellulam,
3557 1269 3617 1316 et
3635 1280 3736 1313 non
3755 1280 3810 1312 ea

2209 1354 2416 1416 solum,
2440 1366 2572 1418 quae
2589 1355 3260 1419 hospitalitatidebentur
3283 1354 3530 1418 explere,
3559 1357 3645 1403 sed
3664 1356 3816 1408 insu-,

2208 1456 2308 1508 per
2329 1448 2431 1494 aut
2447 1443 2517 1495 de
2543 1443 2886 1506 humilitate,
2911 1444 3149 1508 quaipsi
3164 1443 3472 1508 pollebant,
3498 1446 3694 1503 docere,
3723 1452 3808 1491 aut

2210 1533 2280 1585 de
2303 1533 2748 1584 mansuetudine
2773 1537 2944 1595 atque
2967 1533 3094 1584 aliis
3117 1532 3448 1596 hujusmodi
3472 1532 3660 1592 bonis,
3690 1547 3801 1594 qum

2208 1621 2360 1686 apud
2385 1621 2529 1682 illos,
2545 1621 2700 1672 velut
2723 1621 2796 1672 ad
2822 1621 2928 1672 hoc
2953 1621 3138 1685 ipsum
3165 1621 3236 1672 de
3251 1621 3462 1672 saeculo
3485 1623 3809 1684 sequestra-

2209 1715 2320 1772 tos,
2355 1710 2585 1762 diversa
2617 1709 2848 1774 quidem
2875 1710 3076 1773 gratia,
3109 1722 3227 1762 una
3262 1715 3456 1762 tamen
3487 1710 3806 1772 eademque

2200 1799 2458 1851 doctrina
2471 1799 2791 1865 discuntur.
2809 1801 3109 1863 Nusquam
3132 1799 3212 1849 sic
3226 1799 3478 1850 vidimus
3493 1799 3695 1850 ﬂorere
3720 1813 3806 1846 ca-

2133 1869 2188 1942 B
2209 1889 2456 1950 ritatem,
2479 1901 2770 1952 nusquam
2806 1889 2887 1939 sic
2911 1888 3164 1939 vidimus
3180 1900 3324 1952 opus
3346 1888 3564 1939 fervere
3586 1887 3805 1938 miseri-

2210 1978 2439 2041 cordia),
2466 1983 2524 2030 et
2539 1977 2796 2028 studium
2811 1977 3216 2041 hospitalitatis
3231 1975 3469 2041 impleri.
3487 1976 3808 2040 Scriptura-

2208 2081 2337 2118 rum
2355 2080 2492 2119 vero
2508 2067 2833 2118 divinarum
2853 2067 3256 2119 meditationes
3272 2076 3318 2114 et
3335 2068 3642 2128 intellectus,
3656 2072 3804 2126 atque

2211 2158 2470 2210 scientia:
2483 2157 2692 2209 divinae
2707 2169 2995 2220 nusquam
3021 2161 3178 2208 tanta
3201 2152 3347 2223 187
3373 2154 3625 2205 vidimus
3643 2167 3807 2205 exer-

2209 2247 2360 2309 citia,
2392 2251 2458 2298 ut
2492 2246 2750 2310 singulos
2783 2259 2947 2310 pmne
2984 2257 3184 2296 eorum
3217 2249 3473 2296 oratores
3509 2243 3712 2296 credas
3745 2243 3804 2294 in

2209 2336 2406 2388 divina
2427 2349 2558 2388 esse
2583 2336 2880 2401 sapientia.

2735 2449 3021 2514 CAPUT
3063 2447 3283 2512 XXII.

2675 2579 2752 2619 ΒΕ
2775 2576 2928 2619 LOCO
2959 2577 3064 2629 QUI
3090 2576 3337 2618 DICITUR

2877 2673 2896 2701 δ
2937 2672 3119 2723 Gellia.

2269 2776 2403 2826 Post
2431 2773 2586 2825 hunc
2617 2784 2754 2824 vero
2785 2771 3024 2834 (Pallad.
3059 2786 3176 2835 cap.
3203 2768 3320 2833 69.)
3351 2768 3497 2821 alius
3521 2773 3614 2820 est
3642 2767 3803 2820 locus

2205 2865 2265 2916 in
2289 2863 2513 2915 deserto
2536 2862 2808 2925 interiori,
2833 2861 3034 2912 decem
3057 2859 3171 2912 fere
3193 2860 3264 2911 ab
3287 2859 3397 2910 hoc
3417 2857 3674 2910 millibus
3697 2857 3805 2908 dis~

2207 2959 2355 3017 tans,
2381 2965 2554 3016 quem
2587 2951 2778 3003 locum
2802 2964 2900 3016 pro
2927 2949 3294 3002 multitudine
3319 2948 3714 3013 dispersarum
3744 2947 3800 2996 in

2202 3054 2395 3094 eremo
2439 3040 2792 3102 cellularum,
2832 3037 3003 3090 Ccilia
3033 3037 3493 3089 nominaverunt.
3529 3035 3619 3088 Ad
3649 3035 3802 3087 hunc

2195 3143 2386 3204 locum
2411 3129 2491 3193 hi,
2519 3129 2618 3194 qui
2639 3129 2716 3180 ibi
2737 3128 2896 3193 prius
2923 3127 3155 3178 fuerunt
3185 3125 3409 3188 imbuti,
3442 3129 3502 3176 et
3537 3123 3805 3175 secretio-

2131 3239 2181 3314 C
2206 3233 2324 3272 rem
2345 3220 2464 3284 jam
2489 3219 2768 3284 depositis
2791 3216 3142 3269 indumentis
3159 3215 3366 3266 ducere
3381 3213 3582 3314 volunt
3605 3213 3801 3272 vitam,

2206 3308 2486 3360 secedunt
2512 3325 2522 3357 :
2554 3320 2784 3360 eremus
2807 3306 2960 3358 enim
2985 3310 3076 3357 est
3098 3308 3285 3364 vasta,
3319 3308 3378 3356 et
3399 3301 3620 3356 cellula)
3646 3303 3803 3354 tanto

2204 3399 2352 3450 inter
2377 3411 2439 3450 se
2473 3398 2658 3462 spatio
2686 3396 3006 3460 dirempta,
3038 3399 3102 3446 ut
3124 3407 3312 3458 neque
3333 3393 3393 3445 in
3415 3399 3684 3454 conspectu
3705 3394 3803 3440 sibi

2205 3488 2474 3548 invicem,
2495 3499 2686 3550 neque
2712 3486 2772 3537 in
2795 3485 2955 3537 vocis
2979 3483 3182 3536 auditu
3206 3483 3321 3534 sint
3342 3482 3567 3546 positas.

2269 3576 2488 3641 Singuli
2506 3589 2604 3640 per
2627 3574 2859 3628 cellulas
2876 3577 3260 3636 commanent,
3287 3571 3580 3623 silentium
3601 3569 3802 3634 ingens

2206 3671 2265 3718 et
2289 3667 2456 3730 quies
2480 3677 2692 3730 magna
2713 3666 2860 3716 inter
2875 3676 2974 3716 eos
2997 3667 3086 3715 est
3106 3677 3118 3713 :
3148 3662 3240 3714 die
3261 3664 3486 3714 tantum
3514 3658 3746 3711 Sabbati
3761 3665 3801 3706 et

2206 3755 2505 3807 Dominica
2520 3755 2579 3806 in
2596 3767 2778 3806 unum
2796 3753 2869 3804 ad
2887 3751 3198 3804 Ecclesiam
3219 3753 3446 3814 coeunt,
3463 3754 3519 3801 et
3533 3749 3612 3801 ibi
3627 3755 3802 3798 semet-

2206 3953 2428 4014 τοιαύτης
2472 3946 2630 4008 αἰτίας
2667 3945 2726 4002 οὗ
2778 3954 3116 4014 συνομιλοῦσιν
3155 3943 3404 4010 ἀλλήλοις,
3451 3941 3490 3997 εἶ
3541 3941 3606 4008 μὴ
3649 3944 3798 4009 λόγων

2209 4024 2370 4076 ἕνεκεν
2411 4019 2473 4080 εἷς
2501 4032 2678 4087 γνῶσιν
2713 4027 2836 4074 Θεοῦ
2876 4021 3128 4072 τεινόντων
3158 4021 3190 4081 ἢ
3227 4015 3459 4083 ὠφέλειαν
3492 4021 3683 4087 ψυχῆς,
3725 4016 3802 4067 ἔλ-

2208 4099 2278 4146 Θοι
2313 4113 2378 4151 τις
2415 4083 2748 4158 μαθησόμενος
2784 4095 2918 4158 παρὰ
2954 4093 3036 4142 τὸν
3069 4091 3249 4156 φράσαι
3279 4091 3568 4158 δννᾴμενον.
3607 4083 3800 4158 Dianium

2211 4167 2264 4216 δὲ
2296 4160 2345 4216 ἐν
2377 4153 2470 4221 τοῖς
2504 4153 2742 4220 Χελλίοις,
2781 4162 2889 4214 ὅσοι
2924 4167 3006 4225 τῆς
3044 4163 3323 4227 φιλοσοφίας
3353 4155 3414 4216 εἷς
3452 4159 3602 4225 ἄκρον
3636 4153 3802 4219 ἐληλύ-

2211 4243 2348 4296 Θασι,
2388 4241 2473 4288 καὶ
2516 4245 2637 4301 σφᾶς
2675 4237 2804 4299 ἄγειν
2837 4236 3096 4294 δύνανται,
3127 4237 3214 4284 καὶ
3251 4233 3389 4296 μόνοι
3424 4233 3712 4297 διατρίϐειν,
3749 4233 3801 4280 δι’

2209 4304 2424 4376 ἡσυχίαν
2457 4308 2770 4376 χωρισθέντες
2802 4315 2896 4357 τῶν
2942 4307 3122 4357 ἄλλων.
3153 4304 3439 4376 Eleganter
3471 4303 3528 4352 Β.
3577 4303 3801 4376 Bernar-

2209 4373 2493 4443 dusﬂcpisl.
2533 4373 2606 4427 ad
2637 4375 2834 4441 fratres
2873 4377 3269 4428 Carlhusianos
3304 4375 3368 4424 de
3399 4378 3576 4423 monte
3600 4374 3715 4432 Dei,
3749 4373 3804 4421 de

2209 4451 2334 4500 cella
2351 4455 2396 4500 cl
2425 4449 2575 4499 coelo:
2600 4449 2928 4500 Secundum
2957 4449 3202 4499 formam
3226 4445 3503 4511 propositi
3526 4444 3704 4496 vestri
3719 4443 3804 4495 ha-

2207 4523 2458 4573 bitantes
2483 4523 2539 4572 in
2570 4521 2727 4572 caelis
2763 4521 2954 4585 potius
2989 4531 3163 4584 quam
3197 4519 3257 4570 in
3291 4517 3466 4578 cellis,
3506 4516 3750 4568 excluso
3776 4526 3805 4565 a

2208 4595 2373 4645 vobis
2414 4597 2530 4645 toto
2567 4592 2781 4644 sacculo
2834 4597 2983 4643 totos
3027 4605 3129 4642 vos
3176 4589 3464 4641 inclusitis
3500 4601 3633 4639 cum
3669 4590 3801 4639 Deo.

507 4662 685 4724 tigna,
708 4651 956 4726 quorum
981 4675 1114 4728 pars
1137 4669 1474 4729 conventus,
1502 4651 1633 4730 pars
1657 4651 1920 4717 homines
1939 4679 2104 4730 sepa-
2127 4651 2181 4724 D
2207 4664 2376 4718 Cella;
2396 4663 2675 4728 siquidem
2695 4668 2750 4714 et
2766 4662 2886 4714 (ια)ιὶ
2907 4663 3182 4713 habitatio
3207 4664 3466 4723 cognatm
3495 4663 3662 4730 sunt;
3689 4660 3803 4720 quia

511 4732 680 4784 ratim
699 4735 772 4784 ab
789 4733 914 4786 aliis
931 4734 1105 4785 vitam
1123 4734 1398 4798 degentes
1416 4737 1684 4789 habuere.
1699 4739 2102 4791 Roswnvnus.

567 4803 588 4832 ¹³
627 4803 861 4869 Cellia.]
900 4805 1104 4854 Eadem
1141 4806 1298 4855 habes
1333 4809 1484 4872 apud
1517 4808 1830 4858 Palla-dium
1859 4825 1974 4870 cap.
2015 4807 2100 4862 69.

504 4875 598 4929 Ea),
619 4891 725 4940 quo
747 4891 849 4924 sua
877 4877 894 4910 ί
917 4876 1226 4941 desumpsit,
1251 4885 1314 4926 ut
1334 4879 1506 4942 credo,
1546 4879 1866 4928 Scsomenus
1896 4879 1982 4929 lib.
2021 4881 2100 4931 V1.

507 4961 625 5010 cap.
653 4945 738 5000 31.
781 4946 878 5010 qui
900 4961 1049 5008 paene
1072 4949 1221 4997 verba
1247 4954 1398 4998 lenus
1421 4950 1604 4998 eadem
1635 4949 1792 5010 refert
1821 4965 1944 4998 cum
1980 4949 2104 4998 Pal-

501 5018 647 5068 ladio
669 5024 714 5068 el
743 5021 957 5082 Ruﬁno.
995 5019 1123 5069 Ecce
1157 5022 1355 5083 Graeca,
1389 5036 1505 5085 quae
1524 5021 1646 5085 jam
1679 5022 1877 5070 Latina
1920 5021 2006 5070 hic
2029 5021 2103 5069 lc-

503 5091 631 5154 αἰειί
677 5091 974 5158 εᾲἚνταῡΘα
1011 5093 1064 5142 δὲ
1105 5089 1169 5149 ὡς
1203 5087 1282 5142 ἐπὶ
1325 5087 1412 5154 τὴν
1451 5094 1590 5143 ἔνδον
1638 5093 1821 5158 ἔρημον
1861 5085 2101 5155 ἡκόντων,

503 5161 662 5227 ἕτερός
702 5156 804 5213 ἔστι
834 5163 1006 5223 τόπος,
1045 5166 1222 5230 σχεδὸν
1260 5160 1599 5230 ἑϐδομήκοντα
1635 5156 1843 5220 σταδίοις
1879 5166 2098 5222 διεστὼς,

505 5234 662 5297 ὄνομα
701 5235 903 5286 Κελλία·
933 5230 982 5285 ἐν
1013 5229 1168 5302 τούτῳ
1191 5235 1244 5285 δὲ
1270 5236 1520 5300 σποράδην
1558 5229 1658 5286 ἔστι
1697 5239 1942 5302 μοναχικὰ
1965 5231 2103 5296 οἰκή-

503 5325 636 5367 ματα
673 5306 862 5367 πολλά,
904 5308 1026 5356 καθὸ
1064 5309 1147 5356 καὶ
1181 5305 1404 5366 τοιαύτης
1441 5308 1592 5372 ἔλαχε
1633 5308 1974 5372 προσηγορίας·
2019 5325 2101 5357 κε-

501 5377 737 5442 χώρισται
778 5377 832 5426 δὲ
888 5385 1116 5428 τοσοῦτον
1170 5373 1421 5438 ἀλλήλων,
1471 5375 1534 5433 ὡς
1585 5372 1693 5434 τοὺς
1737 5375 1901 5428 αὐτόθι
1944 5397 2103 5428 κατοι-

496 5456 885 5517 κοῦνταςησφᾶς
923 5442 1098 5505 αὐτοὺς
1137 5444 1202 5512 μὴ
1234 5454 1473 5517 καδορᾷν,
1509 5450 1541 5511 ἢ
1572 5445 1770 5500 ἐπαΐειν·
1812 5457 2004 5500 συνιᾶσι
2048 5451 2102 5500 δὲ

497 5520 672 5575 πάντες
716 5514 777 5576 εἷς
824 5523 1000 5572 ταυτὸν
1041 5520 1144 5583 ἅμα
1181 5523 1263 5570 καὶ
1314 5514 1684 5585 ἐκκλησιάζουσι
1716 5528 1772 5585 τῇ
1807 5521 1974 5585 πρώτη
2015 5525 2100 5572 καὶ

497 5592 752 5661 τελευταία
790 5585 948 5662 ἡμέρα
992 5597 1074 5653 τῆς
1118 5592 1412 5654 ἑϐδομάδος,
1456 5591 1515 5654 ἦν
1548 5593 1598 5641 δέ
1630 5610 1694 5645 τις
1828 5582 2100 5655 παραγένη-

497 5682 600 5722 ται,
641 5659 784 5724 δῆλός
826 5659 954 5713 ἐστιν
1000 5665 1133 5714 ἄκων
1176 5660 1499 5726 ἀπολειφθεὶς,
1536 5665 1568 5725 ἢ
1613 5664 1750 5712 πάθει
1779 5665 1868 5710 νινὶ
1904 5663 1934 5723 ἢ
1966 5664 2098 5728 νόσῳ

497 5736 854 5798 πεπεδημένος,
880 5737 968 5786 καὶ
1006 5731 1084 5786 ἐπὶ
1115 5736 1228 5786 θέαν
1261 5731 1406 5786 αὖτοῦ
1435 5737 1522 5786 καὶ
1545 5733 1802 5798 θεραπείαν
1835 5729 1926 5783 οὐκ
1961 5728 2098 5790 εὐθὺς

497 5805 674 5862 πάντες
724 5801 954 5861 ἀπιᾶσιν,
995 5801 1104 5858 ἀλλ’
1151 5801 1201 5856 ἐν
1246 5807 1483 5872 διαφόροις
1523 5813 1703 5870 καιροῖς
1747 5803 1951 5872 ἕκαστος
1997 5799 2102 5856 ἔπι-

497 5876 758 5942 φερόμενος
809 5876 928 5942 ὅπερ
984 5879 1086 5944 ἔχει
1140 5879 1258 5943 πρὸς
1315 5870 1464 5928 νόσον
1520 5876 1749 5943 ἁρμόδιον
1804 5897 1815 5908 ·
1871 5870 2007 5934 ἐκτὸς
2052 5878 2102 5928 δέ

2207 4738 2356 4788 sicut
2379 4736 2586 4787 caelum
2620 4740 2677 4786 et
2701 4735 2842 4786 cella
2872 4734 2943 4784 ad
2970 4733 3222 4785 invicem
3252 4731 3520 4782 videntur
3556 4729 3804 4795 aliquam

2202 4809 2414 4860 habere
2435 4807 2841 4870 cognationem
2866 4805 3137 4865 nominis,
3165 4804 3247 4854 sic
3276 4807 3332 4854 et
3358 4801 3608 4867 pietatis.
3635 4803 3683 4852 A
3700 4813 3808 4852 ca:-

2201 4880 2373 4932 lando
2396 4879 2548 4930 enim
2577 4878 2783 4930 caelum
2809 4881 2865 4928 et
2889 4876 3030 4928 cella
3053 4888 3263 4927 nomen
3294 4874 3503 4926 habere
3527 4872 3804 4930 videntur,

2201 4956 2260 5002 et
2285 4950 2436 5013 quod
2461 4950 2700 5001 caelatur
2724 4949 2783 4999 in
2806 4949 2982 5010 caelis,
3015 4947 3125 4998 hoc
3150 4951 3209 4998 et
3236 4947 3294 4997 in
3320 4945 3495 4996 cellis.
3523 4945 3687 5006 Quod
3710 4956 3806 5007 ge-

2201 5022 2344 5073 ritur
2378 5022 2434 5072 in
2477 5021 2654 5084 cmlis,
2681 5021 2788 5072 hoc
2830 5025 2889 5072 et
2911 5021 2970 5070 in
3010 5019 3185 5070 cellis.
3224 5017 3507 5080 Quidnam
3533 5019 3625 5068 est
3655 5015 3810 5066 hoc?

2203 5105 2403 5144 vacare
2422 5095 2559 5152 Deo,
2587 5092 2697 5143 frui
2721 5093 2854 5142 Deo.
2886 5091 3044 5150 Quod
3075 5103 3206 5140 cum
3233 5088 3552 5139 secundum
3582 5091 3806 5135 ordinem

2201 5165 2290 5228 pie
2323 5167 2381 5216 et
2419 5163 2664 5215 ﬁdeliter
2701 5163 3020 5214 celebratur
3053 5162 3113 5212 in
3159 5161 3332 5223 cellis,
3370 5161 3556 5211 audeo
3603 5158 3807 5209 dicere.

2199 5236 2392 5287 Sancti
2417 5236 2620 5299 Angeli
2645 5235 2741 5286 Dei
2770 5234 2945 5284 cellas
2973 5233 3192 5284 habent
3224 5246 3322 5296 pro
3347 5229 3527 5294 caelis,
3559 5235 3618 5280 et
3648 5239 3809 5291 atque

2200 5307 2560 5358 delectantur
2585 5306 2640 5356 in
2666 5305 2843 5363 cellis,
2879 5317 2945 5356 ac
2971 5304 3028 5354 in
3055 5303 3231 5356 caelis.
3269 5305 3412 5354 Nam
3437 5314 3570 5352 cum
3605 5301 3666 5350 in
3689 5302 3811 5348 cella

2196 5379 2413 5441 jugiter
2446 5377 2699 5428 caelestia
2737 5377 3068 5433 actitantur,
3105 5375 3311 5426 caelum
3338 5372 3494 5425 cellae
3533 5378 3592 5422 et
3626 5383 3811 5421 sacra-

2203 5450 2376 5499 menti
2397 5448 2793 5510 similitudine,
2821 5452 2878 5498 et
2903 5447 3132 5512 pietatis
3149 5447 3444 5502 affectu,et
3467 5443 3674 5494 similis
3693 5458 3810 5502 ope-

2200 5521 2277 5571 ris
2326 5521 2532 5571 eti‘ectu
2581 5521 2904 5582 proximum
2954 5519 3242 5570 etilcitur:
3291 5530 3399 5568 nec
3433 5517 3554 5577 jam
3591 5512 3808 5578 spiritui

2200 5591 2384 5642 oranti
2407 5591 2494 5641 vel
2513 5591 2678 5641 etiam
2709 5603 2742 5640 a
2765 5603 3000 5654 cnrporc
3025 5589 3273 5649 ext'unti,
3299 5600 3333 5638 a
3356 5587 3498 5638 cella
3520 5587 3578 5636 in
3605 5583 3806 5636 cadum

2200 5662 2370 5725 longa
2391 5662 2477 5712 vel
2503 5663 2750 5714 difficilis
2773 5663 3190 5712 viainvenitur.
3218 5664 3264 5712 A
3293 5658 3433 5710 cella
3450 5658 3607 5708 enim
3634 5658 3693 5706 in
3719 5669 3809 5701 ca»-

2199 5733 2319 5784 lum
2347 5747 2500 5796 saepe
2518 5733 2846 5784 ascenditur
2874 5750 2884 5780 :
2918 5732 3012 5782 vix
3030 5737 3222 5782 autem
3249 5741 3515 5792 umquam
3539 5743 3572 5774 ιι
3592 5725 3736 5777 cella
3757 5727 3804 5771 in

2199 5805 2488 5857 infernum
2513 5805 2899 5856 descenditur.
3283 5803 3694 5852 ROSWRYDL’S.

2266 5878 2285 5914 ι
2318 5876 2553 5942 Accepit
2574 5881 2771 5928 autem
2793 5875 2887 5928 ille
2921 5888 2994 5927 ex
3029 5873 3254 5926 Ruﬁno.
