3898 6428
127 390 258 448 445

1363 389 1700 442 HISTORIA
1739 389 2266 443 MONACIIORUM.

3359 391 3466 448 446

127 513 318 578 ipsos
331 511 585 565 invicem
601 513 902 575 tamquam
917 509 1062 562 coelo
1081 508 1332 561 redditos
1347 508 1564 561 vident.
1581 511 1631 559 Si
1649 511 1766 571 quis
1794 504 1847 578 Α
1871 509 2088 562 vidisse
2125 505 2274 578 189
2306 511 2359 561 te
2381 509 2620 562 diceres.
2651 509 2759 561 Sed
2781 501 2840 561 et
2861 505 2916 560 'si
2936 509 3320 562 humilitatem
3343 524 3472 563 con-

124 602 300 654 forte
352 601 414 652 in
453 604 746 652 conventu
777 598 875 650 illo
909 584 1168 660 defuerit,
1207 598 1538 661 intelligunt
1569 599 1762 650 statim

129 703 290 742 eum
319 691 574 753 corporis
585 688 778 753 aliqua
789 687 1062 751 inaequali
1073 692 1186 739 tate
1199 687 1516 751 detentum,
1535 691 1591 739 et
1607 687 1680 739 ad
1693 689 1765 736 vi-

129 779 454 831 sitandum
486 791 620 830 eum
646 791 764 828 non
797 776 946 844 |88
973 789 1175 828 omnes
1200 777 1436 840 quidem
1461 777 1648 836 simul,
1675 775 1763 828 di-

131 867 348 919 versis
381 871 578 918 tamen
599 867 954 931 temporibus
977 878 1178 916 omnes
1203 865 1438 930 abeunt,
1465 869 1760 930 portantes

125 957 564 1020 unusquisque
603 969 801 1007 secum
827 956 874 1006 si
901 955 1038 1018 quid
1061 955 1215 1019 apud
1241 968 1302 1006 se
1324 955 1596 1018 est,quod
1629 970 1760 1016 aegro

129 1045 343 1108 possit
367 1049 599 1109 gratum
624 1045 822 1096 videri.
848 1043 1035 1096 Aliam
1058 1057 1196 1096 vero
1213 1045 1286 1095 ob
1299 1056 1567 1095 caussam
1583 1045 1760 1092 nullus

127 1133 333 1186 audet
377 1134 626 1198 proximi
662 1134 752 1185 sui
784 1134 1095 1184 obturbare
1134 1133 1446 1196 silentium,
1472 1133 1587 1184 nisi
1619 1133 1759 1184 forte

45 1215 61 1222 ’
133 1223 285 1287 quis
314 1224 504 1288 possit
541 1223 599 1275 in
635 1224 806 1276 verbo
845 1223 1148 1288 instruere,
1174 1229 1228 1275 et
1252 1222 1409 1276 velut
1433 1222 1678 1274 athletas
1699 1223 1760 1274 in

131 1323 341 1376 agone
399 1311 622 1376 positos
667 1311 954 1364 sermonis
987 1312 1381 1364 consolatione
1423 1323 1758 1376 perungere.

133 1399 321 1451 Multi
344 1399 605 1464 ipsorum
619 1411 655 1451 a
681 1399 860 1452 tribus
887 1404 944 1452 et
965 1405 1212 1462 quatuor
1233 1399 1484 1450 millibus
1509 1399 1582 1451 ad
1597 1401 1763 1447 Eccle-

136 1489 303 1541 sium
321 1494 534 1540 coeunt
560 1505 573 1540 :
597 1489 678 1541 ita
699 1488 874 1554 longo
897 1502 932 1540 a
956 1489 1278 1554 semetipsis
1295 1489 1477 1554 spatio
1493 1490 1761 1537 habitatio-

133 1578 237 1629 nis
290 1590 497 1630 eorum
543 1577 770 1632 cellulae
794 1578 1178 1630 dirimuntur:
1219 1578 1321 1630 sed
1357 1578 1566 1629 caritas
1589 1577 1647 1628 in
1676 1577 1762 1628 eis

139 1671 322 1719 tanta
344 1671 452 1728 est,
477 1671 537 1719 et
561 1671 722 1719 tanto
742 1669 892 1719 inter
925 1667 1267 1732 semetipsos
1296 1672 1354 1720 et
1387 1678 1523 1732 erga
1558 1679 1786 1718 omnes

139 1757 365 1808 fratres
389 1757 870 1820 constringuntur
894 1756 1120 1819 affectu,
1145 1761 1212 1808 ut
1234 1757 1293 1807 in
1313 1757 1690 1808 admiratione
1707 1761 1764 1808 et

1865 599 2166 663 siderares,
2185 599 2353 664 longe
2373 612 2505 652 eum
2519 599 2579 651 in
2601 599 2712 651 hoc
2737 600 2888 652 dono
2910 599 3293 664 potentiorem
3315 605 3466 652 cete-

1862 687 1939 739 ris
1966 689 2302 740 aestimares.
2327 691 2396 740 Et
2419 701 2618 739 rursus
2643 686 2691 738 si
2719 687 3075 752 patientiam,
3109 689 3155 740 si
3183 691 3465 738 mansueti-

1865 779 2076 842 dinem,
2108 779 2157 830 si
2177 779 2616 841 benignitatem,
2639 778 2699 830 in
2718 778 2961 844 singulis
2985 790 3117 830 eum
3147 777 3467 830 virtutibus

1860 869 1939 920 ita
1962 867 2286 932 praecellere
2305 867 2692 930 judicares,ut
2715 867 2852 930 quid
2869 867 2964 918 cui
2984 867 3249 931 praeferre
3263 869 3464 930 debeas,

1863 958 2170 1022 ignorares.
2201 958 2431 1007 Donum
2455 969 2588 1008 vero
2606 957 2900 1020 sapientia:
2917 959 2974 1008 et
3008 955 3466 1008 scientimtantum

1864 1047 1916 1098 ei
1947 1045 2272 1097 contulerat
2296 1045 2594 1108 Dominus,
2615 1046 2680 1096 ut
2701 1043 2926 1096 nullum
2951 1044 3066 1096 fere
3089 1057 3162 1095 ex
3196 1043 3468 1096 omnibus

1863 1137 2126 1201 patribus
2151 1135 2228 1187 ita
2250 1136 2582 1200 penetrasse
2605 1133 2767 1184 aulas
2799 1133 2974 1185 totius
2999 1133 3254 1186 scientiae
3270 1133 3467 1185 crede-

1859 1238 1952 1276 res
1985 1241 1996 1272 :
2037 1225 2136 1276 sed
2162 1237 2269 1276 nec
2291 1224 2372 1275 ita
2390 1223 2640 1288 aliquem
2665 1227 2957 1287 receptum
2980 1233 3108 1274 esse
3129 1222 3281 1273 intra
3303 1222 3462 1273 cubi-

1865 1314 2062 1366 culum
2089 1314 2387 1379 sapientiaa
2401 1314 2524 1377 Dei,
2543 1325 2748 1365 omnes
2764 1312 2864 1376 qui
2888 1324 3020 1363 eum
3041 1311 3319 1366 viderant.
3333 1311 3467 1364 fate-

1863 1404 2092 1455 bantur.
2125 1403 2146 1432 ¹²
2171 1403 2318 1454 Huic
2357 1405 2522 1454 erant
2559 1401 2674 1452 duo
2709 1401 2931 1462 fratres,
2960 1399 3244 1452 Eusebius
3269 1403 3327 1450 et
3353 1401 3470 1450 Eu-

1866 1492 2124 1558 thymius
2153 1504 2318 1543 :nam
2342 1491 2671 1551 Dioscorus,
2691 1491 2788 1554 qui
2809 1490 2994 1554 major
3007 1493 3150 1540 natu
3168 1488 3232 1540 in
3253 1489 3338 1540 eis
3353 1487 3466 1541 fue-

1865 1587 1972 1645 rat,
1999 1591 2018 1612 °
2049 1580 2122 1632 ad
2157 1581 2534 1645 EpiscOpatus
2567 1579 2822 1632 ofﬁcium
2859 1583 3059 1642 raptus
3099 1579 3205 1630 est.
3239 1578 3311 1629 Hi
3331 1589 3466 1642 ergo

1861 1670 2064 1722 fratres
2097 1675 2261 1722 erant
2283 1670 2336 1720 ei
2355 1682 2476 1720 non
2499 1669 2686 1720 solum
2711 1681 2899 1726 carne,
2927 1667 3026 1719 sed
3057 1667 3230 1719 etiam
3250 1667 3466 1720 vitaai-

1864 1773 1976 1825 que
2001 1759 2362 1812 institutione
2383 1763 2442 1810 et
2463 1762 2584 1810 tota
2605 1757 2784 1809 animi
2806 1757 3018 1810 virtute
3043 1755 3300 1819 germani
3329 1772 3340 1804 :
3365 1756 3464 1818 qui

138 1847 422 1910 exemplo
435 1846 551 1897 sint
567 1846 856 1898 omnibus.
883 1845 1046 1898 Unde
1063 1849 1119 1897 et
1137 1845 1186 1896 si
1203 1845 1332 1909 quis
1351 1844 1495 1897 forte
1511 1844 1762 1897 voluerit
1783 1821 1838 1894 Β
1865 1821 2068 1902 ᾆωηθε
2115 1847 2290 1900 simul
2321 1861 2438 1908 eos,
2477 1847 2576 1911 qui
2607 1847 2666 1898 in
2690 1846 2802 1896 illis
2823 1845 2966 1898 locis
2991 1845 3332 1896 habitabant
3355 1843 3466 1896 fra-

137 1935 421 1987 habitare
457 1948 593 1986 cum
626 1936 728 1998 eis,
764 1935 865 1987 ubi
901 1935 1319 1998 intellexerint,
1356 1935 1762 1999 unusquisque

143 2023 429 2076 cellulam
452 2024 617 2076 oﬁ‘ert
640 2037 824 2076 suam.

669 2139 956 2204 CA’PUT
997 2138 1250 2204 XXIII.

726 2284 804 2324 DE
838 2282 856 2302 '
899 2283 1202 2326 AMMONIO.

217 2388 490 2440 Vidimus
513 2389 825 2453 quemdam
847 2389 997 2454 apud
1021 2401 1122 2442 eos
1151 2387 1536 2442 venerabilem
1552 2394 1758 2450 patrem,

149 2479 540 2531 Ammonium
557 2479 576 2514 ι
603 2479 858 2542 nomine,
886 2479 1076 2530 virum
1100 2479 1162 2530 in
1184 2490 1356 2542 quem
1385 2479 1542 2530 Deus
1563 2491 1760 2525 omnem

147 2566 577 2632 plenitudinem
591 2567 974 2634 spiritualium
985 2567 1759 2632 contuleratgratiarum.Ca-

144 2657 343 2709 ritatis
365 2658 429 2709 in
452 2671 519 2710 eo
541 2659 804 2724 gratiam,
825 2671 960 2710 cum
996 2658 1244 2723 videres,
1259 2657 1403 2710 nihil
1418 2656 1531 2710 tale
1545 2671 1759 2718 usquam

219 2859 240 2880 ⁸
263 2850 612 2916 Ammonio.]
663 2850 982 2902 Sozomenus
1026 2850 1161 2902 libro
1212 2851 1294 2914 VI,
1327 2866 1440 2914 cap.
1477 2849 1562 2906 30.
1601 2851 1762 2901 Nice-

158 2922 374 2986 phorus
419 2920 508 2972 lib.
546 2923 638 2984 XI,
675 2937 792 2986 cap.
828 2921 914 2976 37.
961 2922 1314 2972 Cassiodorus
1351 2921 1438 2970 lib.
1464 2923 1530 2972 X.
1557 2923 1756 2972 Hister.

161 2992 404 3056 Tripart.
450 3007 569 3056 cap.
604 2991 654 3046 7.
682 2993 791 3042 Hos
827 2993 1072 3056 Origenis
1092 2993 1328 3055 fulmine
1351 2993 1573 3054 infectos
1595 2993 1760 3054 fuisse

154 3068 314 3112 notat
335 3063 399 3114 D.
426 3064 793 3129 Hieronymus
814 3065 1014 3129 epistol.
1051 3065 1124 3114 ad
1159 3065 1570 3129 Ctesiphontem.
1595 3067 1760 3116 Fuere

159 3140 346 3184 tamen
359 3135 420 3184 hi
436 3135 865 3200 conjunctissimi
881 3137 985 3186 Chr
993 3142 1322 3200 ysostomo;et
1333 3137 1561 3200 quidam
1577 3151 1764 3185 eorum

159 3205 824 3271 honoriﬁcesepulti,quin
842 3209 1004 3258 etiam
1022 3208 1304 3258 miraculis
1313 3209 1569 3257 claruisse
1581 3209 1768 3257 dicun-

159 3283 270 3328 tur.
292 3277 440 3326 Nam
457 3277 520 3326 de
543 3278 836 3328 Ammonio
856 3279 1166 3328 etDioscoro
1191 3280 1297 3328 haec
1327 3278 1478 3328 habet
1504 3280 1760 3343 Georgius

157 3348 646 3398 Alexandrinusin
675 3351 790 3400 Vita
809 3351 985 3400 sancti
999 3349 1384 3416 Chrysostomi,
1399 3351 1460 3400 de
1475 3351 1545 3399 iis
1568 3365 1760 3400 mona-

157 3419 276 3468 chis
291 3434 474 3482 agens,
489 3421 968 3486 quosATheophilus
978 3421 1021 3470 A
1031 3421 1586 3486 lexand.cpisc.eremo
1599 3436 1764 3486 expu-

161 3489 250 3540 lit:
275 3483 568 3553 Ἀμμώνιὸς,
588 3483 678 3542 σὺν
702 3483 842 3544 δυᾶὶν
864 3488 1102 3554 ἆσκηταῖς
1119 3483 1337 3559 ἆδελφόῑς
1361 3496 1446 3544 καὶ
1470 3495 1540 3544 ἑνὶ
1566 3483 1762 3544 ἐπισίτιο-

159 3564 268 3630 ττῷ,
297 3564 344 3611 οὶ
389 3564 472 3630 ita!
513 3561 948 3630 κλοιοφορήσᾳντες
987 3559 1066 3615 ἐπὶ
1105 3561 1375 3622 Οὐάλεντος
1410 3559 1759 3630 ἔξωρίσθησαν,

161 3627 226 3688 ὡς
250 3639 409 3702 Ῠπᾶσα
433 3627 756 3702 Ῠέπιγινώάκνει
864 3635 1222 3702 ΔἈλεξάνδρεια
1242 3676 1254 3698 ,
1291 3627 1509 3688 τοιοῦτοι
1533 3635 1663 3692 ὄντες
1710 3631 1759 3686 ἐν

162 3701 368 3766 γνώσει,
413 3701 501 3765 ὡς,
549 3705 698 3768 μηδὲν
737 3699 913 3764 αὐτοὺς
943 3699 1214 3772 διαφυγεῖν,
1243 3716 1338 3759 τῶν
1385 3703 1434 3758 ἐν
1473 3715 1576 3764 ταῖς
1617 3707 1762 3763 Galate;

162 3783 364 3857 maca};
401 3779 598 3857 Ξολλοῖς
627 3773 996 3857 ἆπορουμένωψ
1017 3775 1102 3857 ’ὧν
1133 3779 1187 3857 et
1226 3781 1348 3844 μετὰ
1376 3779 1463 3830 δύο
1501 3773 1764 3857 incipite?)-

168 3863 263 3896 σαν
308 3847 357 3895 ἐν
405 3849 908 3915 Κνονσταντινουπόλει
965 3847 1366 3912 τελευτήσαντες,
1398 3849 1666 3915 Ἀμμώνιος
1709 3852 1763 3902 δὲ

166 3919 383 3984 καὶπερὶ
411 3914 498 3987 τὴν
537 3920 698 3977 ἔξοδον
744 3927 826 3971 τοῦ
864 3920 970 3982 βίου
1009 3919 1355 3987 «pose-ﬁrmae
1393 3923 1584 3987 λέγεται
1617 3923 1671 3974 δὲ
1707 3925 1763 3974 τὸ

167 3992 334 4072 Eripe:
371 3985 518 4072 αρτοῦ
559 3998 822 4072 νοσρῦντας
862 3995 968 4072 περὶ
1019 3985 1148 4058 ῥῖγος
1185 3985 1480 4059 Θεραπεεύειν⁸
1530 3995 1763 4046 τέθαπται

169 4057 222 4130 δὲ
262 4057 314 4130 ἐν
357 4061 426 4126 τῷ
465 4062 712 4129 μαρτυρίῳ
754 4072 848 4113 τῶν
898 4057 1188 4114 atumem
1233 4057 1387 4130 ἁτέραν
1428 4065 1694 4127 θαλάσσηςυ
1735 4066 1762 4117 ὅ

169 4129 221 4179 δὲ
255 4123 823 4202 inicito-iterumque”:
864 4132 1154 4196 τελευτήσας
1189 4123 1370 4191 καύτὸς
1414 4131 1565 4201 ἐτάφη
1613 4123 1664 4186 ἐκ)
1697 4140 1764 4202 τῷ

171 4203 412 4290 μαρτυρες)
457 4207 525 4290 τῷ
559 4200 712 4292 ἔναιε-’ᾖ
755 4202 871 4271 Δρυΐ
900 4209 969 4272 τῷ
1010 4207 1128 4272 πρὸς
1169 4209 1271 4291 τῆς,
1293 4207 1474 4292 πύιλης,
1512 4200 1576 4292 ei);
1604 4200 1764 4292 προεξ-

171 4289 331 4345 ρηται,
361 4271 426 4330 ὡς
461 4277 544 4332 τὰς
581 4271 812 4333 πλείστας
848 4271 947 4328 τῶνν
972 4285 1216 4345 γυναικῶν
1253 4271 1465 4345 ἐχούσας
1500 4271 1663 4330 nio-nit
1703 4275 1766 4336 εἷς

172 4338 316 4416 αὐτὸν
347 4346 594 4416 μεγάλην,
635 4338 1004 4416 καταλειψάσαξ
1035 4341 1146 4406 τοὺς
1174 4356 1256 4400 τοῦ
1281 4338 1524 4416 adﬁrmo:
1565 4349 1763 4416 ὅρκους,

170 4415 296 4486 itura
329 4424 423 4466 τῶν
469 4413 624 4486 εὐχῶν
669 4419 938 4486 Διοσκόρω
975 4415 1208 4483 ὃμνύεινε
1255 4413 1604 4474 Ammonius
1632 4413 1764 4474 cum

172 4483 394 4537 duobus
411 4483 730 4542 etiamnum
745 4483 1033 4556 religiosis
1050 4490 1341 4554 fratribus,
1360 4498 1535 4556 atque
1551 4508 1654 4542 uno
1665 4496 1766 4556 epi-

173 4567 358 4620 scopo,
385 4559 484 4622 qui
509 4562 1282 4627 cumvinculapertulissent,
1305 4565 1656 4617 etimmanes
1674 4572 1766 4614 tor-

172 4631 327 4708 turas
345 4631 456 4682 sub
483 4633 736 4708 Valente,
751 4634 965 4708 ﬁnibus
994 4634 1106 4708 illis
1132 4635 1411 4708 eliminati
1435 4639 1586 4699 sunt,
1608 4637 1763 4700 quod

173 4704 440 4752 universa
461 4704 726 4766 agnoscit
757 4704 1118 4757 Alexandria.
1156 4707 1226 4757 Et
1264 4706 1314 4757 is
1353 4708 1764 4771 sexagenarius

171 4774 289 4821 erat
313 4789 324 4818 :
352 4775 411 4823 et
433 4772 494 4824 hi
521 4775 760 4828 scientia
777 4777 859 4827 sic
874 4776 1098 4840 praediti
1119 4783 1300 4836 erant,
1328 4781 1391 4828 ut
1415 4789 1514 4829 eos
1541 4777 1670 4828 nihil
1694 4780 1768 4828 la-

173 4843 316 4892 teret
326 4841 385 4894 in
409 4843 620 4898 divinis
637 4848 959 4912 Scripturis,
991 4849 1050 4900 in
1071 4849 1280 4912 quibus
1295 4849 1509 4912 alioqui
1527 4851 1766 4910 permulti

173 4911 387 4965 harent
401 4919 458 4968 et
469 4911 829 4971 addubitant.
854 4923 1012 4972 Horn
1021 4933 1078 4972 m
1091 4911 1330 4984 quidem
1343 4911 1458 4972 duo
1474 4921 1764 4974 obdormi-

175 4988 372 5065 verunt
394 4987 968 5065 Constantinopolim
991 4991 1170 5065 fatum
1195 4993 1580 5065 concedentes
1596 5012 1608 5052 ;
1624 4996 1764 5046 Am-

174 5063 394 5128 monius
431 5064 625 5112 autem
660 5063 997 5126 priusquam
1023 5074 1052 5114 e
1075 5063 1192 5114 vita
1217 5063 1507 5128 migraret,
1532 5065 1762 5118 oracula

174 5124 412 5200 reddidit
425 5129 496 5182 de
510 5124 736 5184 futuris.
753 5124 1190 5185 Monumentum
1211 5124 1402 5186 autem
1415 5124 1542 5200 ejus
1553 5136 1763 5188 dicitur

174 5193 379 5250 mederi
403 5201 586 5266 rigore
606 5204 788 5256 febrili
802 5204 1216 5256 laborantibus.
1237 5193 1505 5270 Sepultus
1521 5214 1612 5260 est
1626 5215 1758 5257 trans

175 5277 336 5326 mare,
358 5271 418 5322 in
444 5273 569 5326 inde
584 5276 857 5340 apostolis
881 5275 1086 5327 dicata.
1119 5279 1290 5329 Porro
1314 5279 1618 5330 Dioscorus
1641 5281 1760 5344 epi-

177 5353 376 5405 scopus
399 5357 533 5396 cum
552 5347 703 5399 diem
716 5361 888 5400 suum
904 5349 1160 5411 obiisset,
1180 5350 1441 5414 sepultus
1458 5356 1548 5402 est
1561 5353 1617 5402 in
1635 5367 1760 5400 mar-

177 5414 330 5487 tyrio,
353 5418 509 5479 quod
529 5418 705 5471 situm
729 5425 818 5471 est
841 5421 899 5471 in
911 5422 1133 5482 Quercu
1157 5425 1289 5474 ante
1303 5427 1526 5487 portam
1541 5423 1656 5474 sive
1668 5437 1758 5475 co-

176 5483 440 5558 lumnam,
456 5489 529 5542 de
543 5503 658 5553 qua
681 5491 948 5553 superius
959 5491 1178 5544 dictum
1197 5483 1392 5545 estht
1409 5483 1640 5558 quidem
1655 5511 1760 5556 per-

177 5555 361 5610 multae
379 5561 647 5614 mulieres
671 5565 958 5615 constanti
979 5564 1034 5614 in
1063 5565 1255 5628 ipsum
1273 5565 1386 5616 ﬁde
1407 5555 1757 5622 nitebantur.

177 5629 307 5712 adeo
323 5635 386 5712 ut
399 5632 447 5683 si
459 5645 575 5712 qua
597 5635 759 5712 tes_tis
783 5635 1182 5712 perorationes
1199 5638 1457 5712 Dioscori
1471 5654 1524 5688 se
1538 5641 1759 5688 obstrin-

175 5705 344 5752 xisset
361 5705 754 5768 jurejurando,
785 5706 943 5760 nulla
958 5707 1178 5760 ratione
1189 5721 1362 5774 passa
1376 5711 1582 5762 fuisset
1599 5724 1660 5764 se
1671 5715 1761 5771 ju-

179 5775 405 5846 ramenti
425 5789 552 5827 esse
569 5778 845 5842 perﬁdam
863 5779 1252 5832 desertricem.
1277 5781 1404 5831 Vide
1424 5783 1673 5846 quaedam
1699 5783 1761 5832 de

179 5843 258 5893 his
275 5848 317 5893 et
331 5861 434 5911 pro
469 5848 555 5899 his
577 5849 720 5900 dicta
739 5865 911 5916 supra
933 5851 1311 5916 Prolegomeno
1331 5852 1414 5916 15,
1437 5843 1534 5904 ubi
1555 5855 1618 5904 de
1641 5869 1765 5904 auc-

183 5915 376 5967 toritate
399 5918 598 5970 horum
623 5921 906 5984 librorum,
919 5915 1263 5986 respmtsione
1280 5924 1356 5975 ad
1378 5915 1765 5990 argumentum

1863 1946 2000 2002 tres,
2021 1943 2316 2002 tamquam
2344 1937 2393 1988 si
2408 1936 2605 1988 nutrix
2629 1935 2822 1988 foveat
2845 1935 2992 1986 ﬁlios
3005 1947 3164 1998 suos,
3183 1933 3262 1984 ita
3277 1948 3469 1983 unum-

1861 2041 2147 2093 quemque
2169 2027 2525 2078 instruentes
2549 2024 3014 2088 consolabantur,
3031 2028 3090 2076 et
3103 2022 3378 2076 docentes
3394 2021 3467 2074 ad

1863 2130 2154 2170 summam
2177 2115 2582 2182 perfectionem
2611 2115 2942 2168 nitebantur
2963 2113 3224 2166 educere.

1923 2215 2189 2268 Vidimus
2212 2227 2348 2278 ergo
2372 2213 2765 2279 supradictum
2790 2212 3083 2264 hominem
3104 2210 3206 2264 Dei
3227 2212 3464 2263 Ammo-

1861 2305 2025 2356 nium
2055 2307 2076 2340 ²
2100 2305 2410 2356 habentem
2434 2302 2848 2354 monasterium
2872 2302 3020 2354 inter
3041 2313 3142 2352 eos
3158 2312 3324 2352 muro
3357 2300 3466 2350 cir-

1861 2395 2213 2458 cumdatum,
2252 2393 2409 2458 quod
2442 2393 2502 2445 in
2537 2392 2647 2444 illis
2669 2391 2810 2444 locis
2851 2404 2925 2444 ex
2946 2389 3221 2443 lateribus
3241 2389 3419 2442 coctis
3445 2389 3462 2424 ί

1860 2484 1981 2537 ﬁeri
2003 2485 2168 2536 facile
2199 2482 2344 2536 solet
2367 2481 2645 2547 amplum,
2666 2486 2724 2535 et
2741 2480 3012 2534 omnibus
3033 2478 3375 2532 necessariis
3391 2480 3470 2526 in-

1861 2576 2164 2636 structum,
2198 2573 2257 2624 in
2280 2585 2396 2637 quo
2419 2571 2592 2624 etiam
2615 2574 2852 2636 puteum
2877 2569 3000 2636 ipse
3024 2568 3258 2621 foderat.
3298 2567 3468 2619 Venit

1859 2665 2051 2718 autem
2065 2662 2300 2726 quidam
2316 2661 2534 2722 fratrer,
2555 2660 2762 2713 salvari
2771 2659 2926 2724 apud
2941 2671 3073 2711 eum
3089 2657 3312 2720 volens,
3326 2658 3469 2705 adiit-

1859 2861 2182 2914 secundum.
2213 2859 2411 2912 Saltem
2433 2858 2547 2910 divi
2579 2855 3218 2922 Hieronymimonitione
3245 2853 3346 2904 tuti
3368 2868 3471 2903 esse

1857 2947 2163 3000 possumus.
2376 2999 2383 3000 ί
2896 2930 3308 3000 Βρετνβγρυε.

1921 3002 1943 3032 δ
1968 3004 2116 3056 Huic
2146 3005 2308 3054 erant
2351 2999 2468 3052 duo
2513 3001 2736 3064 fratres,
2771 3003 2878 3050 etc.
2887 2999 2900 3062 J
2954 2997 3096 3047 Dicii
3140 2997 3200 3045 hi
3233 2997 3471 3060 quatuor

1863 3077 2012 3141 fuere
2029 3073 2208 3137 Longi
2223 3089 2256 3123 α
2274 3073 2518 3136 corporis
2543 3070 2748 3121 habitu.
2777 3069 3037 3141 Georgius
3059 3067 3472 3141 Alswandrinus

1873 3149 1997 3196 Vita
2034 3143 2439 3209 Chrysostomi:
2465 3141 2582 3191 Viri
2600 3141 2771 3198 enim,
2799 3140 2897 3202 qui
2919 3139 2975 3190 in
3007 3141 3250 3203 Egypto
3273 3137 3470 3200 presi-

1869 3219 2087 3270 debant
2107 3213 2496 3277 monasteriis,
2516 3214 2646 3278 pius
2670 3211 2763 3264 ille
2778 3212 3105 3272 Dioscorus,
3128 3209 3468 3262 Ammonius

1790 3287 1839 3362 ρ
1867 3291 2026 3350 item,
2078 3286 2392 3362 Eusebius_
2412 3289 2470 3336 et
2491 3283 2855 3362 Euthymius,
2881 3283 2985 3362 qui
3001 3281 3242 3362 quidem
3259 3281 3471 3362 fratres

1866 3366 2052 3424 erant,
2091 3372 2126 3412 a
2175 3357 2427 3421 corporis
2451 3355 2788 3421 proceritate
2831 3353 3018 3406 sortiti
3044 3354 3470 3402 nomenclaturam

1863 3432 2063 3498 Longi.
2112 3429 2222 3482 Sed
2267 3427 2424 3480 enim
2459 3426 2706 3478 istorum
2746 3426 2897 3478 fama
2933 3425 3076 3477 mire
3111 3424 3475 3498 increhuerat

1861 3497 2248 3566 Alexandriae,
2277 3499 2433 3564 quod
2449 3505 2507 3551 et
2531 3510 2795 3550 sermone
2815 3497 3018 3551 etvitm
3035 3497 3387 3549 ornamentis
3400 3499 3475 3544 in-

1861 3575 2228 3628 claruissent.
2266 3572 2369 3632 Qui
2408 3571 2575 3636 plura
2613 3570 2675 3619 de
2715 3569 2784 3620 iis
2803 3569 3168 3634 prosequitur.
3191 3567 3266 3617 De
3289 3567 3473 3616 eadem

1862 3650 2199 3712 Longorum
2216 3643 2578 3710 appellatione
2591 3641 2758 3692 iidem
2775 3641 3019 3692 historici
3031 3654 3163 3705 quos
3173 3644 3298 3688 ante
3313 3639 3473 3688 citari

2945 3713 3345 3765 Roswnvnus.

1926 3799 1945 3819 °
1969 3788 2059 3840 Ad
2100 3787 2474 3852 episcopatus
2511 3783 2805 3850 ofﬁcium]
2838 3784 3216 3848 Hermopoteos
3251 3781 3472 3846 Episco-

1859 3875 1964 3926 pus
1999 3859 2108 3922 fuit
2159 3858 2484 3916 Dioscorus;
2516 3857 2594 3906 ita
2631 3857 2889 3920 Georgius
2911 3855 3322 3905 Alexandri-nus
3357 3853 3475 3905 Vita

1868 3929 2260 3996 Chrysostomi,
2296 3927 2389 3978 ubi
2430 3928 2492 3978 de
2523 3934 2692 3977 morte
2723 3929 2838 3992 ejus
2872 3927 3023 3976 addit
3047 3940 3060 3976 :
3087 3927 3265 3976 Paulo
3289 3929 3478 3988 posta

1838 4037 1848 4042 -
1863 3995 2002 4068 fuga
2009 4004 2051 4054 T
2068 3999 2320 4066 heophili
2347 4012 2517 4052 suum
2535 3999 2674 4051 obiit
2687 3999 2838 4051 diem
2853 3999 3182 4068 dignusque
3203 4001 3294 4048 est
3307 3995 3474 4048 habi-

1865 4067 1979 4135 tus,
2000 4074 2100 4138 qui
2129 4075 2190 4124 in
2209 4070 2516 4137 splendido
2532 4069 2840 4122 admodum
2871 4067 3142 4133 sepulcho
3159 4070 3475 4117 funeraretur

1865 4147 1924 4198 in
1943 4146 2068 4198 aede
2093 4157 2263 4196 sacra
2286 4142 2545 4207 martyri,
2579 4153 2711 4206 quae
2741 4147 2830 4193 est
2857 4142 2917 4192 in
2941 4143 3182 4202 Quercu,
3223 4152 3337 4203 quo
3369 4138 3474 4190 loci

1864 4219 2062 4271 habita
2086 4222 2178 4270 est
2205 4215 2474 4281 Synodus
2502 4215 2806 4267 calumniae
2823 4213 3103 4266 adversus
3117 4215 3359 4262 Joannem
3385 4214 3477 4260 ad-

1865 4295 2087 4343 ornatae
2116 4291 2282 4340 Locus
2313 4293 2495 4338 autem
2517 4286 2604 4336 hic
2629 4290 2743 4336 erat
2770 4283 3478 4349 trans‘marc,Ruﬁnisubur

1865 4362 2036 4425 bium,
2091 4366 2149 4411 ut
2187 4359 2343 4410 habet
2388 4359 2676 4410 Palldaius
2712 4359 2924 4424 Dialog.
2951 4359 3012 4408 de
3034 4357 3190 4407 rebus
3215 4355 3272 4407 S.
3299 4355 3475 4420 Chry-

1865 4433 2203 4498 sostomi,qui
2231 4432 2484 4481 omnium
2500 4432 2764 4496 inspector
2773 4428 3210 4493 fuit.Niccphoro
3229 4426 3318 4476 lib.
3331 4426 3472 4498 XII],

1864 4521 1980 4569 cap.
2013 4503 2097 4559 15.
2118 4497 2326 4553 dicitur
2343 4503 2743 4555 suburbanum
2761 4500 2959 4553 navale
2975 4497 3368 4561 Chalcedonis,
3382 4497 3475 4547 ubi

1864 4582 1979 4625 erat
2003 4580 2347 4628 Ἀποστολεῖον
2369 4615 2382 4636 ,
2415 4574 2474 4624 id
2517 4579 2590 4623 est
2612 4573 2846 4622 Ecclesia
2881 4572 2941 4621 in
2978 4571 3238 4622 honorem
3263 4569 3408 4619 Petri
3430 4574 3474 4618 et

1783 4663 1841 4736 D
1867 4647 2030 4736 PauLli
2063 4646 2447 4736 Apostolorum
2472 4649 2784 4736 constructa
2803 4645 3069 4736 aliuft'no,
3095 4643 3476 4736 varia-quamo-

1865 4719 2172 4767 nachorum
2197 4716 2478 4766 domicilia
2503 4716 2601 4781 qui
2629 4731 2664 4765 α
2699 4715 2921 4780 Georgio
2947 4717 3011 4765 de
3042 4715 3320 4780 sepultura
3344 4713 3476 4764 Dio-

1857 4790 1996 4839 scori
2020 4789 2216 4852 variat,
2243 4789 2322 4839 ait
2347 4789 2496 4839 enim
2519 4803 2532 4840 :
2555 4789 2867 4840 Dioscorus
2879 4801 3130 4851 namque
3148 4785 3474 4838 Constanti-

1857 4861 2050 4926 nopoli
2075 4861 2234 4926 prius
2285 4865 2575 4923 mortuus,
2601 4859 2657 4912 in
2677 4859 2888 4924 templo
2905 4859 3072 4913 Mocil
3095 4858 3362 4923 martyris
3388 4869 3478 4909 se-

1859 4933 2058 4996 pultus
2071 4938 2175 4984 est.
2196 4936 2241 4985 A
2261 4933 2516 4984 mmoniu
2527 4947 2554 4984 s
2570 4936 2762 4984 autem
2777 4933 2931 4986 brevi
2947 4937 3078 4998 post
3093 4944 3226 4983 cum
3242 4932 3407 4993 Synod
3417 4945 3474 4979 us

1857 5007 2251 5070 adornaretur,
2291 5006 2622 5058 valetudine
2649 5004 2854 5057 affecta
2873 5005 2934 5056 in
2957 5007 3237 5067 Quercum
3267 5005 3474 5065 quidem

1859 5077 2036 5140 venit,
2071 5077 2173 5128 sed
2203 5077 2318 5129 illic
2343 5077 2546 5129 morbo
2573 5081 2803 5141 propter
2819 5074 3476 5139 trajectioneminvalcs-

1861 5151 2044 5210 cenle,
2073 5149 2243 5212 paulo
2271 5153 2403 5212 post
2425 5153 2484 5200 et
2508 5149 2632 5214 ipse
2654 5148 2808 5199 diem
2835 5159 3007 5198 suum
3023 5146 3182 5209 obiit,
3207 5149 3379 5208 atque
3395 5145 3472 5196 ibi

1861 5231 1896 5270 a
1921 5219 2223 5270 monachis
2250 5220 2372 5270 suis
2395 5220 2711 5272 honorifice
2726 5221 2816 5270 est
2839 5217 3174 5270 tumulatus.
3199 5216 3476 5280 Templum

1862 5295 2042 5339 autem
2068 5290 2230 5339 Monii
2259 5291 2524 5354 martyris
2540 5290 2800 5340 collocant
2815 5290 3019 5339 Mcnea
3040 5287 3101 5342 11
3121 5287 3343 5350 Maii,in
3356 5287 3476 5350 ipsa

1861 5361 1989 5410 urbe
2029 5361 2668 5426 Constantinopolitana.
2695 5359 2819 5410 Non
2846 5367 2976 5412 recte
3000 5361 3062 5409 in
3081 5358 3380 5422 Menologio
3406 5357 3474 5414 10

1860 5439 1907 5483 et
1949 5433 2008 5488 11
2062 5434 2199 5483 Maii
2234 5433 2346 5482 dies
2391 5433 2649 5483 coaluere.
2687 5433 2760 5482 De
2785 5434 2884 5483 hoc
2909 5432 3100 5496 templo
3125 5430 3243 5481 vide
3266 5431 3474 5482 Baron.

1861 5505 2042 5557 Notat.
2069 5505 2142 5554 ad
2165 5505 2396 5569 Martyr.
2427 5507 2661 5555 Roman.
2703 5503 2770 5558 13
2803 5504 2960 5554 Maii.
3006 5505 3410 5557 ROSWEYDUS.

1926 5603 1941 5638 ¹
1977 5602 2262 5656 Palladius
2299 5616 2421 5667 cap.
2459 5601 2544 5656 1‘2.
2587 5602 2860 5666 quaedam
2886 5600 2957 5654 de
2982 5601 3110 5654 hoc.
3141 5599 3469 5666 Origenista

1860 5675 1953 5728 hic
1973 5689 2105 5728 cum
2128 5675 2375 5728 Eusebio
2397 5673 2772 5738 etEuthymio
2791 5673 2912 5738 fuit,
2933 5679 3076 5726 teste
3099 5674 3464 5738 Hieronymo.

1923 5769 1944 5802 2
1982 5766 2268 5818 Palladius
2293 5763 2517 5828 cap.70,
2543 5764 2702 5817 hunc
2724 5764 3018 5816 diversum
3046 5777 3081 5817 a
3107 5765 3295 5830 priore
3309 5764 3466 5817 facit.

1922 5857 1944 5888 τι
1965 5855 2194 5908 Vitiose
2243 5853 2480 5908 omnino
2521 5853 2696 5906 scribi
2745 5857 2918 5908 antea
2941 5854 3134 5911 visum
3166 5857 3256 5910 est
3278 5855 3470 5918 erucis,

1868 5938 1970 5990 pro
2001 5927 2177 5990 coctis,
2195 5926 2350 5991 quod
2376 5925 2754 5980 restituimus.
