3898 6394
470 329 573 385 447

1493 330 1731 381 RUFINI
1765 325 2257 389 AQUILEIENSIS
2291 322 2731 376 PRESBYTERI

3661 314 3763 371 448

467 457 577 507 que
600 443 849 496 eundem
869 444 1236 495 Ammonium
1251 454 1480 505 rogans,
1507 443 1692 493 sicubi
1716 454 1779 491 es
1791 447 1871 491 set
1885 442 2069 489 cellula
2089 443 2150 515 Α
2173 443 2294 490 erat
2318 437 2543 489 Domini
2560 435 2762 500 gratia,
2780 445 2953 498 quam
2973 433 3033 484 in
3054 444 3119 484 eo
3136 431 3309 483 etiam
3327 429 3759 493 vultusipsein-

468 545 698 593 vacans,
730 534 789 583 in
814 546 927 596 qua
949 532 1205 583 habitare
1229 536 1439 594 posset.
1464 530 1624 581 Tunc
1655 528 1767 589 ille,
1801 531 1936 593 Ego,
1971 530 2055 580 in-

470 622 613 685 quit,
638 623 941 685 inquiram,
970 621 1067 672 sed
1093 620 1275 671 donec
1300 620 1612 679 inveniam,
1628 618 1855 670 hicesto
1876 619 1936 669 in
1950 618 2061 669 hoc

470 712 819 761 monasterio
845 728 854 758 :
882 723 988 772 ego
1013 710 1163 760 enim
1186 710 1305 772 jam
1335 722 1487 760 nunc
1508 708 1781 772 egrediar,
1798 711 1865 758 ut
1882 707 2063 770 requi-

468 811 607 851 ram.
637 801 704 849 Et
724 798 1057 862 relinquens
1077 798 1128 848 ei
1157 798 1350 849 omnia
1374 797 1723 862 paritercum
1742 800 2057 859 monasterio,

469 889 590 950 ipse
621 884 767 955 |90
796 887 994 951 procul
1015 889 1088 939 ab
1119 901 1185 939 eo
1211 888 1333 939 loco
1364 888 1766 952 parvissimam
1797 886 2060 937 cellulam

466 977 689 1041 reperit,
718 982 890 1040 atque
916 978 974 1027 in
991 989 1057 1027 ea
1075 990 1137 1029 se
1155 978 1471 1039 constituit,
1492 977 1761 1040 fratrique
1779 976 1874 1038 qui
1902 991 2061 1035 nuper

465 1066 649 1117 adven
659 1070 798 1123 erat,
812 1079 919 1117 nec
945 1065 1309 1130 intelligenti,
1331 1079 1401 1118 ex
1424 1066 1645 1129 integro
1659 1079 1789 1116 cum
1803 1067 2060 1126 omnibus,

466 1166 600 1217 qua
629 1155 689 1205 in
714 1168 780 1205 eo
806 1154 1047 1218 fuerant,
1075 1155 1251 1205 cessit
1273 1155 1638 1205 monasterio.
1658 1154 1766 1205 Sed
1791 1158 1846 1204 et
1870 1153 1917 1204 si
1934 1153 2062 1217 plu-

464 1255 558 1293 res
597 1242 862 1303 fuissent,
904 1245 1001 1306 qui
1038 1243 1183 1295 forte
1213 1243 1515 1295 venientes
1539 1242 1746 1294 salvari
1789 1246 2066 1304 cuperent

465 1330 831 1394 supradictus
856 1332 939 1382 vir
961 1332 1231 1383 fratribus
1252 1331 1615 1395 congregatis
1627 1332 2060 1393 omnibus,cum

464 1418 755 1471 alacritate
774 1420 1117 1482 juvantibus
1136 1422 1243 1471 sub
1262 1420 1350 1471 die
1365 1433 1484 1471 una
1500 1420 1916 1471 monasterium
1934 1433 2062 1471 con-

466 1509 742 1559 struebat.
771 1510 836 1558 Et
858 1521 989 1559 cum
1004 1509 1243 1571 singulis
1257 1509 1587 1572 quibusque
1601 1508 1950 1571 explevisset
1964 1524 2061 1557 nu-

463 1609 685 1648 merum
699 1600 1197 1660 monasteriorum,
1213 1598 1609 1650 invitabantur
1624 1598 1701 1663 hi,
1720 1600 1817 1661 qui
1831 1603 2057 1647 mansuri

463 1690 627 1737 erant
651 1684 724 1735 ad
750 1686 1083 1747 Ecclesiam,
1110 1688 1276 1750 quasi
1307 1686 1633 1738 refectionis
1650 1687 1853 1750 gratia,
1871 1680 2058 1747 quibus

464 1773 606 1824 inibi
621 1774 932 1837 occupatis,
962 1777 1367 1839 unusquisque
1382 1775 1620 1826 fratrum
1638 1775 1708 1826 de
1721 1774 1937 1826 cellulis
1954 1778 2060 1822 suis
2085 1756 2138 1829 B

465 1862 836 1925 proferentes,
852 1876 984 1926 qua
1002 1864 1326 1915 necessaria
1343 1862 1889 1927 erant,singulorum
1907 1878 2063 1911 novas

465 1949 701 2002 cellulas
742 1952 1126 2015 instruebant,
1165 1953 1244 2003 ita
1265 1958 1330 2003 ut
1366 1965 1438 2004 ex
1463 1951 1765 2003 collatione
1789 1952 2059 2014 caritatis,

465 2039 608 2091 nihil
633 2040 888 2104 omnino,
902 2041 994 2093 vel
1007 2041 1357 2102 utensilium,
1385 2041 1479 2093 vel
1506 2054 1637 2105 qua
1662 2041 1733 2092 ad
1752 2042 1967 2093 victum
1983 2054 2062 2093 re-

465 2128 777 2191 quiruntur
799 2130 1047 2193 deesset,
1062 2144 1165 2181 nec
1182 2136 1373 2183 tamen
1386 2131 1691 2182 manifesta
1702 2130 1862 2182 fleret
1880 2133 2061 2178 unius-

465 2218 749 2281 cujusque
771 2218 1002 2270 oblatio.
1019 2221 1287 2282 Regressi
1305 2233 1440 2283 ergo
1456 2220 1524 2271 ad
1541 2232 1854 2283 vesperam,
1871 2219 1931 2269 in
1942 2220 2061 2280 qui-

464 2307 573 2358 bus
599 2307 828 2359 fuerant
850 2308 1071 2361 cellula
1096 2313 1450 2373 praparata,
1475 2309 1848 2361 inveniebant
1875 2309 2061 2372 posita

464 2396 657 2447 omnia
679 2409 811 2460 qua
832 2397 904 2448 ad
918 2410 1061 2449 usus
1078 2398 1594 2461 erantnecessaria,
1611 2403 1669 2449 et
1682 2398 1762 2450 ita
1776 2398 2061 2449 instructa

464 2484 811 2541 habitacula,
858 2491 922 2537 ut
970 2487 1113 2538 nihil
1154 2499 1388 2551 prorsus
1426 2487 1628 2539 deesse
1652 2488 2056 2552 perspicerent.

975 2601 1261 2665 CAPUT
1303 2601 1549 2665 XXIV.

1053 2747 1130 2785 ΟΒ
1168 2746 1184 2763 ⁸
1218 2747 1470 2787 DIDYMO.

718 2851 881 2913 (Deest
907 2851 994 2900 hic
1018 2850 1268 2901 Palladio
1303 2852 1365 2900 de
1388 2851 1623 2914 Didymo
1647 2851 1809 2913 caeo.)

530 2955 791 3009 Vidimus
814 2957 1125 3021 quemdam
1143 2958 1374 3020 (Pallad.
1389 2973 1506 3021 cap.
1526 2958 1600 3021 4.)
1616 2958 1763 3009 inter
1781 2970 1879 3009 eos
1890 2971 1963 3009 ex
1981 2972 2055 3006 se-

464 3046 727 3099 nioribus
743 3047 929 3099 virum
944 3048 1417 3108 bonum,nomine
1432 3050 1607 3108 Didym
1618 3049 1775 3111 um,iu
1788 3063 1888 3108 quo
1903 3048 2061 3099 multa

2157 528 2403 582 dicabat.
2446 527 2550 577 Hic
2596 524 2926 587 scorpiones
2954 527 3011 573 et
3046 526 3318 583 cerastas,
3342 520 3401 571 id
3425 525 3516 570 est
3548 520 3759 570 bestias

2157 633 2307 685 quas
2348 620 2618 668 cornutas
2653 616 2879 673 vocant,
2915 615 2972 662 et
3004 623 3245 674 angues,
3272 609 3371 672 qui
3397 609 3459 659 in
3481 608 3595 658 illis
3624 608 3759 658 locrs

2158 722 2277 774 pra
2307 708 2527 758 fervore
2552 702 2689 753 solis
2718 700 2976 751 acerrimi
3008 699 3297 750 habentur
3332 702 3612 760 tanquam
3650 700 3759 747 ter-

2158 810 2237 849 ra
2262 794 2546 860 quosdam
2571 788 2917 843 vermiculos
2936 788 3175 852 pedibus
3200 785 3600 847 conculcabat,
3618 784 3754 836 etita

2158 884 2551 948 extinguebal,
2590 885 2657 933 ut
2684 878 2828 931 nihil
2851 878 2922 928 ab
2944 878 3025 928 eis
3046 875 3281 927 omnino
3303 879 3616 939 pateretur.

2605 999 2728 1070 191
2782 990 3068 1057 CAPUT
3113 989 3327 1052 XXV.

2753 1120 2830 1158 DE
2866 1107 2887 1135 ἰ
2920 1116 3165 1158 CRONIO.

2163 1227 2395 1294 (Pallad.
2434 1240 2553 1291 cap.
2590 1221 2679 1277 25.
2727 1227 2772 1272 et
2810 1220 2896 1276 89.
2944 1221 3005 1270 de
3059 1219 3274 1270 Croniis
3312 1218 3407 1281 qui
3452 1217 3569 1266 noti
3611 1217 3761 1279 fuere

2823 1309 3103 1372 Antonio.)

2221 1432 2485 1485 Vidimus
2530 1428 2683 1494 apud
2724 1440 2823 1479 eos
2858 1431 2915 1479 et
2937 1426 3111 1477 alium
3136 1436 3381 1477 summa
3403 1422 3760 1487 antiquitatis

2157 1528 2400 1591 patrem,
2428 1520 2700 1572 Cronium
2723 1517 2955 1568 nomine
2979 1516 3039 1566 in
3066 1519 3361 1566 senectute
3379 1515 3549 1577 bona,
3564 1517 3624 1565 et
3632 1525 3756 1577 per.

2158 1615 2310 1666 fecta
2342 1615 2513 1663 atate
2550 1608 2855 1659 durantem
2882 1620 2894 1656 :
2917 1609 3149 1657 centum
3172 1616 3443 1667 namque,
3471 1608 3529 1654 et
3558 1602 3759 1654 decem

2160 1702 2349 1756 atatis
2371 1700 2579 1764 agebat
2601 1708 2804 1748 annos.
2837 1696 2941 1745 Hic
2966 1708 3037 1745 ex
3062 1693 3359 1757 discipulis
3381 1692 3576 1744 adhuc
3609 1692 3757 1743 beati

2165 1790 2397 1843 Antonii
2419 1790 2741 1852 supererat:
2758 1785 2929 1848 cujus
2952 1784 3099 1834 inter
3124 1788 3346 1834 ceteras
3370 1782 3551 1833 animi
3576 1781 3757 1834 virtu-

2159 1887 2248 1935 tes
2274 1878 2617 1932 humilitatis
2641 1875 2882 1939 gratiam
2899 1873 3148 1925 vidimus
3171 1873 3538 1924 immensam.

2655 1989 2942 2056 CAPUT
2994 1987 3247 2051 XXVI.

2728 2118 2806 2157 DE
2839 2117 2859 2138 °
2893 2115 3177 2156 ORIGBNB.

2216 2228 2349 2277 Erat
2370 2226 2564 2276 autem
2599 2226 2655 2274 et
2679 2221 2828 2274 alius
2843 2220 3035 2271 adhuc
3064 2232 3137 2271 ex
3162 2216 3462 2282 discipulis
3496 2218 3753 2279 Antonii,

2156 2316 2430 2379 Origenes
2453 2312 2706 2369 nomine,
2733 2311 2822 2361 vir
2837 2322 2937 2374 per
2957 2309 3150 2360 omnia
3160 2307 3523 2371 magnificus,
3546 2312 3593 2354 et
3613 2322 3753 2356 sum-

2157 2418 2269 2458 ma
2299 2402 2641 2466 prudentia,
2659 2401 2828 2465 cujus
2849 2411 3041 2450 sermo
3057 2403 3114 2450 et
3130 2397 3380 2449 narratio
3392 2396 3463 2449 de
3480 2398 3753 2445 virtutibus

2154 2494 2354 2559 optimi
2376 2492 2659 2557 magistri,
2673 2489 2928 2541 hominis
2958 2488 3079 2551 Dei,
3093 2487 3417 2539 aedificabat
3431 2497 3633 2538 omnes
3648 2497 3753 2537 au-

2156 2593 2402 2655 dientes,
2442 2596 2500 2643 et
2534 2588 2930 2642 inflammabat
2957 2586 3350 2647 vehementer,
3389 2584 3468 2635 ita
3498 2588 3566 2636 ut
3601 2580 3749 2652 192

2155 2690 2340 2743 oculis
2367 2688 2542 2753 cerni,
2568 2699 2699 2752 qua
2721 2688 2792 2738 ab
2816 2698 2884 2737 eo
2913 2685 3319 2744 narrabantur,
3341 2687 3593 2748 putares.

2640 2810 2931 2877 CAPUT
2983 2807 3265 2873 XXVII.

2732 2948 2811 2987 nn
2845 2934 2866 2963 ἀ
2901 2945 3189 2987 amomo.

2221 3053 2488 3105 Vidimus
2521 3052 2598 3102 ibi
2632 3049 2862 3112 (Pallad.
2902 3064 3018 3113 cap.
3045 3048 3150 3112 86.)
3177 3051 3233 3100 et
3256 3046 3749 3111 sapientissimum

524 3225 541 3244 '
566 3216 851 3281 Didymoj
892 3219 965 3267 De
992 3218 1087 3267 hoc
1112 3218 1345 3281 Didymo
1370 3218 1516 3267 nihil
1545 3217 1696 3283 αριιά
1725 3218 2056 3279 Palladium,
2088 3192 2136 3266 Ο
2221 3225 2286 3273 Al
2332 3222 2650 3271 aestimemus
2693 3221 2995 3284 Evagrium
3039 3235 3064 3269 e
3098 3218 3340 3284 propriis
3361 3218 3563 3282 pretiis,
3586 3216 3753 3278 fuisse

458 3287 549 3336 sed
582 3288 643 3336 de
666 3288 775 3336 alio
790 3303 918 3337 caeo
941 3288 1338 3352 Alexandrino,
1366 3291 1427 3338 de
1446 3291 1829 3353 cujuseacitate
1852 3290 1940 3339 lib.
1964 3290 2059 3339 III.

463 3360 654 3421 Ruﬁni
696 3374 851 3408 num.
892 3359 1013 3413 ‘218.
1057 3362 1235 3423 Hujus
1273 3364 1590 3410 memoriam
1616 3362 1675 3410 in
1700 3363 1870 3411 Fastis
1893 3362 2061 3409 sacris

463 3445 575 3478 non
595 3431 794 3490 inveni,
812 3438 1166 3495 praeterquam
1181 3434 1241 3481 in
1258 3433 1502 3482 Flomrio
1517 3433 1841 3483 Sanctorum
1859 3447 2061 3480 manu-

467 3502 662 3565 scripto
690 3501 775 3555 11.
801 3503 1091 3565 Aprills,S.
1119 3504 1349 3567 Didymi
1373 3504 1650 3555 Eremita.
1674 3505 1746 3552 De
1771 3505 1865 3553 hoc
1881 3504 2059 3552 eodem

464 3573 703 3641 Socrates
733 3573 819 3623 lib.
847 3574 939 3633 IV,
971 3590 1085 3641 cap.
1116 3574 1199 3628 18.
1226 3576 1434 3638 Δίδυμος
1465 3578 1632 3637 ἄλλος,
1662 3570 1816 3635 οὗτος,
1844 3578 2061 3641 μοναχὸς

466 3638 788 3706 ἐννενήκοντα
829 3647 911 3705 ἔτη
958 3640 1116 3707 βιοὺς,
1160 3643 1320 3697 οὐδενὶ
1358 3644 1592 3713 ἀνθρώπῳ
1630 3638 1906 3711 συνέμεινεν
1948 3638 2061 3713 {ﬁt

464 3720 825 3777 τῆςτελευτῆςε
874 3717 1159 3780 Didymus
1196 3718 1363 3779 alius,
1404 3719 1501 3781 qui
1526 3720 1698 3769 etiam
1740 3718 2059 3769 monachus

464 3786 586 3848 fuit,
629 3789 1056 3852 nonagintaque
1092 3790 1330 3840 confecit
1354 3801 1558 3853 annos,
1585 3802 1683 3853 per
1712 3794 1897 3840 tolum
1923 3790 2059 3841 vita

467 3858 715 3921 spatium
753 3860 970 3911 nullius
996 3874 1253 3923 unquam
1278 3861 1526 3911 hominis
1552 3861 1822 3912 societate
1848 3867 1903 3911 et
1923 3874 2062 3911 con-

465 3930 772 3981 suetudine
806 3945 944 3981 usus
959 3937 1065 3983 est.
1083 3934 1206 3990 Quae
1229 3933 1301 3981 ad
1316 3934 1527 3981 verbum
1551 3933 1829 3995 exscripsit
1860 3932 2060 3981 Suidas

462 4000 523 4048 in
563 4001 757 4064 Ἀμώς.
798 4003 953 4051 Hunc
996 4005 1057 4052 in
1104 4004 1214 4053 Sele
1236 4006 1477 4068 ﬂoruisse
1516 4006 1680 4053 lrarlil
1720 4005 2059 4068 Sozomenus,

464 4071 552 4119 lib.
580 4073 675 4135 IV,
700 4089 819 4138 cup.
850 4075 933 4129 30.
1591 4079 1994 4127 Roswavnvs.

525 4143 545 4170 "
570 4144 814 4207 Cronio.]
841 4146 1160 4195 Sosomenus
1184 4146 1270 4197 lib.
1308 4148 1389 4198 VI.
1425 4164 1542 4211 cap.
1583 4147 1669 4201 30.
1708 4147 1926 4212 Κρονίων
1951 4139 2060 4203 τοὺς

465 4209 643 4265 ἑκατὸν
669 4220 752 4267 καὶ
784 4219 903 4269 δέκα
939 4212 1183 4275 ἐνιαυτοὺς
1202 4220 1424 4283 γεγονώς.
1464 4209 1710 4269 Cronion
1733 4209 1918 4270 annos
1946 4220 2057 4281 iam

462 4285 685 4336 circiter
731 4288 927 4338 decem
959 4292 1015 4339 et
1040 4295 1274 4341 centum
1298 4296 1487 4340 natus.
1513 4290 1796 4339 Palladius
1826 4306 1943 4353 cap.
1970 4289 2058 4351 :25,

464 4355 619 4405 habet
645 4358 956 4411 Chronlum
982 4361 1341 4424 presbyterum
1368 4362 1559 4410 Nitria
1584 4368 1627 4409 et
1640 4378 1755 4426 cap.
1783 4362 2059 4415 89.01110-

460 4426 621 4478 nium
656 4444 864 4494 quoque
894 4432 1277 4497 presbyterum,
1312 4432 1551 4481 abbatem
1582 4439 1931 4482 trecentorum
1954 4450 2057 4497 pa-

462 4503 607 4547 trum
628 4500 683 4548 in
712 4502 911 4551 deserto
928 4504 1079 4568 apud
1103 4506 1274 4551 rivum
1303 4505 1581 4559 Phwniea.
1606 4506 1745 4554 unde
1762 4511 1908 4553 ortus
1924 4510 2054 4553 erat.

468 4570 767 4633 Utrumque
791 4576 1029 4624 Antonio
1056 4582 1243 4624 notum
1266 4576 1343 4624 ait
1369 4577 1669 4627 Palladius.
1698 4581 1781 4626 An
1815 4577 1948 4626 alter
1970 4592 2055 4624 co-

458 4656 586 4690 rum
625 4644 769 4693 idem
813 4662 939 4695 cum
986 4648 1082 4696 hoc
1121 4649 1186 4696 sil
1216 4648 1416 4698 dubito.
1453 4650 1642 4698 Noster
1664 4650 1750 4698 hic
1776 4650 1835 4697 in
1869 4651 2049 4708 Scete,

454 4717 579 4761 teste
612 4714 888 4766 ‘osomeno
911 4719 1111 4781 ﬂoruit.
1592 4724 1992 4773 Roswavuus.

526 4795 544 4814 ⁶
582 4786 866 4852 Origene]
912 4790 1233 4858 Sosomenus
1271 4791 1358 4840 lib.
1408 4792 1489 4852 VI,
1529 4807 1646 4857 cap.
1688 4793 1773 4847 30,
1820 4794 2057 4858 Γηραλέος

463 4859 551 4923 μὲν
598 4859 878 4925 Ὠριγένης,
926 4856 981 4912 ἐκ
1029 4871 1121 4912 τῶν
1168 4868 1389 4925 μαθητῶν
1431 4856 1680 4915 Ἀντονίου
1720 4873 1798 4915 τοῦ
1844 4856 2055 4928 pavones

461 4933 862 4996 περιειλειμμένος
891 4951 901 4980 :
935 4934 1209 4997 Origenes
1249 4947 1425 4986 senex
1466 4949 1616 4986 unus
1655 4949 1727 4988 ex
1760 4936 2057 5000 discipulis

461 5004 695 5055 Antonii
722 5005 931 5067 Magni,
959 5008 1055 5069 qui
1080 5007 1269 5058 adhuc
1294 5012 1589 5070 supererat
1610 5008 1776 5057 Addit
1802 5010 1857 5057 in
1895 5010 2057 5060 Scete

459 5076 668 5127 vixisse.
1592 5081 1992 5133 ROSWEYDUS.

520 5146 541 5175 ί¹
566 5149 839 5212 Evagrio]
855 5149 957 5208 Qui
970 5166 1049 5199 res
1067 5151 1293 5215 Evagrii
1302 5167 1506 5217 parum
1516 5158 1811 5217 perspectas
1826 5152 2055 5200 habuere

458 5219 638 5282 ipsum
675 5224 1002 5286 quandoque
1040 5223 1287 5286 laudant,
1316 5229 1375 5274 ut
1400 5225 1635 5273 Socrates
1661 5224 1942 5273 Navalilus
1964 5224 2052 5275 lib.

459 5290 551 5342 IV.
588 5293 992 5346 Histor.Eccles.
1030 5310 1145 5359 cap.
1181 5296 1264 5353 18,
1298 5302 1342 5344 et
1368 5297 1686 5346 Sosomenus
1707 5313 1849 5360 aque
1873 5297 2055 5346 Nova-

460 5363 642 5412 tianus
669 5364 755 5415 lib.
786 5365 865 5415 Vl.
888 5382 988 5430 cap
1010 5368 1247 5418 30.1dem
1261 5369 1393 5430 facit
1410 5369 1722 5418 Gennadius
1739 5370 1793 5416 in
1814 5369 2053 5431 catalogo

461 5435 558 5497 qui
580 5436 740 5483 etiam
765 5436 1003 5501 Evagrio
1028 5438 1299 5487 miracula
1315 5438 1533 5497 tribuit;
1556 5441 1646 5488 sed
1663 5440 1975 5489 Gennadius
1993 5440 2054 5488 ni

460 5507 637 5555 mium
654 5507 964 5571 Pelagianis
976 5509 1331 5570 favens,nihil
1349 5511 1620 5571 mirum,si
1634 5512 2051 5573 Pelagianorum

458 5581 787 5641 parentemE
792 5582 1041 5645 vagrium
1054 5581 1185 5630 laud
1192 5581 1237 5628 ib
1247 5598 1303 5630 us
1316 5582 1527 5645 tollat,et
1538 5582 1677 5643 falsa
1691 5583 1957 5631 adscribat
1975 5606 2011 5632 ιη
2021 5583 2057 5632 ίέ

462 5650 667 5700 racula.
687 5652 761 5701 De
786 5652 1035 5702 Palladio
1055 5653 1264 5703 Galala.
1281 5653 1376 5717 qui
1393 5655 1635 5703 eumdem
1648 5654 1947 5715 Eeagrium
1964 5670 2009 5701 m
2022 5655 2058 5702 i-

460 5722 605 5785 riﬁce
621 5724 1065 5787 celebravit,silem
1074 5740 1132 5774 us
1148 5726 1468 5787 modo,quod
1480 5726 1645 5774 eidem
1664 5728 1716 5774 in
1732 5726 2001 5789 impietate
2012 5732 2057 5775 et

468 5791 656 5842 haeresi
666 5811 792 5859 par,
811 5797 1151 5860 ejusdemque
1164 5796 1461 5861 discipulus
1473 5798 1718 5853 assistens,
1745 5795 1925 5845 anulus
1937 5812 1989 5844 1n
1998 5812 2058 5844 u-

465 5862 576 5914 lum
609 5872 798 5916 mutuo
822 5867 1005 5920 scabil.
1021 5868 1268 5918 Dicemus
1293 5870 1355 5920 de
1376 5869 1467 5920 illo
1482 5884 1578 5918 suo
1606 5868 1713 5918 loco
1733 5866 1881 5932 (libro
1904 5868 2053 5931 VIII).

2088 4609 2140 4681 D

2160 3294 2464 3344 harelieum
2479 3292 3278 3354 Origenistam,Pelagianisque
3294 3289 3519 3337 errandi
3532 3287 3755 3352 amplis-

2155 3368 2354 3415 simam
2374 3364 2673 3413 eaehibuissc
2703 3363 3007 3428 materiam,
3026 3364 3229 3411 mirum
3250 3361 3298 3410 si
3305 3361 3427 3424 jam
3442 3375 3555 3409 non
3572 3358 3756 3407 omni-

2156 3440 2248 3487 bus
2271 3438 2337 3484 sit
2360 3436 2876 3499 exploratissimum.
2898 3435 3207 3485 Audiamus
3228 3433 3361 3496 quid
3386 3432 3446 3479 de
3472 3446 3526 3480 eo
3548 3430 3751 3480 Patres.

2159 3512 2213 3561 S.
2244 3510 2607 3570 Hieronymus
2628 3508 2774 3571 epist.
2802 3508 2874 3555 ad
2902 3508 3291 3571 Ctesiphontem
3318 3505 3421 3552 hac
3438 3502 3752 3563 deEuagrio

2159 3581 2312 3630 habet
2329 3595 2343 3627 :
2359 3579 2641 3641 Evagrius
2662 3580 2932 3630 Ponticus
2946 3576 3341 3642 llyperborita,
3361 3575 3458 3638 qui
3477 3573 3673 3624 scribit
3688 3575 3749 3620 ad

2158 3654 2426 3716 virgines,
2454 3651 2653 3701 scribit
2674 3652 2745 3702 ad
2771 3649 3314 3711 monacllos,scribit
3335 3647 3406 3697 ad
3431 3659 3557 3696 eam
3584 3646 3753 3716 cujus

2154 3715 2365 3776 nomen
2391 3721 2704 3787 nigredinis
2732 3727 2976 3773 testatur
2998 3720 3251 3785 perﬁdia
3278 3719 3540 3770 tenebras
3570 3715 3756 3787 (Mela-

2160 3798 2311 3845 niam
2338 3784 2624 3859 intelligit),
2643 3794 2819 3845 edidit
2848 3784 3056 3843 librum
3090 3798 3147 3843 et
3173 3791 3488 3842 sententias
3504 3784 3757 3852 περὶᾶπα-

2156 3868 2302 3929 θείας,
2338 3880 2511 3930 quam
2526 3880 2633 3916 nos
2658 3863 3177 3929 impassibilitatem
3195 3862 3282 3915 vel
3300 3859 3757 3925 imperturbatio-

2156 3952 2287 3989 nem
2304 3951 2617 4002 possumus
2629 3937 2834 3999 dicere,
2852 3936 3081 3999 quando
3098 3946 3414 3997 numquam
3430 3936 3631 3980 animus
3646 3932 3755 3979 ullo

2157 4011 2606 4074 perturbationis
2634 4009 2771 4059 vitio
2794 4012 3210 4070 commovetur,
3236 4012 3294 4056 et
3330 4009 3395 4056 ut
3420 4002 3755 4065 simpliciter

2157 4080 2365 4138 dicam.
2404 4081 2494 4133 vel
2540 4094 2770 4141 saxum,
2807 4080 2893 4131 vel
2918 4081 3074 4130 Deus
3098 4082 3203 4129 est.
3231 4078 3419 4141 HUJUS
3443 4075 3620 4125 libros
3654 4084 3755 4136 per

2156 4154 2447 4204 Orientem
2474 4155 2721 4213 Graecos,
2762 4156 2819 4202 et
2837 4146 3451 4214 interpretediscipulo
3484 4150 3614 4209 ejus
3636 4146 3755 4195 Ru-

2159 4226 2290 4283 fino,
2342 4226 2575 4274 Latinos
2616 4223 2867 4286 plerique
2906 4222 2965 4272 in
2998 4220 3304 4272 Occidente
3339 4219 3618 4274 lectitant,
3643 4220 3751 4265 etc.

2159 4296 2274 4344 [Iac
2322 4296 2376 4345 S.
2416 4296 2637 4344 Ilieron.
2677 4296 2779 4351 Qui
2817 4295 2979 4342 etiam
3020 4292 3234 4355 Prafat.
3276 4292 3337 4339 in
3363 4290 3448 4339 lib.
3477 4289 3566 4347 Il',
3592 4302 3756 4351 super

2154 4367 2449 4417 Jeremiam
2488 4367 2591 4415 ista
2629 4366 2854 4415 scribit:
2892 4362 3343 4416 Commentarios
3366 4361 3425 4411 in
3449 4359 3753 4411 Jeremiam

2156 4452 2255 4503 per
2284 4437 2583 4489 intervalla
2604 4436 2912 4499 dictabam,
2931 4440 2995 4487 ut
3019 4434 3171 4499 quod
3199 4434 3389 4485 deerat
3411 4432 3756 4494 otio,super-

2156 4514 2311 4560 esset
2337 4510 2667 4563 industria;
2704 4521 2836 4559 cum
2860 4509 3051 4558 subito
3075 4506 3316 4557 haresis
3342 4504 3683 4569 Pythagora
3701 4507 3755 4552 et

2165 4581 2413 4631 ZonOllis
2447 4578 2682 4637 ἀπαθείας
2712 4583 2796 4632 καὶ
2833 4576 3230 4644 ἅναμαρτησίας,
3256 4577 3314 4628 id
3349 4582 3452 4631 est.
3486 4574 3756 4637 ἰωβξιδεί-

2163 4652 2396 4702 bilitatis
2435 4657 2492 4703 et
2528 4652 2947 4714 impeccantia,
2984 4662 3115 4713 qua
3152 4649 3287 4699 olim
3310 4648 3366 4698 in
3399 4646 3666 4709 Origene,
3697 4648 3754 4695 et

2158 4726 2378 4777 dudum
2398 4726 2456 4777 in
2473 4725 2770 4789 discipulis
2787 4726 2911 4787 ejus
2936 4723 3211 4784 Grunnio,
3225 4722 3586 4784 Evagrioque
3610 4720 3755 4768 Pon-

2160 4798 2269 4847 tico
2296 4802 2350 4847 et
2374 4797 2679 4847 Joviniano
2700 4795 2966 4858 jugulata
2990 4800 3097 4856 est,
3124 4793 3299 4857 capit
3322 4792 3681 4850 reviviscere,
3699 4794 3755 4840 et

2156 4881 2271 4919 non
2290 4868 2479 4918 solum
2500 4868 2559 4918 in
2585 4868 2928 4927 Occidentis,
2944 4867 3040 4917 sed
3070 4871 3127 4916 et
3151 4866 3209 4915 in
3234 4863 3481 4917 Orientis
3494 4861 3754 4926 partibus

2159 4939 2405 5002 sibilare,
2442 4944 2499 4989 et
2532 4939 2591 4989 in
2617 4939 2964 5002 quibusdam
2992 4937 3219 4992 insulis,
3247 4935 3648 4999 pracipueque
3671 4932 3755 4984 Si-

2156 5012 2303 5062 cilia
2337 5016 2394 5062 et
2415 5011 2601 5061 Rhodi
2625 5009 2913 5061 maculare
2941 5010 3264 5072 plerosque,
3292 5014 3350 5057 et
3376 5018 3629 5057 crescere
3659 5016 3756 5068 per

2156 5083 2279 5133 dies
2319 5083 2598 5145 singulos,
2647 5081 2787 5131 dum
2827 5086 3046 5131 secreto
3072 5079 3296 5142 docent,
3322 5081 3379 5129 et
3405 5075 3631 5140 publice
3654 5086 3756 5126 ne-

2154 5156 2311 5218 gant,
2332 5159 2375 5202 et
2410 5154 2523 5201 alia
2546 5153 2756 5215 subjicit
2782 5154 2839 5200 in
2867 5153 3107 5200 eamdem
3135 5150 3469 5199 sententiam.

2217 5226 2284 5274 At
2310 5225 2505 5287 quanti
2526 5240 2730 5288 semper
2758 5224 2942 5284 fecerit
2964 5223 3201 5271 Ecclesia
3224 5220 3753 5282 Romanvtjudicium

2156 5297 2210 5347 S.
2228 5297 2553 5359 Hieronymi
2578 5297 2637 5344 in
2666 5296 2767 5345 his.
2787 5312 2902 5359 qua
2926 5297 3033 5358 ipse
3058 5295 3118 5343 de
3140 5296 3357 5355 Ruﬁno,
3377 5289 3758 5354 E-vagrio,Pal—

2154 5368 2316 5429 ladio,
2354 5368 2583 5431 aliisque
2617 5368 2874 5431 plurimis
2908 5368 3060 5428 {quos
3098 5367 3208 5429 ipse
3238 5364 3400 5429 probe
3434 5364 3581 5411 intus
3615 5368 3661 5410 et
3696 5363 3753 5409 in

2155 5445 2267 5489 cute
2295 5440 2527 5499 noverat)
2555 5455 2845 5502 eorumque
2868 5438 3082 5500 scriptis
3107 5437 3385 5495 censuerit,
3412 5436 3549 5484 audi
3577 5435 3632 5485 S.
3663 5434 3756 5484 Ge-

2154 5511 2253 5559 lasi
2264 5527 2293 5557 ιι
2304 5526 2352 5558 ιη
2366 5514 2619 5574 primum
2633 5511 2693 5558 in
2710 5510 2949 5561 Concilio
2962 5512 3206 5557 Romano
3219 5508 3557 5571 septuaginta
3568 5506 3758 5569 episco-

2158 5597 2376 5646 porum,
2401 5582 2813 5630 memorandum
2843 5583 3001 5630 istam
3025 5582 3341 5630 sententiam
3366 5579 3720 5642 pro/'erenlem
3742 5591 3751 5620 :

2160 5656 2302 5704 Item
2342 5654 2588 5703 Ruﬁnus
2628 5654 2713 5704 vir
2746 5654 3049 5714 religiosus
3085 5654 3359 5716 plurimos
3384 5648 3753 5701 ecclesiastici

2159 5726 2347 5788 operis
2373 5725 2550 5776 edidit
2570 5726 2765 5786 libros,
2792 5724 3102 5776 nonnullas
3120 5726 3295 5773 etiam
3328 5723 3650 5783 Scripturas
3675 5722 3754 5770 in.

2162 5802 2507 5861 terpretatus
2532 5802 2622 5849 est
2640 5814 2651 5847 :
2668 5798 2765 5847 sed
2781 5797 3052 5860 quoniam
3074 5798 3128 5846 Β.
3154 5791 3753 5856 llieronymuseumin

2162 5867 2454 5931 aliquibus
2476 5868 2545 5919 de
2568 5868 2782 5919 arbitrii
2802 5867 3063 5918 libertate
3077 5866 3318 5923 notavit;
3336 5864 3430 5915 illa
3449 5863 3752 5917 sentimus,
