  <div class='ocr_page' id='page_1' title='image "/cluster/home/n/w/nwhite01/storage/ocr_20150623/21/umn.319510024773153/228.png"; bbox 0 0 3898 6398; ppageno 0'>
   <div class='ocr_carea' id='block_1_1' title="bbox 140 374 252 430">
    <p class='ocr_par' dir='ltr' id='par_1_1' title="bbox 140 374 252 430">
     <span class='ocr_line' id='line_1_1' title="bbox 140 374 252 430; baseline -0.018 0"><span class='ocrx_word' id='word_1_1' title='bbox 140 374 252 430; x_wconf 69' lang='grc'>449</span> 
     </span>
    </p>
   </div>
   <div class='ocr_carea' id='block_1_2' title="bbox 1344 373 2244 428">
    <p class='ocr_par' dir='ltr' id='par_1_2' title="bbox 1344 373 2244 428">
     <span class='ocr_line' id='line_1_2' title="bbox 1344 373 2244 428; baseline -0.004 -2"><span class='ocrx_word' id='word_1_2' title='bbox 1344 375 1686 428; x_wconf 85' lang='lat' dir='ltr'>HISTORIA</span> <span class='ocrx_word' id='word_1_3' title='bbox 1713 373 2244 426; x_wconf 81' lang='lat' dir='ltr'>MONACHORUM.</span> 
     </span>
    </p>
   </div>
   <div class='ocr_carea' id='block_1_3' title="bbox 3341 339 3498 432">
    <p class='ocr_par' dir='ltr' id='par_1_3' title="bbox 3341 339 3498 432">
     <span class='ocr_line' id='line_1_3' title="bbox 3341 339 3498 432; baseline -0.006 0"><span class='ocrx_word' id='word_1_4' title='bbox 3341 375 3447 432; x_wconf 75' lang='lat'>450</span> <span class='ocrx_word' id='word_1_5' title='bbox 3491 339 3498 344; x_wconf 64' lang='grc'><em>’</em></span> 
     </span>
    </p>
   </div>
   <div class='ocr_carea' id='block_1_4' title="bbox 143 486 3444 568">
    <p class='ocr_par' dir='ltr' id='par_1_4' title="bbox 143 486 3444 568">
     <span class='ocr_line' id='line_1_4' title="bbox 143 486 3444 568; baseline -0 -26"><span class='ocrx_word' id='word_1_6' title='bbox 143 491 358 553; x_wconf 90' lang='lat' dir='ltr'>virum,</span> <span class='ocrx_word' id='word_1_7' title='bbox 407 501 474 540; x_wconf 90' lang='lat' dir='ltr'>ac</span> <span class='ocrx_word' id='word_1_8' title='bbox 515 501 614 554; x_wconf 89' lang='lat' dir='ltr'>per</span> <span class='ocrx_word' id='word_1_9' title='bbox 647 488 841 540; x_wconf 84' lang='lat' dir='ltr'>omnia</span> <span class='ocrx_word' id='word_1_10' title='bbox 875 489 1215 554; x_wconf 83' lang='lat' dir='ltr'>mirabilem,</span> <span class='ocrx_word' id='word_1_11' title='bbox 1263 490 1576 554; x_wconf 88' lang='lat' dir='ltr'>Evagrium</span> <span class='ocrx_word' id='word_1_12' title='bbox 1606 491 1619 524; x_wconf 90' lang='grc' dir='ltr'>ι</span> <span class='ocrx_word' id='word_1_13' title='bbox 1646 502 1752 542; x_wconf 90' lang='lat' dir='ltr'>no-</span> <span class='ocrx_word' id='word_1_14' title='bbox 1775 495 1830 568; x_wconf 77' lang='grc' dir='ltr'><strong>Α</strong></span> <span class='ocrx_word' id='word_1_15' title='bbox 1852 488 1966 540; x_wconf 91' lang='lat' dir='ltr'>duo</span> <span class='ocrx_word' id='word_1_16' title='bbox 1992 489 2240 553; x_wconf 83' lang='lat' dir='ltr'>Macarii,</span> <span class='ocrx_word' id='word_1_17' title='bbox 2265 486 2432 552; x_wconf 86' lang='lat' dir='ltr'>quasi</span> <span class='ocrx_word' id='word_1_18' title='bbox 2454 487 2570 540; x_wconf 91' lang='lat' dir='ltr'>duo</span> <span class='ocrx_word' id='word_1_19' title='bbox 2593 487 3444 542; x_wconf 69' lang='lat' dir='ltr'>caeliluminariarefulsissenlex</span> 
     </span>
    </p>
   </div>
   <div class='ocr_carea' id='block_1_5' title="bbox 145 577 1752 630">
    <p class='ocr_par' dir='ltr' id='par_1_5' title="bbox 145 577 1752 630">
     <span class='ocr_line' id='line_1_5' title="bbox 145 577 1752 630; baseline -0.001 0"><span class='ocrx_word' id='word_1_20' title='bbox 145 579 342 630; x_wconf 91' lang='lat' dir='ltr'>mine:</span> <span class='ocrx_word' id='word_1_21' title='bbox 379 577 473 629; x_wconf 93' lang='lat' dir='ltr'>cui</span> <span class='ocrx_word' id='word_1_22' title='bbox 503 578 651 628; x_wconf 89' lang='lat' dir='ltr'>inter</span> <span class='ocrx_word' id='word_1_23' title='bbox 689 582 908 628; x_wconf 89' lang='lat' dir='ltr'>ceteras</span> <span class='ocrx_word' id='word_1_24' title='bbox 945 577 1124 628; x_wconf 88' lang='lat' dir='ltr'>animi</span> <span class='ocrx_word' id='word_1_25' title='bbox 1160 578 1406 630; x_wconf 80' lang='lat' dir='ltr'>virtutes</span> <span class='ocrx_word' id='word_1_26' title='bbox 1427 583 1589 630; x_wconf 90' lang='lat' dir='ltr'>tanta</span> <span class='ocrx_word' id='word_1_27' title='bbox 1615 591 1752 630; x_wconf 89' lang='lat' dir='ltr'>con-</span> 
     </span>
    </p>
   </div>
   <div class='ocr_carea' id='block_1_6' title="bbox 142 665 1750 731">
    <p class='ocr_par' dir='ltr' id='par_1_6' title="bbox 142 665 1750 731">
     <span class='ocr_line' id='line_1_6' title="bbox 142 665 1750 731; baseline -0.001 -12"><span class='ocrx_word' id='word_1_28' title='bbox 142 680 317 720; x_wconf 91' lang='lat' dir='ltr'>cessa</span> <span class='ocrx_word' id='word_1_29' title='bbox 339 672 430 718; x_wconf 90' lang='lat' dir='ltr'>est</span> <span class='ocrx_word' id='word_1_30' title='bbox 453 666 636 730; x_wconf 83' lang='lat' dir='ltr'>gratia</span> <span class='ocrx_word' id='word_1_31' title='bbox 658 665 1168 718; x_wconf 80' lang='lat' dir='ltr'>discernendorum</span> <span class='ocrx_word' id='word_1_32' title='bbox 1193 667 1520 731; x_wconf 83' lang='lat' dir='ltr'>spirituum,</span> <span class='ocrx_word' id='word_1_33' title='bbox 1539 673 1596 719; x_wconf 92' lang='lat' dir='ltr'>et</span> <span class='ocrx_word' id='word_1_34' title='bbox 1621 681 1750 731; x_wconf 89' lang='lat' dir='ltr'>pur-</span> 
     </span>
    </p>
   </div>
   <div class='ocr_carea' id='block_1_7' title="bbox 139 753 1750 821">
    <p class='ocr_par' dir='ltr' id='par_1_7' title="bbox 139 753 1750 821">
     <span class='ocr_line' id='line_1_7' title="bbox 139 753 1750 821; baseline 0 -13"><span class='ocrx_word' id='word_1_35' title='bbox 139 755 473 821; x_wconf 89' lang='lat' dir='ltr'>gandarum</span> <span class='ocrx_word' id='word_1_36' title='bbox 505 755 678 820; x_wconf 89' lang='lat' dir='ltr'>(sicut</span> <span class='ocrx_word' id='word_1_37' title='bbox 699 753 1014 819; x_wconf 87' lang='lat' dir='ltr'>Apostolus</span> <span class='ocrx_word' id='word_1_38' title='bbox 1040 755 1192 818; x_wconf 85' lang='lat' dir='ltr'>dicit)</span> <span class='ocrx_word' id='word_1_39' title='bbox 1219 756 1653 820; x_wconf 80' lang='lat' dir='ltr'>cogitationum,</span> <span class='ocrx_word' id='word_1_40' title='bbox 1685 763 1750 808; x_wconf 90' lang='lat' dir='ltr'>ut</span> 
     </span>
    </p>
   </div>
   <div class='ocr_carea' id='block_1_8' title="bbox 139 845 1750 909">
    <p class='ocr_par' dir='ltr' id='par_1_8' title="bbox 139 845 1750 909">
     <span class='ocr_line' id='line_1_8' title="bbox 139 845 1750 909; baseline 0 -13"><span class='ocrx_word' id='word_1_41' title='bbox 139 845 342 897; x_wconf 90' lang='lat' dir='ltr'>nullus</span> <span class='ocrx_word' id='word_1_42' title='bbox 365 845 510 896; x_wconf 89' lang='lat' dir='ltr'>alius</span> <span class='ocrx_word' id='word_1_43' title='bbox 535 847 837 909; x_wconf 83' lang='lat' dir='ltr'>putaretur</span> <span class='ocrx_word' id='word_1_44' title='bbox 859 856 932 896; x_wconf 84' lang='lat' dir='ltr'>ex</span> <span class='ocrx_word' id='word_1_45' title='bbox 956 845 1224 896; x_wconf 79' lang='lat' dir='ltr'>fratribus</span> <span class='ocrx_word' id='word_1_46' title='bbox 1236 845 1309 896; x_wconf 90' lang='lat' dir='ltr'>ad</span> <span class='ocrx_word' id='word_1_47' title='bbox 1333 850 1553 898; x_wconf 84' lang='lat' dir='ltr'>tantam</span> <span class='ocrx_word' id='word_1_48' title='bbox 1568 845 1750 898; x_wconf 88' lang='lat' dir='ltr'>subti-</span> 
     </span>
    </p>
   </div>
   <div class='ocr_carea' id='block_1_9' title="bbox 143 933 1745 998">
    <p class='ocr_par' dir='ltr' id='par_1_9' title="bbox 143 933 1745 998">
     <span class='ocr_line' id='line_1_9' title="bbox 143 933 1745 998; baseline -0.002 -12"><span class='ocrx_word' id='word_1_49' title='bbox 143 933 288 986; x_wconf 89' lang='lat' dir='ltr'>lium</span> <span class='ocrx_word' id='word_1_50' title='bbox 299 939 359 986; x_wconf 91' lang='lat' dir='ltr'>et</span> <span class='ocrx_word' id='word_1_51' title='bbox 375 933 757 998; x_wconf 86' lang='lat' dir='ltr'>spiritualium</span> <span class='ocrx_word' id='word_1_52' title='bbox 774 946 966 985; x_wconf 88' lang='lat' dir='ltr'>rerum</span> <span class='ocrx_word' id='word_1_53' title='bbox 984 933 1282 986; x_wconf 89' lang='lat' dir='ltr'>scientiam</span> <span class='ocrx_word' id='word_1_54' title='bbox 1301 935 1745 998; x_wconf 84' lang='lat' dir='ltr'>pervenisse.Cui</span> 
     </span>
    </p>
   </div>
   <div class='ocr_carea' id='block_1_10' title="bbox 143 1023 1748 1087">
    <p class='ocr_par' dir='ltr' id='par_1_10' title="bbox 143 1023 1748 1087">
     <span class='ocr_line' id='line_1_10' title="bbox 143 1023 1748 1087; baseline 0.001 -13"><span class='ocrx_word' id='word_1_55' title='bbox 143 1023 415 1086; x_wconf 86' lang='lat' dir='ltr'>quamvis</span> <span class='ocrx_word' id='word_1_56' title='bbox 437 1023 610 1074; x_wconf 88' lang='lat' dir='ltr'>rebus</span> <span class='ocrx_word' id='word_1_57' title='bbox 635 1023 795 1087; x_wconf 89' lang='lat' dir='ltr'>ipsis,</span> <span class='ocrx_word' id='word_1_58' title='bbox 833 1027 890 1074; x_wconf 88' lang='lat' dir='ltr'>et</span> <span class='ocrx_word' id='word_1_59' title='bbox 922 1023 1353 1086; x_wconf 84' lang='lat' dir='ltr'>experimentis,</span> <span class='ocrx_word' id='word_1_60' title='bbox 1379 1029 1437 1075; x_wconf 92' lang='lat' dir='ltr'>et</span> <span class='ocrx_word' id='word_1_61' title='bbox 1461 1024 1632 1087; x_wconf 86' lang='lat' dir='ltr'>(quod</span> <span class='ocrx_word' id='word_1_62' title='bbox 1657 1029 1748 1076; x_wconf 88' lang='lat' dir='ltr'>est</span> 
     </span>
    </p>
   </div>
   <div class='ocr_carea' id='block_1_11' title="bbox 143 1111 1746 1177">
    <p class='ocr_par' dir='ltr' id='par_1_11' title="bbox 143 1111 1746 1177">
     <span class='ocr_line' id='line_1_11' title="bbox 143 1111 1746 1177; baseline 0.001 -15"><span class='ocrx_word' id='word_1_63' title='bbox 143 1125 318 1177; x_wconf 86' lang='lat' dir='ltr'>super</span> <span class='ocrx_word' id='word_1_64' title='bbox 341 1112 555 1173; x_wconf 85' lang='lat' dir='ltr'>omnia)</span> <span class='ocrx_word' id='word_1_65' title='bbox 587 1123 688 1175; x_wconf 92' lang='lat' dir='ltr'>per</span> <span class='ocrx_word' id='word_1_66' title='bbox 707 1111 948 1175; x_wconf 77' lang='lat' dir='ltr'>gratiam</span> <span class='ocrx_word' id='word_1_67' title='bbox 977 1111 1081 1162; x_wconf 89' lang='lat' dir='ltr'>Dei</span> <span class='ocrx_word' id='word_1_68' title='bbox 1109 1123 1324 1176; x_wconf 89' lang='lat' dir='ltr'>magna</span> <span class='ocrx_word' id='word_1_69' title='bbox 1349 1113 1554 1164; x_wconf 81' lang='lat' dir='ltr'>collata</span> <span class='ocrx_word' id='word_1_70' title='bbox 1577 1112 1746 1164; x_wconf 88' lang='lat' dir='ltr'>fuerit</span> 
     </span>
    </p>
   </div>
   <div class='ocr_carea' id='block_1_12' title="bbox 145 1199 1744 1264">
    <p class='ocr_par' dir='ltr' id='par_1_12' title="bbox 145 1199 1744 1264">
     <span class='ocr_line' id='line_1_12' title="bbox 145 1199 1744 1264; baseline 0.001 -12"><span class='ocrx_word' id='word_1_71' title='bbox 145 1199 549 1264; x_wconf 80' lang='lat' dir='ltr'>intelligentia;</span> <span class='ocrx_word' id='word_1_72' title='bbox 575 1199 819 1251; x_wconf 88' lang='lat' dir='ltr'>accessit</span> <span class='ocrx_word' id='word_1_73' title='bbox 839 1205 1031 1252; x_wconf 88' lang='lat' dir='ltr'>tamen</span> <span class='ocrx_word' id='word_1_74' title='bbox 1061 1200 1265 1262; x_wconf 92' lang='lat' dir='ltr'>ethoc,</span> <span class='ocrx_word' id='word_1_75' title='bbox 1289 1205 1356 1254; x_wconf 91' lang='lat' dir='ltr'>ut</span> <span class='ocrx_word' id='word_1_76' title='bbox 1383 1201 1565 1254; x_wconf 89' lang='lat' dir='ltr'>multo</span> <span class='ocrx_word' id='word_1_77' title='bbox 1593 1207 1744 1256; x_wconf 87' lang='lat' dir='ltr'>tem-</span> 
     </span>
    </p>
   </div>
   <div class='ocr_carea' id='block_1_13' title="bbox 145 1288 1745 1354">
    <p class='ocr_par' dir='ltr' id='par_1_13' title="bbox 145 1288 1745 1354">
     <span class='ocr_line' id='line_1_13' title="bbox 145 1288 1745 1354; baseline 0.001 -14"><span class='ocrx_word' id='word_1_78' title='bbox 145 1301 280 1354; x_wconf 88' lang='lat' dir='ltr'>pore</span> <span class='ocrx_word' id='word_1_79' title='bbox 305 1289 628 1340; x_wconf 88' lang='lat' dir='ltr'>instructus</span> <span class='ocrx_word' id='word_1_80' title='bbox 644 1288 814 1340; x_wconf 90' lang='lat' dir='ltr'>fuerit</span> <span class='ocrx_word' id='word_1_81' title='bbox 835 1301 864 1340; x_wconf 76' lang='grc' dir='ltr'>θ</span> <span class='ocrx_word' id='word_1_82' title='bbox 889 1289 1058 1340; x_wconf 89' lang='lat' dir='ltr'>beato</span> <span class='ocrx_word' id='word_1_83' title='bbox 1080 1290 1340 1352; x_wconf 88' lang='lat' dir='ltr'>Macario,</span> <span class='ocrx_word' id='word_1_84' title='bbox 1367 1303 1539 1354; x_wconf 88' lang='lat' dir='ltr'>quem</span> <span class='ocrx_word' id='word_1_85' title='bbox 1562 1289 1745 1342; x_wconf 91' lang='lat' dir='ltr'>famo-</span> 
     </span>
    </p>
   </div>
   <div class='ocr_carea' id='block_1_14' title="bbox 144 1376 1743 1442">
    <p class='ocr_par' dir='ltr' id='par_1_14' title="bbox 144 1376 1743 1442">
     <span class='ocr_line' id='line_1_14' title="bbox 144 1376 1743 1442; baseline 0.003 -14"><span class='ocrx_word' id='word_1_86' title='bbox 144 1377 445 1429; x_wconf 87' lang='lat' dir='ltr'>sissimum</span> <span class='ocrx_word' id='word_1_87' title='bbox 466 1376 527 1428; x_wconf 91' lang='lat' dir='ltr'>in</span> <span class='ocrx_word' id='word_1_88' title='bbox 551 1377 655 1429; x_wconf 90' lang='lat' dir='ltr'>Dei</span> <span class='ocrx_word' id='word_1_89' title='bbox 677 1377 880 1441; x_wconf 85' lang='lat' dir='ltr'>gratia,</span> <span class='ocrx_word' id='word_1_90' title='bbox 907 1378 1209 1442; x_wconf 84' lang='lat' dir='ltr'>signisque</span> <span class='ocrx_word' id='word_1_91' title='bbox 1235 1382 1294 1430; x_wconf 91' lang='lat' dir='ltr'>et</span> <span class='ocrx_word' id='word_1_92' title='bbox 1321 1379 1743 1432; x_wconf 88' lang='lat' dir='ltr'>virtutibusin-</span> 
     </span>
    </p>
   </div>
   <div class='ocr_carea' id='block_1_15' title="bbox 145 1465 1262 1530">
    <p class='ocr_par' dir='ltr' id='par_1_15' title="bbox 145 1465 1262 1530">
     <span class='ocr_line' id='line_1_15' title="bbox 145 1465 1262 1530; baseline 0.001 -13"><span class='ocrx_word' id='word_1_93' title='bbox 145 1466 372 1530; x_wconf 79' lang='lat' dir='ltr'>signem</span> <span class='ocrx_word' id='word_1_94' title='bbox 395 1465 595 1528; x_wconf 86' lang='lat' dir='ltr'>fuisse,</span> <span class='ocrx_word' id='word_1_95' title='bbox 621 1466 894 1517; x_wconf 89' lang='lat' dir='ltr'>omnibus</span> <span class='ocrx_word' id='word_1_96' title='bbox 918 1473 1123 1518; x_wconf 88' lang='lat' dir='ltr'>notum</span> <span class='ocrx_word' id='word_1_97' title='bbox 1155 1472 1262 1518; x_wconf 91' lang='lat' dir='ltr'>est.</span> 
     </span>
    </p>
   </div>
   <div class='ocr_carea' id='block_1_16' title="bbox 237 1551 1744 1622">
    <p class='ocr_par' dir='ltr' id='par_1_16' title="bbox 237 1551 1744 1622">
     <span class='ocr_line' id='line_1_16' title="bbox 237 1551 1744 1622; baseline -0.004 -10"><span class='ocrx_word' id='word_1_98' title='bbox 237 1551 387 1622; x_wconf 78' lang='lat' dir='ltr'>I93</span> <span class='ocrx_word' id='word_1_99' title='bbox 429 1553 534 1604; x_wconf 84' lang='lat' dir='ltr'>Hic</span> <span class='ocrx_word' id='word_1_100' title='bbox 576 1565 714 1617; x_wconf 87' lang='lat' dir='ltr'>ergo</span> <span class='ocrx_word' id='word_1_101' title='bbox 737 1553 1019 1618; x_wconf 84' lang='lat' dir='ltr'>Evagrius</span> <span class='ocrx_word' id='word_1_102' title='bbox 1047 1554 1397 1606; x_wconf 88' lang='lat' dir='ltr'>incredibilis</span> <span class='ocrx_word' id='word_1_103' title='bbox 1427 1557 1546 1606; x_wconf 90' lang='lat' dir='ltr'>erat</span> <span class='ocrx_word' id='word_1_104' title='bbox 1569 1555 1744 1607; x_wconf 88' lang='lat' dir='ltr'>absti-</span> 
     </span>
    </p>
   </div>
   <div class='ocr_carea' id='block_1_17' title="bbox 142 1643 1744 1708">
    <p class='ocr_par' dir='ltr' id='par_1_17' title="bbox 142 1643 1744 1708">
     <span class='ocr_line' id='line_1_17' title="bbox 142 1643 1744 1708; baseline -0.001 -13"><span class='ocrx_word' id='word_1_105' title='bbox 142 1645 380 1706; x_wconf 61' lang='lat' dir='ltr'>nentia,</span> <span class='ocrx_word' id='word_1_106' title='bbox 412 1653 586 1706; x_wconf 88' lang='lat' dir='ltr'>super</span> <span class='ocrx_word' id='word_1_107' title='bbox 603 1643 798 1694; x_wconf 88' lang='lat' dir='ltr'>omnia</span> <span class='ocrx_word' id='word_1_108' title='bbox 821 1647 1013 1694; x_wconf 87' lang='lat' dir='ltr'>tamen</span> <span class='ocrx_word' id='word_1_109' title='bbox 1037 1645 1310 1694; x_wconf 90' lang='lat' dir='ltr'>monebat</span> <span class='ocrx_word' id='word_1_110' title='bbox 1333 1644 1552 1707; x_wconf 85' lang='lat' dir='ltr'>fratres,</span> <span class='ocrx_word' id='word_1_111' title='bbox 1580 1645 1629 1696; x_wconf 91' lang='lat' dir='ltr'>si</span> <span class='ocrx_word' id='word_1_112' title='bbox 1645 1644 1744 1708; x_wconf 88' lang='lat' dir='ltr'>qui</span> 
     </span>
    </p>
   </div>
   <div class='ocr_carea' id='block_1_18' title="bbox 143 1730 1743 1797">
    <p class='ocr_par' dir='ltr' id='par_1_18' title="bbox 143 1730 1743 1797">
     <span class='ocr_line' id='line_1_18' title="bbox 143 1730 1743 1797; baseline 0.002 -15"><span class='ocrx_word' id='word_1_113' title='bbox 143 1732 289 1783; x_wconf 88' lang='lat' dir='ltr'>forte</span> <span class='ocrx_word' id='word_1_114' title='bbox 311 1730 572 1783; x_wconf 86' lang='lat' dir='ltr'>studium</span> <span class='ocrx_word' id='word_1_115' title='bbox 594 1736 874 1794; x_wconf 81' lang='lat' dir='ltr'>gererent,</span> <span class='ocrx_word' id='word_1_116' title='bbox 897 1731 990 1782; x_wconf 91' lang='lat' dir='ltr'>vel</span> <span class='ocrx_word' id='word_1_117' title='bbox 1011 1731 1636 1797; x_wconf 89' lang='lat' dir='ltr'>humiliandicorporis,</span> <span class='ocrx_word' id='word_1_118' title='bbox 1657 1735 1743 1785; x_wconf 86' lang='lat' dir='ltr'>vel</span> 
     </span>
    </p>
   </div>
   <div class='ocr_carea' id='block_1_19' title="bbox 145 1811 1822 1886">
    <p class='ocr_par' dir='ltr' id='par_1_19' title="bbox 145 1811 1822 1886">
     <span class='ocr_line' id='line_1_19' title="bbox 145 1811 1822 1886; baseline -0.001 -13"><span class='ocrx_word' id='word_1_119' title='bbox 145 1819 483 1884; x_wconf 86' lang='lat' dir='ltr'>phantasias</span> <span class='ocrx_word' id='word_1_120' title='bbox 515 1819 588 1870; x_wconf 91' lang='lat' dir='ltr'>ab</span> <span class='ocrx_word' id='word_1_121' title='bbox 615 1831 681 1870; x_wconf 90' lang='lat' dir='ltr'>eo</span> <span class='ocrx_word' id='word_1_122' title='bbox 705 1819 1039 1872; x_wconf 60' lang='lat' dir='ltr'>damonum</span> <span class='ocrx_word' id='word_1_123' title='bbox 1072 1821 1444 1886; x_wconf 88' lang='lat' dir='ltr'>propellendi,</span> <span class='ocrx_word' id='word_1_124' title='bbox 1477 1835 1549 1874; x_wconf 92' lang='lat' dir='ltr'>ne</span> <span class='ocrx_word' id='word_1_125' title='bbox 1574 1824 1635 1872; x_wconf 90' lang='lat' dir='ltr'>in</span> <span class='ocrx_word' id='word_1_126' title='bbox 1658 1823 1744 1874; x_wconf 91' lang='lat' dir='ltr'>bi-</span> <span class='ocrx_word' id='word_1_127' title='bbox 1768 1811 1822 1884; x_wconf 89' lang='lat' dir='ltr'>B</span> 
     </span>
    </p>
   </div>
   <div class='ocr_carea' id='block_1_20' title="bbox 147 1907 1748 1974">
    <p class='ocr_par' dir='ltr' id='par_1_20' title="bbox 147 1907 1748 1974">
     <span class='ocr_line' id='line_1_20' title="bbox 147 1907 1748 1974; baseline 0.002 -15"><span class='ocrx_word' id='word_1_128' title='bbox 147 1908 338 1960; x_wconf 90' lang='lat' dir='ltr'>benda</span> <span class='ocrx_word' id='word_1_129' title='bbox 370 1920 520 1972; x_wconf 87' lang='lat' dir='ltr'>aqua</span> <span class='ocrx_word' id='word_1_130' title='bbox 560 1907 803 1974; x_wconf 87' lang='lat' dir='ltr'>largiore</span> <span class='ocrx_word' id='word_1_131' title='bbox 843 1921 1118 1961; x_wconf 87' lang='lat' dir='ltr'>mensura</span> <span class='ocrx_word' id='word_1_132' title='bbox 1150 1913 1472 1974; x_wconf 88' lang='lat' dir='ltr'>uterentur;</span> <span class='ocrx_word' id='word_1_133' title='bbox 1521 1912 1748 1964; x_wconf 91' lang='lat' dir='ltr'>dicebat</span> 
     </span>
    </p>
   </div>
   <div class='ocr_carea' id='block_1_21' title="bbox 147 1995 1748 2062">
    <p class='ocr_par' dir='ltr' id='par_1_21' title="bbox 147 1995 1748 2062">
     <span class='ocr_line' id='line_1_21' title="bbox 147 1995 1748 2062; baseline 0.002 -16"><span class='ocrx_word' id='word_1_134' title='bbox 147 1995 302 2046; x_wconf 90' lang='lat' dir='ltr'>enim</span> <span class='ocrx_word' id='word_1_135' title='bbox 328 2008 342 2046; x_wconf 90' lang='lat'><strong>:</strong></span> <span class='ocrx_word' id='word_1_136' title='bbox 374 1996 521 2057; x_wconf 86' lang='lat' dir='ltr'>Quia</span> <span class='ocrx_word' id='word_1_137' title='bbox 542 1995 593 2046; x_wconf 89' lang='lat' dir='ltr'>si</span> <span class='ocrx_word' id='word_1_138' title='bbox 614 2006 766 2059; x_wconf 89' lang='lat' dir='ltr'>aqua</span> <span class='ocrx_word' id='word_1_139' title='bbox 786 1999 972 2048; x_wconf 79' lang='lat' dir='ltr'>multa</span> <span class='ocrx_word' id='word_1_140' title='bbox 983 2008 1191 2060; x_wconf 89' lang='lat' dir='ltr'>corpus</span> <span class='ocrx_word' id='word_1_141' title='bbox 1206 1996 1748 2062; x_wconf 84' lang='lat' dir='ltr'>infundatur,majo-</span> 
     </span>
    </p>
   </div>
   <div class='ocr_carea' id='block_1_22' title="bbox 145 2083 1744 2150">
    <p class='ocr_par' dir='ltr' id='par_1_22' title="bbox 145 2083 1744 2150">
     <span class='ocr_line' id='line_1_22' title="bbox 145 2083 1744 2150; baseline 0.004 -16"><span class='ocrx_word' id='word_1_142' title='bbox 145 2096 239 2136; x_wconf 91' lang='lat' dir='ltr'>res</span> <span class='ocrx_word' id='word_1_143' title='bbox 259 2083 596 2148; x_wconf 88' lang='lat' dir='ltr'>phantasias</span> <span class='ocrx_word' id='word_1_144' title='bbox 620 2089 875 2149; x_wconf 89' lang='lat' dir='ltr'>generat,</span> <span class='ocrx_word' id='word_1_145' title='bbox 901 2089 960 2136; x_wconf 91' lang='lat' dir='ltr'>et</span> <span class='ocrx_word' id='word_1_146' title='bbox 981 2085 1226 2149; x_wconf 80' lang='lat' dir='ltr'>largiora</span> <span class='ocrx_word' id='word_1_147' title='bbox 1249 2087 1610 2150; x_wconf 89' lang='lat' dir='ltr'>receptacula</span> <span class='ocrx_word' id='word_1_148' title='bbox 1625 2087 1744 2140; x_wconf 68' lang='lat' dir='ltr'>dw-</span> 
     </span>
    </p>
   </div>
   <div class='ocr_carea' id='block_1_23' title="bbox 146 2173 1742 2240">
    <p class='ocr_par' dir='ltr' id='par_1_23' title="bbox 146 2173 1742 2240">
     <span class='ocr_line' id='line_1_23' title="bbox 146 2173 1742 2240; baseline 0.003 -16"><span class='ocrx_word' id='word_1_149' title='bbox 146 2173 419 2224; x_wconf 89' lang='lat' dir='ltr'>monibus</span> <span class='ocrx_word' id='word_1_150' title='bbox 461 2175 698 2238; x_wconf 65' lang='lat' dir='ltr'>praebet.</span> <span class='ocrx_word' id='word_1_151' title='bbox 733 2173 842 2225; x_wconf 89' lang='lat' dir='ltr'>Sed</span> <span class='ocrx_word' id='word_1_152' title='bbox 863 2177 921 2225; x_wconf 92' lang='lat' dir='ltr'>et</span> <span class='ocrx_word' id='word_1_153' title='bbox 943 2173 1126 2226; x_wconf 90' lang='lat' dir='ltr'>multa</span> <span class='ocrx_word' id='word_1_154' title='bbox 1147 2173 1260 2226; x_wconf 87' lang='lat' dir='ltr'>alia</span> <span class='ocrx_word' id='word_1_155' title='bbox 1281 2175 1352 2228; x_wconf 91' lang='lat' dir='ltr'>de</span> <span class='ocrx_word' id='word_1_156' title='bbox 1374 2176 1742 2240; x_wconf 88' lang='lat' dir='ltr'>abstinentia,</span> 
     </span>
    </p>
   </div>
   <div class='ocr_carea' id='block_1_24' title="bbox 147 2261 1742 2328">
    <p class='ocr_par' dir='ltr' id='par_1_24' title="bbox 147 2261 1742 2328">
     <span class='ocr_line' id='line_1_24' title="bbox 147 2261 1742 2328; baseline 0 -14"><span class='ocrx_word' id='word_1_157' title='bbox 147 2273 381 2314; x_wconf 87' lang='lat' dir='ltr'>summa</span> <span class='ocrx_word' id='word_1_158' title='bbox 395 2275 527 2313; x_wconf 88' lang='lat' dir='ltr'>cum</span> <span class='ocrx_word' id='word_1_159' title='bbox 544 2261 953 2315; x_wconf 89' lang='lat' dir='ltr'>deliberatione</span> <span class='ocrx_word' id='word_1_160' title='bbox 969 2262 1263 2316; x_wconf 88' lang='lat' dir='ltr'>edocebat.</span> <span class='ocrx_word' id='word_1_161' title='bbox 1280 2266 1406 2328; x_wconf 86' lang='lat' dir='ltr'>Ipse</span> <span class='ocrx_word' id='word_1_162' title='bbox 1423 2270 1620 2317; x_wconf 90' lang='lat' dir='ltr'>autem</span> <span class='ocrx_word' id='word_1_163' title='bbox 1645 2281 1742 2315; x_wconf 90' lang='lat' dir='ltr'>non</span> 
     </span>
    </p>
   </div>
   <div class='ocr_carea' id='block_1_25' title="bbox 149 2349 1748 2417">
    <p class='ocr_par' dir='ltr' id='par_1_25' title="bbox 149 2349 1748 2417">
     <span class='ocr_line' id='line_1_25' title="bbox 149 2349 1748 2417; baseline 0 -15"><span class='ocrx_word' id='word_1_164' title='bbox 149 2349 338 2402; x_wconf 90' lang='lat' dir='ltr'>solum</span> <span class='ocrx_word' id='word_1_165' title='bbox 361 2362 516 2415; x_wconf 86' lang='lat' dir='ltr'>aqua</span> <span class='ocrx_word' id='word_1_166' title='bbox 529 2351 871 2415; x_wconf 76' lang='lat' dir='ltr'>parcissime</span> <span class='ocrx_word' id='word_1_167' title='bbox 886 2353 1174 2412; x_wconf 83' lang='lat' dir='ltr'>utebatur,</span> <span class='ocrx_word' id='word_1_168' title='bbox 1198 2353 1300 2404; x_wconf 90' lang='lat' dir='ltr'>sed</span> <span class='ocrx_word' id='word_1_169' title='bbox 1317 2357 1376 2405; x_wconf 91' lang='lat' dir='ltr'>et</span> <span class='ocrx_word' id='word_1_170' title='bbox 1387 2365 1534 2417; x_wconf 91' lang='lat' dir='ltr'>pane</span> <span class='ocrx_word' id='word_1_171' title='bbox 1544 2357 1748 2415; x_wconf 78' lang='lat' dir='ltr'>penitus</span> 
     </span>
    </p>
   </div>
   <div class='ocr_carea' id='block_1_26' title="bbox 146 2439 1746 2505">
    <p class='ocr_par' dir='ltr' id='par_1_26' title="bbox 146 2439 1746 2505">
     <span class='ocr_line' id='line_1_26' title="bbox 146 2439 1746 2505; baseline 0.003 -15"><span class='ocrx_word' id='word_1_172' title='bbox 146 2439 493 2492; x_wconf 87' lang='lat' dir='ltr'>abstinebat.</span> <span class='ocrx_word' id='word_1_173' title='bbox 537 2439 646 2492; x_wconf 79' lang='lat' dir='ltr'>Alii</span> <span class='ocrx_word' id='word_1_174' title='bbox 687 2453 823 2493; x_wconf 87' lang='lat' dir='ltr'>vero</span> <span class='ocrx_word' id='word_1_175' title='bbox 855 2441 954 2505; x_wconf 90' lang='lat' dir='ltr'>qui</span> <span class='ocrx_word' id='word_1_176' title='bbox 975 2443 1054 2505; x_wconf 79' lang='lat' dir='ltr'>,in</span> <span class='ocrx_word' id='word_1_177' title='bbox 1075 2441 1186 2492; x_wconf 88' lang='lat' dir='ltr'>illis</span> <span class='ocrx_word' id='word_1_178' title='bbox 1208 2442 1350 2494; x_wconf 90' lang='lat' dir='ltr'>locis</span> <span class='ocrx_word' id='word_1_179' title='bbox 1373 2443 1746 2495; x_wconf 84' lang='lat' dir='ltr'>morabantur</span> 
     </span>
    </p>
   </div>
   <div class='ocr_carea' id='block_1_27' title="bbox 146 2527 1746 2596">
    <p class='ocr_par' dir='ltr' id='par_1_27' title="bbox 146 2527 1746 2596">
     <span class='ocr_line' id='line_1_27' title="bbox 146 2527 1746 2596; baseline 0.003 -16"><span class='ocrx_word' id='word_1_180' title='bbox 146 2527 370 2592; x_wconf 83' lang='lat' dir='ltr'>fratres,</span> <span class='ocrx_word' id='word_1_181' title='bbox 394 2540 541 2594; x_wconf 86' lang='lat' dir='ltr'>pane</span> <span class='ocrx_word' id='word_1_182' title='bbox 565 2528 688 2582; x_wconf 87' lang='lat' dir='ltr'>solo</span> <span class='ocrx_word' id='word_1_183' title='bbox 713 2533 772 2582; x_wconf 91' lang='lat' dir='ltr'>et</span> <span class='ocrx_word' id='word_1_184' title='bbox 794 2531 911 2582; x_wconf 87' lang='lat' dir='ltr'>sale</span> <span class='ocrx_word' id='word_1_185' title='bbox 929 2532 1183 2585; x_wconf 76' lang='lat' dir='ltr'>contenti</span> <span class='ocrx_word' id='word_1_186' title='bbox 1207 2535 1387 2596; x_wconf 90' lang='lat' dir='ltr'>erant,</span> <span class='ocrx_word' id='word_1_187' title='bbox 1399 2532 1479 2584; x_wconf 89' lang='lat' dir='ltr'>ita</span> <span class='ocrx_word' id='word_1_188' title='bbox 1491 2537 1555 2584; x_wconf 89' lang='lat' dir='ltr'>ut</span> <span class='ocrx_word' id='word_1_189' title='bbox 1570 2533 1631 2584; x_wconf 93' lang='lat' dir='ltr'>in</span> <span class='ocrx_word' id='word_1_190' title='bbox 1648 2532 1746 2585; x_wconf 90' lang='lat' dir='ltr'>illa</span> 
     </span>
    </p>
   </div>
   <div class='ocr_carea' id='block_1_28' title="bbox 146 2618 1743 2686">
    <p class='ocr_par' dir='ltr' id='par_1_28' title="bbox 146 2618 1743 2686">
     <span class='ocr_line' id='line_1_28' title="bbox 146 2618 1743 2686; baseline 0.003 -16"><span class='ocrx_word' id='word_1_191' title='bbox 146 2619 304 2671; x_wconf 88' lang='lat' dir='ltr'>omni</span> <span class='ocrx_word' id='word_1_192' title='bbox 341 2618 733 2682; x_wconf 78' lang='lat' dir='ltr'>multitudine,</span> <span class='ocrx_word' id='word_1_193' title='bbox 759 2618 860 2671; x_wconf 79' lang='lat' dir='ltr'>vix</span> <span class='ocrx_word' id='word_1_194' title='bbox 882 2619 1174 2673; x_wconf 88' lang='lat' dir='ltr'>invenires</span> <span class='ocrx_word' id='word_1_195' title='bbox 1193 2619 1466 2686; x_wconf 86' lang='lat' dir='ltr'>aliquem,</span> <span class='ocrx_word' id='word_1_196' title='bbox 1494 2621 1596 2685; x_wconf 89' lang='lat' dir='ltr'>qui</span> <span class='ocrx_word' id='word_1_197' title='bbox 1617 2623 1743 2674; x_wconf 91' lang='lat' dir='ltr'>oleo</span> 
     </span>
    </p>
   </div>
   <div class='ocr_carea' id='block_1_29' title="bbox 149 2708 1743 2774">
    <p class='ocr_par' dir='ltr' id='par_1_29' title="bbox 149 2708 1743 2774">
     <span class='ocr_line' id='line_1_29' title="bbox 149 2708 1743 2774; baseline 0.003 -15"><span class='ocrx_word' id='word_1_198' title='bbox 149 2708 354 2760; x_wconf 84' lang='lat' dir='ltr'>saltem</span> <span class='ocrx_word' id='word_1_199' title='bbox 386 2712 664 2761; x_wconf 86' lang='lat' dir='ltr'>uteretur.</span> <span class='ocrx_word' id='word_1_200' title='bbox 706 2708 902 2762; x_wconf 88' lang='lat' dir='ltr'>Plures</span> <span class='ocrx_word' id='word_1_201' title='bbox 931 2714 1126 2761; x_wconf 89' lang='lat' dir='ltr'>autem</span> <span class='ocrx_word' id='word_1_202' title='bbox 1161 2711 1222 2762; x_wconf 90' lang='lat' dir='ltr'>in</span> <span class='ocrx_word' id='word_1_203' title='bbox 1254 2711 1336 2762; x_wconf 89' lang='lat' dir='ltr'>eis</span> <span class='ocrx_word' id='word_1_204' title='bbox 1358 2723 1466 2762; x_wconf 89' lang='lat' dir='ltr'>nec</span> <span class='ocrx_word' id='word_1_205' title='bbox 1481 2711 1743 2774; x_wconf 72' lang='lat' dir='ltr'>iacentes</span> 
     </span>
    </p>
   </div>
   <div class='ocr_carea' id='block_1_30' title="bbox 147 2797 1743 2863">
    <p class='ocr_par' dir='ltr' id='par_1_30' title="bbox 147 2797 1743 2863">
     <span class='ocr_line' id='line_1_30' title="bbox 147 2797 1743 2863; baseline 0.003 -15"><span class='ocrx_word' id='word_1_206' title='bbox 147 2809 440 2862; x_wconf 87' lang='lat' dir='ltr'>somnum,</span> <span class='ocrx_word' id='word_1_207' title='bbox 485 2797 586 2850; x_wconf 87' lang='lat' dir='ltr'>sed</span> <span class='ocrx_word' id='word_1_208' title='bbox 620 2798 909 2862; x_wconf 88' lang='lat' dir='ltr'>sedentes,</span> <span class='ocrx_word' id='word_1_209' title='bbox 941 2803 1001 2850; x_wconf 90' lang='lat' dir='ltr'>et</span> <span class='ocrx_word' id='word_1_210' title='bbox 1025 2801 1108 2863; x_wconf 89' lang='lat' dir='ltr'>(ut</span> <span class='ocrx_word' id='word_1_211' title='bbox 1137 2799 1218 2852; x_wconf 86' lang='lat' dir='ltr'>ita</span> <span class='ocrx_word' id='word_1_212' title='bbox 1248 2799 1451 2852; x_wconf 49' lang='lat' dir='ltr'>dicam;</span> <span class='ocrx_word' id='word_1_213' title='bbox 1479 2802 1538 2852; x_wconf 90' lang='lat' dir='ltr'>in</span> <span class='ocrx_word' id='word_1_214' title='bbox 1553 2799 1743 2854; x_wconf 88' lang='lat' dir='ltr'>medi-</span> 
     </span>
    </p>
   </div>
   <div class='ocr_carea' id='block_1_31' title="bbox 147 2885 1617 2954">
    <p class='ocr_par' dir='ltr' id='par_1_31' title="bbox 147 2885 1617 2954">
     <span class='ocr_line' id='line_1_31' title="bbox 147 2885 1617 2954; baseline 0.003 -16"><span class='ocrx_word' id='word_1_215' title='bbox 147 2886 364 2939; x_wconf 89' lang='lat' dir='ltr'>tatione</span> <span class='ocrx_word' id='word_1_216' title='bbox 402 2885 731 2940; x_wconf 88' lang='lat' dir='ltr'>divinorum</span> <span class='ocrx_word' id='word_1_217' title='bbox 760 2888 1073 2940; x_wconf 87' lang='lat' dir='ltr'>verborum</span> <span class='ocrx_word' id='word_1_218' title='bbox 1095 2889 1269 2953; x_wconf 89' lang='lat' dir='ltr'>positi</span> <span class='ocrx_word' id='word_1_219' title='bbox 1293 2890 1617 2954; x_wconf 89' lang='lat' dir='ltr'>capiebant.</span> 
     </span>
    </p>
   </div>
   <div class='ocr_carea' id='block_1_32' title="bbox 629 3027 1257 3096">
    <p class='ocr_par' dir='ltr' id='par_1_32' title="bbox 629 3027 1257 3096">
     <span class='ocr_line' id='line_1_32' title="bbox 629 3027 1257 3096; baseline -0.003 0"><span class='ocrx_word' id='word_1_220' title='bbox 629 3027 914 3096; x_wconf 88' lang='lat' dir='ltr'><strong>CAPUT</strong></span> <span class='ocrx_word' id='word_1_221' title='bbox 943 3028 1257 3096; x_wconf 89' lang='lat' dir='ltr'>XXVIII.</span> 
     </span>
    </p>
   </div>
   <div class='ocr_carea' id='block_1_33' title="bbox 145 3165 1816 3252">
    <p class='ocr_par' dir='ltr' id='par_1_33' title="bbox 145 3165 1816 3252">
     <span class='ocr_line' id='line_1_33' title="bbox 145 3165 1816 3252; baseline 0.004 -36"><span class='ocrx_word' id='word_1_222' title='bbox 145 3177 225 3216; x_wconf 75' lang='lat' dir='ltr'>na</span> <span class='ocrx_word' id='word_1_223' title='bbox 264 3173 280 3194; x_wconf 90' lang='grc'>·</span> <span class='ocrx_word' id='word_1_224' title='bbox 317 3174 558 3218; x_wconf 78' lang='lat' dir='ltr'><strong>DUOBUS</strong></span> <span class='ocrx_word' id='word_1_225' title='bbox 601 3175 908 3228; x_wconf 74' lang='lat' dir='ltr'>MACARIIS,</span> <span class='ocrx_word' id='word_1_226' title='bbox 944 3177 1019 3216; x_wconf 78' lang='lat' dir='ltr'>nr</span> <span class='ocrx_word' id='word_1_227' title='bbox 1066 3177 1270 3230; x_wconf 79' lang='lat' dir='ltr'>PRIMO,</span> <span class='ocrx_word' id='word_1_228' title='bbox 1307 3178 1385 3218; x_wconf 78' lang='lat' dir='ltr'>DE</span> <span class='ocrx_word' id='word_1_229' title='bbox 1418 3165 1439 3196; x_wconf 75' lang='grc'><em>³³</em></span> <span class='ocrx_word' id='word_1_230' title='bbox 1473 3179 1744 3222; x_wconf 66' lang='lat' dir='ltr'>meum</span> <span class='ocrx_word' id='word_1_231' title='bbox 1766 3175 1816 3252; x_wconf 69' lang='grc' dir='ltr'>ρ</span> 
     </span>
    </p>
   </div>
   <div class='ocr_carea' id='block_1_34' title="bbox 576 3247 1334 3300">
    <p class='ocr_par' dir='ltr' id='par_1_34' title="bbox 576 3247 1334 3300">
     <span class='ocr_line' id='line_1_34' title="bbox 576 3247 1334 3300; baseline 0.001 -13"><span class='ocrx_word' id='word_1_232' title='bbox 576 3247 876 3300; x_wconf 62' lang='lat' dir='ltr'>movpno,</span> <span class='ocrx_word' id='word_1_233' title='bbox 903 3248 1016 3291; x_wconf 76' lang='lat' dir='ltr'>seu</span> <span class='ocrx_word' id='word_1_234' title='bbox 1053 3247 1334 3290; x_wconf 72' lang='lat' dir='ltr'>samone.</span> 
     </span>
    </p>
   </div>
   <div class='ocr_carea' id='block_1_35' title="bbox 206 3377 1741 3445">
    <p class='ocr_par' dir='ltr' id='par_1_35' title="bbox 206 3377 1741 3445">
     <span class='ocr_line' id='line_1_35' title="bbox 206 3377 1741 3445; baseline 0.003 -15"><span class='ocrx_word' id='word_1_235' title='bbox 206 3378 532 3430; x_wconf 86' lang='lat' dir='ltr'>Narrabant</span> <span class='ocrx_word' id='word_1_236' title='bbox 570 3381 765 3430; x_wconf 89' lang='lat' dir='ltr'>autem</span> <span class='ocrx_word' id='word_1_237' title='bbox 800 3377 1034 3441; x_wconf 80' lang='lat' dir='ltr'>(Pallad.</span> <span class='ocrx_word' id='word_1_238' title='bbox 1067 3394 1184 3444; x_wconf 82' lang='lat' dir='ltr'>cap.</span> <span class='ocrx_word' id='word_1_239' title='bbox 1225 3379 1311 3434; x_wconf 85' lang='grc'>19.</span> <span class='ocrx_word' id='word_1_240' title='bbox 1346 3385 1392 3430; x_wconf 89' lang='lat' dir='ltr'>et</span> <span class='ocrx_word' id='word_1_241' title='bbox 1425 3379 1534 3445; x_wconf 74' lang='lat'>20.)</span> <span class='ocrx_word' id='word_1_242' title='bbox 1572 3382 1741 3434; x_wconf 84' lang='lat' dir='ltr'>nobis</span> 
     </span>
    </p>
   </div>
   <div class='ocr_carea' id='block_1_36' title="bbox 142 3467 1742 3534">
    <p class='ocr_par' dir='ltr' id='par_1_36' title="bbox 142 3467 1742 3534">
     <span class='ocr_line' id='line_1_36' title="bbox 142 3467 1742 3534; baseline 0.004 -16"><span class='ocrx_word' id='word_1_243' title='bbox 142 3467 382 3530; x_wconf 88' lang='lat' dir='ltr'>quidam</span> <span class='ocrx_word' id='word_1_244' title='bbox 405 3481 480 3520; x_wconf 78' lang='lat' dir='ltr'>ex</span> <span class='ocrx_word' id='word_1_245' title='bbox 504 3468 764 3533; x_wconf 88' lang='lat' dir='ltr'>patribus</span> <span class='ocrx_word' id='word_1_246' title='bbox 788 3468 886 3532; x_wconf 88' lang='lat' dir='ltr'>qui</span> <span class='ocrx_word' id='word_1_247' title='bbox 907 3468 986 3520; x_wconf 90' lang='lat' dir='ltr'>ibi</span> <span class='ocrx_word' id='word_1_248' title='bbox 1011 3473 1192 3533; x_wconf 89' lang='lat' dir='ltr'>erant,</span> <span class='ocrx_word' id='word_1_249' title='bbox 1218 3469 1375 3534; x_wconf 89' lang='lat' dir='ltr'>quod</span> <span class='ocrx_word' id='word_1_250' title='bbox 1395 3470 1456 3522; x_wconf 93' lang='lat' dir='ltr'>in</span> <span class='ocrx_word' id='word_1_251' title='bbox 1478 3469 1742 3524; x_wconf 89' lang='lat' dir='ltr'>locisillis</span> 
     </span>
    </p>
   </div>
   <div class='ocr_carea' id='block_1_37' title="bbox 140 3690 1743 3762">
    <p class='ocr_par' dir='ltr' id='par_1_37' title="bbox 140 3690 1743 3762">
     <span class='ocr_line' id='line_1_37' title="bbox 140 3690 1743 3762; baseline 0.003 -18"><span class='ocrx_word' id='word_1_252' title='bbox 140 3701 274 3756; x_wconf 63' lang='lat' dir='ltr'>quae</span> <span class='ocrx_word' id='word_1_253' title='bbox 290 3690 630 3756; x_wconf 69' lang='lat' dir='ltr'>prmdictum</span> <span class='ocrx_word' id='word_1_254' title='bbox 646 3693 877 3745; x_wconf 91' lang='lat' dir='ltr'>beatum</span> <span class='ocrx_word' id='word_1_255' title='bbox 893 3693 1305 3758; x_wconf 86' lang='lat' dir='ltr'>Hieronymum</span> <span class='ocrx_word' id='word_1_256' title='bbox 1318 3694 1528 3748; x_wconf 90' lang='lat' dir='ltr'>sentire</span> <span class='ocrx_word' id='word_1_257' title='bbox 1539 3709 1743 3762; x_wconf 79' lang='lat' dir='ltr'>cogno-</span> 
     </span>
    </p>
   </div>
   <div class='ocr_carea' id='block_1_38' title="bbox 141 3763 1744 3830">
    <p class='ocr_par' dir='ltr' id='par_1_38' title="bbox 141 3763 1744 3830">
     <span class='ocr_line' id='line_1_38' title="bbox 141 3763 1744 3830; baseline 0.004 -17"><span class='ocrx_word' id='word_1_258' title='bbox 141 3763 382 3814; x_wconf 90' lang='lat' dir='ltr'>scimus.</span> <span class='ocrx_word' id='word_1_259' title='bbox 421 3766 492 3814; x_wconf 84' lang='lat' dir='ltr'>Et</span> <span class='ocrx_word' id='word_1_260' title='bbox 527 3775 642 3814; x_wconf 90' lang='lat' dir='ltr'>non</span> <span class='ocrx_word' id='word_1_261' title='bbox 671 3764 859 3816; x_wconf 90' lang='lat' dir='ltr'>solum</span> <span class='ocrx_word' id='word_1_262' title='bbox 895 3765 966 3816; x_wconf 89' lang='lat' dir='ltr'>de</span> <span class='ocrx_word' id='word_1_263' title='bbox 991 3766 1216 3830; x_wconf 77' lang='lat' dir='ltr'>Rufino,</span> <span class='ocrx_word' id='word_1_264' title='bbox 1245 3768 1342 3817; x_wconf 87' lang='lat' dir='ltr'>sed</span> <span class='ocrx_word' id='word_1_265' title='bbox 1364 3769 1538 3819; x_wconf 89' lang='lat' dir='ltr'>etiam</span> <span class='ocrx_word' id='word_1_266' title='bbox 1571 3769 1642 3819; x_wconf 90' lang='lat' dir='ltr'>de</span> <span class='ocrx_word' id='word_1_267' title='bbox 1666 3769 1744 3820; x_wconf 85' lang='lat' dir='ltr'>di-</span> 
     </span>
    </p>
   </div>
   <div class='ocr_carea' id='block_1_39' title="bbox 139 3835 1740 3900">
    <p class='ocr_par' dir='ltr' id='par_1_39' title="bbox 139 3835 1740 3900">
     <span class='ocr_line' id='line_1_39' title="bbox 139 3835 1740 3900; baseline 0.003 -14"><span class='ocrx_word' id='word_1_268' title='bbox 139 3836 342 3895; x_wconf 67' lang='lat' dir='ltr'>versis,</span> <span class='ocrx_word' id='word_1_269' title='bbox 373 3845 526 3898; x_wconf 91' lang='lat' dir='ltr'>quos</span> <span class='ocrx_word' id='word_1_270' title='bbox 551 3835 638 3886; x_wconf 86' lang='lat' dir='ltr'>vir</span> <span class='ocrx_word' id='word_1_271' title='bbox 663 3838 879 3900; x_wconf 59' lang='lat' dir='ltr'>sapius</span> <span class='ocrx_word' id='word_1_272' title='bbox 903 3843 1257 3888; x_wconf 89' lang='lat' dir='ltr'>memoratus</span> <span class='ocrx_word' id='word_1_273' title='bbox 1269 3837 1390 3888; x_wconf 90' lang='lat' dir='ltr'>zelo</span> <span class='ocrx_word' id='word_1_274' title='bbox 1414 3840 1514 3889; x_wconf 88' lang='lat' dir='ltr'>Dei</span> <span class='ocrx_word' id='word_1_275' title='bbox 1533 3845 1589 3890; x_wconf 92' lang='lat' dir='ltr'>et</span> <span class='ocrx_word' id='word_1_276' title='bbox 1606 3840 1740 3891; x_wconf 86' lang='lat' dir='ltr'>lldei</span> 
     </span>
    </p>
   </div>
   <div class='ocr_carea' id='block_1_40' title="bbox 139 3907 1742 3972">
    <p class='ocr_par' dir='ltr' id='par_1_40' title="bbox 139 3907 1742 3972">
     <span class='ocr_line' id='line_1_40' title="bbox 139 3907 1742 3972; baseline 0.001 -14"><span class='ocrx_word' id='word_1_277' title='bbox 139 3907 420 3971; x_wconf 83' lang='lat' dir='ltr'>religione</span> <span class='ocrx_word' id='word_1_278' title='bbox 455 3908 839 3970; x_wconf 86' lang='lat' dir='ltr'>reprehendit.</span> <span class='ocrx_word' id='word_1_279' title='bbox 885 3909 1006 3956; x_wconf 66' lang='lat' dir='ltr'>Haec</span> <span class='ocrx_word' id='word_1_280' title='bbox 1032 3909 1086 3958; x_wconf 85' lang='lat' dir='ltr'>S.</span> <span class='ocrx_word' id='word_1_281' title='bbox 1115 3909 1372 3971; x_wconf 81' lang='lat' dir='ltr'>Gclasius,</span> <span class='ocrx_word' id='word_1_282' title='bbox 1399 3911 1553 3972; x_wconf 83' lang='lat' dir='ltr'>cujus</span> <span class='ocrx_word' id='word_1_283' title='bbox 1575 3911 1742 3960; x_wconf 85' lang='lat' dir='ltr'>docu-</span> 
     </span>
    </p>
   </div>
   <div class='ocr_carea' id='block_1_41' title="bbox 140 3979 1738 4042">
    <p class='ocr_par' dir='ltr' id='par_1_41' title="bbox 140 3979 1738 4042">
     <span class='ocr_line' id='line_1_41' title="bbox 140 3979 1738 4042; baseline 0.003 -16"><span class='ocrx_word' id='word_1_284' title='bbox 140 3984 386 4026; x_wconf 80' lang='lat' dir='ltr'>mentum</span> <span class='ocrx_word' id='word_1_285' title='bbox 397 3992 454 4026; x_wconf 88' lang='lat' dir='ltr'>eo</span> <span class='ocrx_word' id='word_1_286' title='bbox 472 3979 712 4027; x_wconf 83' lang='lat' dir='ltr'>tenacius</span> <span class='ocrx_word' id='word_1_287' title='bbox 723 3985 894 4027; x_wconf 88' lang='lat' dir='ltr'>mente</span> <span class='ocrx_word' id='word_1_288' title='bbox 903 3979 1306 4042; x_wconf 88' lang='lat' dir='ltr'>suspiciendum</span> <span class='ocrx_word' id='word_1_289' title='bbox 1318 3995 1382 4028; x_wconf 87' lang='lat' dir='ltr'>ac</span> <span class='ocrx_word' id='word_1_290' title='bbox 1396 3982 1738 4031; x_wconf 88' lang='lat' dir='ltr'>retinendum</span> 
     </span>
    </p>
   </div>
   <div class='ocr_carea' id='block_1_42' title="bbox 140 4049 1738 4114">
    <p class='ocr_par' dir='ltr' id='par_1_42' title="bbox 140 4049 1738 4114">
     <span class='ocr_line' id='line_1_42' title="bbox 140 4049 1738 4114; baseline 0.003 -16"><span class='ocrx_word' id='word_1_291' title='bbox 140 4049 372 4112; x_wconf 79' lang='lat' dir='ltr'>videtur,</span> <span class='ocrx_word' id='word_1_292' title='bbox 398 4049 544 4112; x_wconf 88' lang='lat' dir='ltr'>quod</span> <span class='ocrx_word' id='word_1_293' title='bbox 576 4050 764 4099; x_wconf 88' lang='lat' dir='ltr'>divina</span> <span class='ocrx_word' id='word_1_294' title='bbox 785 4051 1131 4114; x_wconf 81' lang='lat' dir='ltr'>providentia</span> <span class='ocrx_word' id='word_1_295' title='bbox 1150 4051 1357 4113; x_wconf 81' lang='lat' dir='ltr'>factum</span> <span class='ocrx_word' id='word_1_296' title='bbox 1379 4051 1565 4114; x_wconf 76' lang='lat' dir='ltr'>fuerit,</span> <span class='ocrx_word' id='word_1_297' title='bbox 1593 4058 1650 4102; x_wconf 91' lang='lat' dir='ltr'>ul</span> <span class='ocrx_word' id='word_1_298' title='bbox 1683 4054 1738 4104; x_wconf 91' lang='lat' dir='ltr'>S.</span> 
     </span>
    </p>
   </div>
   <div class='ocr_carea' id='block_1_43' title="bbox 141 4121 1740 4188">
    <p class='ocr_par' dir='ltr' id='par_1_43' title="bbox 141 4121 1740 4188">
     <span class='ocr_line' id='line_1_43' title="bbox 141 4121 1740 4188; baseline 0.003 -18"><span class='ocrx_word' id='word_1_299' title='bbox 141 4121 513 4183; x_wconf 79' lang='lat' dir='ltr'>Hieronymus</span> <span class='ocrx_word' id='word_1_300' title='bbox 529 4121 844 4182; x_wconf 87' lang='lat' dir='ltr'>multorum,</span> <span class='ocrx_word' id='word_1_301' title='bbox 862 4123 958 4186; x_wconf 92' lang='lat' dir='ltr'>qui</span> <span class='ocrx_word' id='word_1_302' title='bbox 977 4138 1075 4171; x_wconf 87' lang='lat' dir='ltr'>suo</span> <span class='ocrx_word' id='word_1_303' title='bbox 1099 4128 1330 4186; x_wconf 87' lang='lat' dir='ltr'>tempore</span> <span class='ocrx_word' id='word_1_304' title='bbox 1351 4123 1446 4171; x_wconf 97' lang='lat' dir='ltr'>sub</span> <span class='ocrx_word' id='word_1_305' title='bbox 1460 4126 1740 4188; x_wconf 76' lang='lat' dir='ltr'>religionis</span> 
     </span>
    </p>
   </div>
   <div class='ocr_carea' id='block_1_44' title="bbox 140 4192 1743 4259">
    <p class='ocr_par' dir='ltr' id='par_1_44' title="bbox 140 4192 1743 4259">
     <span class='ocr_line' id='line_1_44' title="bbox 140 4192 1743 4259; baseline 0.003 -18"><span class='ocrx_word' id='word_1_306' title='bbox 140 4199 187 4241; x_wconf 91' lang='lat' dir='ltr'>et</span> <span class='ocrx_word' id='word_1_307' title='bbox 195 4192 414 4256; x_wconf 83' lang='lat' dir='ltr'>pietatis</span> <span class='ocrx_word' id='word_1_308' title='bbox 432 4192 627 4240; x_wconf 81' lang='lat' dir='ltr'>habitu</span> <span class='ocrx_word' id='word_1_309' title='bbox 644 4195 904 4242; x_wconf 69' lang='lat' dir='ltr'>haeresum</span> <span class='ocrx_word' id='word_1_310' title='bbox 918 4209 1120 4243; x_wconf 88' lang='lat' dir='ltr'>venena</span> <span class='ocrx_word' id='word_1_311' title='bbox 1131 4193 1450 4257; x_wconf 76' lang='lat' dir='ltr'>fundebant,</span> <span class='ocrx_word' id='word_1_312' title='bbox 1465 4195 1577 4259; x_wconf 88' lang='lat' dir='ltr'>ipse</span> <span class='ocrx_word' id='word_1_313' title='bbox 1587 4197 1743 4258; x_wconf 81' lang='lat' dir='ltr'>frau-</span> 
     </span>
    </p>
   </div>
   <div class='ocr_carea' id='block_1_45' title="bbox 141 4263 1742 4330">
    <p class='ocr_par' dir='ltr' id='par_1_45' title="bbox 141 4263 1742 4330">
     <span class='ocr_line' id='line_1_45' title="bbox 141 4263 1742 4330; baseline 0.002 -16"><span class='ocrx_word' id='word_1_314' title='bbox 141 4264 250 4327; x_wconf 74' lang='lat' dir='ltr'>des,</span> <span class='ocrx_word' id='word_1_315' title='bbox 281 4263 517 4324; x_wconf 83' lang='lat' dir='ltr'>technas,</span> <span class='ocrx_word' id='word_1_316' title='bbox 550 4265 714 4324; x_wconf 90' lang='lat' dir='ltr'>dolos,</span> <span class='ocrx_word' id='word_1_317' title='bbox 741 4279 946 4314; x_wconf 86' lang='lat' dir='ltr'>errores</span> <span class='ocrx_word' id='word_1_318' title='bbox 991 4266 1342 4328; x_wconf 84' lang='lat' dir='ltr'>deprehensos</span> <span class='ocrx_word' id='word_1_319' title='bbox 1383 4266 1442 4314; x_wconf 90' lang='lat' dir='ltr'>in</span> <span class='ocrx_word' id='word_1_320' title='bbox 1463 4267 1742 4330; x_wconf 87' lang='lat' dir='ltr'>publicum</span> 
     </span>
    </p>
   </div>
   <div class='ocr_carea' id='block_1_46' title="bbox 140 4335 1742 4400">
    <p class='ocr_par' dir='ltr' id='par_1_46' title="bbox 140 4335 1742 4400">
     <span class='ocr_line' id='line_1_46' title="bbox 140 4335 1742 4400; baseline 0.004 -17"><span class='ocrx_word' id='word_1_321' title='bbox 140 4335 463 4400; x_wconf 78' lang='lat' dir='ltr'>prodiderit,</span> <span class='ocrx_word' id='word_1_322' title='bbox 483 4336 701 4400; x_wconf 81' lang='lat' dir='ltr'>ejusque</span> <span class='ocrx_word' id='word_1_323' title='bbox 722 4351 784 4384; x_wconf 91' lang='lat' dir='ltr'>ea</span> <span class='ocrx_word' id='word_1_324' title='bbox 798 4337 860 4384; x_wconf 89' lang='lat' dir='ltr'>in</span> <span class='ocrx_word' id='word_1_325' title='bbox 882 4351 940 4384; x_wconf 87' lang='lat' dir='ltr'>re</span> <span class='ocrx_word' id='word_1_326' title='bbox 953 4335 1231 4400; x_wconf 81' lang='lat' dir='ltr'>judicium</span> <span class='ocrx_word' id='word_1_327' title='bbox 1242 4338 1492 4387; x_wconf 83' lang='lat' dir='ltr'>Romana</span> <span class='ocrx_word' id='word_1_328' title='bbox 1506 4339 1742 4391; x_wconf 74' lang='lat' dir='ltr'>Ecclesia</span> 
     </span>
    </p>
   </div>
   <div class='ocr_carea' id='block_1_47' title="bbox 137 4406 1742 4472">
    <p class='ocr_par' dir='ltr' id='par_1_47' title="bbox 137 4406 1742 4472">
     <span class='ocr_line' id='line_1_47' title="bbox 137 4406 1742 4472; baseline 0.004 -18"><span class='ocrx_word' id='word_1_329' title='bbox 137 4406 464 4472; x_wconf 71' lang='lat' dir='ltr'>probaverit,</span> <span class='ocrx_word' id='word_1_330' title='bbox 503 4421 570 4456; x_wconf 84' lang='lat' dir='ltr'>ne</span> <span class='ocrx_word' id='word_1_331' title='bbox 590 4409 832 4470; x_wconf 78' lang='lat' dir='ltr'>deinceps</span> <span class='ocrx_word' id='word_1_332' title='bbox 857 4413 969 4456; x_wconf 86' lang='lat' dir='ltr'>tam</span> <span class='ocrx_word' id='word_1_333' title='bbox 996 4409 1154 4456; x_wconf 85' lang='lat' dir='ltr'>multi</span> <span class='ocrx_word' id='word_1_334' title='bbox 1183 4408 1300 4472; x_wconf 88' lang='lat' dir='ltr'>lupi</span> <span class='ocrx_word' id='word_1_335' title='bbox 1339 4423 1397 4458; x_wconf 78' lang='lat' dir='ltr'>in</span> <span class='ocrx_word' id='word_1_336' title='bbox 1420 4412 1742 4461; x_wconf 84' lang='lat' dir='ltr'>vestimentis</span> 
     </span>
    </p>
   </div>
   <div class='ocr_carea' id='block_1_48' title="bbox 139 4477 1742 4544">
    <p class='ocr_par' dir='ltr' id='par_1_48' title="bbox 139 4477 1742 4544">
     <span class='ocr_line' id='line_1_48' title="bbox 139 4477 1742 4544; baseline 0.003 -18"><span class='ocrx_word' id='word_1_337' title='bbox 139 4477 328 4526; x_wconf 87' lang='lat' dir='ltr'>ovium</span> <span class='ocrx_word' id='word_1_338' title='bbox 351 4477 501 4540; x_wconf 80' lang='lat' dir='ltr'>gregi</span> <span class='ocrx_word' id='word_1_339' title='bbox 515 4478 800 4527; x_wconf 87' lang='lat' dir='ltr'>Dominico</span> <span class='ocrx_word' id='word_1_340' title='bbox 811 4479 1165 4544; x_wconf 80' lang='lat' dir='ltr'>imponerent,</span> <span class='ocrx_word' id='word_1_341' title='bbox 1182 4479 1531 4544; x_wconf 77' lang='lat' dir='ltr'>eamdemque</span> <span class='ocrx_word' id='word_1_342' title='bbox 1545 4487 1742 4531; x_wconf 83' lang='lat' dir='ltr'>macta-</span> 
     </span>
    </p>
   </div>
   <div class='ocr_carea' id='block_1_49' title="bbox 139 4541 1740 4615">
    <p class='ocr_par' dir='ltr' id='par_1_49' title="bbox 139 4541 1740 4615">
     <span class='ocr_line' id='line_1_49' title="bbox 139 4541 1740 4615; baseline 0.003 -18"><span class='ocrx_word' id='word_1_343' title='bbox 139 4554 279 4610; x_wconf 83' lang='lat' dir='ltr'>rent,</span> <span class='ocrx_word' id='word_1_344' title='bbox 301 4563 427 4598; x_wconf 88' lang='lat' dir='ltr'>cum</span> <span class='ocrx_word' id='word_1_345' title='bbox 447 4549 656 4614; x_wconf 82' lang='lat' dir='ltr'>alioqui</span> <span class='ocrx_word' id='word_1_346' title='bbox 667 4551 830 4598; x_wconf 87' lang='lat' dir='ltr'>etiam</span> <span class='ocrx_word' id='word_1_347' title='bbox 844 4541 1184 4599; x_wconf 81' lang='lat' dir='ltr'>cautissimas</span> <span class='ocrx_word' id='word_1_348' title='bbox 1194 4556 1240 4599; x_wconf 85' lang='lat' dir='ltr'>et</span> <span class='ocrx_word' id='word_1_349' title='bbox 1254 4541 1516 4615; x_wconf 77' lang='lat' dir='ltr'>sagacissi</span> <span class='ocrx_word' id='word_1_350' title='bbox 1522 4568 1633 4602; x_wconf 87' lang='lat' dir='ltr'>mos</span> <span class='ocrx_word' id='word_1_351' title='bbox 1647 4555 1740 4602; x_wconf 90' lang='lat' dir='ltr'>de-</span> 
     </span>
    </p>
   </div>
   <div class='ocr_carea' id='block_1_50' title="bbox 139 4621 1738 4690">
    <p class='ocr_par' dir='ltr' id='par_1_50' title="bbox 139 4621 1738 4690">
     <span class='ocr_line' id='line_1_50' title="bbox 139 4621 1738 4690; baseline 0.003 -20"><span class='ocrx_word' id='word_1_352' title='bbox 139 4623 317 4685; x_wconf 80' lang='lat' dir='ltr'>cipere</span> <span class='ocrx_word' id='word_1_353' title='bbox 357 4623 668 4686; x_wconf 84' lang='lat' dir='ltr'>potuerint:</span> <span class='ocrx_word' id='word_1_354' title='bbox 711 4621 975 4684; x_wconf 81' lang='lat' dir='ltr'>ejusmodi</span> <span class='ocrx_word' id='word_1_355' title='bbox 1013 4621 1162 4683; x_wconf 83' lang='lat' dir='ltr'>fuere</span> <span class='ocrx_word' id='word_1_356' title='bbox 1197 4623 1429 4685; x_wconf 78' lang='lat' dir='ltr'>Ruﬁnus</span> <span class='ocrx_word' id='word_1_357' title='bbox 1451 4625 1738 4690; x_wconf 81' lang='lat' dir='ltr'>Euagrius,</span> 
     </span>
    </p>
   </div>
   <div class='ocr_carea' id='block_1_51' title="bbox 142 4693 1739 4759">
    <p class='ocr_par' dir='ltr' id='par_1_51' title="bbox 142 4693 1739 4759">
     <span class='ocr_line' id='line_1_51' title="bbox 142 4693 1739 4759; baseline 0.003 -17"><span class='ocrx_word' id='word_1_358' title='bbox 142 4693 450 4755; x_wconf 70' lang='lat' dir='ltr'>Palladius,</span> <span class='ocrx_word' id='word_1_359' title='bbox 473 4700 518 4742; x_wconf 90' lang='lat' dir='ltr'>et</span> <span class='ocrx_word' id='word_1_360' title='bbox 547 4693 646 4742; x_wconf 85' lang='lat' dir='ltr'>alii</span> <span class='ocrx_word' id='word_1_361' title='bbox 673 4695 928 4742; x_wconf 81' lang='lat' dir='ltr'>monachi</span> <span class='ocrx_word' id='word_1_362' title='bbox 959 4695 1282 4756; x_wconf 73' lang='lat' dir='ltr'>()rigenislae,</span> <span class='ocrx_word' id='word_1_363' title='bbox 1309 4709 1440 4759; x_wconf 88' lang='lat' dir='ltr'>quos</span> <span class='ocrx_word' id='word_1_364' title='bbox 1458 4695 1511 4745; x_wconf 87' lang='lat' dir='ltr'>S.</span> <span class='ocrx_word' id='word_1_365' title='bbox 1543 4698 1739 4747; x_wconf 86' lang='lat' dir='ltr'>Hiero-</span> 
     </span>
    </p>
   </div>
   <div class='ocr_carea' id='block_1_52' title="bbox 141 4765 1224 4828">
    <p class='ocr_par' dir='ltr' id='par_1_52' title="bbox 141 4765 1224 4828">
     <span class='ocr_line' id='line_1_52' title="bbox 141 4765 1224 4828; baseline 0 -14"><span class='ocrx_word' id='word_1_366' title='bbox 141 4778 368 4828; x_wconf 78' lang='lat' dir='ltr'>nymus,</span> <span class='ocrx_word' id='word_1_367' title='bbox 385 4770 443 4812; x_wconf 89' lang='lat' dir='ltr'>ut</span> <span class='ocrx_word' id='word_1_368' title='bbox 475 4778 637 4828; x_wconf 80' lang='lat' dir='ltr'>super</span> <span class='ocrx_word' id='word_1_369' title='bbox 659 4765 919 4824; x_wconf 84' lang='lat' dir='ltr'>vidimus,</span> <span class='ocrx_word' id='word_1_370' title='bbox 942 4765 1224 4815; x_wconf 86' lang='lat' dir='ltr'>indicavit.</span> 
     </span>
    </p>
   </div>
   <div class='ocr_carea' id='block_1_53' title="bbox 210 4835 1746 4903">
    <p class='ocr_par' dir='ltr' id='par_1_53' title="bbox 210 4835 1746 4903">
     <span class='ocr_line' id='line_1_53' title="bbox 210 4835 1746 4903; baseline 0.004 -19"><span class='ocrx_word' id='word_1_371' title='bbox 210 4836 316 4884; x_wconf 84' lang='lat' dir='ltr'>Sed</span> <span class='ocrx_word' id='word_1_372' title='bbox 358 4835 430 4883; x_wconf 88' lang='lat' dir='ltr'>ad</span> <span class='ocrx_word' id='word_1_373' title='bbox 462 4835 758 4899; x_wconf 80' lang='lat' dir='ltr'>Evagrium</span> <span class='ocrx_word' id='word_1_374' title='bbox 781 4836 1078 4884; x_wconf 83' lang='lat' dir='ltr'>redeamus.</span> <span class='ocrx_word' id='word_1_375' title='bbox 1103 4837 1164 4886; x_wconf 85' lang='lat' dir='ltr'>de</span> <span class='ocrx_word' id='word_1_376' title='bbox 1187 4852 1294 4900; x_wconf 89' lang='lat' dir='ltr'>quo</span> <span class='ocrx_word' id='word_1_377' title='bbox 1318 4839 1424 4888; x_wconf 66' lang='lat' dir='ltr'>haec</span> <span class='ocrx_word' id='word_1_378' title='bbox 1454 4853 1664 4903; x_wconf 90' lang='lat' dir='ltr'>quoque</span> <span class='ocrx_word' id='word_1_379' title='bbox 1689 4839 1746 4892; x_wconf 92' lang='lat' dir='ltr'>S.</span> 
     </span>
    </p>
   </div>
   <div class='ocr_carea' id='block_1_54' title="bbox 139 4905 1750 4972">
    <p class='ocr_par' dir='ltr' id='par_1_54' title="bbox 139 4905 1750 4972">
     <span class='ocr_line' id='line_1_54' title="bbox 139 4905 1750 4972; baseline 0.002 -14"><span class='ocrx_word' id='word_1_380' title='bbox 139 4907 386 4958; x_wconf 81' lang='lat' dir='ltr'>Joannes</span> <span class='ocrx_word' id='word_1_381' title='bbox 400 4905 632 4956; x_wconf 78' lang='lat' dir='ltr'>Climaac:</span> <span class='ocrx_word' id='word_1_382' title='bbox 649 4907 1162 4971; x_wconf 86' lang='lat' dir='ltr'>PutavitEvagrius</span> <span class='ocrx_word' id='word_1_383' title='bbox 1178 4910 1669 4972; x_wconf 86' lang='lat' dir='ltr'>sapientissimum</span> <span class='ocrx_word' id='word_1_384' title='bbox 1687 4924 1750 4962; x_wconf 91' lang='lat' dir='ltr'>se</span> 
     </span>
    </p>
   </div>
   <div class='ocr_carea' id='block_1_55' title="bbox 141 4976 1750 5046">
    <p class='ocr_par' dir='ltr' id='par_1_55' title="bbox 141 4976 1750 5046">
     <span class='ocr_line' id='line_1_55' title="bbox 141 4976 1750 5046; baseline 0.001 -14"><span class='ocrx_word' id='word_1_385' title='bbox 141 4977 412 5032; x_wconf 89' lang='lat' dir='ltr'>omnium</span> <span class='ocrx_word' id='word_1_386' title='bbox 435 4976 726 5030; x_wconf 78' lang='lat' dir='ltr'>alacritate</span> <span class='ocrx_word' id='word_1_387' title='bbox 751 4991 961 5029; x_wconf 88' lang='lat' dir='ltr'>sensus</span> <span class='ocrx_word' id='word_1_388' title='bbox 979 4981 1101 5030; x_wconf 85' lang='lat' dir='ltr'>lieri</span> <span class='ocrx_word' id='word_1_389' title='bbox 1120 4995 1132 5029; x_wconf 89' lang='lat'><strong>:</strong></span> <span class='ocrx_word' id='word_1_390' title='bbox 1148 4981 1249 5031; x_wconf 88' lang='lat' dir='ltr'>sed</span> <span class='ocrx_word' id='word_1_391' title='bbox 1265 4981 1524 5033; x_wconf 85' lang='lat' dir='ltr'>fraudem</span> <span class='ocrx_word' id='word_1_392' title='bbox 1540 4981 1750 5046; x_wconf 77' lang='lat' dir='ltr'>passus</span> 
     </span>
    </p>
   </div>
   <div class='ocr_carea' id='block_1_56' title="bbox 143 5051 1750 5114">
    <p class='ocr_par' dir='ltr' id='par_1_56' title="bbox 143 5051 1750 5114">
     <span class='ocr_line' id='line_1_56' title="bbox 143 5051 1750 5114; baseline -0.001 -10"><span class='ocrx_word' id='word_1_393' title='bbox 143 5051 259 5104; x_wconf 85' lang='lat' dir='ltr'>sibi</span> <span class='ocrx_word' id='word_1_394' title='bbox 279 5051 562 5100; x_wconf 89' lang='lat' dir='ltr'>mentitus</span> <span class='ocrx_word' id='word_1_395' title='bbox 577 5051 869 5113; x_wconf 85' lang='lat' dir='ltr'>estmiser;</span> <span class='ocrx_word' id='word_1_396' title='bbox 883 5051 1282 5114; x_wconf 86' lang='lat' dir='ltr'>insipientium</span> <span class='ocrx_word' id='word_1_397' title='bbox 1296 5054 1395 5100; x_wconf 84' lang='lat' dir='ltr'>insi</span> <span class='ocrx_word' id='word_1_398' title='bbox 1403 5056 1750 5114; x_wconf 83' lang='lat' dir='ltr'>pientissimus</span> 
     </span>
    </p>
   </div>
   <div class='ocr_carea' id='block_1_57' title="bbox 143 5121 1750 5189">
    <p class='ocr_par' dir='ltr' id='par_1_57' title="bbox 143 5121 1750 5189">
     <span class='ocr_line' id='line_1_57' title="bbox 143 5121 1750 5189; baseline 0.001 -14"><span class='ocrx_word' id='word_1_399' title='bbox 143 5135 220 5175; x_wconf 80' lang='lat' dir='ltr'>ex</span> <span class='ocrx_word' id='word_1_400' title='bbox 243 5121 356 5172; x_wconf 86' lang='lat' dir='ltr'>hoc</span> <span class='ocrx_word' id='word_1_401' title='bbox 379 5133 506 5185; x_wconf 79' lang='lat' dir='ltr'>ipso</span> <span class='ocrx_word' id='word_1_402' title='bbox 528 5125 804 5172; x_wconf 81' lang='lat' dir='ltr'>ostensus</span> <span class='ocrx_word' id='word_1_403' title='bbox 829 5127 936 5173; x_wconf 91' lang='lat' dir='ltr'>est.</span> <span class='ocrx_word' id='word_1_404' title='bbox 964 5123 1085 5170; x_wconf 72' lang='lat' dir='ltr'>Haec</span> <span class='ocrx_word' id='word_1_405' title='bbox 1115 5123 1314 5172; x_wconf 73' lang='lat' dir='ltr'>idcirco</span> <span class='ocrx_word' id='word_1_406' title='bbox 1347 5124 1584 5188; x_wconf 66' lang='grc' dir='ltr'>Οιὶηιαω,</span> <span class='ocrx_word' id='word_1_407' title='bbox 1607 5127 1750 5189; x_wconf 86' lang='lat' dir='ltr'>quod</span> 
     </span>
    </p>
   </div>
   <div class='ocr_carea' id='block_1_58' title="bbox 141 5193 1751 5260">
    <p class='ocr_par' dir='ltr' id='par_1_58' title="bbox 141 5193 1751 5260">
     <span class='ocr_line' id='line_1_58' title="bbox 141 5193 1751 5260; baseline 0.002 -18"><span class='ocrx_word' id='word_1_408' title='bbox 141 5195 193 5245; x_wconf 82' lang='grc' dir='ltr'><em>Ε</em></span> <span class='ocrx_word' id='word_1_409' title='bbox 195 5193 355 5257; x_wconf 88' lang='lat' dir='ltr'>vagri</span> <span class='ocrx_word' id='word_1_410' title='bbox 362 5209 420 5241; x_wconf 86' lang='lat' dir='ltr'>us</span> <span class='ocrx_word' id='word_1_411' title='bbox 442 5193 731 5256; x_wconf 80' lang='lat' dir='ltr'>apathiam</span> <span class='ocrx_word' id='word_1_412' title='bbox 741 5194 1114 5244; x_wconf 78' lang='lat' dir='ltr'>introduceret.</span> <span class='ocrx_word' id='word_1_413' title='bbox 1134 5196 1304 5243; x_wconf 80' lang='lat' dir='ltr'>Porro</span> <span class='ocrx_word' id='word_1_414' title='bbox 1317 5195 1520 5260; x_wconf 80' lang='lat' dir='ltr'>Evagri</span> <span class='ocrx_word' id='word_1_415' title='bbox 1528 5212 1557 5245; x_wconf 92' lang='lat' dir='ltr'>u</span> <span class='ocrx_word' id='word_1_416' title='bbox 1566 5212 1616 5245; x_wconf 89' lang='lat' dir='ltr'>m</span> <span class='ocrx_word' id='word_1_417' title='bbox 1637 5213 1751 5247; x_wconf 89' lang='lat' dir='ltr'>una</span> 
     </span>
    </p>
   </div>
   <div class='ocr_carea' id='block_1_59' title="bbox 140 5263 1752 5330">
    <p class='ocr_par' dir='ltr' id='par_1_59' title="bbox 140 5263 1752 5330">
     <span class='ocr_line' id='line_1_59' title="bbox 140 5263 1752 5330; baseline 0.002 -15"><span class='ocrx_word' id='word_1_418' title='bbox 140 5281 270 5315; x_wconf 86' lang='lat' dir='ltr'>cum</span> <span class='ocrx_word' id='word_1_419' title='bbox 298 5263 524 5327; x_wconf 84' lang='lat' dir='ltr'>Origene</span> <span class='ocrx_word' id='word_1_420' title='bbox 541 5275 586 5312; x_wconf 84' lang='lat' dir='ltr'>et</span> <span class='ocrx_word' id='word_1_421' title='bbox 598 5265 833 5329; x_wconf 81' lang='lat' dir='ltr'>Didymo</span> <span class='ocrx_word' id='word_1_422' title='bbox 849 5266 1230 5316; x_wconf 70' lang='lat' dir='ltr'>Alexandrino</span> <span class='ocrx_word' id='word_1_423' title='bbox 1245 5273 1529 5330; x_wconf 86' lang='lat' dir='ltr'>tamquam</span> <span class='ocrx_word' id='word_1_424' title='bbox 1548 5269 1752 5318; x_wconf 73' lang='lat' dir='ltr'>haereti-</span> 
     </span>
    </p>
   </div>
   <div class='ocr_carea' id='block_1_60' title="bbox 138 5336 1752 5404">
    <p class='ocr_par' dir='ltr' id='par_1_60' title="bbox 138 5336 1752 5404">
     <span class='ocr_line' id='line_1_60' title="bbox 138 5336 1752 5404; baseline 0.002 -17"><span class='ocrx_word' id='word_1_425' title='bbox 138 5352 270 5388; x_wconf 90' lang='lat' dir='ltr'>cum</span> <span class='ocrx_word' id='word_1_426' title='bbox 281 5336 946 5402; x_wconf 66' lang='lat' dir='ltr'>condemnatum,ejusque</span> <span class='ocrx_word' id='word_1_427' title='bbox 960 5352 1165 5387; x_wconf 81' lang='lat' dir='ltr'>errores</span> <span class='ocrx_word' id='word_1_428' title='bbox 1174 5341 1500 5403; x_wconf 78' lang='lat' dir='ltr'>proscriptos</span> <span class='ocrx_word' id='word_1_429' title='bbox 1515 5340 1576 5388; x_wconf 87' lang='lat' dir='ltr'>in</span> <span class='ocrx_word' id='word_1_430' title='bbox 1595 5341 1752 5404; x_wconf 87' lang='lat' dir='ltr'>quin-</span> 
     </span>
    </p>
   </div>
   <div class='ocr_carea' id='block_1_61' title="bbox 143 5407 1751 5476">
    <p class='ocr_par' dir='ltr' id='par_1_61' title="bbox 143 5407 1751 5476">
     <span class='ocr_line' id='line_1_61' title="bbox 143 5407 1751 5476; baseline 0.002 -19"><span class='ocrx_word' id='word_1_431' title='bbox 143 5416 189 5458; x_wconf 88' lang='lat' dir='ltr'>te</span> <span class='ocrx_word' id='word_1_432' title='bbox 210 5407 457 5472; x_wconf 88' lang='lat' dir='ltr'>generali</span> <span class='ocrx_word' id='word_1_433' title='bbox 480 5409 1115 5472; x_wconf 85' lang='lat' dir='ltr'>Synodo,auctoressunt</span> <span class='ocrx_word' id='word_1_434' title='bbox 1141 5411 1195 5460; x_wconf 87' lang='lat' dir='ltr'>S.</span> <span class='ocrx_word' id='word_1_435' title='bbox 1235 5413 1257 5458; x_wconf 85' lang='lat' dir='ltr'>&#39;l</span> <span class='ocrx_word' id='word_1_436' title='bbox 1272 5412 1529 5460; x_wconf 84' lang='lat' dir='ltr'>harasius</span> <span class='ocrx_word' id='word_1_437' title='bbox 1552 5415 1751 5476; x_wconf 82' lang='lat' dir='ltr'>episco-</span> 
     </span>
    </p>
   </div>
   <div class='ocr_carea' id='block_1_62' title="bbox 139 5480 1753 5546">
    <p class='ocr_par' dir='ltr' id='par_1_62' title="bbox 139 5480 1753 5546">
     <span class='ocr_line' id='line_1_62' title="bbox 139 5480 1753 5546; baseline 0.002 -18"><span class='ocrx_word' id='word_1_438' title='bbox 139 5496 248 5546; x_wconf 84' lang='lat' dir='ltr'>pus</span> <span class='ocrx_word' id='word_1_439' title='bbox 271 5480 842 5544; x_wconf 82' lang='lat' dir='ltr'>Constantinopolitan</span> <span class='ocrx_word' id='word_1_440' title='bbox 851 5497 931 5544; x_wconf 86' lang='lat' dir='ltr'>us,</span> <span class='ocrx_word' id='word_1_441' title='bbox 951 5482 1292 5545; x_wconf 76' lang='lat' dir='ltr'>Confessione</span> <span class='ocrx_word' id='word_1_442' title='bbox 1306 5483 1452 5546; x_wconf 84' lang='lat' dir='ltr'>ﬁdei,</span> <span class='ocrx_word' id='word_1_443' title='bbox 1469 5497 1585 5546; x_wconf 78' lang='lat' dir='ltr'>qua:</span> <span class='ocrx_word' id='word_1_444' title='bbox 1600 5485 1753 5532; x_wconf 80' lang='lat' dir='ltr'>habe-</span> 
     </span>
    </p>
   </div>
   <div class='ocr_carea' id='block_1_63' title="bbox 144 5552 1748 5619">
    <p class='ocr_par' dir='ltr' id='par_1_63' title="bbox 144 5552 1748 5619">
     <span class='ocr_line' id='line_1_63' title="bbox 144 5552 1748 5619; baseline 0.001 -17"><span class='ocrx_word' id='word_1_445' title='bbox 144 5560 239 5602; x_wconf 84' lang='lat' dir='ltr'>tur</span> <span class='ocrx_word' id='word_1_446' title='bbox 261 5553 326 5600; x_wconf 87' lang='lat' dir='ltr'>in</span> <span class='ocrx_word' id='word_1_447' title='bbox 346 5552 577 5600; x_wconf 86' lang='lat' dir='ltr'>secundo</span> <span class='ocrx_word' id='word_1_448' title='bbox 604 5553 826 5602; x_wconf 61' lang='lat' dir='ltr'>Niceno</span> <span class='ocrx_word' id='word_1_449' title='bbox 861 5553 1120 5614; x_wconf 75' lang='lat' dir='ltr'>Concilio,</span> <span class='ocrx_word' id='word_1_450' title='bbox 1146 5553 1354 5604; x_wconf 86' lang='lat' dir='ltr'>actione</span> <span class='ocrx_word' id='word_1_451' title='bbox 1377 5553 1428 5614; x_wconf 87' lang='lat'>3,</span> <span class='ocrx_word' id='word_1_452' title='bbox 1452 5553 1680 5619; x_wconf 81' lang='lat' dir='ltr'>Niceph.</span> <span class='ocrx_word' id='word_1_453' title='bbox 1708 5557 1748 5604; x_wconf 85' lang='grc' dir='ltr'>Ι.</span> 
     </span>
    </p>
   </div>
   <div class='ocr_carea' id='block_1_64' title="bbox 143 5625 1753 5690">
    <p class='ocr_par' dir='ltr' id='par_1_64' title="bbox 143 5625 1753 5690">
     <span class='ocr_line' id='line_1_64' title="bbox 143 5625 1753 5690; baseline 0 -14"><span class='ocrx_word' id='word_1_454' title='bbox 143 5626 318 5676; x_wconf 83' lang='lat' dir='ltr'>XVII.</span> <span class='ocrx_word' id='word_1_455' title='bbox 362 5625 565 5676; x_wconf 82' lang='lat' dir='ltr'>Histor.</span> <span class='ocrx_word' id='word_1_456' title='bbox 606 5639 726 5690; x_wconf 87' lang='lat' dir='ltr'>cap.</span> <span class='ocrx_word' id='word_1_457' title='bbox 763 5631 844 5678; x_wconf 82' lang='lat'>27.</span> <span class='ocrx_word' id='word_1_458' title='bbox 885 5628 1156 5676; x_wconf 87' lang='lat' dir='ltr'>Cedrenus</span> <span class='ocrx_word' id='word_1_459' title='bbox 1182 5629 1237 5676; x_wconf 87' lang='lat' dir='ltr'>in</span> <span class='ocrx_word' id='word_1_460' title='bbox 1260 5626 1464 5676; x_wconf 87' lang='lat' dir='ltr'>Annal.</span> <span class='ocrx_word' id='word_1_461' title='bbox 1492 5627 1552 5675; x_wconf 89' lang='lat' dir='ltr'>in</span> <span class='ocrx_word' id='word_1_462' title='bbox 1577 5627 1753 5676; x_wconf 87' lang='lat' dir='ltr'>Justi-</span> 
     </span>
    </p>
   </div>
   <div class='ocr_carea' id='block_1_65' title="bbox 145 5697 1750 5764">
    <p class='ocr_par' dir='ltr' id='par_1_65' title="bbox 145 5697 1750 5764">
     <span class='ocr_line' id='line_1_65' title="bbox 145 5697 1750 5764; baseline 0.002 -18"><span class='ocrx_word' id='word_1_463' title='bbox 145 5697 343 5747; x_wconf 87' lang='lat' dir='ltr'>niano.</span> <span class='ocrx_word' id='word_1_464' title='bbox 361 5697 630 5747; x_wconf 85' lang='lat' dir='ltr'>Eumdem</span> <span class='ocrx_word' id='word_1_465' title='bbox 653 5700 815 5748; x_wconf 88' lang='lat' dir='ltr'>etiam</span> <span class='ocrx_word' id='word_1_466' title='bbox 832 5699 1270 5764; x_wconf 79' lang='lat' dir='ltr'>Evagriumcum</span> <span class='ocrx_word' id='word_1_467' title='bbox 1294 5699 1489 5749; x_wconf 79' lang='lat' dir='ltr'>eisdem</span> <span class='ocrx_word' id='word_1_468' title='bbox 1513 5700 1750 5764; x_wconf 82' lang='lat' dir='ltr'>Didyme</span> 
     </span>
    </p>
   </div>
   <div class='ocr_carea' id='block_1_66' title="bbox 145 5770 1751 5836">
    <p class='ocr_par' dir='ltr' id='par_1_66' title="bbox 145 5770 1751 5836">
     <span class='ocr_line' id='line_1_66' title="bbox 145 5770 1751 5836; baseline 0.001 -16"><span class='ocrx_word' id='word_1_469' title='bbox 145 5777 194 5820; x_wconf 86' lang='lat' dir='ltr'>et</span> <span class='ocrx_word' id='word_1_470' title='bbox 241 5770 473 5834; x_wconf 83' lang='lat' dir='ltr'>Origene</span> <span class='ocrx_word' id='word_1_471' title='bbox 493 5771 775 5821; x_wconf 83' lang='lat' dir='ltr'>damnavit</span> <span class='ocrx_word' id='word_1_472' title='bbox 802 5771 857 5824; x_wconf 89' lang='lat' dir='ltr'>S.</span> <span class='ocrx_word' id='word_1_473' title='bbox 891 5773 1166 5822; x_wconf 80' lang='lat' dir='ltr'>Martinus</span> <span class='ocrx_word' id='word_1_474' title='bbox 1190 5774 1347 5834; x_wconf 84' lang='lat' dir='ltr'>Papa</span> <span class='ocrx_word' id='word_1_475' title='bbox 1370 5778 1414 5821; x_wconf 89' lang='lat' dir='ltr'>et</span> <span class='ocrx_word' id='word_1_476' title='bbox 1445 5778 1660 5836; x_wconf 83' lang='lat' dir='ltr'>martyr</span> <span class='ocrx_word' id='word_1_477' title='bbox 1691 5774 1751 5822; x_wconf 89' lang='lat' dir='ltr'>in</span> 
     </span>
    </p>
   </div>
   <div class='ocr_carea' id='block_1_67' title="bbox 148 5842 1752 5907">
    <p class='ocr_par' dir='ltr' id='par_1_67' title="bbox 148 5842 1752 5907">
     <span class='ocr_line' id='line_1_67' title="bbox 148 5842 1752 5907; baseline 0 -13"><span class='ocrx_word' id='word_1_478' title='bbox 148 5842 396 5894; x_wconf 82' lang='lat' dir='ltr'>Concilio</span> <span class='ocrx_word' id='word_1_479' title='bbox 421 5845 787 5904; x_wconf 84' lang='lat' dir='ltr'>Laleranensi,</span> <span class='ocrx_word' id='word_1_480' title='bbox 831 5845 1132 5895; x_wconf 85' lang='lat' dir='ltr'>Secretario</span> <span class='ocrx_word' id='word_1_481' title='bbox 1160 5847 1208 5906; x_wconf 87' lang='lat'>5,</span> <span class='ocrx_word' id='word_1_482' title='bbox 1249 5847 1468 5895; x_wconf 80' lang='lat' dir='ltr'>Canone</span> <span class='ocrx_word' id='word_1_483' title='bbox 1491 5847 1570 5907; x_wconf 79' lang='lat'>18,</span> <span class='ocrx_word' id='word_1_484' title='bbox 1595 5845 1684 5894; x_wconf 87' lang='lat' dir='ltr'>sed</span> <span class='ocrx_word' id='word_1_485' title='bbox 1707 5851 1752 5894; x_wconf 86' lang='lat' dir='ltr'>et</span> 
     </span>
    </p>
   </div>
   <div class='ocr_carea' id='block_1_68' title="bbox 145 5915 1751 5983">
    <p class='ocr_par' dir='ltr' id='par_1_68' title="bbox 145 5915 1751 5983">
     <span class='ocr_line' id='line_1_68' title="bbox 145 5915 1751 5983; baseline 0.001 -16"><span class='ocrx_word' id='word_1_486' title='bbox 145 5915 456 5967; x_wconf 76' lang='lat' dir='ltr'>Antiochus</span> <span class='ocrx_word' id='word_1_487' title='bbox 484 5919 806 5982; x_wconf 82' lang='lat' dir='ltr'>monachus,</span> <span class='ocrx_word' id='word_1_488' title='bbox 829 5919 925 5983; x_wconf 87' lang='lat' dir='ltr'>qui</span> <span class='ocrx_word' id='word_1_489' title='bbox 946 5917 1043 5968; x_wconf 84' lang='lat' dir='ltr'>sub</span> <span class='ocrx_word' id='word_1_490' title='bbox 1074 5917 1324 5968; x_wconf 81' lang='lat' dir='ltr'>Heraclio</span> <span class='ocrx_word' id='word_1_491' title='bbox 1357 5917 1496 5968; x_wconf 66' lang='lat' dir='ltr'>vixit</span> <span class='ocrx_word' id='word_1_492' title='bbox 1520 5916 1751 5969; x_wconf 83' lang='lat' dir='ltr'>homil-ia</span> 
     </span>
    </p>
   </div>
   <div class='ocr_carea' id='block_1_69' title="bbox 1851 577 3447 642">
    <p class='ocr_par' dir='ltr' id='par_1_69' title="bbox 1851 577 3447 642">
     <span class='ocr_line' id='line_1_69' title="bbox 1851 577 3447 642; baseline 0 -13"><span class='ocrx_word' id='word_1_493' title='bbox 1851 579 2062 641; x_wconf 91' lang='lat' dir='ltr'>quibus</span> <span class='ocrx_word' id='word_1_494' title='bbox 2077 590 2231 629; x_wconf 89' lang='lat' dir='ltr'>unus</span> <span class='ocrx_word' id='word_1_495' title='bbox 2248 577 2853 642; x_wconf 75' lang='lat' dir='ltr'>Egyptiusgenere.et</span> <span class='ocrx_word' id='word_1_496' title='bbox 2865 580 3147 641; x_wconf 81' lang='lat' dir='ltr'>discipulus</span> <span class='ocrx_word' id='word_1_497' title='bbox 3162 584 3289 630; x_wconf 80' lang='lat' dir='ltr'>beati</span> <span class='ocrx_word' id='word_1_498' title='bbox 3300 585 3447 630; x_wconf 85' lang='lat' dir='ltr'>Anto-</span> 
     </span>
    </p>
   </div>
   <div class='ocr_carea' id='block_1_70' title="bbox 1849 666 3444 732">
    <p class='ocr_par' dir='ltr' id='par_1_70' title="bbox 1849 666 3444 732">
     <span class='ocr_line' id='line_1_70' title="bbox 1849 666 3444 732; baseline 0.003 -15"><span class='ocrx_word' id='word_1_499' title='bbox 1849 667 1931 717; x_wconf 91' lang='lat' dir='ltr'>nii</span> <span class='ocrx_word' id='word_1_500' title='bbox 1953 667 2078 731; x_wconf 92' lang='lat' dir='ltr'>fuit,</span> <span class='ocrx_word' id='word_1_501' title='bbox 2097 667 2244 732; x_wconf 78' lang='lat' dir='ltr'>alius</span> <span class='ocrx_word' id='word_1_502' title='bbox 2268 666 2710 718; x_wconf 82' lang='lat' dir='ltr'>Alexandrinus.</span> <span class='ocrx_word' id='word_1_503' title='bbox 2730 667 2948 729; x_wconf 89' lang='lat' dir='ltr'>Quibus</span> <span class='ocrx_word' id='word_1_504' title='bbox 2967 672 3028 720; x_wconf 92' lang='lat' dir='ltr'>ut</span> <span class='ocrx_word' id='word_1_505' title='bbox 3046 669 3330 722; x_wconf 87' lang='lat' dir='ltr'>vocabula</span> <span class='ocrx_word' id='word_1_506' title='bbox 3343 682 3444 721; x_wconf 89' lang='lat' dir='ltr'>no-</span> 
     </span>
    </p>
   </div>
   <div class='ocr_carea' id='block_1_71' title="bbox 1849 755 3449 821">
    <p class='ocr_par' dir='ltr' id='par_1_71' title="bbox 1849 755 3449 821">
     <span class='ocr_line' id='line_1_71' title="bbox 1849 755 3449 821; baseline 0 -15"><span class='ocrx_word' id='word_1_507' title='bbox 1849 755 2042 816; x_wconf 86' lang='lat' dir='ltr'>minis,</span> <span class='ocrx_word' id='word_1_508' title='bbox 2061 757 2140 807; x_wconf 90' lang='lat' dir='ltr'>ita</span> <span class='ocrx_word' id='word_1_509' title='bbox 2156 756 2402 808; x_wconf 85' lang='lat' dir='ltr'>virtutes</span> <span class='ocrx_word' id='word_1_510' title='bbox 2419 755 2595 806; x_wconf 91' lang='lat' dir='ltr'>animi</span> <span class='ocrx_word' id='word_1_511' title='bbox 2606 757 2663 806; x_wconf 91' lang='lat' dir='ltr'>et</span> <span class='ocrx_word' id='word_1_512' title='bbox 2678 755 2997 808; x_wconf 72' lang='lat' dir='ltr'>cmlestium</span> <span class='ocrx_word' id='word_1_513' title='bbox 3013 758 3332 821; x_wconf 78' lang='lat' dir='ltr'>gratiarum</span> <span class='ocrx_word' id='word_1_514' title='bbox 3347 773 3449 807; x_wconf 84' lang='lat' dir='ltr'>ma-</span> 
     </span>
    </p>
   </div>
   <div class='ocr_carea' id='block_1_72' title="bbox 1847 843 3446 910">
    <p class='ocr_par' dir='ltr' id='par_1_72' title="bbox 1847 843 3446 910">
     <span class='ocr_line' id='line_1_72' title="bbox 1847 843 3446 910; baseline 0.001 -15"><span class='ocrx_word' id='word_1_515' title='bbox 1847 844 2180 909; x_wconf 83' lang='lat' dir='ltr'>gniﬁcentia</span> <span class='ocrx_word' id='word_1_516' title='bbox 2215 843 2617 895; x_wconf 89' lang='lat' dir='ltr'>concordabat.</span> <span class='ocrx_word' id='word_1_517' title='bbox 2661 845 2910 908; x_wconf 88' lang='lat' dir='ltr'>Uterque</span> <span class='ocrx_word' id='word_1_518' title='bbox 2943 847 3097 897; x_wconf 90' lang='lat' dir='ltr'>enim</span> <span class='ocrx_word' id='word_1_519' title='bbox 3137 847 3446 910; x_wconf 86' lang='lat' dir='ltr'>Macarius,</span> 
     </span>
    </p>
   </div>
   <div class='ocr_carea' id='block_1_73' title="bbox 1847 933 3448 997">
    <p class='ocr_par' dir='ltr' id='par_1_73' title="bbox 1847 933 3448 997">
     <span class='ocr_line' id='line_1_73' title="bbox 1847 933 3448 997; baseline 0.001 -12"><span class='ocrx_word' id='word_1_520' title='bbox 1847 937 2086 997; x_wconf 89' lang='lat' dir='ltr'>uterque</span> <span class='ocrx_word' id='word_1_521' title='bbox 2131 933 2500 984; x_wconf 59' lang='lat' dir='ltr'>abstinentia</span> <span class='ocrx_word' id='word_1_522' title='bbox 2527 933 2814 984; x_wconf 80' lang='lat' dir='ltr'>exercitiis</span> <span class='ocrx_word' id='word_1_523' title='bbox 2853 938 2909 985; x_wconf 89' lang='lat' dir='ltr'>et</span> <span class='ocrx_word' id='word_1_524' title='bbox 2932 934 3246 986; x_wconf 90' lang='lat' dir='ltr'>virtutibus</span> <span class='ocrx_word' id='word_1_525' title='bbox 3268 934 3448 987; x_wconf 90' lang='lat' dir='ltr'>animi</span> 
     </span>
    </p>
   </div>
   <div class='ocr_carea' id='block_1_74' title="bbox 1846 1021 3444 1088">
    <p class='ocr_par' dir='ltr' id='par_1_74' title="bbox 1846 1021 3444 1088">
     <span class='ocr_line' id='line_1_74' title="bbox 1846 1021 3444 1088; baseline 0.001 -14"><span class='ocrx_word' id='word_1_526' title='bbox 1846 1022 2144 1086; x_wconf 69' lang='lat' dir='ltr'>mqualiter</span> <span class='ocrx_word' id='word_1_527' title='bbox 2177 1021 2414 1085; x_wconf 89' lang='lat' dir='ltr'>pollens,</span> <span class='ocrx_word' id='word_1_528' title='bbox 2445 1022 2555 1073; x_wconf 92' lang='lat' dir='ltr'>hoc</span> <span class='ocrx_word' id='word_1_529' title='bbox 2582 1023 2703 1073; x_wconf 90' lang='lat' dir='ltr'>solo</span> <span class='ocrx_word' id='word_1_530' title='bbox 2726 1022 2874 1074; x_wconf 92' lang='lat' dir='ltr'>alius</span> <span class='ocrx_word' id='word_1_531' title='bbox 2893 1023 3248 1088; x_wconf 67' lang='lat' dir='ltr'>praecellens,</span> <span class='ocrx_word' id='word_1_532' title='bbox 3286 1023 3444 1088; x_wconf 90' lang='lat' dir='ltr'>quod</span> 
     </span>
    </p>
   </div>
   <div class='ocr_carea' id='block_1_75' title="bbox 1844 1111 3451 1176">
    <p class='ocr_par' dir='ltr' id='par_1_75' title="bbox 1844 1111 3451 1176">
     <span class='ocr_line' id='line_1_75' title="bbox 1844 1111 3451 1176; baseline 0 -13"><span class='ocrx_word' id='word_1_533' title='bbox 1844 1113 2008 1176; x_wconf 89' lang='lat' dir='ltr'>quasi</span> <span class='ocrx_word' id='word_1_534' title='bbox 2033 1111 2408 1162; x_wconf 86' lang='lat' dir='ltr'>hereditatem</span> <span class='ocrx_word' id='word_1_535' title='bbox 2438 1111 2753 1176; x_wconf 89' lang='lat' dir='ltr'>gratiarum</span> <span class='ocrx_word' id='word_1_536' title='bbox 2776 1116 2834 1163; x_wconf 92' lang='lat' dir='ltr'>et</span> <span class='ocrx_word' id='word_1_537' title='bbox 2855 1112 3134 1164; x_wconf 88' lang='lat' dir='ltr'>virtutum</span> <span class='ocrx_word' id='word_1_538' title='bbox 3163 1114 3224 1165; x_wconf 91' lang='lat' dir='ltr'>B.</span> <span class='ocrx_word' id='word_1_539' title='bbox 3266 1116 3451 1165; x_wconf 85' lang='lat' dir='ltr'>Anto-</span> 
     </span>
    </p>
   </div>
   <div class='ocr_carea' id='block_1_76' title="bbox 1842 1199 2298 1264">
    <p class='ocr_par' dir='ltr' id='par_1_76' title="bbox 1842 1199 2298 1264">
     <span class='ocr_line' id='line_1_76' title="bbox 1842 1199 2298 1264; baseline 0.004 -14"><span class='ocrx_word' id='word_1_540' title='bbox 1842 1199 1922 1250; x_wconf 89' lang='lat' dir='ltr'>nii</span> <span class='ocrx_word' id='word_1_541' title='bbox 1946 1199 2298 1264; x_wconf 88' lang='lat' dir='ltr'>possidebat.</span> 
     </span>
    </p>
   </div>
   <div class='ocr_carea' id='block_1_77' title="bbox 1905 1313 3442 1378">
    <p class='ocr_par' dir='ltr' id='par_1_77' title="bbox 1905 1313 3442 1378">
     <span class='ocr_line' id='line_1_77' title="bbox 1905 1313 3442 1378; baseline 0.002 -13"><span class='ocrx_word' id='word_1_542' title='bbox 1905 1314 2051 1366; x_wconf 87' lang='lat' dir='ltr'>Hinc</span> <span class='ocrx_word' id='word_1_543' title='bbox 2073 1313 2319 1378; x_wconf 89' lang='lat' dir='ltr'>denique</span> <span class='ocrx_word' id='word_1_544' title='bbox 2342 1313 2550 1376; x_wconf 88' lang='lat' dir='ltr'>ferunt,</span> <span class='ocrx_word' id='word_1_545' title='bbox 2575 1313 2886 1378; x_wconf 89' lang='lat' dir='ltr'>aliquando</span> <span class='ocrx_word' id='word_1_546' title='bbox 2909 1327 3042 1366; x_wconf 91' lang='lat' dir='ltr'>cum</span> <span class='ocrx_word' id='word_1_547' title='bbox 3068 1314 3442 1368; x_wconf 89' lang='lat' dir='ltr'>homicidium</span> 
     </span>
    </p>
   </div>
   <div class='ocr_carea' id='block_1_78' title="bbox 1840 1402 3444 1467">
    <p class='ocr_par' dir='ltr' id='par_1_78' title="bbox 1840 1402 3444 1467">
     <span class='ocr_line' id='line_1_78' title="bbox 1840 1402 3444 1467; baseline 0.001 -12"><span class='ocrx_word' id='word_1_548' title='bbox 1840 1404 1899 1455; x_wconf 91' lang='lat' dir='ltr'>in</span> <span class='ocrx_word' id='word_1_549' title='bbox 1923 1403 2065 1455; x_wconf 91' lang='lat' dir='ltr'>locis</span> <span class='ocrx_word' id='word_1_550' title='bbox 2091 1403 2294 1455; x_wconf 90' lang='lat' dir='ltr'>vicinis</span> <span class='ocrx_word' id='word_1_551' title='bbox 2320 1402 2528 1454; x_wconf 88' lang='lat' dir='ltr'>fuisset</span> <span class='ocrx_word' id='word_1_552' title='bbox 2553 1402 2896 1467; x_wconf 90' lang='lat' dir='ltr'>admissum,</span> <span class='ocrx_word' id='word_1_553' title='bbox 2923 1408 2979 1454; x_wconf 91' lang='lat' dir='ltr'>et</span> <span class='ocrx_word' id='word_1_554' title='bbox 3002 1403 3300 1457; x_wconf 89' lang='lat' dir='ltr'>innocenti</span> <span class='ocrx_word' id='word_1_555' title='bbox 3322 1405 3444 1456; x_wconf 90' lang='lat' dir='ltr'>cui-</span> 
     </span>
    </p>
   </div>
   <div class='ocr_carea' id='block_1_79' title="bbox 1842 1491 3445 1557">
    <p class='ocr_par' dir='ltr' id='par_1_79' title="bbox 1842 1491 3445 1557">
     <span class='ocr_line' id='line_1_79' title="bbox 1842 1491 3445 1557; baseline 0.001 -14"><span class='ocrx_word' id='word_1_556' title='bbox 1842 1491 1976 1543; x_wconf 90' lang='lat' dir='ltr'>dam</span> <span class='ocrx_word' id='word_1_557' title='bbox 2019 1491 2431 1556; x_wconf 88' lang='lat' dir='ltr'>impingeretur</span> <span class='ocrx_word' id='word_1_558' title='bbox 2467 1491 2685 1543; x_wconf 88' lang='lat' dir='ltr'>crimen</span> <span class='ocrx_word' id='word_1_559' title='bbox 2715 1491 2976 1555; x_wconf 90' lang='lat' dir='ltr'>admissi,</span> <span class='ocrx_word' id='word_1_560' title='bbox 3017 1492 3348 1557; x_wconf 88' lang='lat' dir='ltr'>confugisse</span> <span class='ocrx_word' id='word_1_561' title='bbox 3371 1492 3445 1544; x_wconf 91' lang='lat' dir='ltr'>ad</span> 
     </span>
    </p>
   </div>
   <div class='ocr_carea' id='block_1_80' title="bbox 1840 1580 3444 1646">
    <p class='ocr_par' dir='ltr' id='par_1_80' title="bbox 1840 1580 3444 1646">
     <span class='ocr_line' id='line_1_80' title="bbox 1840 1580 3444 1646; baseline -0.002 -13"><span class='ocrx_word' id='word_1_562' title='bbox 1840 1583 1969 1646; x_wconf 89' lang='lat' dir='ltr'>ejus</span> <span class='ocrx_word' id='word_1_563' title='bbox 1992 1580 2256 1633; x_wconf 91' lang='lat' dir='ltr'>cellulam</span> <span class='ocrx_word' id='word_1_564' title='bbox 2275 1593 2427 1640; x_wconf 89' lang='lat' dir='ltr'>eum,</span> <span class='ocrx_word' id='word_1_565' title='bbox 2451 1581 2550 1644; x_wconf 88' lang='lat' dir='ltr'>qui</span> <span class='ocrx_word' id='word_1_566' title='bbox 2573 1580 2923 1632; x_wconf 89' lang='lat' dir='ltr'>calumniam</span> <span class='ocrx_word' id='word_1_567' title='bbox 2938 1581 3263 1646; x_wconf 84' lang='lat' dir='ltr'>patiebatur</span> <span class='ocrx_word' id='word_1_568' title='bbox 3280 1583 3444 1646; x_wconf 81' lang='lat' dir='ltr'>(Deest</span> 
     </span>
    </p>
   </div>
   <div class='ocr_carea' id='block_1_81' title="bbox 1844 1669 3443 1734">
    <p class='ocr_par' dir='ltr' id='par_1_81' title="bbox 1844 1669 3443 1734">
     <span class='ocr_line' id='line_1_81' title="bbox 1844 1669 3443 1734; baseline 0.002 -15"><span class='ocrx_word' id='word_1_569' title='bbox 1844 1671 1940 1720; x_wconf 89' lang='lat' dir='ltr'>hoc</span> <span class='ocrx_word' id='word_1_570' title='bbox 1968 1669 2236 1732; x_wconf 83' lang='lat' dir='ltr'>Palladio)</span> <span class='ocrx_word' id='word_1_571' title='bbox 2259 1687 2268 1718; x_wconf 90' lang='lat'>:</span> <span class='ocrx_word' id='word_1_572' title='bbox 2297 1669 2533 1721; x_wconf 80' lang='lat' dir='ltr'>aifuisse</span> <span class='ocrx_word' id='word_1_573' title='bbox 2572 1673 2744 1720; x_wconf 83' lang='lat' dir='ltr'>etiam</span> <span class='ocrx_word' id='word_1_574' title='bbox 2769 1682 2888 1733; x_wconf 90' lang='lat' dir='ltr'>eos,</span> <span class='ocrx_word' id='word_1_575' title='bbox 2915 1671 3013 1734; x_wconf 89' lang='lat' dir='ltr'>qui</span> <span class='ocrx_word' id='word_1_576' title='bbox 3038 1671 3443 1734; x_wconf 87' lang='lat' dir='ltr'>perurgebant,</span> 
     </span>
    </p>
   </div>
   <div class='ocr_carea' id='block_1_82' title="bbox 1842 1757 3443 1823">
    <p class='ocr_par' dir='ltr' id='par_1_82' title="bbox 1842 1757 3443 1823">
     <span class='ocr_line' id='line_1_82' title="bbox 1842 1757 3443 1823; baseline 0 -13"><span class='ocrx_word' id='word_1_577' title='bbox 1842 1759 2158 1822; x_wconf 85' lang='lat' dir='ltr'>allegantes</span> <span class='ocrx_word' id='word_1_578' title='bbox 2183 1762 2242 1809; x_wconf 89' lang='lat' dir='ltr'>et</span> <span class='ocrx_word' id='word_1_579' title='bbox 2263 1757 2523 1809; x_wconf 88' lang='lat' dir='ltr'>dicentes</span> <span class='ocrx_word' id='word_1_580' title='bbox 2545 1757 2855 1822; x_wconf 88' lang='lat' dir='ltr'>periclitari</span> <span class='ocrx_word' id='word_1_581' title='bbox 2877 1759 2956 1809; x_wconf 92' lang='lat' dir='ltr'>sei</span> <span class='ocrx_word' id='word_1_582' title='bbox 2963 1771 3119 1823; x_wconf 91' lang='lat' dir='ltr'>psos,</span> <span class='ocrx_word' id='word_1_583' title='bbox 3144 1759 3259 1809; x_wconf 88' lang='lat' dir='ltr'>nisi</span> <span class='ocrx_word' id='word_1_584' title='bbox 3289 1771 3443 1810; x_wconf 91' lang='lat' dir='ltr'>com-</span> 
     </span>
    </p>
   </div>
   <div class='ocr_carea' id='block_1_83' title="bbox 1844 1845 3442 1912">
    <p class='ocr_par' dir='ltr' id='par_1_83' title="bbox 1844 1845 3442 1912">
     <span class='ocr_line' id='line_1_83' title="bbox 1844 1845 3442 1912; baseline 0.001 -14"><span class='ocrx_word' id='word_1_585' title='bbox 1844 1847 2196 1912; x_wconf 88' lang='lat' dir='ltr'>prehensum</span> <span class='ocrx_word' id='word_1_586' title='bbox 2235 1845 2462 1910; x_wconf 84' lang='lat' dir='ltr'>legibus</span> <span class='ocrx_word' id='word_1_587' title='bbox 2493 1846 2786 1898; x_wconf 86' lang='lat' dir='ltr'>traderent</span> <span class='ocrx_word' id='word_1_588' title='bbox 2821 1846 3192 1898; x_wconf 90' lang='lat' dir='ltr'>homicidam.</span> <span class='ocrx_word' id='word_1_589' title='bbox 3228 1849 3284 1899; x_wconf 92' lang='lat' dir='ltr'>Is</span> <span class='ocrx_word' id='word_1_590' title='bbox 3309 1860 3442 1900; x_wconf 90' lang='lat' dir='ltr'>vero</span> 
     </span>
    </p>
   </div>
   <div class='ocr_carea' id='block_1_84' title="bbox 1844 1940 3436 2013">
    <p class='ocr_par' dir='ltr' id='par_1_84' title="bbox 1844 1940 3436 2013">
     <span class='ocr_line' id='line_1_84' title="bbox 1844 1940 3436 2013; baseline -0.002 -16"><span class='ocrx_word' id='word_1_591' title='bbox 1844 1945 1937 1998; x_wconf 88' lang='lat' dir='ltr'>cui</span> <span class='ocrx_word' id='word_1_592' title='bbox 1972 1946 2194 1997; x_wconf 88' lang='lat' dir='ltr'>crimen</span> <span class='ocrx_word' id='word_1_593' title='bbox 2228 1944 2676 2008; x_wconf 90' lang='lat' dir='ltr'>impingebatur,</span> <span class='ocrx_word' id='word_1_594' title='bbox 2721 1956 2854 1996; x_wconf 93' lang='lat' dir='ltr'>cum</span> <span class='ocrx_word' id='word_1_595' title='bbox 2887 1944 3264 1996; x_wconf 86' lang='lat' dir='ltr'>sacramentis</span> <span class='ocrx_word' id='word_1_596' title='bbox 3287 1940 3436 2013; x_wconf 72' lang='lat'>|94</span> 
     </span>
    </p>
   </div>
   <div class='ocr_carea' id='block_1_85' title="bbox 1841 2042 3442 2106">
    <p class='ocr_par' dir='ltr' id='par_1_85' title="bbox 1841 2042 3442 2106">
     <span class='ocr_line' id='line_1_85' title="bbox 1841 2042 3442 2106; baseline -0.002 -12"><span class='ocrx_word' id='word_1_597' title='bbox 1841 2043 2189 2106; x_wconf 80' lang='lat' dir='ltr'>afﬁrmabat,</span> <span class='ocrx_word' id='word_1_598' title='bbox 2210 2042 2510 2094; x_wconf 90' lang='lat' dir='ltr'>conscium</span> <span class='ocrx_word' id='word_1_599' title='bbox 2539 2055 2601 2094; x_wconf 90' lang='lat' dir='ltr'>se</span> <span class='ocrx_word' id='word_1_600' title='bbox 2624 2053 2743 2094; x_wconf 91' lang='lat' dir='ltr'>non</span> <span class='ocrx_word' id='word_1_601' title='bbox 2767 2055 2896 2094; x_wconf 90' lang='lat' dir='ltr'>esse</span> <span class='ocrx_word' id='word_1_602' title='bbox 2916 2045 3182 2103; x_wconf 82' lang='lat' dir='ltr'>sanguinis</span> <span class='ocrx_word' id='word_1_603' title='bbox 3209 2045 3369 2092; x_wconf 89' lang='lat' dir='ltr'>illius.</span> <span class='ocrx_word' id='word_1_604' title='bbox 3387 2045 3442 2091; x_wconf 83' lang='lat' dir='ltr'>Et</span> 
     </span>
    </p>
   </div>
   <div class='ocr_carea' id='block_1_86' title="bbox 1844 2131 3444 2196">
    <p class='ocr_par' dir='ltr' id='par_1_86' title="bbox 1844 2131 3444 2196">
     <span class='ocr_line' id='line_1_86' title="bbox 1844 2131 3444 2196; baseline -0.003 -12"><span class='ocrx_word' id='word_1_605' title='bbox 1844 2145 1978 2184; x_wconf 88' lang='lat' dir='ltr'>cum</span> <span class='ocrx_word' id='word_1_606' title='bbox 1990 2131 2090 2184; x_wconf 82' lang='lat' dir='ltr'>diu</span> <span class='ocrx_word' id='word_1_607' title='bbox 2106 2132 2179 2183; x_wconf 91' lang='lat' dir='ltr'>ab</span> <span class='ocrx_word' id='word_1_608' title='bbox 2197 2136 2442 2196; x_wconf 89' lang='lat' dir='ltr'>utraque</span> <span class='ocrx_word' id='word_1_609' title='bbox 2449 2135 2611 2195; x_wconf 91' lang='lat' dir='ltr'>parte</span> <span class='ocrx_word' id='word_1_610' title='bbox 2626 2135 2919 2184; x_wconf 88' lang='lat' dir='ltr'>certamen</span> <span class='ocrx_word' id='word_1_611' title='bbox 2936 2134 3217 2195; x_wconf 80' lang='lat' dir='ltr'>haberetur,</span> <span class='ocrx_word' id='word_1_612' title='bbox 3238 2134 3444 2180; x_wconf 87' lang='lat' dir='ltr'>interro-</span> 
     </span>
    </p>
   </div>
   <div class='ocr_carea' id='block_1_87' title="bbox 1841 2219 3441 2286">
    <p class='ocr_par' dir='ltr' id='par_1_87' title="bbox 1841 2219 3441 2286">
     <span class='ocr_line' id='line_1_87' title="bbox 1841 2219 3441 2286; baseline -0.003 -14"><span class='ocrx_word' id='word_1_613' title='bbox 1841 2223 2016 2286; x_wconf 89' lang='lat' dir='ltr'>gabat</span> <span class='ocrx_word' id='word_1_614' title='bbox 2028 2225 2265 2272; x_wconf 89' lang='lat' dir='ltr'>sanctus</span> <span class='ocrx_word' id='word_1_615' title='bbox 2280 2220 2562 2272; x_wconf 85' lang='lat' dir='ltr'>Macarius</span> <span class='ocrx_word' id='word_1_616' title='bbox 2574 2220 2678 2271; x_wconf 89' lang='lat' dir='ltr'>ubi</span> <span class='ocrx_word' id='word_1_617' title='bbox 2691 2219 2954 2284; x_wconf 90' lang='lat' dir='ltr'>sepultus</span> <span class='ocrx_word' id='word_1_618' title='bbox 2963 2223 3233 2284; x_wconf 87' lang='lat' dir='ltr'>esset,qui</span> <span class='ocrx_word' id='word_1_619' title='bbox 3249 2222 3441 2269; x_wconf 84' lang='lat' dir='ltr'>diceba-</span> 
     </span>
    </p>
   </div>
   <div class='ocr_carea' id='block_1_88' title="bbox 1842 2307 3438 2372">
    <p class='ocr_par' dir='ltr' id='par_1_88' title="bbox 1842 2307 3438 2372">
     <span class='ocr_line' id='line_1_88' title="bbox 1842 2307 3438 2372; baseline -0.004 -10"><span class='ocrx_word' id='word_1_620' title='bbox 1842 2315 1934 2362; x_wconf 90' lang='lat' dir='ltr'>tur</span> <span class='ocrx_word' id='word_1_621' title='bbox 1945 2311 2194 2362; x_wconf 90' lang='lat' dir='ltr'>occisus.</span> <span class='ocrx_word' id='word_1_622' title='bbox 2209 2311 2468 2372; x_wconf 89' lang='lat' dir='ltr'>Cumque</span> <span class='ocrx_word' id='word_1_623' title='bbox 2483 2307 2886 2372; x_wconf 90' lang='lat' dir='ltr'>designassent</span> <span class='ocrx_word' id='word_1_624' title='bbox 2898 2309 3110 2372; x_wconf 91' lang='lat' dir='ltr'>locum,</span> <span class='ocrx_word' id='word_1_625' title='bbox 3123 2321 3257 2360; x_wconf 92' lang='lat' dir='ltr'>cum</span> <span class='ocrx_word' id='word_1_626' title='bbox 3273 2310 3438 2358; x_wconf 86' lang='lat' dir='ltr'>omni-</span> 
     </span>
    </p>
   </div>
   <div class='ocr_carea' id='block_1_89' title="bbox 1842 2397 3440 2464">
    <p class='ocr_par' dir='ltr' id='par_1_89' title="bbox 1842 2397 3440 2464">
     <span class='ocr_line' id='line_1_89' title="bbox 1842 2397 3440 2464; baseline -0.001 -12"><span class='ocrx_word' id='word_1_627' title='bbox 1842 2401 1952 2452; x_wconf 90' lang='lat' dir='ltr'>bus</span> <span class='ocrx_word' id='word_1_628' title='bbox 1969 2400 2066 2464; x_wconf 92' lang='lat' dir='ltr'>qui</span> <span class='ocrx_word' id='word_1_629' title='bbox 2079 2399 2154 2452; x_wconf 90' lang='lat' dir='ltr'>ad</span> <span class='ocrx_word' id='word_1_630' title='bbox 2172 2398 2603 2464; x_wconf 89' lang='lat' dir='ltr'>perurgendum</span> <span class='ocrx_word' id='word_1_631' title='bbox 2626 2397 2924 2449; x_wconf 87' lang='lat' dir='ltr'>hominem</span> <span class='ocrx_word' id='word_1_632' title='bbox 2940 2402 3236 2462; x_wconf 89' lang='lat' dir='ltr'>venerant,</span> <span class='ocrx_word' id='word_1_633' title='bbox 3254 2398 3440 2462; x_wconf 88' lang='lat' dir='ltr'>pergit</span> 
     </span>
    </p>
   </div>
   <div class='ocr_carea' id='block_1_90' title="bbox 1841 2486 3438 2554">
    <p class='ocr_par' dir='ltr' id='par_1_90' title="bbox 1841 2486 3438 2554">
     <span class='ocr_line' id='line_1_90' title="bbox 1841 2486 3438 2554; baseline -0.004 -12"><span class='ocrx_word' id='word_1_634' title='bbox 1841 2489 1914 2542; x_wconf 90' lang='lat' dir='ltr'>ad</span> <span class='ocrx_word' id='word_1_635' title='bbox 1939 2488 2286 2554; x_wconf 88' lang='lat' dir='ltr'>sepulcrum,</span> <span class='ocrx_word' id='word_1_636' title='bbox 2305 2486 2570 2550; x_wconf 89' lang='lat' dir='ltr'>atqueibi</span> <span class='ocrx_word' id='word_1_637' title='bbox 2589 2487 2723 2539; x_wconf 80' lang='lat' dir='ltr'>ﬁxis</span> <span class='ocrx_word' id='word_1_638' title='bbox 2739 2488 2986 2551; x_wconf 82' lang='lat' dir='ltr'>genibus</span> <span class='ocrx_word' id='word_1_639' title='bbox 3001 2488 3273 2540; x_wconf 85' lang='lat' dir='ltr'>invocato</span> <span class='ocrx_word' id='word_1_640' title='bbox 3291 2489 3438 2536; x_wconf 82' lang='lat' dir='ltr'>Chri-</span> 
     </span>
    </p>
   </div>
   <div class='ocr_carea' id='block_1_91' title="bbox 1844 2574 3438 2640">
    <p class='ocr_par' dir='ltr' id='par_1_91' title="bbox 1844 2574 3438 2640">
     <span class='ocr_line' id='line_1_91' title="bbox 1844 2574 3438 2640; baseline -0.003 -10"><span class='ocrx_word' id='word_1_641' title='bbox 1844 2579 1917 2630; x_wconf 90' lang='lat' dir='ltr'>sti</span> <span class='ocrx_word' id='word_1_642' title='bbox 1943 2579 2197 2640; x_wconf 88' lang='lat' dir='ltr'>nomine,</span> <span class='ocrx_word' id='word_1_643' title='bbox 2218 2577 2382 2629; x_wconf 91' lang='lat' dir='ltr'>aitad</span> <span class='ocrx_word' id='word_1_644' title='bbox 2404 2589 2504 2629; x_wconf 90' lang='lat' dir='ltr'>eos</span> <span class='ocrx_word' id='word_1_645' title='bbox 2517 2576 2618 2640; x_wconf 88' lang='lat' dir='ltr'>qui</span> <span class='ocrx_word' id='word_1_646' title='bbox 2639 2576 2938 2628; x_wconf 88' lang='lat' dir='ltr'>astabant:</span> <span class='ocrx_word' id='word_1_647' title='bbox 2973 2576 3136 2628; x_wconf 86' lang='lat' dir='ltr'>Nunc</span> <span class='ocrx_word' id='word_1_648' title='bbox 3154 2574 3438 2627; x_wconf 87' lang='lat' dir='ltr'>Dominus</span> 
     </span>
    </p>
   </div>
   <div class='ocr_carea' id='block_1_92' title="bbox 1841 2665 3436 2730">
    <p class='ocr_par' dir='ltr' id='par_1_92' title="bbox 1841 2665 3436 2730">
     <span class='ocr_line' id='line_1_92' title="bbox 1841 2665 3436 2730; baseline -0.003 -11"><span class='ocrx_word' id='word_1_649' title='bbox 1841 2667 2128 2727; x_wconf 85' lang='lat' dir='ltr'>ostendet,</span> <span class='ocrx_word' id='word_1_650' title='bbox 2155 2667 2204 2718; x_wconf 91' lang='lat' dir='ltr'>si</span> <span class='ocrx_word' id='word_1_651' title='bbox 2227 2679 2361 2719; x_wconf 89' lang='lat' dir='ltr'>vere</span> <span class='ocrx_word' id='word_1_652' title='bbox 2375 2679 2508 2718; x_wconf 90' lang='lat' dir='ltr'>reus</span> <span class='ocrx_word' id='word_1_653' title='bbox 2533 2670 2623 2718; x_wconf 90' lang='lat' dir='ltr'>est</span> <span class='ocrx_word' id='word_1_654' title='bbox 2645 2667 2756 2726; x_wconf 88' lang='lat' dir='ltr'>hic,</span> <span class='ocrx_word' id='word_1_655' title='bbox 2771 2665 2870 2730; x_wconf 92' lang='lat' dir='ltr'>qui</span> <span class='ocrx_word' id='word_1_656' title='bbox 2881 2667 3436 2730; x_wconf 83' lang='lat' dir='ltr'>perurgeturavobis.</span> 
     </span>
    </p>
   </div>
   <div class='ocr_carea' id='block_1_93' title="bbox 1842 2753 3441 2820">
    <p class='ocr_par' dir='ltr' id='par_1_93' title="bbox 1842 2753 3441 2820">
     <span class='ocr_line' id='line_1_93' title="bbox 1842 2753 3441 2820; baseline -0.004 -12"><span class='ocrx_word' id='word_1_657' title='bbox 1842 2759 1912 2808; x_wconf 90' lang='lat' dir='ltr'>Et</span> <span class='ocrx_word' id='word_1_658' title='bbox 1931 2757 2155 2810; x_wconf 84' lang='lat' dir='ltr'>elevata</span> <span class='ocrx_word' id='word_1_659' title='bbox 2170 2769 2330 2820; x_wconf 92' lang='lat' dir='ltr'>voce,</span> <span class='ocrx_word' id='word_1_660' title='bbox 2357 2769 2430 2808; x_wconf 80' lang='lat' dir='ltr'>ex</span> <span class='ocrx_word' id='word_1_661' title='bbox 2451 2756 2685 2808; x_wconf 89' lang='lat' dir='ltr'>nomine</span> <span class='ocrx_word' id='word_1_662' title='bbox 2697 2753 3276 2807; x_wconf 83' lang='lat' dir='ltr'>clamatdefunctum.</span> <span class='ocrx_word' id='word_1_663' title='bbox 3295 2757 3441 2805; x_wconf 86' lang='lat' dir='ltr'>Cum-</span> 
     </span>
    </p>
   </div>
   <div class='ocr_carea' id='block_1_94' title="bbox 1842 2842 3435 2910">
    <p class='ocr_par' dir='ltr' id='par_1_94' title="bbox 1842 2842 3435 2910">
     <span class='ocr_line' id='line_1_94' title="bbox 1842 2842 3435 2910; baseline -0.002 -12"><span class='ocrx_word' id='word_1_664' title='bbox 1842 2858 1956 2910; x_wconf 91' lang='lat' dir='ltr'>que</span> <span class='ocrx_word' id='word_1_665' title='bbox 1991 2846 2043 2898; x_wconf 91' lang='lat' dir='ltr'>ei</span> <span class='ocrx_word' id='word_1_666' title='bbox 2087 2846 2158 2898; x_wconf 91' lang='lat' dir='ltr'>de</span> <span class='ocrx_word' id='word_1_667' title='bbox 2192 2845 2460 2910; x_wconf 89' lang='lat' dir='ltr'>sepulcro</span> <span class='ocrx_word' id='word_1_668' title='bbox 2505 2850 2744 2898; x_wconf 87' lang='lat' dir='ltr'>vocatus</span> <span class='ocrx_word' id='word_1_669' title='bbox 2780 2843 3190 2908; x_wconf 85' lang='lat' dir='ltr'>respondisset,</span> <span class='ocrx_word' id='word_1_670' title='bbox 3235 2843 3317 2896; x_wconf 89' lang='lat' dir='ltr'>ait</span> <span class='ocrx_word' id='word_1_671' title='bbox 3360 2842 3435 2895; x_wconf 90' lang='lat' dir='ltr'>ad</span> 
     </span>
    </p>
   </div>
   <div class='ocr_carea' id='block_1_95' title="bbox 1841 2932 3437 2996">
    <p class='ocr_par' dir='ltr' id='par_1_95' title="bbox 1841 2932 3437 2996">
     <span class='ocr_line' id='line_1_95' title="bbox 1841 2932 3437 2996; baseline -0.003 -8"><span class='ocrx_word' id='word_1_672' title='bbox 1841 2948 1976 2988; x_wconf 89' lang='lat' dir='ltr'>eum</span> <span class='ocrx_word' id='word_1_673' title='bbox 2003 2953 2014 2984; x_wconf 88' lang='lat'>:</span> <span class='ocrx_word' id='word_1_674' title='bbox 2049 2937 2152 2988; x_wconf 83' lang='lat' dir='ltr'>Per</span> <span class='ocrx_word' id='word_1_675' title='bbox 2173 2935 2346 2987; x_wconf 83' lang='lat' dir='ltr'>fidem</span> <span class='ocrx_word' id='word_1_676' title='bbox 2380 2935 2591 2986; x_wconf 87' lang='lat' dir='ltr'>Christi</span> <span class='ocrx_word' id='word_1_677' title='bbox 2615 2940 2671 2986; x_wconf 91' lang='lat' dir='ltr'>te</span> <span class='ocrx_word' id='word_1_678' title='bbox 2693 2934 2967 2996; x_wconf 88' lang='lat' dir='ltr'>obtestor,</span> <span class='ocrx_word' id='word_1_679' title='bbox 3005 2939 3073 2986; x_wconf 92' lang='lat' dir='ltr'>ut</span> <span class='ocrx_word' id='word_1_680' title='bbox 3105 2932 3264 2984; x_wconf 88' lang='lat' dir='ltr'>dicas</span> <span class='ocrx_word' id='word_1_681' title='bbox 3287 2932 3336 2984; x_wconf 89' lang='lat' dir='ltr'>si</span> <span class='ocrx_word' id='word_1_682' title='bbox 3363 2933 3437 2984; x_wconf 89' lang='lat' dir='ltr'>ab</span> 
     </span>
    </p>
   </div>
   <div class='ocr_carea' id='block_1_96' title="bbox 1840 3021 3439 3088">
    <p class='ocr_par' dir='ltr' id='par_1_96' title="bbox 1840 3021 3439 3088">
     <span class='ocr_line' id='line_1_96' title="bbox 1840 3021 3439 3088; baseline -0.004 -12"><span class='ocrx_word' id='word_1_683' title='bbox 1840 3024 1949 3076; x_wconf 92' lang='lat' dir='ltr'>hoc</span> <span class='ocrx_word' id='word_1_684' title='bbox 1972 3024 2224 3088; x_wconf 90' lang='lat' dir='ltr'>homine,</span> <span class='ocrx_word' id='word_1_685' title='bbox 2246 3023 2346 3087; x_wconf 90' lang='lat' dir='ltr'>qui</span> <span class='ocrx_word' id='word_1_686' title='bbox 2365 3023 2714 3074; x_wconf 87' lang='lat' dir='ltr'>calumniam</span> <span class='ocrx_word' id='word_1_687' title='bbox 2729 3021 2961 3086; x_wconf 90' lang='lat' dir='ltr'>patitur,</span> <span class='ocrx_word' id='word_1_688' title='bbox 2979 3021 3208 3074; x_wconf 88' lang='lat' dir='ltr'>occisus</span> <span class='ocrx_word' id='word_1_689' title='bbox 3223 3023 3439 3070; x_wconf 86' lang='lat' dir='ltr'>es.&#39;runc</span> 
     </span>
    </p>
   </div>
   <div class='ocr_carea' id='block_1_97' title="bbox 1839 3109 3438 3177">
    <p class='ocr_par' dir='ltr' id='par_1_97' title="bbox 1839 3109 3438 3177">
     <span class='ocr_line' id='line_1_97' title="bbox 1839 3109 3438 3177; baseline -0.002 -12"><span class='ocrx_word' id='word_1_690' title='bbox 1839 3111 1934 3165; x_wconf 87' lang='lat' dir='ltr'>ille</span> <span class='ocrx_word' id='word_1_691' title='bbox 1959 3113 2030 3165; x_wconf 92' lang='lat' dir='ltr'>de</span> <span class='ocrx_word' id='word_1_692' title='bbox 2060 3113 2326 3177; x_wconf 90' lang='lat' dir='ltr'>sepulcro</span> <span class='ocrx_word' id='word_1_693' title='bbox 2339 3111 2492 3164; x_wconf 86' lang='lat' dir='ltr'>clara</span> <span class='ocrx_word' id='word_1_694' title='bbox 2502 3124 2642 3164; x_wconf 89' lang='lat' dir='ltr'>voce</span> <span class='ocrx_word' id='word_1_695' title='bbox 2655 3109 2972 3175; x_wconf 89' lang='lat' dir='ltr'>respondit,</span> <span class='ocrx_word' id='word_1_696' title='bbox 2992 3109 3210 3173; x_wconf 89' lang='lat' dir='ltr'>dicens,</span> <span class='ocrx_word' id='word_1_697' title='bbox 3237 3121 3357 3162; x_wconf 90' lang='lat' dir='ltr'>non</span> <span class='ocrx_word' id='word_1_698' title='bbox 3373 3121 3438 3162; x_wconf 91' lang='lat' dir='ltr'>se</span> 
     </span>
    </p>
   </div>
   <div class='ocr_carea' id='block_1_98' title="bbox 1841 3197 3438 3264">
    <p class='ocr_par' dir='ltr' id='par_1_98' title="bbox 1841 3197 3438 3264">
     <span class='ocr_line' id='line_1_98' title="bbox 1841 3197 3438 3264; baseline -0.003 -10"><span class='ocrx_word' id='word_1_699' title='bbox 1841 3214 1971 3254; x_wconf 90' lang='lat' dir='ltr'>esse</span> <span class='ocrx_word' id='word_1_700' title='bbox 1994 3201 2066 3252; x_wconf 90' lang='lat' dir='ltr'>ab</span> <span class='ocrx_word' id='word_1_701' title='bbox 2091 3214 2156 3254; x_wconf 91' lang='lat' dir='ltr'>eo</span> <span class='ocrx_word' id='word_1_702' title='bbox 2179 3199 2564 3252; x_wconf 87' lang='lat' dir='ltr'>interfectum.</span> <span class='ocrx_word' id='word_1_703' title='bbox 2583 3201 2652 3251; x_wconf 90' lang='lat' dir='ltr'>Et</span> <span class='ocrx_word' id='word_1_704' title='bbox 2665 3211 2800 3251; x_wconf 84' lang='lat' dir='ltr'>cum</span> <span class='ocrx_word' id='word_1_705' title='bbox 2817 3198 3119 3264; x_wconf 87' lang='lat' dir='ltr'>stupefacti</span> <span class='ocrx_word' id='word_1_706' title='bbox 3130 3209 3331 3250; x_wconf 90' lang='lat' dir='ltr'>omnes</span> <span class='ocrx_word' id='word_1_707' title='bbox 3343 3197 3438 3249; x_wconf 91' lang='lat' dir='ltr'>de-</span> 
     </span>
    </p>
   </div>
   <div class='ocr_carea' id='block_1_99' title="bbox 1839 3287 3436 3356">
    <p class='ocr_par' dir='ltr' id='par_1_99' title="bbox 1839 3287 3436 3356">
     <span class='ocr_line' id='line_1_99' title="bbox 1839 3287 3436 3356; baseline -0.004 -13"><span class='ocrx_word' id='word_1_708' title='bbox 1839 3293 2118 3343; x_wconf 90' lang='lat' dir='ltr'>cidissent</span> <span class='ocrx_word' id='word_1_709' title='bbox 2137 3290 2210 3343; x_wconf 88' lang='lat' dir='ltr'>ad</span> <span class='ocrx_word' id='word_1_710' title='bbox 2235 3295 2465 3356; x_wconf 89' lang='lat' dir='ltr'>terram,</span> <span class='ocrx_word' id='word_1_711' title='bbox 2480 3304 2547 3342; x_wconf 89' lang='lat' dir='ltr'>ac</span> <span class='ocrx_word' id='word_1_712' title='bbox 2570 3289 2813 3356; x_wconf 89' lang='lat' dir='ltr'>pedibus</span> <span class='ocrx_word' id='word_1_713' title='bbox 2829 3289 2958 3353; x_wconf 87' lang='lat' dir='ltr'>ejus</span> <span class='ocrx_word' id='word_1_714' title='bbox 2967 3287 3436 3348; x_wconf 88' lang='lat' dir='ltr'>advolverentur,</span> 
     </span>
    </p>
   </div>
   <div class='ocr_carea' id='block_1_100' title="bbox 1840 3378 3437 3446">
    <p class='ocr_par' dir='ltr' id='par_1_100' title="bbox 1840 3378 3437 3446">
     <span class='ocr_line' id='line_1_100' title="bbox 1840 3378 3437 3446; baseline -0.004 -13"><span class='ocrx_word' id='word_1_715' title='bbox 1840 3393 2041 3446; x_wconf 90' lang='lat' dir='ltr'>rogare</span> <span class='ocrx_word' id='word_1_716' title='bbox 2065 3382 2380 3444; x_wconf 67' lang='lat' dir='ltr'>cmperunt,</span> <span class='ocrx_word' id='word_1_717' title='bbox 2395 3379 2849 3444; x_wconf 84' lang='lat' dir='ltr'>utinterrogaret</span> <span class='ocrx_word' id='word_1_718' title='bbox 2859 3389 3163 3442; x_wconf 91' lang='lat' dir='ltr'>eumaquo</span> <span class='ocrx_word' id='word_1_719' title='bbox 3182 3378 3335 3428; x_wconf 89' lang='lat' dir='ltr'>esset</span> <span class='ocrx_word' id='word_1_720' title='bbox 3349 3388 3437 3427; x_wconf 84' lang='lat' dir='ltr'>oc-</span> 
     </span>
    </p>
   </div>
   <div class='ocr_carea' id='block_1_101' title="bbox 1839 3466 3438 3534">
    <p class='ocr_par' dir='ltr' id='par_1_101' title="bbox 1839 3466 3438 3534">
     <span class='ocr_line' id='line_1_101' title="bbox 1839 3466 3438 3534; baseline -0.004 -10"><span class='ocrx_word' id='word_1_721' title='bbox 1839 3475 2017 3526; x_wconf 90' lang='lat' dir='ltr'>cisus.</span> <span class='ocrx_word' id='word_1_722' title='bbox 2042 3473 2204 3525; x_wconf 94' lang='lat' dir='ltr'>Tunc</span> <span class='ocrx_word' id='word_1_723' title='bbox 2227 3470 2344 3524; x_wconf 90' lang='lat' dir='ltr'>ille:</span> <span class='ocrx_word' id='word_1_724' title='bbox 2372 3471 2512 3534; x_wconf 85' lang='lat' dir='ltr'>Hoc,</span> <span class='ocrx_word' id='word_1_725' title='bbox 2544 3469 2865 3534; x_wconf 88' lang='lat' dir='ltr'>inquitnon</span> <span class='ocrx_word' id='word_1_726' title='bbox 2892 3467 3284 3531; x_wconf 85' lang='lat' dir='ltr'>interrogabo:</span> <span class='ocrx_word' id='word_1_727' title='bbox 3315 3466 3438 3518; x_wconf 88' lang='lat' dir='ltr'>suf-</span> 
     </span>
    </p>
   </div>
   <div class='ocr_carea' id='block_1_102' title="bbox 1839 3688 3440 3761">
    <p class='ocr_par' dir='ltr' id='par_1_102' title="bbox 1839 3688 3440 3761">
     <span class='ocr_line' id='line_1_102' title="bbox 1839 3688 3440 3761; baseline -0.005 -13"><span class='ocrx_word' id='word_1_728' title='bbox 1839 3699 1901 3748; x_wconf 86' lang='lat' dir='ltr'>de</span> <span class='ocrx_word' id='word_1_729' title='bbox 1933 3711 2118 3761; x_wconf 88' lang='lat' dir='ltr'>regno,</span> <span class='ocrx_word' id='word_1_730' title='bbox 2144 3711 2264 3761; x_wconf 80' lang='lat' dir='ltr'>quae</span> <span class='ocrx_word' id='word_1_731' title='bbox 2287 3701 2359 3746; x_wconf 87' lang='lat' dir='ltr'>est</span> <span class='ocrx_word' id='word_1_732' title='bbox 2377 3692 2476 3750; x_wconf 88' lang='grc'>150</span> <span class='ocrx_word' id='word_1_733' title='bbox 2500 3694 2830 3744; x_wconf 85' lang='lat' dir='ltr'>enumeratis</span> <span class='ocrx_word' id='word_1_734' title='bbox 2853 3691 3039 3742; x_wconf 85' lang='lat' dir='ltr'>multis</span> <span class='ocrx_word' id='word_1_735' title='bbox 3062 3688 3440 3742; x_wconf 73' lang='lat' dir='ltr'>haeresiarchis</span> 
     </span>
    </p>
   </div>
   <div class='ocr_carea' id='block_1_103' title="bbox 1840 3763 3436 3829">
    <p class='ocr_par' dir='ltr' id='par_1_103' title="bbox 1840 3763 3436 3829">
     <span class='ocr_line' id='line_1_103' title="bbox 1840 3763 3436 3829; baseline -0.003 -10"><span class='ocrx_word' id='word_1_736' title='bbox 1840 3771 1948 3819; x_wconf 74' lang='lat' dir='ltr'>haec</span> <span class='ocrx_word' id='word_1_737' title='bbox 1965 3768 2143 3817; x_wconf 86' lang='lat' dir='ltr'>subdit</span> <span class='ocrx_word' id='word_1_738' title='bbox 2175 3783 2189 3820; x_wconf 92' lang='lat'><strong>:</strong></span> <span class='ocrx_word' id='word_1_739' title='bbox 2215 3771 2350 3819; x_wconf 83' lang='lat' dir='ltr'>Post</span> <span class='ocrx_word' id='word_1_740' title='bbox 2367 3768 2492 3820; x_wconf 66' lang='lat' dir='ltr'>haec</span> <span class='ocrx_word' id='word_1_741' title='bbox 2514 3767 2814 3819; x_wconf 65' lang='lat' dir='ltr'>hmreseon</span> <span class='ocrx_word' id='word_1_742' title='bbox 2837 3769 3102 3829; x_wconf 85' lang='lat' dir='ltr'>portenta</span> <span class='ocrx_word' id='word_1_743' title='bbox 3113 3763 3436 3827; x_wconf 82' lang='lat' dir='ltr'>fuerunthi,</span> 
     </span>
    </p>
   </div>
   <div class='ocr_carea' id='block_1_104' title="bbox 1839 3835 3444 3902">
    <p class='ocr_par' dir='ltr' id='par_1_104' title="bbox 1839 3835 3444 3902">
     <span class='ocr_line' id='line_1_104' title="bbox 1839 3835 3444 3902; baseline -0.002 -12"><span class='ocrx_word' id='word_1_744' title='bbox 1839 3841 2116 3902; x_wconf 85' lang='lat' dir='ltr'>Evagrius</span> <span class='ocrx_word' id='word_1_745' title='bbox 2144 3843 2202 3890; x_wconf 90' lang='lat' dir='ltr'>et</span> <span class='ocrx_word' id='word_1_746' title='bbox 2221 3839 2523 3900; x_wconf 87' lang='lat' dir='ltr'>Didymus,</span> <span class='ocrx_word' id='word_1_747' title='bbox 2560 3838 2658 3900; x_wconf 88' lang='lat' dir='ltr'>qui</span> <span class='ocrx_word' id='word_1_748' title='bbox 2682 3835 3004 3888; x_wconf 90' lang='lat' dir='ltr'>secundum</span> <span class='ocrx_word' id='word_1_749' title='bbox 3020 3837 3230 3898; x_wconf 82' lang='lat' dir='ltr'>degma</span> <span class='ocrx_word' id='word_1_750' title='bbox 3253 3835 3444 3898; x_wconf 85' lang='lat' dir='ltr'>Orige-</span> 
     </span>
    </p>
   </div>
   <div class='ocr_carea' id='block_1_105' title="bbox 1839 3905 3439 3974">
    <p class='ocr_par' dir='ltr' id='par_1_105' title="bbox 1839 3905 3439 3974">
     <span class='ocr_line' id='line_1_105' title="bbox 1839 3905 3439 3974; baseline -0.005 -11"><span class='ocrx_word' id='word_1_751' title='bbox 1839 3911 1928 3963; x_wconf 87' lang='lat' dir='ltr'>nis</span> <span class='ocrx_word' id='word_1_752' title='bbox 1965 3915 2105 3974; x_wconf 84' lang='lat' dir='ltr'>puta</span> <span class='ocrx_word' id='word_1_753' title='bbox 2140 3908 2630 3974; x_wconf 71' lang='lat' dir='ltr'>praaexistentiam</span> <span class='ocrx_word' id='word_1_754' title='bbox 2655 3919 2846 3958; x_wconf 89' lang='lat' dir='ltr'>rerum</span> <span class='ocrx_word' id='word_1_755' title='bbox 2869 3911 3042 3969; x_wconf 86' lang='lat' dir='ltr'>atque</span> <span class='ocrx_word' id='word_1_756' title='bbox 3064 3918 3262 3956; x_wconf 90' lang='lat' dir='ltr'>earum</span> <span class='ocrx_word' id='word_1_757' title='bbox 3279 3905 3439 3955; x_wconf 87' lang='lat' dir='ltr'>resti-</span> 
     </span>
    </p>
   </div>
   <div class='ocr_carea' id='block_1_106' title="bbox 1840 3975 3439 4040">
    <p class='ocr_par' dir='ltr' id='par_1_106' title="bbox 1840 3975 3439 4040">
     <span class='ocr_line' id='line_1_106' title="bbox 1840 3975 3439 4040; baseline -0.007 -7"><span class='ocrx_word' id='word_1_758' title='bbox 1840 3982 2123 4035; x_wconf 88' lang='lat' dir='ltr'>tutionem</span> <span class='ocrx_word' id='word_1_759' title='bbox 2144 3985 2468 4032; x_wconf 88' lang='lat' dir='ltr'>senserunt.</span> <span class='ocrx_word' id='word_1_760' title='bbox 2505 3980 2625 4028; x_wconf 70' lang='lat' dir='ltr'>Haec</span> <span class='ocrx_word' id='word_1_761' title='bbox 2649 3978 2752 4029; x_wconf 87' lang='lat' dir='ltr'>ille.</span> <span class='ocrx_word' id='word_1_762' title='bbox 2777 3978 2866 4026; x_wconf 76' lang='lat' dir='ltr'>Ea:</span> <span class='ocrx_word' id='word_1_763' title='bbox 2889 3977 3084 4040; x_wconf 87' lang='lat' dir='ltr'>quibus</span> <span class='ocrx_word' id='word_1_764' title='bbox 3110 3975 3378 4037; x_wconf 86' lang='lat' dir='ltr'>omnibus,</span> <span class='ocrx_word' id='word_1_765' title='bbox 3393 3981 3439 4024; x_wconf 89' lang='lat' dir='ltr'>et</span> 
     </span>
    </p>
   </div>
   <div class='ocr_carea' id='block_1_107' title="bbox 1839 4047 3436 4116">
    <p class='ocr_par' dir='ltr' id='par_1_107' title="bbox 1839 4047 3436 4116">
     <span class='ocr_line' id='line_1_107' title="bbox 1839 4047 3436 4116; baseline -0.004 -15"><span class='ocrx_word' id='word_1_766' title='bbox 1839 4054 1966 4102; x_wconf 86' lang='lat' dir='ltr'>aliis</span> <span class='ocrx_word' id='word_1_767' title='bbox 1989 4068 2107 4116; x_wconf 72' lang='lat' dir='ltr'>quae</span> <span class='ocrx_word' id='word_1_768' title='bbox 2129 4051 2444 4108; x_wconf 86' lang='lat' dir='ltr'>omittimus,</span> <span class='ocrx_word' id='word_1_769' title='bbox 2467 4049 2626 4110; x_wconf 80' lang='lat' dir='ltr'>facile</span> <span class='ocrx_word' id='word_1_770' title='bbox 2644 4049 2870 4112; x_wconf 86' lang='lat' dir='ltr'>quisque</span> <span class='ocrx_word' id='word_1_771' title='bbox 2893 4047 3154 4110; x_wconf 86' lang='lat' dir='ltr'>dispiciet,</span> <span class='ocrx_word' id='word_1_772' title='bbox 3179 4061 3285 4110; x_wconf 86' lang='lat' dir='ltr'>quo</span> <span class='ocrx_word' id='word_1_773' title='bbox 3323 4047 3436 4095; x_wconf 89' lang='lat' dir='ltr'>loco</span> 
     </span>
    </p>
   </div>
   <div class='ocr_carea' id='block_1_108' title="bbox 1840 4117 3434 4190">
    <p class='ocr_par' dir='ltr' id='par_1_108' title="bbox 1840 4117 3434 4190">
     <span class='ocr_line' id='line_1_108' title="bbox 1840 4117 3434 4190; baseline -0.004 -16"><span class='ocrx_word' id='word_1_774' title='bbox 1840 4131 1884 4175; x_wconf 89' lang='lat' dir='ltr'>et</span> <span class='ocrx_word' id='word_1_775' title='bbox 1901 4126 2072 4190; x_wconf 85' lang='lat' dir='ltr'>pretio</span> <span class='ocrx_word' id='word_1_776' title='bbox 2096 4125 2243 4186; x_wconf 77' lang='lat' dir='ltr'>b‘vag</span> <span class='ocrx_word' id='word_1_777' title='bbox 2252 4123 2367 4170; x_wconf 88' lang='lat' dir='ltr'>rius</span> <span class='ocrx_word' id='word_1_778' title='bbox 2395 4122 2652 4170; x_wconf 86' lang='lat' dir='ltr'>Ponticus</span> <span class='ocrx_word' id='word_1_779' title='bbox 2669 4120 3030 4184; x_wconf 84' lang='lat' dir='ltr'>Hyperborita</span> <span class='ocrx_word' id='word_1_780' title='bbox 3045 4120 3113 4190; x_wconf 80' lang='lat' dir='ltr'>sit</span> <span class='ocrx_word' id='word_1_781' title='bbox 3140 4117 3434 4190; x_wconf 84' lang='lat' dir='ltr'>habendus,</span> 
     </span>
    </p>
   </div>
   <div class='ocr_carea' id='block_1_109' title="bbox 1840 4187 3230 4259">
    <p class='ocr_par' dir='ltr' id='par_1_109' title="bbox 1840 4187 3230 4259">
     <span class='ocr_line' id='line_1_109' title="bbox 1840 4187 3230 4259; baseline -0.006 -13"><span class='ocrx_word' id='word_1_782' title='bbox 1840 4187 2111 4246; x_wconf 79' lang='lat' dir='ltr'>Hactenus</span> <span class='ocrx_word' id='word_1_783' title='bbox 2135 4195 2210 4259; x_wconf 83' lang='lat' dir='ltr'>fr.</span> <span class='ocrx_word' id='word_1_784' title='bbox 2234 4194 2320 4244; x_wconf 88' lang='lat' dir='ltr'>J0.</span> <span class='ocrx_word' id='word_1_785' title='bbox 2352 4192 2555 4255; x_wconf 79' lang='lat' dir='ltr'>Maria,</span> <span class='ocrx_word' id='word_1_786' title='bbox 2581 4193 2838 4254; x_wconf 84' lang='lat' dir='ltr'>magister</span> <span class='ocrx_word' id='word_1_787' title='bbox 2850 4191 2992 4240; x_wconf 88' lang='lat' dir='ltr'>sacri</span> <span class='ocrx_word' id='word_1_788' title='bbox 3013 4187 3230 4252; x_wconf 86' lang='lat' dir='ltr'>palatii.</span> 
     </span>
    </p>
   </div>
   <div class='ocr_carea' id='block_1_110' title="bbox 2970 4263 3373 4312">
    <p class='ocr_par' dir='ltr' id='par_1_110' title="bbox 2970 4263 3373 4312">
     <span class='ocr_line' id='line_1_110' title="bbox 2970 4263 3373 4312; baseline 0 0"><span class='ocrx_word' id='word_1_789' title='bbox 2970 4263 3373 4312; x_wconf 79' lang='lat' dir='ltr'>ROSWEYDUS.</span> 
     </span>
    </p>
   </div>
   <div class='ocr_carea' id='block_1_111' title="bbox 1905 4330 3440 4402">
    <p class='ocr_par' dir='ltr' id='par_1_111' title="bbox 1905 4330 3440 4402">
     <span class='ocr_line' id='line_1_111' title="bbox 1905 4330 3440 4402; baseline -0.008 -9"><span class='ocrx_word' id='word_1_790' title='bbox 1905 4351 1921 4371; x_wconf 92' lang='grc'>·</span> <span class='ocrx_word' id='word_1_791' title='bbox 1947 4340 2188 4392; x_wconf 91' lang='lat' dir='ltr'>Duobus</span> <span class='ocrx_word' id='word_1_792' title='bbox 2231 4337 2534 4402; x_wconf 68' lang='lat' dir='ltr'>Macariis]</span> <span class='ocrx_word' id='word_1_793' title='bbox 2569 4336 2688 4385; x_wconf 87' lang='lat' dir='ltr'>Duo</span> <span class='ocrx_word' id='word_1_794' title='bbox 2711 4338 2837 4383; x_wconf 87' lang='lat' dir='ltr'>sunt</span> <span class='ocrx_word' id='word_1_795' title='bbox 2874 4332 3107 4382; x_wconf 76' lang='lat' dir='ltr'>Macarii</span> <span class='ocrx_word' id='word_1_796' title='bbox 3130 4331 3344 4381; x_wconf 81' lang='lat' dir='ltr'>celebres</span> <span class='ocrx_word' id='word_1_797' title='bbox 3376 4330 3440 4381; x_wconf 84' lang='lat' dir='ltr'>in</span> 
     </span>
    </p>
   </div>
   <div class='ocr_carea' id='block_1_112' title="bbox 1840 4402 3442 4474">
    <p class='ocr_par' dir='ltr' id='par_1_112' title="bbox 1840 4402 3442 4474">
     <span class='ocr_line' id='line_1_112' title="bbox 1840 4402 3442 4474; baseline -0.007 -10"><span class='ocrx_word' id='word_1_798' title='bbox 1840 4414 2086 4464; x_wconf 85' lang='lat' dir='ltr'>Roma-no</span> <span class='ocrx_word' id='word_1_799' title='bbox 2117 4410 2508 4474; x_wconf 84' lang='lat' dir='ltr'>Martyrologio</span> <span class='ocrx_word' id='word_1_800' title='bbox 2545 4413 2768 4470; x_wconf 87' lang='lat' dir='ltr'>uterque</span> <span class='ocrx_word' id='word_1_801' title='bbox 2789 4403 3096 4468; x_wconf 54' lang='lat' dir='ltr'>rEgyptius.</span> <span class='ocrx_word' id='word_1_802' title='bbox 3125 4403 3228 4452; x_wconf 88' lang='lat' dir='ltr'>Sed</span> <span class='ocrx_word' id='word_1_803' title='bbox 3251 4402 3442 4474; x_wconf 78' lang='lat' dir='ltr'>dequo</span> 
     </span>
    </p>
   </div>
   <div class='ocr_carea' id='block_1_113' title="bbox 1843 4473 3442 4548">
    <p class='ocr_par' dir='ltr' id='par_1_113' title="bbox 1843 4473 3442 4548">
     <span class='ocr_line' id='line_1_113' title="bbox 1843 4473 3442 4548; baseline -0.008 -14"><span class='ocrx_word' id='word_1_804' title='bbox 1843 4485 1930 4534; x_wconf 83' lang='lat' dir='ltr'>hic</span> <span class='ocrx_word' id='word_1_805' title='bbox 1946 4485 2148 4548; x_wconf 86' lang='lat' dir='ltr'>agitur,</span> <span class='ocrx_word' id='word_1_806' title='bbox 2174 4490 2216 4531; x_wconf 89' lang='lat' dir='ltr'>et</span> <span class='ocrx_word' id='word_1_807' title='bbox 2235 4473 2548 4545; x_wconf 84' lang='lat' dir='ltr'>simpliciter</span> <span class='ocrx_word' id='word_1_808' title='bbox 2563 4486 2608 4528; x_wconf 87' lang='lat' dir='ltr'>et</span> <span class='ocrx_word' id='word_1_809' title='bbox 2622 4479 2920 4542; x_wconf 80' lang='lat' dir='ltr'>signiﬁcate</span> <span class='ocrx_word' id='word_1_810' title='bbox 2942 4473 3442 4548; x_wconf 29' lang='lat' dir='ltr'>@gyptius‘dictus</span> 
     </span>
    </p>
   </div>
   <div class='ocr_carea' id='block_1_114' title="bbox 1840 4544 3440 4618">
    <p class='ocr_par' dir='ltr' id='par_1_114' title="bbox 1840 4544 3440 4618">
     <span class='ocr_line' id='line_1_114' title="bbox 1840 4544 3440 4618; baseline -0.008 -13"><span class='ocrx_word' id='word_1_811' title='bbox 1840 4562 1929 4618; x_wconf 86' lang='lat' dir='ltr'>est,</span> <span class='ocrx_word' id='word_1_812' title='bbox 1955 4544 2024 4604; x_wconf 76' lang='lat' dir='ltr'>all</span> <span class='ocrx_word' id='word_1_813' title='bbox 2037 4570 2094 4602; x_wconf 86' lang='lat' dir='ltr'>er</span> <span class='ocrx_word' id='word_1_814' title='bbox 2109 4544 2227 4602; x_wconf 80' lang='lat' dir='ltr'>vero</span> <span class='ocrx_word' id='word_1_815' title='bbox 2242 4544 2686 4608; x_wconf 77' lang='lat' dir='ltr'>Alexandrinus,</span> <span class='ocrx_word' id='word_1_816' title='bbox 2705 4563 2735 4612; x_wconf 89' lang='lat' dir='ltr'>q</span> <span class='ocrx_word' id='word_1_817' title='bbox 2746 4548 2850 4596; x_wconf 86' lang='lat' dir='ltr'>uod</span> <span class='ocrx_word' id='word_1_818' title='bbox 2865 4547 2922 4594; x_wconf 83' lang='lat' dir='ltr'>in</span> <span class='ocrx_word' id='word_1_819' title='bbox 2942 4546 3182 4618; x_wconf 73' lang='lat' dir='ltr'>Ecclesia</span> <span class='ocrx_word' id='word_1_820' title='bbox 3193 4544 3440 4618; x_wconf 59' lang='lat' dir='ltr'>Aleman-</span> 
     </span>
    </p>
   </div>
   <div class='ocr_carea' id='block_1_115' title="bbox 1842 4615 3442 4688">
    <p class='ocr_par' dir='ltr' id='par_1_115' title="bbox 1842 4615 3442 4688">
     <span class='ocr_line' id='line_1_115' title="bbox 1842 4615 3442 4688; baseline -0.008 -12"><span class='ocrx_word' id='word_1_821' title='bbox 1842 4615 2008 4676; x_wconf 84' lang='lat' dir='ltr'>drina</span> <span class='ocrx_word' id='word_1_822' title='bbox 2029 4627 2248 4688; x_wconf 82' lang='lat' dir='ltr'>functus</span> <span class='ocrx_word' id='word_1_823' title='bbox 2271 4629 2395 4674; x_wconf 87' lang='lat' dir='ltr'>esset</span> <span class='ocrx_word' id='word_1_824' title='bbox 2415 4621 2829 4686; x_wconf 85' lang='lat' dir='ltr'>presbyterio,ut</span> <span class='ocrx_word' id='word_1_825' title='bbox 2851 4623 2922 4688; x_wconf 86' lang='lat' dir='ltr'>est</span> <span class='ocrx_word' id='word_1_826' title='bbox 2951 4617 3102 4680; x_wconf 85' lang='lat' dir='ltr'>apud</span> <span class='ocrx_word' id='word_1_827' title='bbox 3124 4615 3442 4688; x_wconf 81' lang='lat' dir='ltr'>Palladium</span> 
     </span>
    </p>
   </div>
   <div class='ocr_carea' id='block_1_116' title="bbox 1767 4663 3441 4762">
    <p class='ocr_par' dir='ltr' id='par_1_116' title="bbox 1767 4663 3441 4762">
     <span class='ocr_line' id='line_1_116' title="bbox 1767 4663 3441 4762; baseline 0 -24"><span class='ocrx_word' id='word_1_828' title='bbox 1767 4663 1824 4738; x_wconf 91' lang='lat' dir='ltr'>D</span> <span class='ocrx_word' id='word_1_829' title='bbox 1839 4663 3096 4762; x_wconf 45' lang='lat' dir='ltr'>al&#39;iti&#39;ézziggazs’itimicam3,in»...</span> <span class='ocrx_word' id='word_1_830' title='bbox 3113 4663 3401 4762; x_wconf 69' lang='lat' dir='ltr'>distinguit</span> <span class='ocrx_word' id='word_1_831' title='bbox 3427 4663 3441 4739; x_wconf 67' lang='grc' dir='ltr'>ξ</span> 
     </span>
    </p>
   </div>
   <div class='ocr_carea' id='block_1_117' title="bbox 1845 4755 3413 4838">
    <p class='ocr_par' dir='ltr' id='par_1_117' title="bbox 1845 4755 3413 4838">
     <span class='ocr_line' id='line_1_117' title="bbox 1845 4755 3413 4838; baseline -0.008 -16"><span class='ocrx_word' id='word_1_832' title='bbox 1945 4769 2033 4834; x_wconf 83' lang='grc' dir='ltr'>μὲν</span> <span class='ocrx_word' id='word_1_833' title='bbox 2078 4765 2362 4834; x_wconf 80' lang='grc' dir='ltr'>Αἰγύπτιος,</span> <span class='ocrx_word' id='word_1_834' title='bbox 2407 4767 2432 4818; x_wconf 82' lang='grc' dir='ltr'>ὁ</span> <span class='ocrx_word' id='word_1_835' title='bbox 2470 4766 2525 4816; x_wconf 71' lang='grc' dir='ltr'>δὲ</span> <span class='ocrx_word' id='word_1_836' title='bbox 2560 4765 2800 4818; x_wconf 77' lang='grc' dir='ltr'>πολιτικὸς</span> <span class='ocrx_word' id='word_1_837' title='bbox 2841 4759 2904 4817; x_wconf 83' lang='grc' dir='ltr'>ὡς</span> <span class='ocrx_word' id='word_1_838' title='bbox 2947 4756 3094 4838; x_wconf 61' lang='lat' dir='ltr'>ams;</span> <span class='ocrx_word' id='word_1_839' title='bbox 3135 4755 3413 4823; x_wconf 81' lang='grc' dir='ltr'>ὠνομάζετο</span> 
     </span>
    </p>
   </div>
   <div class='ocr_carea' id='block_1_118' title="bbox 1845 4832 3446 4907">
    <p class='ocr_par' dir='ltr' id='par_1_118' title="bbox 1845 4832 3446 4907">
     <span class='ocr_line' id='line_1_118' title="bbox 1845 4832 3446 4907; baseline -0.004 -18"><span class='ocrx_word' id='word_1_840' title='bbox 1845 4832 1905 4904; x_wconf 73' lang='grc' dir='ltr'>ἦν</span> <span class='ocrx_word' id='word_1_841' title='bbox 1935 4832 2026 4906; x_wconf 63' lang='grc' dir='ltr'>γὰρ</span> <span class='ocrx_word' id='word_1_842' title='bbox 2063 4832 2294 4907; x_wconf 14' lang='grc' dir='ltr'>τῷήγένει</span> <span class='ocrx_word' id='word_1_843' title='bbox 2336 4837 2668 4904; x_wconf 75' lang='grc' dir='ltr'>Ἀλεξανδρεύς</span> <span class='ocrx_word' id='word_1_844' title='bbox 2708 4837 2977 4907; x_wconf 86' lang='lat' dir='ltr'>:Quorum</span> <span class='ocrx_word' id='word_1_845' title='bbox 3013 4832 3157 4907; x_wconf 78' lang='lat' dir='ltr'>alter</span> <span class='ocrx_word' id='word_1_846' title='bbox 3193 4836 3269 4907; x_wconf 89' lang='lat' dir='ltr'>in_</span> <span class='ocrx_word' id='word_1_847' title='bbox 3290 4835 3446 4907; x_wconf 85' lang='lat' dir='ltr'>agris</span> 
     </span>
    </p>
   </div>
   <div class='ocr_carea' id='block_1_119' title="bbox 1847 4903 3444 4976">
    <p class='ocr_par' dir='ltr' id='par_1_119' title="bbox 1847 4903 3444 4976">
     <span class='ocr_line' id='line_1_119' title="bbox 1847 4903 3444 4976; baseline -0.006 -13"><span class='ocrx_word' id='word_1_848' title='bbox 1847 4903 2075 4976; x_wconf 64' lang='grc' dir='ltr'>Εενγριὶ</span> <span class='ocrx_word' id='word_1_849' title='bbox 2090 4903 2234 4962; x_wconf 77' lang='lat' dir='ltr'>alter</span> <span class='ocrx_word' id='word_1_850' title='bbox 2257 4914 2315 4962; x_wconf 87' lang='lat' dir='ltr'>in</span> <span class='ocrx_word' id='word_1_851' title='bbox 2341 4912 2482 4962; x_wconf 90' lang='lat' dir='ltr'>urbe</span> <span class='ocrx_word' id='word_1_852' title='bbox 2507 4914 2680 4960; x_wconf 81' lang='lat' dir='ltr'>natus</span> <span class='ocrx_word' id='word_1_853' title='bbox 2697 4906 2997 4969; x_wconf 83' lang='lat' dir='ltr'>(erateniui</span> <span class='ocrx_word' id='word_1_854' title='bbox 3012 4903 3444 4976; x_wconf 78' lang='lat' dir='ltr'>Alexandrinus</span> 
     </span>
    </p>
   </div>
   <div class='ocr_carea' id='block_1_120' title="bbox 1846 4971 3442 5047">
    <p class='ocr_par' dir='ltr' id='par_1_120' title="bbox 1846 4971 3442 5047">
     <span class='ocr_line' id='line_1_120' title="bbox 1846 4971 3442 5047; baseline -0.003 -13"><span class='ocrx_word' id='word_1_855' title='bbox 1846 4971 2068 5047; x_wconf 58' lang='lat' dir='ltr'>genere)</span> <span class='ocrx_word' id='word_1_856' title='bbox 2087 4986 2146 5032; x_wconf 87' lang='lat' dir='ltr'>et</span> <span class='ocrx_word' id='word_1_857' title='bbox 2164 4983 2245 5033; x_wconf 86' lang='lat' dir='ltr'>ita</span> <span class='ocrx_word' id='word_1_858' title='bbox 2267 4983 2552 5034; x_wconf 88' lang='lat' dir='ltr'>institutis</span> <span class='ocrx_word' id='word_1_859' title='bbox 2576 4979 2842 5031; x_wconf 87' lang='lat' dir='ltr'>civilibus</span> <span class='ocrx_word' id='word_1_860' title='bbox 2864 4977 3161 5032; x_wconf 85' lang='lat' dir='ltr'>educatus,</span> <span class='ocrx_word' id='word_1_861' title='bbox 3187 4980 3252 5047; x_wconf 80' lang='lat' dir='ltr'>ut</span> <span class='ocrx_word' id='word_1_862' title='bbox 3273 4971 3442 5036; x_wconf 73' lang='grc' dir='ltr'>ἀστὸς,</span> 
     </span>
    </p>
   </div>
   <div class='ocr_carea' id='block_1_121' title="bbox 1845 5045 3440 5116">
    <p class='ocr_par' dir='ltr' id='par_1_121' title="bbox 1845 5045 3440 5116">
     <span class='ocr_line' id='line_1_121' title="bbox 1845 5045 3440 5116; baseline -0.007 -11"><span class='ocrx_word' id='word_1_863' title='bbox 1845 5045 1903 5105; x_wconf 60' lang='lat' dir='ltr'>id</span> <span class='ocrx_word' id='word_1_864' title='bbox 1919 5057 2028 5116; x_wconf 89' lang='lat' dir='ltr'>est,</span> <span class='ocrx_word' id='word_1_865' title='bbox 2046 5052 2304 5103; x_wconf 86' lang='lat' dir='ltr'>urbanus</span> <span class='ocrx_word' id='word_1_866' title='bbox 2329 5053 2385 5103; x_wconf 88' lang='lat' dir='ltr'>di</span> <span class='ocrx_word' id='word_1_867' title='bbox 2409 5057 2630 5103; x_wconf 69' lang='lat' dir='ltr'>teretur.</span> <span class='ocrx_word' id='word_1_868' title='bbox 2669 5049 2987 5114; x_wconf 87' lang='lat' dir='ltr'>Signanlius</span> <span class='ocrx_word' id='word_1_869' title='bbox 3007 5049 3172 5116; x_wconf 85' lang='lat' dir='ltr'>etiam</span> <span class='ocrx_word' id='word_1_870' title='bbox 3200 5045 3440 5113; x_wconf 74' lang='lat' dir='ltr'>Socrates</span> 
     </span>
    </p>
   </div>
   <div class='ocr_carea' id='block_1_122' title="bbox 1847 5114 3444 5187">
    <p class='ocr_par' dir='ltr' id='par_1_122' title="bbox 1847 5114 3444 5187">
     <span class='ocr_line' id='line_1_122' title="bbox 1847 5114 3444 5187; baseline -0.003 -13"><span class='ocrx_word' id='word_1_871' title='bbox 1847 5124 1938 5177; x_wconf 82' lang='lat' dir='ltr'>lib.</span> <span class='ocrx_word' id='word_1_872' title='bbox 1981 5114 2072 5186; x_wconf 78' lang='lat' dir='ltr'>IV,</span> <span class='ocrx_word' id='word_1_873' title='bbox 2103 5138 2220 5187; x_wconf 89' lang='lat' dir='ltr'>cap.</span> <span class='ocrx_word' id='word_1_874' title='bbox 2258 5123 2342 5176; x_wconf 84' lang='grc'>18.</span> <span class='ocrx_word' id='word_1_875' title='bbox 2380 5122 2472 5174; x_wconf 82' lang='grc' dir='ltr'>Ὧν</span> <span class='ocrx_word' id='word_1_876' title='bbox 2499 5125 2526 5174; x_wconf 81' lang='grc' dir='ltr'><strong>ὁ</strong></span> <span class='ocrx_word' id='word_1_877' title='bbox 2557 5123 2644 5186; x_wconf 82' lang='grc' dir='ltr'>μὲν</span> <span class='ocrx_word' id='word_1_878' title='bbox 2691 5117 2747 5173; x_wconf 81' lang='grc' dir='ltr'>ἐκ</span> <span class='ocrx_word' id='word_1_879' title='bbox 2775 5126 2858 5182; x_wconf 83' lang='grc' dir='ltr'>τῆς</span> <span class='ocrx_word' id='word_1_880' title='bbox 2895 5120 2998 5170; x_wconf 84' lang='grc' dir='ltr'>ἅνω</span> <span class='ocrx_word' id='word_1_881' title='bbox 3027 5114 3269 5183; x_wconf 78' lang='grc' dir='ltr'>Αἰγύπτου</span> <span class='ocrx_word' id='word_1_882' title='bbox 3297 5117 3381 5181; x_wconf 83' lang='grc' dir='ltr'>ἠν,</span> <span class='ocrx_word' id='word_1_883' title='bbox 3416 5119 3444 5170; x_wconf 82' lang='grc' dir='ltr'><strong>ὁ</strong></span> 
     </span>
    </p>
   </div>
   <div class='ocr_carea' id='block_1_123' title="bbox 1847 5190 3447 5260">
    <p class='ocr_par' dir='ltr' id='par_1_123' title="bbox 1847 5190 3447 5260">
     <span class='ocr_line' id='line_1_123' title="bbox 1847 5190 3447 5260; baseline -0.003 -13"><span class='ocrx_word' id='word_1_884' title='bbox 1847 5198 1900 5248; x_wconf 84' lang='grc' dir='ltr'>δὲ</span> <span class='ocrx_word' id='word_1_885' title='bbox 1932 5190 1988 5246; x_wconf 81' lang='grc' dir='ltr'><strong>ἐκ</strong></span> <span class='ocrx_word' id='word_1_886' title='bbox 2013 5199 2097 5257; x_wconf 81' lang='grc' dir='ltr'>τῆς</span> <span class='ocrx_word' id='word_1_887' title='bbox 2121 5194 2468 5260; x_wconf 78' lang='grc' dir='ltr'>Ἀλεξανδρέων</span> <span class='ocrx_word' id='word_1_888' title='bbox 2489 5194 2675 5249; x_wconf 83' lang='grc' dir='ltr'>πόλεως</span> <span class='ocrx_word' id='word_1_889' title='bbox 2699 5194 2992 5254; x_wconf 64' lang='lat' dir='ltr'>:Quorum</span> <span class='ocrx_word' id='word_1_890' title='bbox 3015 5190 3157 5242; x_wconf 88' lang='lat' dir='ltr'>alter</span> <span class='ocrx_word' id='word_1_891' title='bbox 3183 5202 3257 5242; x_wconf 84' lang='lat' dir='ltr'>ex</span> <span class='ocrx_word' id='word_1_892' title='bbox 3281 5201 3447 5254; x_wconf 89' lang='lat' dir='ltr'>supe-</span> 
     </span>
    </p>
   </div>
   <div class='ocr_carea' id='block_1_124' title="bbox 1847 5261 3440 5330">
    <p class='ocr_par' dir='ltr' id='par_1_124' title="bbox 1847 5261 3440 5330">
     <span class='ocr_line' id='line_1_124' title="bbox 1847 5261 3440 5330; baseline -0.006 -10"><span class='ocrx_word' id='word_1_893' title='bbox 1847 5269 1995 5320; x_wconf 87' lang='lat' dir='ltr'>riore</span> <span class='ocrx_word' id='word_1_894' title='bbox 2025 5268 2286 5330; x_wconf 74' lang='lat' dir='ltr'>Egypto,</span> <span class='ocrx_word' id='word_1_895' title='bbox 2320 5264 2460 5316; x_wconf 86' lang='lat' dir='ltr'>alter</span> <span class='ocrx_word' id='word_1_896' title='bbox 2487 5278 2559 5316; x_wconf 84' lang='lat' dir='ltr'>ex</span> <span class='ocrx_word' id='word_1_897' title='bbox 2594 5266 2743 5316; x_wconf 90' lang='lat' dir='ltr'>Urbe</span> <span class='ocrx_word' id='word_1_898' title='bbox 2767 5263 3117 5315; x_wconf 79' lang='lat' dir='ltr'>Alexandria</span> <span class='ocrx_word' id='word_1_899' title='bbox 3140 5261 3440 5314; x_wconf 88' lang='lat' dir='ltr'>oriundus.</span> 
     </span>
    </p>
   </div>
   <div class='ocr_carea' id='block_1_125' title="bbox 2979 5337 3378 5386">
    <p class='ocr_par' dir='ltr' id='par_1_125' title="bbox 2979 5337 3378 5386">
     <span class='ocr_line' id='line_1_125' title="bbox 2979 5337 3378 5386; baseline -0.003 -2"><span class='ocrx_word' id='word_1_900' title='bbox 2979 5337 3378 5386; x_wconf 76' lang='lat' dir='ltr'>ROSWBYDUS.</span> 
     </span>
    </p>
   </div>
   <div class='ocr_carea' id='block_1_126' title="bbox 1911 5405 3446 5472">
    <p class='ocr_par' dir='ltr' id='par_1_126' title="bbox 1911 5405 3446 5472">
     <span class='ocr_line' id='line_1_126' title="bbox 1911 5405 3446 5472; baseline -0.005 -9"><span class='ocrx_word' id='word_1_901' title='bbox 1911 5413 1932 5441; x_wconf 85' lang='grc'>¹³</span> <span class='ocrx_word' id='word_1_902' title='bbox 1954 5410 2200 5463; x_wconf 87' lang='lat' dir='ltr'>Macario</span> <span class='ocrx_word' id='word_1_903' title='bbox 2250 5406 2550 5472; x_wconf 71' lang='lat' dir='ltr'>Egyptio.)</span> <span class='ocrx_word' id='word_1_904' title='bbox 2583 5405 2876 5470; x_wconf 45' lang='lat' dir='ltr'>(Egyptius</span> <span class='ocrx_word' id='word_1_905' title='bbox 2910 5406 2998 5454; x_wconf 84' lang='lat' dir='ltr'>hic</span> <span class='ocrx_word' id='word_1_906' title='bbox 3038 5406 3270 5454; x_wconf 87' lang='lat' dir='ltr'>occurrit</span> <span class='ocrx_word' id='word_1_907' title='bbox 3294 5405 3446 5470; x_wconf 83' lang='lat' dir='ltr'>apud</span> 
     </span>
    </p>
   </div>
   <div class='ocr_carea' id='block_1_127' title="bbox 1848 5476 3444 5548">
    <p class='ocr_par' dir='ltr' id='par_1_127' title="bbox 1848 5476 3444 5548">
     <span class='ocr_line' id='line_1_127' title="bbox 1848 5476 3444 5548; baseline -0.003 -17"><span class='ocrx_word' id='word_1_908' title='bbox 1848 5481 2299 5548; x_wconf 80' lang='lat' dir='ltr'>Martyrologium</span> <span class='ocrx_word' id='word_1_909' title='bbox 2324 5481 2632 5529; x_wconf 78' lang='lat' dir='ltr'>Romanum</span> <span class='ocrx_word' id='word_1_910' title='bbox 2757 5476 3026 5525; x_wconf 85' lang='lat' dir='ltr'>Januarii</span> <span class='ocrx_word' id='word_1_911' title='bbox 3046 5492 3074 5548; x_wconf 20' lang='grc' dir='ltr'>λε-</span> <span class='ocrx_word' id='word_1_912' title='bbox 3105 5477 3444 5548; x_wconf 61' lang='lat' dir='ltr'>In_1Egypto</span> 
     </span>
    </p>
   </div>
   <div class='ocr_carea' id='block_1_128' title="bbox 1850 5545 3445 5612">
    <p class='ocr_par' dir='ltr' id='par_1_128' title="bbox 1850 5545 3445 5612">
     <span class='ocr_line' id='line_1_128' title="bbox 1850 5545 3445 5612; baseline -0.008 -4"><span class='ocrx_word' id='word_1_913' title='bbox 1850 5559 1904 5608; x_wconf 90' lang='lat' dir='ltr'>S.</span> <span class='ocrx_word' id='word_1_914' title='bbox 1937 5545 2164 5607; x_wconf 78' lang='lat' dir='ltr'>Macarii</span> <span class='ocrx_word' id='word_1_915' title='bbox 2195 5551 2440 5612; x_wconf 88' lang='lat' dir='ltr'>abbatis,</span> <span class='ocrx_word' id='word_1_916' title='bbox 2475 5546 2738 5612; x_wconf 88' lang='lat' dir='ltr'>discipuli</span> <span class='ocrx_word' id='word_1_917' title='bbox 2756 5549 2818 5598; x_wconf 85' lang='grc' dir='ltr'>Β.</span> <span class='ocrx_word' id='word_1_918' title='bbox 2844 5545 3098 5596; x_wconf 85' lang='lat' dir='ltr'>Antonii.</span> <span class='ocrx_word' id='word_1_919' title='bbox 3124 5545 3244 5597; x_wconf 85' lang='lat' dir='ltr'>vita</span> <span class='ocrx_word' id='word_1_920' title='bbox 3266 5550 3323 5596; x_wconf 90' lang='lat' dir='ltr'>et</span> <span class='ocrx_word' id='word_1_921' title='bbox 3343 5547 3445 5596; x_wconf 86' lang='lat' dir='ltr'>mi-</span> 
     </span>
    </p>
   </div>
   <div class='ocr_carea' id='block_1_129' title="bbox 1849 5616 3446 5681">
    <p class='ocr_par' dir='ltr' id='par_1_129' title="bbox 1849 5616 3446 5681">
     <span class='ocr_line' id='line_1_129' title="bbox 1849 5616 3446 5681; baseline -0.008 -2"><span class='ocrx_word' id='word_1_922' title='bbox 1849 5627 2059 5679; x_wconf 88' lang='lat' dir='ltr'>raculis</span> <span class='ocrx_word' id='word_1_923' title='bbox 2082 5621 2538 5676; x_wconf 87' lang='lat' dir='ltr'>celeberrimi.Dc</span> <span class='ocrx_word' id='word_1_924' title='bbox 2559 5621 2656 5669; x_wconf 87' lang='lat' dir='ltr'>hoc</span> <span class='ocrx_word' id='word_1_925' title='bbox 2673 5620 2732 5668; x_wconf 88' lang='lat' dir='ltr'>in</span> <span class='ocrx_word' id='word_1_926' title='bbox 2755 5617 3058 5681; x_wconf 76' lang='lat' dir='ltr'>Menologi‘o</span> <span class='ocrx_word' id='word_1_927' title='bbox 3084 5616 3290 5670; x_wconf 73' lang='lat' dir='ltr'>&#39;19Jan.</span> <span class='ocrx_word' id='word_1_928' title='bbox 3316 5617 3446 5666; x_wconf 75' lang='lat' dir='ltr'>Vide</span> 
     </span>
    </p>
   </div>
   <div class='ocr_carea' id='block_1_130' title="bbox 1849 5687 3445 5760">
    <p class='ocr_par' dir='ltr' id='par_1_130' title="bbox 1849 5687 3445 5760">
     <span class='ocr_line' id='line_1_130' title="bbox 1849 5687 3445 5760; baseline -0.007 -12"><span class='ocrx_word' id='word_1_929' title='bbox 1849 5698 2006 5760; x_wconf 78' lang='lat' dir='ltr'>infra</span> <span class='ocrx_word' id='word_1_930' title='bbox 2021 5699 2082 5746; x_wconf 89' lang='lat' dir='ltr'>in</span> <span class='ocrx_word' id='word_1_931' title='bbox 2106 5696 2348 5746; x_wconf 83' lang='lat' dir='ltr'>Macario</span> <span class='ocrx_word' id='word_1_932' title='bbox 2373 5692 2753 5744; x_wconf 66' lang='lat' dir='ltr'>Alexandrino</span> <span class='ocrx_word' id='word_1_933' title='bbox 2775 5690 2894 5739; x_wconf 79' lang='lat' dir='ltr'>Fuit</span> <span class='ocrx_word' id='word_1_934' title='bbox 2920 5689 3007 5737; x_wconf 82' lang='lat' dir='ltr'>hic</span> <span class='ocrx_word' id='word_1_935' title='bbox 3024 5687 3280 5752; x_wconf 83' lang='lat' dir='ltr'>magister</span> <span class='ocrx_word' id='word_1_936' title='bbox 3299 5688 3445 5737; x_wconf 86' lang='lat' dir='ltr'>Eva-</span> 
     </span>
    </p>
   </div>
   <div class='ocr_carea' id='block_1_131' title="bbox 1849 5759 3442 5835">
    <p class='ocr_par' dir='ltr' id='par_1_131' title="bbox 1849 5759 3442 5835">
     <span class='ocr_line' id='line_1_131' title="bbox 1849 5759 3442 5835; baseline -0.005 -17"><span class='ocrx_word' id='word_1_937' title='bbox 1849 5759 1961 5835; x_wconf 84' lang='lat' dir='ltr'>grii</span> <span class='ocrx_word' id='word_1_938' title='bbox 1985 5775 2042 5818; x_wconf 89' lang='lat' dir='ltr'>ut</span> <span class='ocrx_word' id='word_1_939' title='bbox 2069 5768 2257 5818; x_wconf 84' lang='lat' dir='ltr'>scribit</span> <span class='ocrx_word' id='word_1_940' title='bbox 2281 5769 2538 5829; x_wconf 86' lang='lat' dir='ltr'>Socrates,</span> <span class='ocrx_word' id='word_1_941' title='bbox 2560 5765 2596 5815; x_wconf 93' lang='lat' dir='ltr'>l.</span> <span class='ocrx_word' id='word_1_942' title='bbox 2622 5763 2713 5825; x_wconf 87' lang='lat' dir='ltr'>IV,</span> <span class='ocrx_word' id='word_1_943' title='bbox 2739 5778 2858 5827; x_wconf 86' lang='lat' dir='ltr'>cap.</span> <span class='ocrx_word' id='word_1_944' title='bbox 2887 5759 2952 5814; x_wconf 76' lang='grc'>18</span> <span class='ocrx_word' id='word_1_945' title='bbox 2972 5762 3019 5835; x_wconf 71' lang='lat' dir='ltr'>cl</span> <span class='ocrx_word' id='word_1_946' title='bbox 3041 5760 3356 5809; x_wconf 84' lang='lat' dir='ltr'>Gennadius</span> <span class='ocrx_word' id='word_1_947' title='bbox 3379 5762 3442 5810; x_wconf 87' lang='lat' dir='ltr'>de</span> 
     </span>
    </p>
   </div>
   <div class='ocr_carea' id='block_1_132' title="bbox 1850 5834 3380 5905">
    <p class='ocr_par' dir='ltr' id='par_1_132' title="bbox 1850 5834 3380 5905">
     <span class='ocr_line' id='line_1_132' title="bbox 1850 5834 3380 5905; baseline -0.004 -13"><span class='ocrx_word' id='word_1_948' title='bbox 1850 5834 1982 5892; x_wconf 70' lang='lat' dir='ltr'>uiris</span> <span class='ocrx_word' id='word_1_949' title='bbox 2005 5839 2204 5891; x_wconf 81' lang='lat' dir='ltr'>Itlustr.</span> <span class='ocrx_word' id='word_1_950' title='bbox 2230 5855 2347 5905; x_wconf 88' lang='lat' dir='ltr'>cap.</span> <span class='ocrx_word' id='word_1_951' title='bbox 2386 5837 2472 5892; x_wconf 79' lang='lat' dir='ltr'>ii.</span> <span class='ocrx_word' id='word_1_952' title='bbox 2977 5834 3380 5886; x_wconf 67' lang='lat' dir='ltr'>Roswsvnus.</span> 
     </span>
    </p>
   </div>
   <div class='ocr_carea' id='block_1_133' title="bbox 1915 5908 3009 5981">
    <p class='ocr_par' dir='ltr' id='par_1_133' title="bbox 1915 5908 3009 5981">
     <span class='ocr_line' id='line_1_133' title="bbox 1915 5908 3009 5981; baseline -0.005 -13"><span class='ocrx_word' id='word_1_953' title='bbox 1915 5915 1931 5950; x_wconf 82' lang='grc' dir='ltr'>ι</span> <span class='ocrx_word' id='word_1_954' title='bbox 1957 5913 2282 5980; x_wconf 84' lang='lat' dir='ltr'>Origenista</span> <span class='ocrx_word' id='word_1_955' title='bbox 2313 5912 2408 5966; x_wconf 88' lang='lat' dir='ltr'>hic</span> <span class='ocrx_word' id='word_1_956' title='bbox 2442 5911 2567 5976; x_wconf 84' lang='lat' dir='ltr'>fuit,</span> <span class='ocrx_word' id='word_1_957' title='bbox 2594 5914 2744 5966; x_wconf 89' lang='lat' dir='ltr'>teste</span> <span class='ocrx_word' id='word_1_958' title='bbox 2773 5908 3009 5981; x_wconf 78' lang='lat' dir='ltr'>Hieron.</span> 
     </span>
    </p>
   </div>
  </div>
