3898 6398
425 333 592 410 ’451

1519 339 1762 392 RUFINI
1792 333 2285 400 AQUILEIENSIS
2315 332 2754 384 PRESBYTERI

3677 329 3779 386 452

489 463 612 516 ficit
635 462 794 515 enim
816 457 977 521 mihi,
1003 460 1072 510 ut
1090 456 1368 509 innocens
1395 451 1690 513 liberetur,
1715 461 1833 502 non
1868 451 1960 500 est
1987 459 2092 499 au-
2119 449 2174 522 Α
2192 445 2344 497 viros
2369 444 2750 507 conversatio,
2767 442 3226 508 absquefeminm
3238 442 3588 508 suspicionis
3601 443 3782 494 obsta-

427 583 438 588 -
497 559 615 606 tem
647 562 863 614 meum,
888 553 952 600 ut
971 557 1106 598 reus
1131 541 1418 608 prodatur.

559 665 731 720 Aliud
755 674 983 728 quoque
1003 657 1236 724 (Pallad.
1261 670 1377 720 cap.
1413 653 1519 716 19.)
1541 652 1670 717 ejus
1694 663 1879 716 genus
1911 649 2088 702 mira-

499 757 611 809 culi
633 755 940 806 ferebatur.
965 749 1064 812 Cuj
1074 745 1282 798 usdam
1305 745 1367 795 in
1390 743 1578 796 vicino
1596 740 1804 806 oppido
1815 738 1994 804 patris
2007 737 2090 788 fa-

497 845 684 897 milias
711 843 867 904 virgo
893 837 1007 889 illia
1029 849 1130 901 per
1151 832 1486 899 phantasias
1511 830 1767 894 magicas
1792 827 2092 881 videbatur

498 932 831 986 hominibus
866 929 928 980 in
963 927 1244 990 equinum
1265 921 1480 976 animal
1503 933 1685 983 versa,
1711 924 1777 970 ut
1798 920 2094 982 putaretur

497 1034 648 1086 equa
667 1033 816 1083 esse,
834 1023 891 1070 et
914 1029 1034 1086 non
1057 1015 1263 1080 puella.
1290 1014 1458 1063 Hanc
1479 1009 1850 1062 adduxerunt
1867 1006 1941 1058 ad
1955 1021 2090 1056 eum.

499 1113 662 1162 Tunc
676 1109 772 1160 ille
798 1109 1222 1172 perconctatus,
1247 1101 1386 1164 quid
1407 1097 1660 1152 vellent?
1674 1097 1836 1148 aiunt
1867 1103 2094 1156 parentes

499 1199 626 1262 ejus
649 1207 664 1250 :
693 1197 856 1259 Equa
873 1193 1001 1244 huic
1027 1201 1203 1254 quam
1226 1187 1429 1240 vident
1445 1185 1594 1236 oculi
1612 1183 1712 1248 tui,
1730 1182 1920 1248 puella
1937 1183 2094 1246 virgo

499 1291 558 1338 et
584 1284 702 1338 ﬁlia
721 1283 906 1335 nostri
928 1280 1052 1344 fuit,
1081 1277 1183 1330 sed
1197 1276 1462 1328 homines
1489 1273 1744 1338 pessimi,
1757 1271 1998 1336 magicis
2013 1287 2096 1320 ar-

501 1376 659 1426 tibus
694 1373 752 1424 in
783 1370 998 1423 animal
1037 1368 1148 1419 hoc
1185 1365 1340 1430 quod
1363 1364 1522 1416 vides
1547 1365 1919 1413 mutaverunt
1947 1371 2093 1412 eam.

503 1467 794 1527 Rogamus
819 1471 974 1522 ergo,
999 1461 1064 1508 ut
1085 1467 1213 1508 ores
1228 1454 1560 1516 Dominum,
1573 1455 1639 1502 ut
1655 1453 1971 1502 commutet
1987 1465 2095 1498 eam

501 1555 561 1604 in
583 1553 692 1604 hoc
721 1548 877 1614 quod
899 1547 1026 1598 fuit.
1051 1548 1128 1597 At
1145 1544 1239 1596 ille
1261 1543 1376 1595 ait:
1403 1544 1522 1606 Ego
1545 1541 1696 1592 hanc
1715 1552 1892 1604 quam
1903 1543 2095 1590 osten-

503 1642 640 1694 ditis
663 1639 805 1692 mihi
831 1635 1083 1702 puellam
1109 1634 1294 1696 video,
1320 1631 1465 1684 nihil
1488 1632 1548 1682 in
1566 1644 1628 1682 se
1647 1629 1883 1694 pecudis
1907 1631 2100 1677 haben-

507 1737 620 1784 tem
645 1743 659 1780 :
705 1729 816 1780 hoc
841 1731 1036 1778 autem
1069 1724 1224 1788 quod
1253 1721 1460 1783 dicitis,
1485 1732 1602 1771 non
1625 1723 1714 1770 est
1739 1719 1800 1770 in
1824 1718 1950 1782 ejus
1976 1729 2096 1769 cor-

2193 533 2338 586 culo.

2247 648 2490 701 Aiebant
2529 651 2808 712 praterea
2839 647 3004 711 (Deest
3033 645 3140 710 hoc
3171 646 3456 709 Palladio),
3478 645 3784 710 aliquando

2187 738 2420 792 venisse
2431 737 2503 788 ad
2513 749 2647 788 eum
2661 737 2861 788 haereti
2870 749 3002 788 cum
3015 736 3322 801 quemdam
3335 739 3628 786 hieranitam
3637 737 3784 796 ,quod

2189 840 2372 892 genus
2391 826 2682 878 haereseos
2703 826 2988 878 invenitur
3008 825 3162 890 apud
3186 828 3514 889 Egyptum.
3535 825 3658 885 ,Hic
3675 838 3784 873 cum

2191 929 2288 981 per
2316 914 2556 967 multam
2585 915 2857 978 loquendi
2893 919 3072 966 artem
3116 913 3396 980 plurimos
3420 914 3668 966 fratrum
3693 913 3788 976 qui

2192 1005 2531 1058 habitabant
2551 1005 2613 1056 in
2632 1017 2842 1067 eremo,
2869 1005 3254 1066 conturbaret,
3289 1016 3472 1056 ausus
3497 1008 3590 1055 est
3612 1002 3781 1054 etiam

2194 1106 2386 1146 coram
2406 1093 2532 1158 ipso
2555 1093 2688 1145 ﬂdei
2716 1105 2840 1145 sum
2863 1104 3118 1145 asserere
3142 1093 3499 1157 pravitatem.
3529 1091 3633 1142 Cui
3657 1103 3784 1141 cum

2194 1182 2486 1235 resisteret
2507 1181 2715 1240 senior,
2745 1186 2802 1234 et
2825 1181 3236 1233 contradiceret
3255 1180 3366 1245 ille,
3381 1181 3558 1232 verba
3577 1179 3786 1243 simpli-

2195 1272 2284 1322 cia
2315 1271 2675 1336 argumentis
2711 1269 2930 1322 callidis
2967 1270 3250 1322 eludebat.
3277 1271 3392 1328 :Sed
3417 1281 3553 1320 cum
3574 1268 3792 1320 videret

2199 1365 2438 1412 sanctus
2469 1359 2640 1412 ﬁdem
2681 1358 2924 1411 fratrum
2972 1357 3293 1424 periclitari,
3329 1358 3477 1420 Quid
3509 1369 3661 1421 opus
3683 1361 3788 1417 est,

2197 1450 2402 1514 inquit,
2433 1462 2541 1501 nos
2566 1449 2757 1500 verbis
2781 1448 3124 1500 contendere
3139 1447 3210 1498 ad
3229 1445 3670 1499 subversionem
3694 1455 3794 1495 au-

2198 1537 2496 1590 dientium.
2542 1539 2832 1590 Exeamus
2875 1535 2949 1588 ad
2987 1536 3250 1600 sepulcra
3269 1535 3531 1598 fratrum,
3561 1533 3661 1598 qui
3685 1544 3792 1585 nos

2200 1631 2628 1692 praecesserunt
2641 1627 2702 1678 in
2725 1627 2996 1678 Domino:
3019 1629 3076 1678 et
3097 1625 3189 1677 cui
3211 1630 3478 1677 nostrum
3493 1624 3792 1674 concesserit

2197 1717 2480 1768 Dominus
2513 1712 2663 1784 |96
2693 1716 2971 1768 suscitare
2988 1719 3283 1766 mortuum
3299 1714 3370 1765 de
3385 1715 3618 1774 sepulcro
3632 1706 3793 1760 sciant

505 1832 662 1886 pore,
707 1816 811 1869 sed
842 1816 905 1867 in
939 1813 1120 1866 oculis
1163 1810 1534 1864 intuentium.
1579 1807 1906 1859 Phantasiaa
1947 1806 2100 1858 enim
2123 1815 2178 1891 B
2199 1817 2424 1870 omnes,
2448 1806 2582 1868 quia
2605 1806 2759 1856 illius
2780 1804 2925 1856 fides
2951 1805 3224 1868 probatur
3253 1815 3290 1854 a
3317 1803 3456 1854 Deo.
3481 1802 3682 1852 Sermo
3701 1797 3794 1850 hic

507 1908 837 1961 daemonum
854 1909 992 1956 sunt
1011 1904 1161 1965 istae,
1175 1913 1294 1952 non
1317 1900 1532 1951 veritas
1558 1909 1768 1950 rerum.
1786 1899 1856 1948 Et
1869 1910 1998 1948 cum
2013 1897 2100 1947 in-

509 1997 868 2050 troduxisset
891 2005 1034 2056 eam,
1051 2003 1186 2042 cum
1202 1988 1536 2054 parentibus
1552 1987 2098 2049 suisintracellulam,

508 2086 640 2137 ﬁxis
662 2084 907 2150 genibus
929 2093 1088 2132 orare
1111 2078 1421 2130 Dominum
1434 2077 1619 2140 caepit,
1635 2075 1920 2138 simulque
1941 2078 1998 2126 et
2012 2085 2104 2138 pa«

509 2181 702 2228 rentes
725 2178 890 2238 rogat
913 2183 1112 2224 secum
1133 2169 1378 2220 Domino
1402 2166 1740 2232 supplicare,
1765 2169 1822 2216 et
1843 2169 1973 2230 post
1993 2165 2102 2216 hoc

509 2276 840 2330 pertingens
868 2275 994 2314 eam
1017 2259 1142 2312 oleo
1166 2259 1228 2310 in
1251 2257 1485 2310 nomine
1500 2255 1750 2319 Domini,
1777 2251 1924 2322 |95
1946 2253 2102 2306 omni

507 2355 730 2406 fallacia
755 2352 917 2404 visus
941 2348 1202 2414 expulsa,
1222 2347 1505 2412 virginem
1535 2345 1717 2398 videri
1746 2345 2106 2403 omnibus,ut

509 2445 680 2497 etiam
703 2442 814 2495 sibi
835 2442 1156 2504 videbatur,
1183 2438 1386 2490 effecit.

573 2559 700 2612 Alia
735 2568 966 2621 quoque
999 2556 1162 2619 (Deest
1200 2553 1297 2602 hoc
1319 2551 1586 2614 Palladio)
1616 2550 1802 2602 minor
1822 2547 2010 2613 puella
2031 2546 2105 2599 ad

512 2660 648 2701 eum
672 2645 922 2698 deducta
943 2649 1052 2706 est,
1073 2643 1246 2706 cujus
1269 2644 1545 2692 obsccnna
1575 2638 1828 2702 corporis
1854 2637 1937 2688 ita
1950 2635 2107 2688 omni

513 2749 587 2790 ex
607 2741 769 2801 parte
792 2734 1282 2797 computruerant,
1321 2733 1388 2781 ut
1423 2727 1783 2792 consumptis
1801 2728 2104 2788 carnibus,

513 2825 786 2878 interiora
809 2833 1041 2887 quoque
1064 2825 1122 2872 et
1146 2824 1365 2870 secreta
1396 2821 1622 2869 natura).
1643 2816 2018 2878 nudarentur,
2042 2828 2108 2866 ac

519 2916 798 2969 vermium
821 2911 1086 2964 ebulliret
1108 2909 1242 2960 inde
1263 2910 1570 2960 innumera
1592 2905 1922 2968 multitudo,
1943 2905 2023 2955 ita
2045 2907 2111 2956 ut

513 3016 620 3056 nec
641 3009 909 3054 accedere
930 2998 1164 3064 quidem
1193 2997 1504 3061 quisquam
1525 2995 1599 3046 ad
1622 3007 1752 3046 eam
1773 2998 1968 3059 posset
1991 3005 2112 3058 prae

514 3091 736 3146 fmtoris
758 3091 1008 3143 horrore.
1022 3089 1161 3140 Haec
1171 3099 1305 3139 cum
1321 3087 1535 3137 allatae
1550 3085 1905 3150 parentibus,
1923 3091 1969 3132 et
1991 3099 2108 3144 pro-

511 3185 666 3248 jecta
687 3182 1041 3233 fuissetante
1067 3179 1219 3230 fores
1241 3178 1386 3240 ejus,
1413 3177 1700 3227 miserans
1721 3175 1960 3238 virginis
1984 3186 2111 3224 cru-

515 3273 701 3324 ciatus
729 3283 746 3334 ;
771 3272 953 3333 lEquo
976 3268 1191 3332 animo,
1214 3265 1422 3330 inquit,
1444 3269 1588 3326 esto,
1615 3265 1891 3323 lilia,liwc
1909 3263 2008 3313 tibi
2036 3263 2110 3313 ad

519 3361 768 3414 salutem
790 3360 1093 3422 Dominus,
1112 3369 1230 3408 non
1250 3355 1324 3408 ad
1341 3354 1638 3406 interitum
1653 3353 1813 3404 dedit
1835 3355 2114 3414 :nndepro-

517 3449 830 3504 videndum
853 3453 942 3500 est
970 3447 1256 3510 magis,ut
1280 3445 1499 3496 sanitas
1513 3441 1849 3495 tuanullnm
1867 3442 1965 3494 tibi
1977 3444 2114 3502 peri-

518 3539 714 3593 culum
743 3539 1014 3590 conferat.
1052 3539 1122 3588 Et
1144 3549 1277 3588 cum
1297 3533 1614 3585 institisset
1635 3532 1990 3584 orationibus
2014 3544 2115 3596 per

521 3637 744 3695 septem
769 3629 1075 3680 continuos
1087 3626 1304 3689 dies,et
1326 3625 1518 3675 oleum
1541 3622 1906 3682 benedicens,
1928 3623 1988 3672 in
2010 3634 2110 3672 no-

519 3719 676 3772 mine
718 3717 951 3770 Domini
989 3719 1330 3782 perungeret
1375 3714 1634 3764 membra
1676 3713 1822 3776 ejus,
1870 3715 1950 3762 ita
1984 3723 2113 3763 eam

521 3821 724 3861 sanam
768 3807 1033 3870 reddidit,
1075 3810 1140 3857 ut
1181 3804 1478 3854 muliebris
1519 3803 1578 3854 in
1615 3815 1683 3854 ea
1712 3806 1936 3853 naturae
1959 3799 2116 3853 nulla

517 3900 716 3962 forma,
760 3895 922 3949 nulla
964 3895 1185 3960 Species
1229 3895 1546 3958 appareret,
1581 3891 1682 3944 sed
1711 3895 1868 3943 esset
1891 3892 1943 3942 ei
1963 3891 2116 3943 inter

475 4117 480 4121 ’
577 4133 596 4152 ·
621 4121 908 4174 Resolutis
932 4117 1186 4171 fasciolis
1209 4117 1422 4181 quibus
1451 4115 1808 4168 constrictus
1831 4113 1994 4180 erat.]
2025 4115 2114 4166 Sic

517 4195 684 4244 Joan.
705 4205 770 4245 il.
794 4208 843 4242 υ.
868 4191 954 4245 44.
980 4192 1218 4254 Ligatus
1240 4193 1418 4252 pedes
1446 4194 1504 4239 ct
1527 4199 1756 4244 manus,
1781 4187 1935 4250 cujus
1975 4188 2115 4237 ritus

515 4280 696 4331 pauca
719 4265 834 4314 alia
857 4267 1102 4327 exempta
1125 4261 1354 4310 memini
1379 4261 1557 4324 tegere.
1582 4263 1986 4314 ROSWBYDUS.

583 4363 604 4393 ¹³
629 4363 874 4416 Macario
915 4358 1305 4413 Alexandrino
1339 4370 1442 4408 seu
1484 4358 1763 4422 Juniore.]
1784 4357 2116 4422 Martyrolo-

519 4436 671 4500 gium
697 4435 1007 4484 Romanum
1030 4431 1082 4485 ‘2.
1098 4430 1364 4480 Jan-uarii
1389 4446 1400 4477 :
1429 4431 1495 4480 In
1519 4431 1807 4482 Thebaide
1819 4433 1871 4482 S.
1891 4431 2116 4481 Macarii

519 4507 895 4558 Alexandrini
925 4503 1168 4556 abbatis.
1201 4501 1564 4565 Menotogium
1596 4504 1657 4551 de
1679 4508 1903 4566 utroque
1926 4503 2114 4550 Maca-

519 4579 606 4627 rio
631 4578 716 4631 19.
733 4577 999 4626 Januarii
1019 4573 1316 4627 :Memoria
1329 4575 1418 4624 δδ.
1436 4578 1664 4624 Patrum
1681 4577 1882 4622 Macarii
1895 4575 2116 4633 .‘Egyptii

522 4655 578 4701 et
604 4650 831 4700 Macarii
855 4647 1245 4707 Alexandrini,
1271 4648 1368 4708 qui
1386 4645 1793 4696 exercitatione
1818 4649 2114 4705 monastica,

526 4722 658 4784 vita,
697 4721 976 4778 moribus,
1001 4717 1320 4769 admirabili
1351 4718 1718 4780 abstinentia,
1743 4721 1802 4768 et
1823 4716 2116 4766 miraculis

519 4793 774 4844 illustres
805 4791 981 4841 fuere.
1001 4790 1436 4853 Patladius,cap.
1455 4788 1540 4842 19.
1559 4789 1691 4837 dicit
1706 4789 1851 4836 hunc
1862 4789 2116 4852 aliquan-

523 4869 574 4914 to
587 4865 870 4928 juniorem
883 4861 985 4925 {Eg
993 4862 1237 4924 yptiOJJe
1250 4866 1473 4925 utroque
1486 4863 1726 4910 Socrates
1741 4858 1875 4908 libro
1889 4862 1911 4908 1
1929 4861 1981 4910 l’.
1995 4875 2115 4924 cap.

526 4936 612 4990 18.
649 4938 853 4986 Sozam.
887 4933 978 4984 lib.
1027 4933 1112 4984 Vl.
1143 4947 1260 4997 cap.
1299 4931 1384 4987 29.
1431 4934 1616 4994 Ruﬁn.
1658 4931 1748 4980 tib.
1793 4931 1860 4980 11.
1910 4932 2112 4982 Hister.

522 5022 640 5072 cap.
667 5007 718 5060 4.
757 5007 1120 5072 Hieronymus
1157 5005 1306 5068 epist.
1348 5002 1435 5057 27.
1467 5003 1710 5052 Cassian.
1744 5002 1931 5053 Collat.
1981 5003 2032 5053 V.
2070 5018 2113 5052 c.

525 5070 610 5134 ii.
632 5084 679 5128 et
711 5079 896 5128 Collat.
922 5070 1046 5127 ΧΧΙ
1060 5076 1111 5128 V.
1139 5091 1258 5140 cap.
1282 5075 1368 5129 13.
1393 5073 1679 5124 Palladius
1699 5087 1817 5138 cap.
1847 5075 1932 5128 19.
1957 5079 2002 5123 ct
2025 5074 2114 5129 ‘20.

521 5153 860 5216 Nicepltorus
883 5149 972 5200 lib.
997 5149 1088 5200 [Χ.
1119 5164 1238 5212 cap.
1262 5147 1346 5200 14.
1375 5147 1596 5209 Suidas,
1621 5146 1740 5194 alii.

583 5252 850 5300 lntricata
867 5249 1030 5314 plane
1051 5263 1132 5296 res
1155 5246 1218 5296 de
1239 5245 1445 5296 duobus
1459 5245 1735 5310 Macariis,
1757 5250 1818 5296 ut
1833 5246 2116 5309 dignosca-

525 5331 632 5388 tur,
662 5329 780 5373 uter
823 5324 988 5386 fuerit
1023 5321 1078 5371 S.
1107 5319 1338 5370 Antonii
1362 5317 1679 5380 discipulus,
1697 5325 1742 5366 et
1767 5319 1842 5368 ita
1866 5320 1994 5368 certi
2023 5318 2121 5367 ali-

524 5395 658 5462 quid
681 5396 742 5444 de
763 5394 937 5444 natali
957 5407 1146 5442 eorum
1162 5391 1328 5440 statui
1338 5391 1518 5454 possit.
1537 5390 1933 5455 Martyrologia
1948 5397 2120 5438 vetera

523 5461 658 5520 duos
684 5467 952 5518 Macarios
975 5468 1292 5529 agnoscunt,
1318 5477 1412 5512 nec
1437 5477 1613 5512 unum
1634 5462 1701 5511 ab
1726 5462 1836 5512 alio
1858 5463 2016 5512 aliter
2039 5461 2119 5510 di-

521 5543 826 5605 stinguunt,
851 5553 1022 5604 quam
1045 5535 1192 5600 quod
1215 5549 1404 5584 eorum
1425 5535 1657 5584 alterum
1678 5539 1859 5584 vocent
1882 5533 2120 5584 Antonii

525 5603 886 5677 discipulum.
927 5608 1384 5673 Martyrologium
1414 5608 1728 5657 Romanum
1751 5611 1916 5666 vetus,
1941 5603 1991 5659 “2.
2025 5606 2120 5655 Ja-

526 5686 716 5736 nuarii
743 5701 753 5732 :
780 5685 845 5734 Β.
879 5681 1124 5734 Macarii.
1161 5679 1248 5734 15.
1272 5679 1538 5729 Januarii
1563 5693 1576 5730 :
1615 5677 1842 5729 Macarii
1872 5679 2119 5741 abbatis,

525 5756 761 5808 Antonii
789 5753 1073 5818 discipuli.
1097 5753 1555 5817 Martyrologium
1575 5751 1887 5800 Romanum
1904 5749 2120 5815 Bellini,

527 5829 577 5884 ‘2.
621 5829 752 5878 Jan.
785 5843 798 5878 :
823 5831 889 5879 In
917 5825 1211 5877 Thebaida
1232 5827 1285 5876 S.
1315 5824 1544 5876 Macarii
1565 5822 1812 5874 abbatis.
1837 5820 1922 5876 15.
1947 5822 2078 5874 Jan.
2106 5838 2117 5870 :

526 5901 700 5967 Apud
711 5902 852 5964 lEgy
857 5901 1024 5962 ptum
1046 5899 1108 5951 Β.
1126 5897 1358 5952 Macarii
1371 5894 1615 5960 abbatis,
1633 5893 1904 5960 discipuli
1923 5896 1986 5949 B.
2001 5899 2123 5949 An-

2196 1896 2468 1947 omnibus
2494 1895 2594 1957 qui
2615 1895 2854 1946 aderant
2882 1893 3154 1945 fratribus
3183 1890 3414 1956 placuit.
3443 1892 3796 1940 Processerunt

2196 1985 2270 2037 ad
2297 1985 2574 2049 sepulcra,
2619 1987 2675 2034 et
2709 1982 2972 2035 hortatur
3014 1982 3297 2033 Macarius
3341 1979 3696 2042 hieracitam,
3731 1980 3798 2028 ut

2199 2077 2464 2126 evocaret
2484 2077 2781 2126 mortuum
2811 2072 2874 2124 in
2900 2071 3137 2124 nomine
3169 2069 3416 2122 Domini.
3452 2071 3530 2121 At
3550 2067 3664 2132 ille,
3691 2067 3796 2130 Tu,

2198 2163 2407 2226 inquit,
2430 2162 2681 2222 domine,
2707 2161 2809 2225 qui
2825 2161 3171 2226 proposuisti
3188 2159 3340 2224 prior
3363 2169 3554 2211 evoca.
3579 2157 3650 2208 Et
3671 2156 3796 2207 Ma-

2200 2253 2387 2304 carius
2412 2257 2782 2316 prosternens
2811 2251 2957 2302 sein
2985 2252 3300 2301 orationem
3320 2252 3454 2300 ante
3466 2247 3796 2305 Dominum,

2201 2341 2298 2393 ubi
2326 2341 2672 2392 sufﬁcienter
2699 2341 2902 2404 oravit,
2929 2337 3166 2391 elevatis
3187 2349 3419 2389 sursum
3441 2334 3626 2388 oculis
3647 2333 3793 2393 suis,

2199 2431 2280 2482 ait
2302 2431 2375 2482 ad
2399 2430 2742 2482 Dominum:
2769 2430 2876 2489 Tu,
2892 2428 3096 2492 inquit,
3120 2427 3378 2490 Domine,
3405 2425 3537 2489 quis
3559 2435 3633 2475 ex
3654 2421 3799 2474 duo-

2201 2521 2312 2570 bus
2345 2520 2511 2572 nobis
2553 2523 2770 2570 rectam
2803 2517 2978 2570 fidem
3019 2521 3230 2579 teneat,
3266 2515 3536 2577 ostende,
3575 2511 3800 2564 elevato

2200 2615 2430 2663 mortuo
2453 2609 2582 2661 hoc.
2618 2610 2688 2660 Et
2715 2620 2849 2660 cum
2871 2608 2998 2660 huic
3021 2606 3286 2666 dixisset,
3312 2603 3507 2656 fratris
3532 2602 3798 2662 cujusdam

2202 2713 2435 2763 nomen,
2460 2698 2560 2762 qui
2579 2711 2761 2762 nuper
2783 2697 2969 2750 fuerat
2992 2695 3272 2762 sepultus,
3297 2691 3574 2745 evocavit.
3587 2677 3689 2742 Cui
3703 2688 3801 2741 ille

2203 2801 2337 2840 cum
2361 2789 2434 2840 de
2457 2787 2680 2840 tumulo
2702 2787 3116 2852 respondisset,
3128 2783 3463 2836 accedentes
3479 2783 3652 2830 fratres
3670 2794 3799 2828 con-

2203 2883 2385 2937 tinuo,
2403 2890 2537 2942 quas
2561 2877 2921 2942 superposita
2939 2875 3181 2938 fuerant,
3207 2875 3553 2934 aut‘erunt,et
3564 2873 3796 2918 eductum

2204 2981 2339 3020 eum
2373 2968 2444 3019 de
2485 2966 2766 3031 sepulcro,
2803 2975 2818 2994 ⁸
2849 2964 3116 3016 resolutis
3151 2962 3401 3015 fasciolis
3425 2960 3638 3025 quibus
3657 2969 3801 3010 con-

2207 3057 2444 3110 strictus
2473 3056 3012 3116 erat,exhibuerunt
3029 3055 3340 3107 viventem.
3358 3049 3641 3102 llieracita
3664 3062 3799 3105 vero;

2138 3137 2188 3213 C
2212 3147 2309 3198 ubi
2327 3146 2455 3200 haec
2468 3145 2628 3209 vidit,
2647 3143 3082 3208 obstupefactus
3096 3143 3156 3193 in
3167 3141 3361 3204 fugam
3380 3139 3799 3192 vertitur.0uem

2210 3237 2414 3288 fratres
2438 3247 2670 3298 quoque
2689 3245 2891 3284 omnes
2919 3233 3310 3294 insequentes,
3335 3232 3500 3280 extra
3523 3226 3802 3279 terminos

2211 3331 2379 3378 terra)
2403 3324 2558 3377 illius
2579 3325 3047 3376 exturbaverunt.

2275 3414 2454 3466 Multa
2489 3413 2660 3464 etiam
2690 3416 2746 3464 et
2767 3411 2878 3463 alia
2902 3410 3232 3462 ferebantur
3261 3407 3331 3459 de
3354 3419 3440 3468 eo,
3465 3416 3597 3469 quae
3629 3402 3805 3454 nimis

2210 3503 2433 3569 prolixa
2451 3507 2591 3554 sunt
2603 3501 2678 3554 ad
2699 3500 3067 3552 scribendum
3085 3516 3096 3548 :
3114 3497 3215 3551 sed
3231 3510 3303 3549 ex
3318 3495 3410 3548 his
3425 3493 3642 3560 paucis,
3653 3493 3806 3541 etiam

2212 3597 2402 3646 cetera
2431 3593 2561 3658 ejus
2585 3603 2757 3656 opera
2780 3593 3123 3641 noscuntur.

2720 3695 3004 3774 CAPUT
3045 3691 3294 3758 XXIX.

2336 3819 2417 3859 nn
2450 3806 2472 3837 ³
2503 3815 2778 3858 MACARIO
2803 3812 3232 3856 ALBXANDRINO
3257 3810 3371 3852 sne
3401 3807 3678 3850 JUNIORB.

2276 3897 2441 3950 Alius
2465 3908 2598 3950 vero
2621 3894 2856 3957 (Pallad.
2882 3897 2999 3957 cap.
3027 3890 3094 3947 l9
3117 3897 3162 3941 et
3185 3889 3294 3953 20.)
3311 3892 3550 3941 sanctus
3565 3885 3808 3936 Macarius

2215 4121 2373 4185 tonii,
2401 4120 2524 4172 vita
2547 4123 2606 4170 et
2643 4115 2930 4169 miraculis
2955 4111 3326 4167 celeberrimi.
3352 4107 3810 4185 Martyrolagium

2212 4181 2525 4245 Romanum
2551 4189 2829 4249 Gatesinii,
2853 4187 2907 4242 ‘2.
2934 4185 3221 4238 Januarii:
3241 4186 3306 4234 In
3330 4181 3619 4234 Thebaide
3635 4183 3689 4232 S.
3705 4183 3807 4228 Ma-

2214 4268 2351 4320 carii
2375 4261 2746 4316 Alexandrini
2767 4258 3090 4312 abbatis‘lz‘i.
3114 4255 3406 4306 Jan/uarii:
3429 4255 3494 4305 In
3518 4250 3807 4303 Thebaide

2215 4341 2269 4390 S.
2299 4335 2529 4387 Macarii
2550 4333 2793 4384 abbatis.
2823 4332 2916 4382 hic
2940 4332 2999 4380 Β.
3035 4328 3269 4380 Antonii
3292 4326 3631 4388 discipulus.
3656 4323 3810 4371 Mar-

2215 4407 2542 4474 tyrologium
2565 4406 2877 4454 Romanum
2913 4401 3143 4474 Baronii
3159 4399 3215 4474 71-.
3246 4397 3551 4474 Januarii;
3577 4398 3644 4446 In
3667 4396 3809 4474 The-

2218 4467 2454 4532 baides.
2482 4476 2708 4526 Macarii
2732 4472 3102 4536 Alexandrini
3121 4471 3362 4522 abbatis.
3391 4467 3477 4522 15.
3497 4467 3768 4517 Januarii
3794 4483 3804 4514 :

2218 4555 2278 4602 in
2308 4554 2549 4614 Egypto
2574 4550 2624 4599 ὃ.
2655 4546 2877 4598 Macarii
2904 4540 3520 4614 abbatishdiscipuliB.
3549 4539 3805 4614 Antonii,

2139 4591 2196 4664 Ι)
2213 4591 2438 4675 vita}?
2453 4591 2748 4672 iniraculis
2781 4591 3507 4674 celeberriiniiiijifntécda,
3541 4591 3808 4670 Usuardo,

2214 4698 2418 4754 Adone,
2442 4693 2676 4743 Notkero
2700 4691 2853 4740 nulla
2878 4696 2946 4738 est
2967 4688 3068 4738 loci
3092 4685 3382 4737 distinctio.
3399 4685 3808 4734 Distinctionem

2214 4765 2588 4818 Alexandrini
2621 4769 2678 4816 et
2712 4761 2959 4826 {Egyptii
2979 4765 3208 4809 statuere
3231 4756 3536 4808 Gatesinius
3567 4761 3612 4804 et
3639 4756 3810 4804 Baro-

2218 4853 2366 4889 mus.

2278 4925 2434 4987 Quod
2455 4925 2500 4975 si
2523 4925 2722 4988 Ruﬁno
2748 4923 2834 4972 hic
2855 4921 3110 4987 ﬁdes,qui
3128 4920 3288 4970 initio
3307 4915 3651 4984 precedentis
3667 4914 3811 4979 capi-

2216 5000 2302 5063 tis,
2328 4997 2647 5063 Ai‘gyptium
2671 4996 2982 5044 Macarium
3005 4992 3193 5042 asserit
3216 4989 3451 5063 Antonii
3480 4989 3810 5063 discipulum,

2216 5074 2274 5123 et
2293 5059 2535 5122 'Virtitus
2567 5069 2693 5132 ejus
2737 5065 3048 5128 haeredeni,
3079 5068 3210 5112 recte
3238 5077 3332 5126 per
3363 5059 3676 5132 Mcl-sarium
3697 5059 3812 5132 Ain-

2219 5143 2356 5193 tonii
2380 5130 2724 5206 discipulum.
2753 5137 2838 5192 15.
2861 5138 2992 5188 Jan.
3018 5138 3079 5184 in
3102 5132 3493 5206 Martyrologio
3519 5130 3810 5195 zEgypti-us

2216 5204 2548 5279 designatur.
2577 5213 2667 5262 Sic
2687 5213 2875 5260 Petrus
2903 5206 3291 5279 Equilinusin
3317 5204 3570 5279 catalogo
3598 5207 3813 5279 Sancto-

2216 5272 2348 5335 ινιιηῖ
2368 5284 2454 5334 lib.
2489 5285 2556 5335 ΙΙ.
2583 5299 2700 5348 cap.
2829 5288 2874 5331 ct
2897 5279 2983 5334 81.
3008 5277 3315 5329 Macarium
3339 5275 3664 5340 A‘gyptium
3684 5272 3811 5337 facit

2216 5359 2447 5409 Antonii
2471 5355 2820 5419 discipulum.

2284 5447 2385 5498 Sed
2410 5445 2725 5505 videndum,
2751 5458 2888 5491 num
2912 5443 3144 5504 Ruﬁnus
3167 5435 3486 5489 Palladium
3504 5435 3524 5471 ί
3541 5434 3621 5484 vel
3643 5435 3809 5484 alium

2219 5534 2378 5586 quem
2420 5518 2612 5568 Latine
2657 5515 2933 5578 expressit,
2979 5512 3119 5562 male
3163 5511 3372 5576 ceperit.
3411 5509 3556 5586 Qerte
3579 5513 3625 5586 et
3656 5507 3812 5586 ιζςτηιι-

2219 5578 2364 5652 ctidi,
2392 5590 2457 5639 Et
2470 5588 2720 5638 Palladio
2745 5587 2899 5636 veteri
2923 5591 2970 5635 ct
2990 5599 3128 5635 novo
3151 5585 3285 5633 deest
3311 5583 3372 5630 in
3393 5579 3640 5630 Macario
3651 5578 3812 5640 Λίβυ·

2215 5664 2331 5730 ptio
2351 5662 2495 5726 quod
2515 5661 2682 5724 fuerit
2705 5657 3022 5724 discipulus
3037 5655 3290 5730 Antonii,
3307 5659 3374 5730 et
3394 5655 3676 5730 virtutum
3693 5652 3810 5713 ejus

2218 5722 2424 5788 haeres.
2463 5722 2575 5782 Iino
2601 5722 2881 5781 Palladius
2914 5744 3083 5778 novus
3106 5727 3316 5778 Hcrvcti
3340 5741 3457 5790 cap.
3484 5722 3576 5778 20.
3602 5727 3810 5771 utrum—

2221 5822 2322 5874 que
2346 5807 2443 5857 hoc
2476 5805 2720 5855 Maca-rio
2749 5801 3130 5854 Alexandrino
3167 5797 3370 5850 tribuit.
3407 5799 3809 5848 ROSWEY'DUS.

2284 5899 2303 5934 ι
2330 5899 2454 5951 1ωο
2479 5907 2633 5960 vero,
2655 5906 2801 5947 num
2822 5891 3109 5958 Palladius
3130 5888 3408 5944 Rufinum
3427 5886 3576 5940 bene
3592 5885 3810 5947 (imperil.
