3898 6408
110 364 224 420 453

1324 376 1667 431 HISTORIA
1698 378 2225 433 MONAGHORUM.

3316 387 3423 446 454

114 476 463 540 magnificas
486 479 661 531 etiam
682 480 925 535 virtutes
948 487 1394 552 consummavit,
1419 488 1490 541 de
1516 489 1724 553 quibus
1745 493 1807 565 Α
1826 488 1936 553 his,
1953 490 2051 554 qui
2073 503 2146 543 ex
2165 503 2262 545 ore
2277 492 2406 557 ejus
2424 494 2909 560 audierant,quod
2928 497 3181 561 quodam
3197 504 3418 561 tempore

110 571 172 619 et
194 566 298 620 alii
334 569 618 622 nonnulla
648 571 1020 639 scripserunt,
1047 587 1179 638 quas
1209 577 1470 630 sufficere
1496 580 1724 643 possint

107 656 187 709 ad
217 658 507 711 virtutum
552 661 683 724 ejus
726 662 1188 727 magnitudinem
1218 668 1626 729 contuendam,
1665 676 1723 722 et

87 746 247 799 'ideo
273 761 383 801 nos
411 761 482 801 ea
504 752 844 816 compendio
872 755 1257 817 praeterimus.

176 884 470 937 Ferebant
496 888 688 937 tamen
711 898 846 938 eum
868 891 1183 941 amatorem
1197 889 1375 943 fuisse
1386 893 1561 944 eremi
1576 908 1726 956 super

112 985 325 1025 omnes
349 977 590 1037 ceteros,
616 976 696 1027 ita
717 980 784 1027 ut
806 976 981 1028 etiam
1005 978 1209 1030 ultima
1229 984 1288 1032 et
1310 980 1727 1037 inaccessibilia

114 1070 338 1123 deserti
366 1076 763 1137 perscrutatus
810 1075 886 1126 sit
919 1076 1062 1140 loca,
1104 1090 1410 1143 usquequo
1440 1080 1727 1135 inveniret

126 1166 216 1238 |9
229 1167 281 1237 7
314 1170 511 1223 locum
530 1171 842 1235 quemdam
864 1173 927 1225 in
942 1174 1160 1228 ultimis
1179 1179 1354 1230 eremi
1378 1184 1724 1246 constitutum,

115 1266 371 1322 diversis
394 1250 699 1333 pomiferis.
716 1271 1018 1324 arboribus
1043 1275 1350 1341 consitum,
1376 1282 1435 1329 et
1457 1280 1726 1332 omnibus

118 1358 293 1409 bonis
314 1357 598 1422 repletum
627 1376 637 1408 :
670 1359 769 1411 ubi
790 1360 964 1413 etiam
980 1361 1127 1415 duos
1152 1366 1653 1423 u'atresinvenisse
1665 1372 1729 1419 fe-

118 1448 375 1509 rebatur,
400 1460 549 1512 quos
567 1461 699 1500 cum
722 1454 967 1515 rogaret,
992 1456 1058 1504 ut
1096 1459 1429 1518 paterentur
1450 1458 1522 1509 ad
1540 1472 1603 1511 se
1628 1460 1729 1512 de-

119 1535 255 1587 duci
282 1535 419 1587 illuc
440 1537 777 1603 monachos,
804 1544 869 1591 ut
882 1539 961 1591 ibi
984 1541 1308 1596 habitarent
1323 1547 1596 1609 quoniam
1610 1549 1730 1612 qui-

121 1624 256 1676 dem
272 1624 438 1676 locus
451 1625 542 1677 ille
559 1629 616 1677 et
630 1639 897 1680 amamus
918 1636 1090 1692 esset,
1108 1636 1166 1683 et
1181 1633 1486 1687 abundans
1501 1639 1554 1685 in
1569 1641 1727 1687 omni-

118 1714 233 1765 bus
266 1715 653 1767 necessariis:
690 1718 1132 1783 responderunt,
1163 1734 1282 1773 non
1312 1736 1486 1788 posse
1515 1726 1727 1779 adduci

1822 588 2009 639 noctis
2033 590 2264 642 damon
2288 590 2361 641 ad
2383 592 2598 644 ostium
2609 592 2831 646 cellula
2847 596 2973 659 ejus
2996 594 3423 659 pulsaverit,di-

1823 699 1962 738 cens
1983 702 1999 735 :
2039 688 2235 752 Surge,
2261 690 2411 741 abba
2444 691 2664 751 Macari,
2689 696 2747 743 et
2769 703 2973 743 eamus
2998 692 3073 744 ad
3096 693 3418 760 collectam,

1822 784 1921 836 ubi
1964 782 2170 837 fratres
2201 786 2275 837 ad
2317 787 2544 851 vigilias
2577 795 3017 851 congregantur.
3046 791 3156 842 Sed
3179 791 3292 855 ille,
3319 793 3420 856 qui

1821 866 2006 938 gratia
2028 874 2129 925 Dei
2151 874 2403 938 repletus
2425 874 2540 927 falli
2551 889 2666 928 non
2678 890 2748 941 po
2757 882 2918 942 terat,
2935 877 3217 931 intellexit
3230 882 3419 930 diaboli

1823 973 1953 1014 esse
1977 962 2276 1024 fallaciam,
2293 967 2350 1016 et
2365 965 2466 1017 ait:
2495 966 2540 1018 Ο
2565 966 2815 1018 mendax
2831 972 2888 1019 et
2903 969 3164 1021 veritatis
3180 971 3419 1021 inimice!

1824 1060 1963 1123 quid
1988 1061 2143 1113 enim
2166 1061 2272 1114 tibi
2293 1062 2580 1127 consortii,
2596 1064 2734 1127 quid
2752 1064 3043 1117 societatis
3060 1071 3298 1119 estcum
3313 1068 3423 1118 col-

1821 1148 1971 1202 lecta
2015 1155 2073 1203 et
2105 1154 2547 1217 congregatione
2577 1157 2945 1206 sanctorum?
2979 1158 3055 1207 At
3088 1156 3215 1207 ille:
3252 1158 3419 1210 Latet

1824 1260 1958 1313 ergo
1983 1252 2056 1313 te,
2082 1250 2286 1315 inquit,
2313 1265 2346 1302 ο
2372 1252 2598 1304 Macari:
2624 1253 2777 1316 quod
2797 1253 2922 1305 sine
2946 1252 3114 1305 nobis
3136 1254 3295 1307 nulla
3312 1253 3423 1307 col-

1822 1346 1971 1398 lecta
1992 1348 2196 1413 agitur,
2223 1349 2496 1414 nullaque
2541 1352 2912 1416 congregatio
2949 1352 3372 1404 monachorum
3393 1356 3420 1403 σέ

1826 1437 1971 1488 Veni
2011 1438 2277 1503 denique,
2311 1443 2367 1491 et
2409 1439 2631 1492 videbis
2664 1453 2835 1505 opera
2865 1446 3080 1493 nostra.
3118 1443 3283 1494 Tunc
3306 1442 3425 1507 ille,

1827 1525 2064 1591 Imperet,
2103 1527 2308 1593 inquit,
2337 1526 2431 1577 tibi
2454 1528 2724 1578 Dominus
2749 1529 2920 1592 (Judae
2939 1528 3032 1594 9.),
3058 1530 3290 1582 daemon
3316 1531 3427 1583 im-

1828 1626 2061 1679 munde.
2109 1629 2178 1678 Et
2222 1638 2541 1678 conversus
2585 1627 2658 1679 ad
2702 1628 3034 1691 orationem,
3068 1628 3423 1692 petiitaDo-

1829 1726 2005 1791 mino,
2031 1730 2097 1778 ut
2120 1724 2231 1777 sibi
2252 1724 2601 1789 ostenderet,
2627 1728 2676 1776 si
2699 1725 2809 1776 hoc
2834 1738 3035 1779 verum
3061 1729 3233 1790 esset,
3269 1727 3424 1791 quod

119 1801 256 1853 ίυυο
270 1802 482 1867 Plures:
509 1817 583 1857 ne
606 1805 749 1859 Γοΐιθ
772 1807 1069 1861 venientes
1088 1822 1458 1874 Pereremum
1482 1826 1517 1865 ἃ
1532 1817 1721 1865 ἀεθωο-
1742 1814 1795 1888 Β
1821 1824 2101 1888 gloriatus
2124 1828 2213 1875 est
2236 1823 2488 1875 daemon.
2508 1824 2663 1874 Abiit
2685 1835 2821 1887 ergo
2840 1822 2913 1874 ad
2937 1823 3252 1889 collectam,
3270 1826 3371 1876 ubi
3391 1838 3426 1877 a

118 1891 296 1943 nibus
317 1891 733 1958 deciperentur.
773 1895 983 1949 Multos
1006 1900 1161 1950 enim
1185 1900 1417 1954 aiebant
1439 1915 1569 1955 esse
1597 1905 1720 1957 das-

123 1989 329 2033 mones
359 1982 416 2033 in
441 1981 688 2045 deserto,
714 1998 748 2036 a
788 1990 1066 2052 monstra,
1092 2001 1340 2052 quorum
1360 1992 1655 2045 molestias
1673 2000 1720 2042 et

122 2065 467 2119 calliditates
490 2068 637 2121 ferre
661 2071 972 2126 multitudo
992 2075 1224 2129 insueta
1236 2091 1356 2131 non
1379 2086 1595 2144 posset.
1613 2084 1723 2134 Re-

120 2168 365 2220 gressus
389 2162 581 2211 tamen
603 2160 675 2211 ad
698 2160 922 2229 fratres,
936 2177 1069 2217 cum
1091 2166 1402 2221 indicasset
1423 2169 1494 2222 de
1517 2184 1724 2236 oppor-

121 2247 370 2299 tunitate
390 2248 521 2313 loci,
551 2250 868 2303 multorum
898 2253 1240 2308 inﬂammati
1276 2263 1417 2311 sunt
1438 2260 1635 2321 animi,
1659 2267 1725 2313 ut

120 2342 426 2401 pergerent
446 2338 580 2391 illuc
607 2353 741 2393 cum
762 2354 848 2394 eo.
868 2343 978 2395 Sed
1000 2344 1097 2396 ubi
1122 2349 1315 2410 patres
1332 2347 1536 2411 reliqui
1553 2364 1721 2398 sense-

120 2431 260 2479 runt
282 2429 510 2481 animos
527 2431 811 2493 juvenum
834 2434 1168 2499 concitatos,
1197 2443 1599 2501 represserunt
1621 2452 1721 2491 eos

122 2515 439 2569 salubriora
461 2520 719 2584 consilio,
743 2522 1001 2574 dicentes
1030 2541 1041 2572 :
1069 2526 1258 2576 Locus
1281 2526 1392 2578 iste
1416 2528 1467 2577 si
1486 2542 1635 2589 vere,
1662 2534 1724 2581 ut

117 2607 390 2670 jactatur,
413 2619 449 2658 a
468 2610 497 2659 J
504 2620 675 2662 amne
696 2614 756 2663 et
772 2613 1022 2665 Mambre
1037 2616 1295 2667 consitus
1312 2620 1551 2681 est,non
1565 2618 1723 2670 aliud

123 2694 197 2746 de
238 2708 308 2748 eo
344 2696 700 2751 credendum
726 2706 832 2766 est,
869 2702 982 2754 nisi
1017 2705 1172 2767 quod
1215 2705 1426 2758 diaboli
1450 2720 1619 2772 opere
1649 2709 1722 2761 ad

121 2784 520 2849 deceptionem
535 2794 792 2841 nostram
820 2798 1175 2857 praeparatus
1198 2795 1291 2847 sit.
1321 2796 1377 2847 Si
1392 2797 1547 2848 enim
1571 2811 1720 2863 vere,

126 2878 191 2926 ut
210 2875 531 2939 perhibent,
563 2878 871 2933 deliciosus
887 2888 977 2934 est
991 2888 1049 2935 et
1068 2885 1400 2947 abundans;
1433 2886 1572 2951 quid
1603 2900 1723 2952 spe-

123 2964 383 3017 rabimus
424 2967 487 3017 in
510 2967 699 3020 futuro
734 2960 1061 3033 saacuofsi
1084 2972 1418 3026 hicdeliciis
1442 2975 1722 3029 fruimur?

126 3054 198 3104 Et
239 3053 366 3106 haec
401 3059 577 3120 atque
607 3057 718 3109 alia
747 3058 1086 3123 hujusmodi
1119 3062 1399 3129 dicentes,
1438 3065 1723 3129 juvenum

125 3141 417 3196 ferventes
433 3146 657 3199 animos
681 3155 1098 3213 represserunt.

190 3268 380 3320 Locus
436 3275 633 3323 autem
690 3273 867 3336 (Joan.
923 3274 1077 3327 libell.
1140 3278 1231 3331 III.
1288 3295 1443 3332 num.
1492 3279 1619 3347 15.),
1666 3284 1728 3336 in

127 3370 244 3421 quo
270 3358 705 3426 habitabatipse
728 3366 965 3415 sanctus
988 3367 1287 3431 Macarius,
1316 3370 1597 3424 Scithium
1625 3386 1729 3439 ap-

125 3445 390 3511 pellatur.
410 3450 510 3501 Est
524 3455 718 3503 autem
734 3452 795 3504 in
806 3465 998 3506 eremo
1016 3458 1353 3510 vastissima
1369 3462 1607 3523 positus,
1622 3466 1730 3513 diei

130 3551 183 3595 el
208 3545 392 3597 noctis
411 3547 519 3599 iter
545 3549 765 3601 habens
790 3550 861 3603 de
886 3553 1081 3606 Nitriae
1097 3559 1461 3611 monasteriis
1495 3576 1506 3607 :
1535 3566 1594 3613 et
1621 3563 1730 3616 hoc

130 3633 291 3686 nulla
313 3638 535 3698 semita,
555 3651 746 3703 neque
771 3645 1013 3695 terrenis
1037 3645 1325 3709 aliquibus
1342 3648 1626 3715 colligitur
1643 3654 1727 3707 vel

129 3729 490 3778 monstratur
509 3727 755 3796 indiciis,
779 3732 879 3783 sed
897 3733 1193 3787 stellarum
1219 3738 1400 3801 signis
1424 3746 1482 3791 et
1496 3745 1729 3792 cursibus

133 3816 405 3879 pergitur.
424 3820 589 3882 Aqua
609 3832 735 3872 raro
756 3821 1066 3889 invenitur,
1086 3830 1143 3877 et
1166 3826 1350 3880 sicubi
1364 3830 1600 3884 inventa
1613 3833 1731 3886 fue-

133 3914 228 3977 rit,
252 3914 441 3967 odoris
464 3917 699 3981 quidem
721 3920 1181 3989 dirissimiest,et
1198 3928 1363 3989 quasi
1390 3929 1727 3995 bituminea,

136 4003 238 4056 sed
263 4006 483 4069 saporis
510 4008 746 4060 innoxii.
766 4011 913 4063 Sunt
940 4026 1075 4077 ergo
1095 4014 1172 4065 ibi
1189 4016 1295 4067 viri
1314 4018 1480 4069 valde
1498 4021 1731 4083 perfecti

137 4095 262 4156 (nec
284 4095 441 4147 enim
464 4098 680 4160 patitur
703 4104 821 4152 tam
846 4103 1110 4155 terribilis
1136 4104 1316 4167 locus,
1340 4107 1453 4159 nisi
1493 4109 1730 4173 perfecti

134 4185 407 4249 propositi
427 4185 718 4241 habitores
743 4203 1103 4257 summaeque
1138 4198 1498 4262 constantiae)
1527 4203 1731 4253 carita-

135 4273 211 4324 tis
239 4275 433 4327 tamen
453 4276 604 4328 inter
619 4291 681 4331 se
704 4284 761 4331 et
777 4292 914 4346 erga
934 4295 1157 4347 omnes,
1188 4285 1237 4336 si
1261 4287 1361 4350 qui
1384 4288 1524 4342 forte
1543 4291 1615 4342 ad
1630 4304 1731 4345 eos

133 4371 524 4428 accesserunt,
550 4381 847 4423 summum
876 4373 1135 4426 studium
1158 4382 1389 4441 gerunt.

198 4500 399 4553 Fertur
448 4501 697 4568 denique
754 4506 987 4570 (Pallad.
1031 4525 1149 4574 cap.
1195 4510 1302 4576 20.)
1349 4525 1483 4565 cum
1529 4519 1732 4569 sancto

138 4588 383 4670 Macario
405 4604 577 4645 uvam
600 4594 731 4658 quis
749 4595 1059 4661 aliquando
1083 4599 1402 4666 detulisset,
1419 4602 1513 4655 ille
1528 4606 1627 4667 qui
1643 4618 1735 4657 se-

137 4664 397 4733 cundum
420 4683 735 4752 caritatem,
755 4700 873 4741 non
896 4701 1028 4754 quas
1045 4702 1152 4743 sua
1167 4697 1323 4758 sunt,
1341 4692 1443 4745 sed
1459 4705 1591 4757 quae
1606 4697 1735 4745 alte-
1759 4654 1818 4728 D

138 4768 260 4821 rius
280 4771 555 4835 cogitaret
584 4774 653 4838 (1.
683 4776 803 4829 Cor.
830 4777 957 4842 18.),
981 4779 1057 4832 ad
1078 4779 1258 4834 alium
1281 4783 1514 4836 fratrem
1535 4784 1739 4837 detulit

138 4870 284 4923 eam,
312 4861 411 4924 qui
428 4865 595 4926 quasi
615 4864 897 4920 inﬁrmior
918 4870 1235 4926 videbatur.
1267 4874 1424 4926 Tunc
1440 4875 1535 4927 ille
1550 4879 1735 4936 gratias

139 4950 259 5015 egit
280 4952 399 5003 Deo
423 4966 524 5017 pro
557 4954 747 5008 fratris
768 4958 976 5025 officio,
996 4962 1098 5014 sed
1127 4968 1185 5015 et
1211 4963 1335 5028 ipse
1358 4964 1737 5020 nihilominus

140 5038 273 5105 plus
297 5040 368 5092 de
389 5043 672 5110 proximo,
696 5059 871 5111 quam
912 5049 985 5103 de
1021 5054 1332 5118 semetipso
1363 5056 1639 5121 cogitans,
1666 5059 1739 5111 ad

138 5138 315 5192 alium
354 5143 608 5209 pertulit,
652 5152 711 5199 et
746 5146 842 5200 ille
868 5148 1009 5202 item
1041 5150 1114 5210 ad
1154 5152 1351 5215 alium,
1390 5160 1447 5208 et
1471 5157 1550 5208 sic
1585 5153 1734 5225 |98

140 5249 243 5303 per
264 5249 467 5293 omnes
486 5242 740 5306 cellulas,
767 5258 899 5311 quae
915 5246 1086 5314 longe
1100 5262 1135 5301 a
1151 5254 1477 5319 semetipsis
1498 5268 1598 5320 per
1613 5269 1741 5311 ere-

141 5340 301 5380 mum
328 5331 604 5397 dispersae
632 5341 817 5397 erant,
846 5351 954 5390 uva
977 5341 1310 5395 circumlata
1325 5348 1432 5406 est,
1450 5348 1741 5407 ignoranti-

139 5419 254 5470 bus
276 5419 380 5485 eis,
420 5423 519 5486 qui
560 5436 687 5477 eam
702 5427 885 5491 primo
910 5429 1199 5492 misisset;
1235 5433 1308 5484 ad
1334 5434 1604 5489 ultimum
1627 5438 1741 5503 ipsi

141 5510 413 5575 defertur,
438 5514 536 5579 qui
561 5528 689 5569 eam
704 5519 963 5593 miserat.
975 5523 1305 5576 Gratulatus
1320 5530 1410 5577 est
1425 5532 1620 5582 autem
1632 5545 1747 5581 san-

138 5606 270 5653 ctus
291 5603 595 5670 Macarius,
621 5609 776 5671 quod
794 5613 1015 5664 tantam
1031 5614 1322 5667 videratin
1334 5616 1604 5672 fratribus
1619 5637 1743 5673 con-

143 5702 460 5771 tinentiam,
487 5711 824 5776 tantamque
850 5715 1170 5782 caritatem,
1197 5718 1272 5770 ad
1292 5720 1511 5775 acriora
1540 5729 1745 5777 semet-

139 5792 336 5859 ipsum
365 5796 637 5863 spiritalis
670 5801 808 5856 vitm
829 5806 1092 5860 extendit
1115 5810 1401 5863 exercitia.

207 5930 299 5985 Ad
319 5931 495 5989 fidem
514 5950 766 6005 namque
786 5942 1189 5998 confirmatum
1212 5947 1381 6000 nobis
1405 5948 1477 6002 de
1489 5961 1556 6004 eo
1568 5955 1660 6004 est
1673 5950 1747 6004 ab

1821 1913 2093 1965 fratribus
2120 1913 2332 1977 vigiliae
2358 1913 2736 1976 celebrantur,
2767 1916 2825 1964 et
2842 1912 3053 1964 iterum
3072 1912 3135 1964 in
3162 1914 3418 1967 oratione

1821 2004 2135 2055 Dominum
2158 2002 2512 2067 deprecatur,
2532 2007 2599 2054 ut
2622 2001 2731 2052 sibi
2753 2002 3057 2054 veritatem
3069 2002 3228 2054 verbi
3243 2003 3420 2066 hujus

1820 2101 2105 2154 ostendat.
2130 2102 2200 2151 Et
2222 2112 2353 2151 ecce
2378 2100 2524 2153 vidit
2545 2112 2647 2165 per
2672 2102 2852 2151 totam
2886 2101 3222 2166 Ecclesiam,
3255 2102 3422 2166 quasi

1820 2190 2093 2254 parvulos
2115 2189 2401 2253 quosdam
2410 2189 2680 2253 puerulos
2695 2188 2989 2253 Ethiopes
3004 2193 3180 2242 tetros
3195 2190 3415 2242 discur-

1822 2301 1945 2342 rere
1964 2288 2080 2340 huc
2104 2292 2277 2351 atque
2309 2286 2464 2352 illuc,
2479 2292 2536 2338 et
2553 2289 2710 2339 velut
2729 2286 3023 2340 volitando
3040 2287 3264 2339 deferri.
3292 2289 3417 2341 Mo-

1820 2378 1901 2430 ris
1935 2382 2023 2429 est
2044 2382 2237 2428 autem
2260 2376 2419 2438 inibi,
2436 2375 2775 2428 sedentibus
2799 2377 3043 2439 cunctis,
3062 2378 3135 2427 ab
3162 2390 3277 2429 uno
3302 2376 3415 2429 dici

1822 2475 2133 2540 Psalmum,
2153 2475 2377 2538 ceteris,
2397 2475 2487 2525 vel
2509 2474 2896 2538 audientibus,
2909 2474 3001 2525 vel
3024 2475 3422 2539 respondenti-

1822 2567 1951 2618 bus.
1974 2566 2376 2617 Discurrentes
2395 2576 2531 2628 ergo
2547 2563 2627 2615 illi
2641 2563 2933 2628 Ethiopes
2944 2563 3186 2628 pueruli,
3200 2566 3419 2624 singulis
3516 2614 3521 2619 ,

1822 2665 2150 2729 quibusque
2174 2663 2513 2716 sedentibus
2535 2662 2887 2727 alludebant,
2913 2666 2970 2715 et
2993 2663 3042 2714 si
3064 2664 3157 2714 cui
3181 2663 3410 2715 duobus

1822 2753 2078 2817 digitulis
2101 2751 2299 2804 oculos
2315 2752 2815 2815 compressissent,
2834 2754 3035 2805 statim
3055 2753 3423 2807 dormitabat:

1824 2851 1874 2902 si
1896 2851 1989 2903 cui
2010 2863 2146 2905 vero
2160 2851 2220 2902 in
2232 2863 2299 2903 os
2318 2850 2739 2903 immersissent
2755 2850 3020 2915 digitum,
3037 2851 3284 2904 oscitare
3295 2867 3413 2902 eum

1820 2940 2124 2992 faciebant.
2160 2940 2268 2993 Ubi
2301 2952 2438 2992 vero
2462 2944 2593 3002 post
2628 2939 2921 2991 Psalmum
2951 2940 3026 2991 ad
3048 2941 3335 2993 orandum
3360 2954 3423 2994 se

1822 3032 2198 3095 projecissent
2220 3029 2441 3090 fratres,
2465 3030 2877 3093 percurrebant
2896 3028 3278 3081 nihilominus
3301 3031 3424 3082 sin-

1823 3129 2010 3193 gulos,
2024 3132 2082 3180 et
2096 3131 2235 3179 ante
2258 3127 2435 3180 alium
2455 3127 2744 3191 jacentem
2763 3127 2823 3177 in
2838 3129 3112 3192 oratione,
3130 3128 3298 3191 quasi
3318 3143 3431 3179 mu-

1751 3235 1801 3311 C
1822 3217 2027 3269 lierum
2051 3217 2238 3281 specie
2261 3216 2605 3279 ferebantur,
2630 3220 2766 3268 ante
2781 3214 2959 3267 alium
2975 3218 3145 3280 quasi
3160 3220 3423 3268 aediﬁcan-

1826 3309 1913 3357 tes
1946 3309 2116 3368 atque
2130 3308 2425 3369 portantes
2439 3302 2677 3366 aliquid,
2690 3315 2757 3355 ac
2770 3303 3003 3356 diversa
3013 3316 3259 3368 quasque
3271 3320 3425 3365 agen-

1826 3405 1914 3454 tes
1926 3403 2758 3467 apparebanLthuwcumque
2770 3405 3025 3452 daemones
3038 3404 3185 3464 quasi
3198 3405 3420 3452 ludendo

1830 3489 2195 3550 formassent,
2216 3488 2340 3541 haec
2359 3494 2588 3542 orantes
2602 3489 2684 3541 illi
2698 3492 2757 3541 in
2772 3489 2960 3542 cordis
2977 3491 3067 3541 sui
3079 3491 3425 3554 cogitatione

1828 3580 2179 3633 versabant:
2217 3592 2252 3629 a
2281 3578 2574 3630 nonnullis
2601 3584 2812 3644 tamen,
2837 3580 2937 3631 ubi
2975 3580 3194 3644 aliquid
3216 3580 3424 3633 horum

1838 3674 2167 3745 |99agere
2191 3690 2275 3731 cae
2286 3678 2528 3743 pissent,
2549 3668 2717 3742 quasi
2742 3679 2798 3732 vi
2813 3679 3065 3742 quadam
3084 3682 3273 3742 repulsi
3290 3696 3425 3742 prae-

1829 3776 2028 3839 cipites
2061 3776 2487 3841 dejiciebantur,
2524 3777 2605 3829 ita
2628 3780 2692 3828 ut
2714 3790 2820 3828 nec
2837 3781 2985 3829 stare
3008 3778 3243 3840 quidem
3264 3791 3427 3844 pror-

1830 3878 1953 3927 sus,
1977 3869 2077 3916 aut
2097 3866 2516 3928 transirejuxta
2530 3879 2630 3918 eos
2654 3865 2956 3918 auderent:
2976 3867 3103 3919 aliis
3116 3882 3253 3921 vero
3270 3872 3418 3918 etiam

1827 3964 2075 4016 infirmis
2096 3964 2368 4015 fratribus
2393 3978 2566 4028 supra
2576 3965 2850 4027 cervices,
2864 3970 2919 4016 et
2937 3966 3111 4017 dorsa
3124 3966 3422 4033 ludebant,

1830 4055 1962 4118 quia
1990 4066 2108 4106 non
2131 4058 2295 4106 erant
2317 4054 2377 4104 in
2405 4053 2661 4106 oratione
2676 4067 2784 4106 sua
2797 4055 3020 4107 intenti.
3040 4056 3181 4108 Haec
3196 4069 3328 4109 cum
3342 4057 3426 4109 vi-

1830 4144 2012 4196 disset
2034 4148 2272 4196 sanctus
2285 4143 2586 4208 Macarius,
2597 4144 2880 4208 ingemuit
2900 4145 3167 4209 graviter,
3181 4149 3240 4197 et
3250 4147 3421 4207 laci-y-

1830 4258 1961 4296 mas
1984 4243 2112 4309 prof
2115 4242 2337 4296 undens
2364 4242 2438 4294 ad
2463 4243 2795 4307 Dominum,
2814 4244 3042 4309 Respice,
3060 4244 3159 4308 ait,
3178 4244 3426 4306 Domine,

1830 4340 1875 4385 et
1896 4350 1961 4384 ne
1983 4335 2157 4398 sileas,
2195 4349 2364 4398 neque
2392 4333 2673 4398 miligeris,
2699 4333 2840 4383 Deus
2866 4334 3024 4398 (Psal.
3052 4332 3181 4397 82.).
3209 4334 3427 4384 Exsur-

1829 4440 1908 4488 ge,
1932 4430 1993 4473 ut
2021 4424 2405 4489 disperguntur
2427 4423 2642 4472 inimici
2677 4423 2778 4486 tui,
2805 4429 2850 4472 ει
2877 4429 2936 4473 ιιι
2967 4424 3189 4488 fugiant
3213 4439 3248 4474 a
3279 4424 3419 4487 facie

1830 4527 1926 4571 tua
1941 4538 1957 4582 ;
1974 4523 2240 4587 quoniam
2255 4522 2447 4572 anima
2458 4525 2645 4570 nostra
2658 4520 2889 4585 repletur
2901 4520 3082 4571 illusio
3090 4521 3245 4571 nibus
3263 4523 3428 4586 (Psal.

1840 4620 1965 4683 67.).
1990 4624 2125 4674 Post
2135 4623 2451 4674 orationem
2464 4626 2657 4674 tamen
2671 4620 3074 4673 examinandae
3085 4624 3306 4671 veritatis
3319 4639 3431 4684 gra-

1845 4710 1921 4762 tia
1943 4723 2206 4762 seorsum
2230 4713 2483 4764 evocatis
2508 4711 2750 4775 singulis
2781 4711 3108 4774 quibusque
3130 4710 3430 4777 fratribus,

1835 4813 1969 4861 ante
1989 4822 2234 4873 quorum
2246 4810 2447 4863 faciem
2465 4810 2688 4865 viderat
2701 4811 2998 4864 dwmones
3016 4810 3242 4865 diverso
3254 4813 3430 4862 habitu

1835 4902 1892 4950 et
1911 4899 2082 4950 variis
2103 4899 2451 4963 imaginibus
2475 4901 2758 4966 ludentes,
2784 4901 3023 4965 requirit
3052 4902 3125 4953 ab
3155 4902 3259 4965 eis,
3307 4901 3357 4952 si
3376 4901 3439 4953 in

1837 4997 2106 5061 oratione,
2133 4998 2225 5049 vel
2243 4997 2568 5051 aedificandi
2590 5000 2967 5065 cogitationes
2982 5000 3306 5062 habuerint,
3334 4999 3427 5053 vel

1834 5088 1943 5139 iter
1957 5085 2280 5151 agendi,vel
2294 5086 2407 5139 alia
2421 5087 2667 5153 diversa,
2681 5102 2814 5155 qua:
2824 5090 3134 5154 unicuique
3146 5090 3425 5151 imaginata

1836 5199 1935 5251 per
1957 5188 2255 5239 daemones
2281 5186 2530 5238 viderat:
2557 5190 2614 5239 et
2634 5189 2847 5253 singuli
2875 5202 3075 5242 eorum
3094 5188 3174 5241 ita
3185 5187 3422 5240 confite-

1838 5278 2049 5328 bantur
2070 5275 2128 5327 in
2148 5275 2318 5327 corde
2344 5288 2451 5327 suo
2474 5276 2672 5340 fuisse,
2694 5282 2759 5329 ut
2781 5278 2875 5331 ille
2886 5280 3192 5344 arguebat:
3212 5284 3271 5331 et
3292 5282 3435 5330 tunc

1837 5377 2189 5430 intellectum
2211 5381 2316 5439 est,
2343 5375 2497 5441 quod
2521 5389 2721 5428 omnes
2740 5391 2909 5432 vanae
2920 5385 2977 5432 et
3001 5382 3311 5447 superfluae
3335 5392 3433 5431 co.-

1839 5469 2160 5533 gitationes,
2184 5480 2328 5532 quas
2352 5465 2443 5519 vel
2458 5466 2829 5531 psalmorum,
2848 5469 2943 5519 vel
2954 5471 3278 5522 orationum
3298 5474 3437 5522 tem-

1840 5581 1976 5633 pore
1996 5567 2397 5632 unusquisque
2407 5579 2473 5618 co
2482 5567 2752 5631 nceperit,
2774 5580 2848 5618 ex
2860 5566 3128 5620 illusione
3142 5570 3434 5619 daemonum

1842 5662 1983 5712 fiant
2000 5676 2012 5710 :
2030 5660 2103 5712 ab
2125 5659 2218 5711 his
2239 5664 2435 5712 autem
2458 5657 2725 5722 quiomni
2741 5658 3003 5709 custodia
3021 5670 3120 5709 cor
3134 5670 3309 5709 suum
3325 5674 3431 5708 ser-

1842 5764 1999 5822 vant,
2044 5761 2173 5811 tetri
2218 5758 2571 5824 repelluntur
2614 5758 2924 5823 Ethiopes.
2943 5757 3062 5809 Deo
3105 5759 3261 5809 enim
3311 5771 3443 5810 con-

1837 5850 2047 5914 juncta
2076 5863 2263 5915 mens,
2297 5855 2353 5903 et
2379 5850 2441 5901 in
2463 5851 2608 5916 ipso,
2642 5852 2896 5914 tempore
2928 5849 3215 5914 praecipue
3239 5849 3442 5902 oratio-

1842 5949 1934 6002 nis
1950 5949 2197 6014 intenta,
2217 5949 2362 6004 nihil
2381 5950 2652 6015 alienum,
2668 5950 2813 6004 nihil
2834 5951 3194 6017 superfluum
3216 5949 3440 6016 recipit.
