3898 6400
504 384 610 442 455

1528 379 1771 428 RUFINI
1806 378 2302 439 AQUILEIENSIS
2337 376 2771 427 PRESBYTERI

3696 376 3799 432 456

568 495 742 549 Aliud
766 505 995 559 quoque
1016 492 1197 544 multo
1221 489 1525 542 terribilius
1554 487 1820 547 addebat,
1844 490 1999 552 quod
2020 490 2099 540 vi-
2119 494 2175 566 Α
2199 494 2293 540 tur
2312 491 2565 540 Ammon
2578 486 2960 551 locupletibus
2975 488 3339 552 etgenerosis
3354 488 3697 553 parentibus
3714 504 3799 539 na-

509 588 691 639 disset
706 598 773 637 eo
800 589 1051 647 tempore
1069 619 1081 643 ,
1110 592 1224 644 quo
1246 579 1451 631 fratres
1471 577 1821 629 accedebant
1844 580 1904 627 ad
1931 594 2099 627 sacra-

508 678 720 725 menta.
745 671 853 724 Ubi
880 669 1269 734 porrexissent
1293 667 1366 718 ad
1406 666 1837 731 suscipiendum
1860 666 2101 731 palmas,

508 761 568 812 in
604 759 1008 812 nonnullorum
1046 757 1316 809 manibus
1339 756 1753 821 preevenientes
1789 756 2100 820 Ethiopes,

507 848 781 899 carbones
798 845 1101 909 deponere,
1120 846 1339 908 Corpus
1361 850 1573 905 autem,
1592 843 1747 907 quod
1772 844 2101 895 tradiSacer-

505 936 657 986 dotis
676 934 946 985 manibus
967 933 1287 997 videbatur,
1305 932 1488 984 redire
1509 932 1582 983 ad
1596 933 1771 984 altare
1794 948 1806 982 :
1833 932 1959 983 aliis
1985 947 2100 980 vero

505 1037 650 1089 quos
672 1023 975 1075 meliorum
992 1025 1192 1075 merita
1208 1024 1509 1086 juvabant,
1526 1022 1962 1074 extendentibus
1978 1034 2101 1073 ma-

503 1126 616 1165 nus
641 1113 715 1165 ad
740 1113 939 1173 altare,
961 1111 1134 1177 longe
1153 1113 1417 1163 recedere
1441 1112 1756 1175 daemones,
1773 1116 1831 1163 et
1854 1124 1985 1163 cum
2008 1111 2100 1161 in-

503 1203 660 1267 genti
678 1208 840 1254 metu
860 1202 1120 1266 refugere
1140 1217 1151 1252 :
1177 1202 1464 1265 Angelum
1484 1202 1638 1253 enim
1662 1203 1859 1250 Domini
1875 1204 2103 1249 assistere

506 1292 778 1344 cernebat
797 1291 982 1354 altari,
1000 1291 1098 1354 qui
1113 1304 1246 1341 cum
1268 1290 1583 1342 sacerdotis
1598 1303 1772 1341 manu
1788 1302 1955 1341 suam
1972 1305 2102 1351 quo-

506 1394 618 1445 que
641 1392 881 1432 manum
895 1381 957 1431 in
972 1381 1466 1430 Sacramentorum
1481 1377 1887 1429 distributione
1904 1389 2102 1440 super-

503 1484 756 1542 poneret.
784 1480 870 1529 Ex
886 1479 993 1529 hoc
1004 1478 1126 1540 jam
1142 1477 1458 1541 permansit
1486 1473 1595 1543 20
1608 1473 1657 1542 0
1686 1476 1736 1527 ei
1756 1488 1789 1525 a
1804 1477 1923 1527 Deo
1947 1477 2104 1535 gratia

502 1576 632 1633 ista,
662 1579 729 1625 ut
748 1574 810 1625 in
838 1573 1050 1638 vigiliis
1080 1574 1341 1633 fratrum,
1367 1572 1719 1638 psalmorum
1743 1578 1802 1624 et
1825 1572 2101 1625 orationis

502 1667 755 1728 tempore
777 1664 827 1714 si
849 1664 980 1726 quis
1012 1663 1170 1714 aliud
1193 1662 1409 1726 aliquid
1432 1662 1754 1714 secundum
1775 1662 2099 1714 illusionem

504 1753 841 1806 daemonum
857 1753 917 1803 in
940 1754 1108 1804 corde
1132 1752 1465 1816 cogitasset,
1494 1757 1848 1816 agnosceret,
1874 1757 1931 1804 et
1953 1764 2106 1803 acce-

2205 590 2298 640 tus
2322 592 2428 653 est,
2453 588 2714 651 aquibus
2739 587 2959 638 invitus
2986 583 3133 654 201
3165 587 3236 638 ad
3252 588 3487 653 nuptias
3509 591 3793 649 cogebatur.

2202 688 2271 738 Et
2296 699 2429 737 cum
2454 687 2572 737 vim
2597 691 2897 751 parentum
2914 698 3031 737 non
3052 690 3248 749 posset
3269 686 3539 749 effugere,
3566 691 3803 755 accepta

2198 775 2437 839 virgine,
2452 788 2582 827 cum
2598 776 2747 826 intra
2763 775 3049 839 nuptiales
3066 775 3350 827 thalamos
3368 776 3797 839 convenissent,

2199 869 2257 916 et
2279 864 2414 916 data
2429 864 2512 915 eis
2538 869 2733 915 essent
2749 863 2997 915 cubiculi
3019 869 3240 915 secreta
3256 864 3497 924 silentia,
3524 867 3800 926 alloquitur

2198 952 2446 1017 puellam
2473 955 2543 1003 de
2567 952 2857 1017 pudicitia,
2882 958 2939 1004 et
2961 952 3030 1004 de
3055 954 3449 1005 conservanda
3470 954 3799 1018 virginitate

2199 1042 2373 1106 ccepit
2396 1042 2701 1100 cohortari,
2727 1042 2924 1093 dicens
2952 1059 2961 1089 :
2990 1042 3130 1103 Quia
3152 1043 3441 1106 corruptio
3468 1041 3593 1093 sine
3623 1041 3799 1093 dubio

2198 1131 2423 1183 invenit
2445 1131 2888 1194 corruptionem,
2906 1130 3254 1194 incorruptio
3272 1142 3405 1181 vero
3427 1130 3802 1194 incorruptio-

2197 1232 2333 1272 nem
2352 1224 2558 1285 sperat.
2582 1220 2757 1271 Multo
2776 1232 2910 1283 ergo
2926 1218 3134 1270 melius
3151 1224 3258 1282 est,
3278 1219 3325 1270 si
3344 1226 3551 1281 uterque
3570 1226 3795 1268 nostrum

2199 1309 2259 1360 in
2281 1309 2605 1373 virginitate
2630 1308 2920 1373 perduret,
2945 1320 3119 1372 quam
3142 1310 3207 1359 ut
3228 1307 3371 1359 alter
3398 1312 3800 1373 corrumpatur

2199 1412 2273 1451 ex
2297 1397 2492 1451 altero.
2512 1398 2841 1461 Acquiescit
2864 1398 2916 1449 ei
2934 1399 3112 1461 virgo,
3140 1396 3366 1449 silentio
3382 1398 3596 1462 tegitur
3617 1398 3799 1449 incor-

2198 1488 2479 1552 ruptionis
2490 1488 2820 1540 thesaurus.
2838 1488 3098 1551 Cumque
3111 1486 3353 1551 plurimo
3366 1489 3624 1552 tempore
3640 1490 3800 1537 solius

2198 1578 2301 1629 Dei
2317 1577 2573 1630 contenti
2594 1576 2941 1640 testimonio,
2962 1576 3168 1640 spiritu
3183 1576 3369 1640 magis
3385 1579 3602 1641 essent,
3625 1589 3797 1640 quam

2198 1680 2366 1718 carne
2380 1665 2773 1730 sanguineque
2789 1665 3103 1729 conjuncti,
3120 1668 3252 1728 post
3266 1664 3485 1716 obitum
3497 1665 3799 1717 amborum

2203 1760 2525 1820 parentum,
2560 1754 2652 1806 ille
2686 1754 2938 1817 quidem,
2971 1753 3045 1804 ad
3071 1752 3325 1805 vicinum
3348 1752 3562 1803 deserti
3584 1754 3801 1805 secedit

504 1843 763 1895 dentium
786 1842 861 1893 ad
884 1841 1079 1907 altare,
1104 1842 1194 1893 vel
1215 1841 1587 1906 indignitates
1610 1854 1763 1905 eum,
1783 1840 1872 1893 vel
1896 1841 2101 1892 merita
2127 1841 2182 1915 B
2206 1845 2416 1908 locum,
2433 1845 2596 1908 virgo
2612 1854 2747 1894 vero
2764 1842 2914 1894 intra
2932 1841 3169 1893 domum
3187 1840 3468 1905 residens,
3489 1842 3552 1892 in
3567 1841 3725 1893 brevi
3745 1844 3800 1893 et

502 1944 619 1985 non
662 1932 924 1983 laterent.

564 2020 825 2083 Quodam
846 2022 1041 2073 autem
1076 2025 1331 2085 tempore
1358 2020 1661 2084 (Palladius
1685 2036 1802 2085 cap.
1834 2020 1915 2073 19.
1941 2017 2097 2074 e120.

500 2111 662 2160 Joan.
692 2111 860 2160 libello
896 2112 991 2174 lu,
1016 2126 1073 2161 τι.
1110 2110 1217 2174 15.)
1240 2111 1411 2162 ambo
1442 2111 1670 2162 Macarii
1691 2110 1953 2161 homines
1978 2110 2098 2172 Dei,

503 2212 634 2252 cum
671 2199 861 2250 fratris
885 2200 1194 2263 cujusdam
1233 2199 1463 2251 videndi
1496 2199 1679 2263 gratia
1715 2200 1821 2251 iter
1844 2203 2098 2263 agerent,

502 2289 891 2341 ascenderunt
912 2289 1229 2353 navigium,
1248 2301 1361 2352 quo
1377 2290 1592 2340 fluvius
1610 2289 1840 2340 transiri
1867 2287 2026 2349 solet,
2046 2290 2098 2335 in

502 2390 616 2442 quo
631 2378 862 2443 navigio
885 2383 1049 2430 erant
1073 2376 1244 2429 simul
1261 2378 1497 2440 quidam
1514 2377 1742 2438 tribuni,
1769 2377 1978 2429 divites
2004 2379 2099 2424 Ιιο-

502 2468 689 2519 mines
705 2473 764 2518 et
787 2472 1195 2531 praapotentes,
1220 2480 1399 2530 equos
1422 2467 1696 2531 plurimos
1719 2478 1786 2517 ac
1803 2478 2031 2529 pueros,
2056 2470 2102 2514 et

502 2556 687 2607 multa
704 2569 897 2607 secum
914 2556 1227 2608 ministeria
1241 2556 1539 2607 habentes.
1561 2558 1779 2608 Horum
1798 2568 1968 2616 unus,
1985 2570 2098 2604 cum

504 2645 725 2697 videret
744 2646 805 2697 in
828 2644 1030 2697 ultima
1052 2646 1272 2710 navigii
1308 2650 1468 2709 parte
1492 2645 1703 2697 vilibus
1726 2645 2098 2705 indumentis,

502 2738 675 2798 atque
715 2735 788 2785 ad
812 2735 1004 2787 omnia
1034 2735 1334 2800 eXpeditos
1354 2734 1543 2797 jacere
1568 2734 1902 2795 monachos,
1924 2736 2005 2784 ait
2028 2734 2101 2785 ad

503 2836 604 2876 eos
627 2840 639 2874 :
665 2824 823 2876 Beati
842 2825 983 2876 estis
998 2838 1120 2889 vos,
1146 2824 1243 2887 qui
1262 2823 1393 2873 huic
1409 2823 1621 2874 saeculo
1639 2822 1899 2887 illuditis,
1922 2828 1978 2874 et
2000 2835 2101 2874 ne-

504 2926 792 2978 quaquam
809 2927 881 2966 ex
904 2927 969 2966 eo
991 2912 1300 2977 requiritis,
1323 2912 1435 2962 nisi
1458 2911 1864 2964 indumentum
1890 2913 2102 2963 vilissi-

501 3016 665 3055 mum
682 3008 739 3055 et
753 3005 1158 3069 parcissimum
1174 3001 1407 3053 victum.
1427 3004 1585 3053 Tunc
1608 3015 1759 3053 unus
1782 3002 1854 3053 de
1877 3005 2100 3050 Macariis

500 3094 799 3157 respondit
813 3093 885 3144 ad
902 3106 1061 3144 eum:
1095 3093 1238 3141 Vere
1263 3091 1515 3155 quidem,
1538 3094 1602 3141 ut
1617 3090 1779 3151 dicis,
1799 3091 1897 3155 qui
1913 3093 2096 3143 Deum

2198 1936 2323 2001 ipsa
2337 1932 2735 1985 multitudines
2754 1932 3062 1996 virginum,
3080 1936 3135 1983 et
3148 1930 3241 1983 ille
3255 1930 3662 1983 multitudines
3678 1945 3819 1980 con-'

2199 2027 2396 2089 gregat
2424 2022 2866 2081 monachorum.

2263 2140 2520 2202 Cumque
2534 2138 2655 2202 jam
2674 2140 2930 2189 secretus
2956 2135 3179 2187 sederet
3199 2135 3261 2186 in
3283 2147 3493 2201 eremo,
3509 2126 3805 2185 adolescens

2201 2226 2454 2290 quidam,
2476 2226 2575 2290 qui
2590 2239 2789 2277 morsu
2803 2225 2962 2276 canis
2979 2224 3159 2275 rabidi
3173 2224 3230 2275 in
3241 2224 3457 2275 rabiem
3475 2236 3686 2277 versus
3707 2232 3798 2281 est,

2199 2315 2399 2366 multis
2417 2315 2647 2367 vinctus
2665 2315 2886 2367 catenis
2905 2313 2979 2365 ad
2994 2326 3127 2366 eum
3152 2313 3471 2376 deducitur,
3494 2325 3801 2377 prosequen-

2200 2405 2359 2456 tibus
2387 2416 2521 2456 eum
2545 2404 2880 2469 parentibus
2906 2403 3049 2464 suis,
3066 2407 3124 2454 et
3146 2403 3484 2467 rogantibus
3508 2415 3611 2466 pro
3633 2414 3723 2453 eo.
3742 2406 3799 2450 At

2200 2491 2293 2544 ille
2317 2491 2467 2543 dixit
2489 2493 2604 2543 eis:
2641 2491 2788 2552 Quid
2818 2492 2960 2542 mihi
2986 2489 3215 2542 molesti
3247 2490 3404 2553 estis,
3434 2502 3468 2541 ο
3493 2488 3802 2541 homines?

2202 2593 2377 2646 supra
2399 2582 2602 2634 merita
2626 2594 2755 2632 mea
2777 2584 2884 2639 est,
2903 2580 3058 2644 quod
3080 2580 3274 2644 petitis
3302 2594 3317 2643 ;
3344 2579 3445 2631 sed
3473 2584 3667 2631 tamen
3690 2579 3802 2631 hoc

2200 2672 2365 2725 vobis
2382 2670 2636 2722 indicare
2653 2682 2916 2734 possum,
2937 2670 3090 2733 quod
3113 2669 3175 2720 in
3189 2668 3459 2721 manibus
3482 2668 3691 2720 vestris
3713 2673 3804 2720 est

2200 2762 2327 2825 ejus
2351 2762 2588 2813 sanitas.
2614 2760 2855 2812 Reddite
2870 2759 3059 2811 viduae
3075 2759 3284 2810 bovem
3311 2771 3502 2821 suum,
3519 2771 3695 2822 quem
3720 2762 3804 2808 fu-

2200 2850 2307 2902 rati
2325 2851 2486 2913 estis,
2500 2855 2556 2902 et
2573 2862 2754 2901 sanus
2770 2848 3039 2900 reddetur
3061 2848 3224 2900 vobis
3238 2848 3391 2899 illius
3408 2853 3616 2899 vester.
3632 2850 3703 2899 At
3726 2850 3799 2897 illi

2198 2941 2596 2993 extimuerunt
2615 2938 2847 3003 quidem
2866 2938 3051 3001 valde,
3064 2937 3299 3002 quodea
3314 2949 3447 3000 qum
3462 2944 3645 2985 secrete
3659 2946 3799 2998 gesta

2200 3035 2354 3092 sunt,
2370 3043 2490 3082 non
2509 3030 2805 3080 latuerunt
2819 3027 3115 3079 hominem
3135 3028 3254 3078 Dei.
3269 3026 3461 3079 Gavisi
3474 3032 3593 3076 sunt
3614 3033 3796 3090 tamen,

2198 3119 2354 3183 quod
2376 3119 2525 3171 hanc
2539 3119 2623 3169 eis
2648 3119 2802 3169 viam
2821 3118 3023 3168 salutis
3038 3116 3307 3181 ostendit,
3324 3120 3381 3167 et
3396 3115 3520 3168 sine
3540 3127 3722 3179 mora,
3747 3122 3801 3165 ut

868 3182 876 3192 .
1599 3181 1606 3189 .
2061 3180 2071 3190 ,
2201 3161 2354 3183 Ί“ν“
2376 3161 2524 3171 ’.ν’-ν
2542 3161 2621 3169 “’“’“’
2663 3161 2672 3169 ¹
2689 3161 2802 3169 ⁵”’-’
2821 3161 3022 3168 *π’-⁷⁵*
3041 3161 3307 3181 ""--—'7
3329 3161 3378 3167 ’“
3396 3161 3516 3168 ’.⁷-⁷
3540 3161 3722 3179 -νν-ντν
3756 3161 3796 3165 -“

500 3187 839 3274 Sequ_um'_u_r’
864 3180 1383 3274 madumfmmdof
1410 3179 1887 3274 389,m}$e“_°‘mmj
1901 3185 2095 3274 Yesmt
2124 3161 2171 3235 C
2196 3208 2568 3261 reddiderunt
2582 3206 2820 3274 direpta,
2838 3212 3038 3259 orante
3052 3207 3285 3259 homine
3301 3204 3796 3266 Dei,etiamjuveni

497 3270 655 3333 quod
672 3271 835 3322 vobis
858 3268 1179 3320 econtrario
1195 3268 1376 3321 mund
1385 3282 1450 3321 us
1470 3268 1676 3320 illudit.
1696 3272 1834 3318 Tunc
1857 3272 1944 3318 ille
1960 3285 2093 3318 com-

495 3362 746 3422 punctus
765 3369 940 3421 super
959 3359 1113 3409 hunc
1131 3370 1475 3423 sermonem,
1494 3359 1692 3409 statim
1707 3362 1774 3409 ut
1788 3361 2013 3418 pervenit
2030 3362 2094 3409 ad

500 3446 738 3498 domum
755 3458 940 3511 suam,
958 3446 1241 3499 derelictis
1256 3449 1545 3511 omnibus,
1564 3446 1658 3498 vel
1678 3448 1968 3499 distractis
1984 3463 2095 3509 qua:

498 3535 765 3599 habebat,
784 3540 841 3587 et
862 3538 1209 3600 pauperibus
1226 3537 1395 3601 datis,
1411 3537 1536 3601 ipse
1550 3539 1735 3588 Deum
1753 3538 1915 3601 sequi
1929 3541 2094 3603 coepit,

499 3632 548 3676 et
571 3625 643 3676 ad
670 3627 1089 3678 monachorum
1112 3626 1385 3679 exercitia
1407 3626 1752 3691 properavit.
2064 3638 2069 3643 ·

561 3708 669 3766 Sed
693 3718 749 3766 et
772 3715 971 3779 multa,
999 3720 1064 3767 ut
1092 3717 1362 3779 diximus,
1390 3715 1502 3767 alia
1524 3717 1595 3767 de
1617 3716 1885 3781 operibus
1910 3717 2093 3769 sancti

498 3804 723 3855 Macarii
744 3805 1114 3857 Alexandrini
1151 3806 1431 3858 mirabilii
1464 3807 1742 3871 feruntur,
1782 3820 1854 3858 ex
1879 3810 2092 3870 quibus

494 3894 773 3946 nonnulla
794 3896 854 3945 in
872 3896 947 3945 XI
963 3896 1106 3948 libro
1132 3898 1147 3930 ί
1170 3897 1593 3949 Εοοίθεὶοειίοω
1610 3898 1699 3949 his
1708 3898 1865 3949 terim
1882 3901 2089 3959 inserta,

496 3984 595 4046 qui
617 3984 856 4047 requirit
884 3986 1154 4038 inveniet.

1019 4129 1304 4194 CAPUT
1343 4129 1560 4193 XXX.

648 4278 726 4317 DE
773 4274 790 4293 '
825 4275 1102 4328 AMMONB,
1137 4275 1324 4314 PRIMO
1360 4277 1583 4316 NlTRItE
1617 4274 1928 4317 MONACHO.

556 4407 791 4459 Initium
828 4418 968 4458 sane
1002 4406 1230 4470 (Pallad.
1271 4419 1318 4456 c.
1359 4406 1410 4460 8.
1450 4408 1633 4471 Supra
1671 4408 1734 4456 in
1776 4408 1897 4457 Vita
1918 4409 2093 4457 sancti

493 4498 721 4547 Antonii
745 4513 792 4549 c.
820 4496 927 4560 32.)
952 4496 1330 4548 habitationis
1353 4496 1852 4562 monasteriorum,
1878 4509 2012 4561 quae
2032 4498 2094 4550 in

2200 3298 2417 3350 Sanitas
2439 3296 2711 3349 redditur.

2258 3423 2385 3475 Alio
2407 3435 2636 3487 quoque
2660 3426 2933 3485 tempore,
2953 3433 3087 3473 cum
3106 3419 3400 3473 venissent
3420 3419 3494 3471 ad
3516 3431 3650 3472 eum
3675 3420 3802 3484 qui-

2199 3512 2351 3576 dam,
2383 3513 2621 3577 probare
2648 3510 2847 3564 volens
2875 3510 3100 3562 animos
3122 3510 3398 3575 ipsorum,
3423 3508 3562 3560 dicit
3583 3508 3800 3561 dolium

2198 3599 2307 3651 sibi
2326 3612 2455 3652 esse
2470 3600 2884 3662 necessarium,
2899 3598 2999 3649 ubi
3020 3608 3232 3662 aquam
3242 3610 3343 3661 pro
3364 3596 3801 3650 advenientibus

2199 3693 2587 3753 congregaret.
2614 3691 2684 3740 Et
2705 3701 2837 3740 cum
2853 3687 3089 3753 polliciti
3110 3687 3358 3738 fuissent
3379 3685 3703 3751 perlaturos
3725 3700 3799 3747 se,

2200 3792 2355 3829 unus
2367 3792 2439 3829 ex
2458 3778 2602 3843 ipsis
2612 3790 2788 3842 grave
2805 3778 2915 3828 sibi
2927 3777 3114 3841 duxit,
3138 3777 3354 3837 dicens,
3366 3779 3641 3839 periclitari
3651 3790 3811 3837 posse.

2198 3868 2482 3922 camelum
2503 3880 2696 3931 suum,
2721 3868 2771 3919 si
2791 3867 2843 3918 ei
2868 3871 2985 3918 tam
3007 3878 3182 3930 grave
3197 3878 3344 3918 onus
3365 3865 3700 3930 imponeret.
3730 3865 3803 3917 Et

2197 3958 2277 4009 ait
2298 3958 2370 4009 ad
2393 3958 2640 4010 alterum
2655 3973 2671 4006 :
2696 3959 2781 4008 Tu
2802 3959 2852 4007 si
2874 3958 2964 4007 vis
2988 3960 3090 4007 aut
3110 3960 3294 4020 potes,
3315 3955 3588 4020 defer,ego
3607 3957 3798 4004 camelo

2194 4060 2322 4099 meo
2347 4058 2515 4112 parco
2546 4060 2619 4099 ne
2643 4046 2937 4098 moriatur.
2978 4048 3141 4097 Tunc
3170 4045 3313 4098 alter
3339 4063 3353 4093 :
3392 4044 3550 4109 Mihi,
3585 4044 3795 4108 inquit,

2200 4143 2310 4212 20
2323 4144 2372 4211 2
2388 4149 2453 4196 ut
2467 4147 2590 4210 ipse
2610 4144 2766 4196 nosti
2780 4143 3034 4196 camelus
3057 4156 3176 4195 non
3197 4148 3307 4204 est,
3324 4145 3409 4192 sed
3425 4145 3623 4193 asinus.
3638 4144 3798 4190 Num-

2196 4244 2333 4306 quid
2350 4248 2538 4308 potest
2567 4243 2722 4307 quod
2744 4241 2998 4295 camelus
3022 4245 3247 4307 portare
3270 4253 3387 4293 non
3410 4240 3579 4301 valet,
3592 4240 3796 4291 asinus

2194 4337 2422 4397 portare
2443 4335 2470 4383 ‘I
2500 4331 2691 4383 Atille
2718 4348 2730 4382 :
2756 4332 2967 4395 Facito,
2995 4330 3199 4395 inquit,
3227 4336 3292 4383 ut
3324 4329 3483 4384 voles
3509 4342 3521 4389 ;
3548 4333 3611 4381 tu
3634 4327 3797 4379 vide-

2192 4423 2297 4473 ris:
2324 4434 2431 4486 ego
2455 4422 2607 4473 enim
2630 4433 2747 4472 non
2763 4421 3091 4473 interimam
3116 4420 3399 4471 camelum
3423 4431 3635 4470 meum.
3660 4421 3796 4467 Tunc

2191 4510 2313 4563 ille:
2340 4512 2476 4575 Ego,
2501 4510 2709 4575 inquit,
2729 4510 3022 4575 imponam
3036 4510 3199 4562 asino
3222 4520 3350 4561 meo
3367 4507 3615 4574 pondus,
3640 4505 3793 4571 quod

498 4588 675 4637 ΝΜίᾶ
703 4591 856 4649 sum»
886 4590 1184 4651 sumptum
1216 4586 1516 4637 tradebant
1535 4588 1606 4638 ab
1631 4589 1915 4639 Ammone
1945 4601 2091 4651 quo-
2117 4578 2174 4650 D
2196 4605 2260 4652 tu
2282 4600 2501 4653 camelo
2519 4605 2617 4652 tuo
2630 4612 2939 4652 onerosum
2956 4599 3117 4662 dicis,
3142 4604 3200 4651 et
3212 4598 3416 4650 merita
3433 4596 3687 4649 hominis
3711 4598 3793 4644 Dei
3814 4602 3817 4603 '

493 4678 646 4734 dam,
670 4677 839 4738 cujus
862 4676 1114 4726 animam
1142 4679 1291 4739 (cum
1314 4678 1533 4728 exisset
1557 4677 1628 4727 de
1668 4681 1922 4741 corpore)
1949 4678 2091 4729 vidit

493 4764 623 4816 ferri
645 4764 720 4815 ad
736 4765 948 4815 castum
973 4770 1212 4816 sanctus
1227 4767 1534 4829 Antonius,
1556 4767 1705 4818 sicut
1723 4769 1894 4819 refert
1910 4768 2090 4831 scrip-

492 4858 624 4905 tura
646 4855 759 4917 illa,
778 4865 910 4916 quae
929 4854 1119 4905 Vitam
1140 4854 1581 4908 describitbeati
1595 4858 1850 4908 Antonii.
1876 4858 2093 4917 Hicigi-

554 5090 571 5110 '
596 5082 896 5132 Ammone.
928 5079 944 5145 ]
974 5081 1047 5130 De
1074 5081 1171 5130 hoc
1192 5080 1558 5144 Menologium
1588 5082 1892 5130 Graecorum
1920 5082 1954 5137 4
1994 5083 2091 5133 Oc-

489 5151 651 5202 tobris
676 5169 695 5211 :_
716 5155 1194 5205 Commemoratio
1216 5156 1271 5205 S.
1299 5155 1480 5204 Patris
1496 5155 1798 5204 Ammonis
1819 5156 2084 5219 Egyptii.

490 5225 596 5276 Hic
612 5238 744 5276 cum
768 5232 923 5277 esset
944 5225 1241 5290 Egyptius
1258 5237 1468 5290 genere
1478 5227 1815 5289 parentibus
1831 5233 2087 5290 orbatus,

489 5310 522 5347 a
536 5302 740 5360 patruo
757 5304 992 5348 coactus
1012 5310 1253 5348 uxorein
1270 5298 1438 5348 duxit
1461 5301 1570 5347 sub
1596 5300 1943 5351 Maxumano
1960 5304 2083 5360 Imp.

493 5368 649 5419 Vixit
663 5374 861 5419 autem
877 5380 1010 5418 cuin
1025 5370 1120 5419 illa
1135 5380 1321 5419 annos
1335 5368 1534 5418 decem
1551 5372 1608 5418 et
1626 5374 1771 5433 octo,
1794 5382 1967 5432 quam
1986 5384 2087 5418 non

491 5443 556 5490 ut
583 5452 845 5499 uxorem,
861 5439 964 5490 sed
989 5443 1055 5490 ut
1078 5451 1333 5490 sororem
1357 5440 1637 5490 habebat:
1656 5440 1797 5502 quin
1820 5443 1991 5492 etiam
2008 5444 2085 5488 illi

488 5512 772 5574 persuasit
796 5518 860 5562 ut
888 5512 1274 5576 virginitatem
1300 5516 1570 5562 servaret.
1590 5514 1809 5575 itaque,
1828 5517 1885 5562 et
1905 5516 2016 5572 ipsa
2043 5520 2090 5561 et

489 5583 758 5632 omnibus
774 5587 949 5633 rebus
966 5583 1175 5634 dereltc
1185 5584 1274 5641 tis,
1291 5584 1352 5633 in
1366 5592 1561 5633 monte
1573 5586 1742 5631 Nitriae
1762 5599 1912 5644 prope
1931 5587 2085 5646 rEgy-

488 5655 569 5716 pti
591 5655 881 5706 deSertum
903 5667 1163 5719 secessu,
1183 5669 1297 5706 una
1324 5661 1549 5706 tantum
1568 5661 1725 5707 veste
1741 5666 1911 5706 nocte
1934 5665 1983 5703 et
2003 5662 2086 5706 die

489 5737 697 5788 corpus
724 5732 942 5791 tegens.
961 5729 1442 5779 Produxitautem
1471 5730 1620 5779 viain
1643 5740 1822 5790 usque
1843 5732 1904 5776 ad
1921 5733 2085 5791 Magni

490 5797 722 5847 Antonii
749 5804 1004 5863 tempora
1024 5802 1131 5852 sub
1150 5804 1353 5865 Magno
1375 5803 1771 5866 Constantino,
1799 5801 2007 5855 celebri
2029 5810 2086 5857 et

490 5868 669 5931 primo
696 5871 1148 5924 Christianorum
1169 5875 1529 5937 lmperatorc.
1552 5869 1646 5924 liu
1646 5876 1744 5939 jus
1762 5874 1863 5926 viri
1879 5881 2085 5931 sancti-

491 5944 664 5993 tatem
679 5942 999 5995 admiratus
1011 5950 1100 5996 est
1113 5948 1418 6008 Antonius,
1435 5952 1757 6010 praesertim
1772 5959 1973 6011 propter
1986 5957 2085 6002 mi-

2189 4690 2414 4754 facient,
2442 4690 2595 4753 quod
2631 4688 2985 4753 impossibile
3022 4693 3113 4741 est
3138 4700 3270 4741 esse
3302 4686 3593 4752 possibile.
3620 4687 3692 4737 Et
3714 4685 3794 4737 ita

2188 4780 2525 4845 impositum
2541 4778 2760 4831 dolium
2782 4779 2948 4830 asino
2962 4791 3085 4838 suo,
3106 4777 3361 4843 perrexit
3383 4788 3573 4840 usque
3601 4774 3675 4826 ad
3696 4788 3797 4823 mo-

2187 4870 2503 4922 nasterium
2519 4867 2772 4922 hominis
2795 4869 2916 4933 Dei,
2933 4869 3013 4920 ita
3029 4873 3096 4920 ut
3117 4880 3224 4919 nec
3240 4866 3480 4919 sentiret
3502 4864 3707 4917 asinus
3731 4875 3791 4915 se

2186 5092 2399 5158 racula,
2413 5103 2547 5156 quae
2567 5104 2665 5157 per
2684 5091 2876 5157 ipsum
2892 5090 3136 5155 plurima
3150 5089 3252 5143 Dei
3270 5086 3597 5153 benignitas
3612 5089 3794 5147 eﬂ'ecit,

2188 5180 2426 5231 quorum
2447 5177 2712 5227 magnam
2731 5169 2944 5227 partem
2962 5163 3142 5231 eodem
3166 5161 3253 5211 die
3274 5162 3337 5211 in
3357 5160 3575 5231 Menaeis
3593 5160 3782 5210 Gracia

2191 5224 2367 5298 habes,
2388 5250 2507 5301 quae
2542 5224 2755 5285 addunt
2782 5252 2793 5283 :
2839 5231 2991 5291 Αὐτὸς
3022 5224 3083 5297 ἦν
3111 5234 3367 5300 σχολάζων
3388 5227 3456 5294 ,ἐν
3486 5236 3553 5299 τῷ
3592 5231 3787 5293 ﬁnium.-
3820 5242 3823 5247 ‘

2191 5319 2336 5375 μῶνι,
2374 5304 2530 5360 πολύν
2572 5303 2706 5373 αὐτῷ
2733 5307 2885 5358 πόνον
2922 5308 3010 5358 καὶ
3037 5306 3193 5357 κόπον
3221 5305 3487 5375 παρέχοντι
3507 5343 3520 5367 ,
3550 5302 3701 5368 quod
3729 5303 3787 5375 in

2187 5373 2438 5430 Palladio
2465 5378 2657 5429 Latine
2687 5384 2776 5439 est,
2816 5378 2969 5441 quod
2991 5377 3333 5441 operabatur
3361 5374 3710 5434 balsamum,
3732 5373 3789 5424 in

2187 5465 2304 5516 qua
2327 5450 2566 5502 colenda
2586 5455 2641 5501 et
2650 5450 2911 5513 putanda
2921 5448 3171 5503 multum
3185 5448 3401 5499 laboris
3427 5449 3649 5507 ponitur.
3670 5445 3792 5495 Sui-

2187 5526 2263 5573 dm
2286 5523 2488 5572 dicitur
2509 5518 2683 5585 Αἱμοῡς
2702 5560 2715 5582 ,
2739 5518 2993 5585 Αἰγύπτιος
3010 5562 3023 5583 ,
3053 5522 3150 5586 qui
3177 5520 3325 5569 breve
3355 5517 3482 5569 Vita
3508 5517 3624 5581 ejus
3644 5529 3801 5567 com-.

2181 5595 2448 5660 pendium
2474 5594 2643 5643 habet.
2675 5594 3062 5646 ROSWBIDUS.
3812 5602 3819 5605 “

2250 5668 2267 5701 ί
2295 5664 2458 5726 Quod
2485 5664 2669 5716 alieno
2704 5665 2932 5729 scribat,
2962 5676 3083 5716 non
3109 5674 3217 5715 suo
3241 5663 3501 5725 nomine,
3525 5666 3595 5712 ut
3616 5670 3805 5725 supev.

2184 5738 2307 5789 rius
2327 5744 2711 5788 monstratum
2738 5746 2844 5801 est,
2869 5750 3002 5789 eum
3017 5747 3251 5801 quoque
3272 5734 3483 5786 librum
3501 5732 3785 5785 Ecclesiae

2185 5811 2347 5861 sticm
2361 5810 2631 5861 Historiae
2647 5810 2890 5860 Ruﬁnus
2912 5822 3084 5860 suum
3098 5810 3292 5860 dicere
3302 5806 3711 5872 praetermittit,
3731 5813 3784 5851 ul

2184 5895 2258 5935 ne
2274 5886 2449 5947 hujus
2469 5881 2642 5932 simul
2653 5886 2948 5933 auctorem
2959 5893 3022 5933 se
3041 5879 3258 5947 prodat.
3282 5879 3474 5931 Habes
3488 5885 3657 5931 autem
3669 5888 3783 5939 qua:

2183 5955 2254 6007 de
2278 5954 2525 6007 Macario
2547 5954 2894 6017 indicantur,
2922 5953 3205 6018 capitibus
3228 5952 3261 6007 4
3284 5956 3343 6005 et
3366 5950 3419 6006 8.
