3898 6396
96 371 207 428 457

1311 372 1648 426 HISTORIA
1682 371 2212 425 MONACHORUM.

3302 376 3406 431 458

0 539 6 556 ,
93 484 324 548 aliquid
348 483 541 535 oneris
565 489 808 546 portare.
837 485 1018 546 Quem
1033 488 1100 534 ut
1114 483 1540 545 viditAmmon,
1558 487 1710 537 Bene
1731 489 1784 560 Α
1871 484 2128 546 Quadam
2149 488 2343 536 autem
2371 482 2479 546 die,
2503 496 2636 535 cum
2661 484 2962 537 venissent
2980 487 3053 538 ad
3069 494 3296 537 sanctum
3313 493 3408 537 An-

93 573 316 636 fecisti,
359 572 568 636 inquit,
602 572 661 623 in
694 571 859 623 asino
890 572 1152 624 deferens
1186 572 1440 636 dolium;
1469 575 1705 638 collegae

93 662 255 713 enim
282 661 368 714 tui
393 660 651 714 camelus
665 666 937 713 mortuus
954 665 1059 712 est.
1091 663 1158 712 Et
1178 675 1475 726 regressus
1490 663 1709 716 invenit

90 752 177 802 ita
198 755 456 814 gestum,
485 755 550 802 ut
573 750 922 814 prmdixerat
954 749 1208 802 famulus
1244 751 1362 802 Dei.

157 838 276 891 Sed
300 845 358 890 et
379 839 561 890 multa
584 839 695 890 alia
724 853 826 902 per
849 852 984 892 eum
1013 840 1181 904 signa
1204 841 1488 892 Dominus
1509 845 1708 894 osten-

92 928 199 979 dit.
243 930 390 980 Nam
425 933 482 980 et
512 928 756 980 fluvium
790 928 984 980 Nilum
1008 941 1141 979 cum
1169 930 1410 980 transire
1436 929 1622 990 vellet,
1648 935 1707 982 et

91 1029 314 1068 exuere
339 1029 402 1068 se
427 1017 808 1077 erubesceret,
823 1016 1036 1068 virtute
1057 1017 1156 1068 Dei
1175 1017 1370 1068 subito
1391 1017 1450 1068 in
1463 1017 1704 1070 alteram

93 1107 286 1169 ripam
319 1103 636 1157 translatus
665 1105 888 1157 dicitur.
926 1107 1139 1158 Beatus
1177 1111 1370 1158 autem
1397 1109 1704 1171 Antonius,

90 1194 155 1243 in
189 1205 424 1244 summa
455 1193 833 1245 admiratione
871 1196 1004 1247 vita)
1038 1195 1164 1258 ejus
1202 1195 1486 1258 justitiam
1530 1201 1704 1260 atque

89 1282 276 1333 animi
300 1282 542 1334 virtutes
567 1282 842 1334 habuisse
865 1288 1235 1335 memoratur.

613 1423 899 1488 CAPUT
940 1424 1192 1488 XXXI.

563 1561 643 1600 DE
665 1560 680 1578 '
715 1562 903 1602 PAULO
939 1561 1239 1603 SIMPLICE.

153 1653 292 1705 Fuit
319 1653 557 1718 quidam
583 1655 885 1721 (Palladius
917 1671 1032 1720 cap.
1066 1655 1356 1719 “28.),inter
1389 1657 1701 1722 discipulos

0 1765 12 1804 j,
88 1741 288 1794 sancti
315 1743 576 1807 Antonii,
604 1745 818 1796 Paulus
841 1746 1093 1809 nomine,
1106 1746 1553 1810 cognominatus
1572 1747 1710 1798 Sim-

85 1831 245 1894 plex.
257 1832 365 1883 Hic
376 1831 606 1884 initium
620 1833 1012 1886 conversionis
1027 1845 1152 1886 sum
1164 1833 1261 1898 huj
1271 1835 1498 1886 usmodi
1511 1839 1707 1891 habuit,

1806 575 2030 634 tonium
2054 572 2277 636 fratres,
2302 572 2501 636 magni
2525 572 2757 635 quidem
2782 578 2840 625 et
2861 574 3094 638 perfecti
3120 577 3242 637 viri,
3257 576 3407 627 acci-

1808 661 1892 713 dit
1935 662 2109 713 etiam
2149 661 2390 713 Paulum
2428 661 2634 713 adesse
2658 662 2868 725 pariter
2890 676 3025 714 cum
3050 664 3153 715 eis.
3181 666 3404 716 Etcum

1809 763 1996 802 sermo
2008 751 2078 802 de
2095 751 2267 803 rebus
2285 749 2584 814 profundis
2599 755 2659 802 et
2674 751 2939 815 mysticis
2956 735 3278 815 haberetur,
3293 769 3406 802 cum

1808 851 1919 902 que
1942 840 2012 890 de
2030 839 2326 903 Prophetis
2351 841 2408 890 et
2432 839 2719 892 Salvatore
2742 839 2990 903 plurima
3005 844 3406 905 tractarentur,

1807 927 2019 980 Paulus
2034 941 2108 979 ex
2126 926 2491 992 simplicitate
2511 928 2687 978 animi
2708 928 3043 993 interrogat,
3071 931 3118 980 si
3143 930 3406 982 Christus

1807 1016 1967 1079 prius
2011 1015 2202 1078 fuerit,
2242 1027 2316 1066 an
2340 1013 2641 1079 Px-Ophetae
2663 1018 2689 1065 εἰ
2707 1017 2917 1068 Beatus
2938 1029 3072 1069 vero
3097 1018 3404 1079 Antonius,

1807 1125 1939 1163 cum
1963 1125 2063 1176 pro
2089 1125 2156 1164 eo
2182 1113 2338 1176 quod
2363 1116 2478 1163 tam
2505 1113 2755 1164 absurde
2778 1113 3245 1179 interrogaverat,
3259 1117 3406 1175 quasi

1807 1201 2154 1265 erubuisset,
2176 1201 2386 1253 blando
2402 1207 2567 1265 nutu,
2586 1205 2651 1252 ut
2662 1214 2799 1265 erga
2811 1203 3184 1267 simpliciores
3197 1206 3403 1262 solebat,

1809 1291 1975 1343 silere
2011 1295 2184 1355 atque
2227 1291 2383 1343 abire
2430 1303 2567 1343 eum
2607 1291 2790 1355 jubet.
2825 1294 2896 1344 Et
2940 1292 3054 1356 ille,
3087 1293 3219 1356 quia
3241 1305 3407 1344 omne

1803 1382 2214 1446 quodcumque
2233 1381 2307 1432 ad
2332 1393 2399 1433 eo
2423 1381 2643 1432 dictum
2658 1381 2866 1434 fuisset
2885 1385 3183 1445 tamquam
3195 1397 3412 1443 praecep-

1809 1475 1930 1523 tum
1953 1471 2058 1523 Dei
2082 1482 2308 1522 servare
2329 1470 2676 1535 instituerat,
2704 1470 3024 1523 abscedens
3048 1471 3121 1523 ad
3144 1471 3407 1523 cellulam

1807 1573 1997 1624 suam,
2023 1565 2322 1624 tamquam
2340 1560 2612 1612 mandato
2624 1564 2877 1624 accepto,
2899 1559 3196 1612 silentium
3213 1573 3410 1624 gerere

1803 1649 2074 1711 instituit,
2099 1663 2206 1700 nec
2229 1648 2462 1700 omnino
2484 1648 2701 1712 aliquid
2724 1649 2905 1712 loqui.
2924 1648 3087 1710 Quod
3104 1662 3236 1700 cum
3260 1662 3408 1701 com-

1808 1738 2050 1801 perisset
2074 1738 2381 1796 Antonius,
2400 1738 2593 1790 mirari
2619 1738 2812 1802 ccepit,
2829 1737 2984 1790 unde
3000 1736 3126 1789 haec
3138 1740 3218 1786 illi
3233 1740 3406 1787 obser-

1807 1835 2005 1887 vantia
2015 1833 2344 1899 placuisset,
2363 1847 2538 1899 quam
2555 1847 2590 1886 a
2605 1847 2668 1887 se
2687 1835 2904 1887 sciebat
2920 1847 3036 1886 non
3053 1847 3183 1886 esse
3200 1838 3406 1884 mande-

86 1922 240 1972 Cum
262 1932 509 1973 uxorem
522 1934 688 1974 suam
708 1922 890 1974 oculis
902 1922 1046 1984 suis,
1067 1935 1200 1974 cum
1217 1922 1480 1975 adultero
1493 1924 1704 1976 cuban-
1727 1897 1780 1970 Β
1803 1928 1936 1976 tam.
1965 1926 2218 1987 Cumque
2239 1924 2518 1987 jussisset
2543 1937 2673 1976 eum
2699 1924 2877 1987 loqui,
2903 1929 2960 1975 et
2982 1937 3085 1975 cur
3107 1925 3298 1977 sileret
3314 1925 3403 1976 in-

90 2012 213 2061 tem
229 2009 495 2074 vidisset,
517 2011 660 2062 nulli
676 2011 990 2074 quidquam
1004 2011 1222 2076 dicens,
1239 2025 1438 2076 egress
1448 2026 1513 2064 us
1527 2021 1598 2062 est
1609 2017 1695 2062 do-

86 2110 275 2159 mum,
302 2103 361 2151 et
383 2099 661 2152 maestitia
684 2100 860 2152 animi
883 2105 1090 2164 tactus,
1119 2101 1180 2152 in
1204 2113 1462 2154 eremum
1481 2108 1693 2154 semet-

85 2188 287 2252 ipsum
311 2187 487 2252 dedit,
509 2188 609 2240 ubi
632 2201 765 2240 cum
787 2190 1000 2240 anxius
1024 2191 1334 2254 oberraret,
1350 2191 1422 2242 ad
1440 2199 1692 2240 monaste-

87 2277 241 2327 rium
281 2277 547 2340 pervenit
569 2278 820 2340 Antonii,
849 2278 1043 2342 ibique
1060 2291 1132 2330 ex
1152 2280 1262 2330 loci
1287 2281 1625 2328 admonitione
1647 2289 1694 2329 et

84 2366 526 2430 opportunitate
543 2367 850 2418 consilium
863 2369 1032 2432 capit.
1047 2369 1308 2431 Cumque
1321 2368 1694 2421 adissetAnto-

89 2456 284 2520 nium,
323 2460 390 2507 ut
420 2456 526 2508 iter
548 2457 622 2508 ab
653 2469 720 2508 eo
745 2455 948 2508 salutis
979 2457 1311 2521 inquireret,
1342 2457 1437 2509 ille
1460 2461 1696 2509 intuens

92 2544 395 2596 hominem
422 2544 700 2610 simplicis
721 2549 950 2598 naturae
970 2558 1119 2610 esse,
1138 2545 1518 2610 responditei,
1532 2549 1696 2596 itade—

4 2611 15 2630 “
85 2643 255 2683 mum
291 2644 421 2684 eum
449 2645 619 2696 posse
651 2633 938 2696 salvari,si
961 2633 1057 2685 his
1075 2645 1253 2697 queea
1270 2647 1332 2685 se
1349 2634 1696 2698 dicerentur,

0 2721 2 2729 ί
49 2785 51 2787 ι
83 2721 368 2774 obediret.
395 2721 557 2773 Tunc
579 2721 673 2774 ille
697 2724 892 2774 omnia
912 2723 1701 2789 queecumquesibiprmcipe—

0 2811 2 2814 ’
82 2815 173 2862 ret
193 2809 496 2862 facturum
522 2797 584 2863 se
607 2823 736 2864 esse
758 2812 1078 2876 respondit.
1102 2813 1174 2865 Ut
1207 2825 1345 2876 ergo
1369 2813 1703 2877 promissio-

75 2912 221 2952 nem
238 2901 368 2964 ejus
381 2904 651 2965 probaret
662 2901 968 2965 Antonius,
992 2901 1127 2953 ante
1144 2902 1294 2954 fores
1306 2904 1504 2952 cellulae
1517 2907 1668 2953 stanti
1690 2922 1701 2954 :

1796 2013 2007 2076 dicare,
2036 2013 2183 2065 dixit
2206 2012 2258 2064 ei
2284 2014 2514 2076 Paulus,
2545 2015 2633 2065 Tu
2663 2016 2847 2077 Pater,
2864 2011 3083 2076 dixisti,
3104 2013 3326 2066 utirem
3349 2021 3405 2065 et

1796 2101 2038 2154 silerem.
2080 2103 2149 2152 Et
2175 2102 2611 2167 obstupefactus
2641 2103 2952 2166 Antonius,
2994 2103 3074 2154 ita
3095 2103 3168 2153 ab
3193 2115 3260 2155 eo
3286 2115 3404 2155 ser-

1793 2203 2046 2254 monem,
2070 2203 2245 2253 quem
2269 2190 2361 2242 ille
2387 2191 2751 2255 negligenter
2774 2189 3107 2255 protulerat,
3131 2193 3403 2245 observa-

1795 2286 1920 2331 tum
1937 2294 1947 2325 :
1969 2280 2201 2342 Omnes,
2219 2281 2426 2344 inquit,
2445 2293 2552 2331 nos
2570 2280 2681 2332 iste
2696 2279 3072 2332 condemnat:
3101 2293 3235 2332 cum
3251 2283 3401 2332 enim

1796 2389 1904 2429 nos
1929 2377 1999 2428 de
2024 2377 2171 2428 caelo
2197 2377 2366 2428 nobis
2389 2390 2508 2429 non
2523 2376 2832 2428 audiamus
2859 2378 3032 2447 204
3049 2377 3401 2445 loquentem,

1796 2474 1868 2524 ab
1892 2474 2004 2525 isto
2029 2473 2470 2538 qualiscumque
2502 2487 2708 2537 sermo,
2733 2477 2834 2539 qui
2867 2490 2941 2529 ex
2965 2491 3062 2531 ore
3086 2481 3286 2530 nostro
3309 2489 3404 2530 ce-

1797 2561 2016 2625 ciderit,
2041 2565 2407 2615 observatur.

1867 2706 2040 2760 Multa
2064 2709 2258 2757 tamen
2278 2710 2334 2757 et
2360 2711 2601 2758 sanctus
2614 2709 2906 2760 Antonius
2930 2721 3063 2761 eum
3087 2709 3291 2762 docere
3311 2721 3402 2760 vo-

1797 2794 1925 2846 lens
1947 2794 2018 2846 de
2053 2794 2394 2858 obedientia,
2425 2796 2737 2860 praecipere
2762 2797 2814 2849 ei
2838 2799 3045 2849 solitus
3062 2802 3185 2850 erat
3209 2799 3399 2858 etiam,

1805 2896 1936 2947 quae
1951 2883 2095 2936 ratio
2120 2888 2176 2935 et
2199 2897 2408 2936 caussa
2430 2898 2548 2936 non
2565 2891 2845 2950 posceret,
2868 2886 2927 2937 in
2944 2887 3154 2950 quibus
3169 2889 3402 2946 ejusani-

78 2990 214 3054 Hic,
242 2990 459 3054 inquit,
483 2995 759 3055 exspecta
782 3003 875 3042 me
903 3003 1097 3054 orans,
1119 2990 1301 3044 donec
1324 2992 1598 3056 egrediar.
1633 2995 1708 3052 Et
1805 2985 1937 3024 mus
1961 2985 2098 3038 erga
2113 2973 2493 3024 obedientiam
2516 2974 2870 3038 probaretur.
2896 2976 3134 3027 Haurire
3150 2987 3402 3039 namque

82 3078 400 3144 egrediens
429 3080 736 3145 Antonius,
783 3081 1000 3131 mansit
1027 3080 1377 3133 intrinsecus
1409 3079 1581 3149 203
1607 3096 1707 3148 per
1805 3062 2112 3126 aliquando
2136 3075 2270 3114 eum
2286 3075 2496 3127 aquam
2515 3063 2697 3126 jussit
2719 3075 2792 3115 ex
2816 3069 3006 3128 puteo,
3028 3069 3086 3117 et
3106 3065 3167 3115 in
3195 3070 3398 3117 terram

86 3173 274 3219 “nam
300 3168 454 3220 diem
477 3173 535 3221 ει
561 3181 660 3232 ρει.
687 3171 865 3220 totam
879 3173 1141 3231 noctem;
1167 3182 1270 3235 per
1281 3171 1602 3224 [θηθδηᾶω
1621 3177 1704 3225 ια-
1733 3214 1775 3235 n
1803 3155 1921 3203 tota
1937 3151 2029 3202 die
2052 3151 2377 3216 effundere;
2401 3157 2460 3204 et
2482 3157 2786 3205 contextae
2807 3152 3106 3218 sportellas
3133 3155 3400 3215 resolvere,

90 3214 274 3219 --____
304 3214 454 3220 __-_
483 3214 534 3221 --
561 3214 652 3232 τ--
690 3214 1141 3231 --m__----__,
1167 3214 1262 3235 ,ν-
1281 3214 1602 3224 --_-_--_...
1623 3214 1678 3225 ...
2364 3214 2371 3216 τ
2837 3214 2858 3218 -

0 3279 1 3282 η
83 3269 219 3310 men
249 3269 318 3310 ex
346 3256 570 3310 occulto
587 3257 948 3322 frequentius
959 3259 1272 3322 respiciens
1299 3259 1533 3312 videbat
1553 3274 1708 3312 eum-
1730 3214 1778 3289 Ο
1801 3253 1869 3294 ac
1892 3240 2084 3293 denuo
2101 3246 2425 3303 contexeret
2445 3246 2501 3293 et
2520 3243 2930 3295 “sumentur”
2946 3242 3208 3295 dissuere
3227 3247 3402 3307 atque

92 3347 510 3400 indesinenter
530 3351 810 3411 orantem,
828 3351 886 3400 et
906 3361 1193 3412 nusquam
1217 3362 1454 3413 prorsus
1470 3351 1697 3414 moveri,

1804 3340 2016 3393 iterum
2048 3352 2294 3404 resuere,
2325 3345 2384 3392 et
2415 3353 2619 3392 rursus
2642 3340 2950 3406 resolvere,
2976 3347 3036 3394 et
3057 3341 3120 3393 in
3143 3340 3402 3405 pluribus

86 3437 190 3490 sed
214 3440 376 3488 stare
396 3436 458 3488 in
477 3441 630 3488 aestu
654 3435 768 3488 diei
793 3442 852 3488 et
874 3450 1002 3489 rore
1027 3440 1237 3501 noctis,
1261 3443 1319 3490 et
1342 3440 1424 3490 ita
1437 3451 1570 3491 esse
1587 3455 1703 3489 man
1802 3429 2140 3494 huiusmOdi
2165 3429 2454 3481 exercmis
2477 3430 2550 3483 ab
2571 3443 2637 3481 θο
2662 3436 3015 3483 memoratur
3035 3431 3313 3495 imbutus.
3339 3437 3400 3481 υῐ

0 3554 2 3589 ς
82 3526 205 3578 dati
231 3538 573 3589 memorem,
600 3530 665 3578 ut
687 3539 759 3578 ne
782 3538 990 3590 parum
1003 3526 1242 3590 quidem
1253 3525 1378 3579 loco
1395 3536 1704 3582 moveretur.

146 3618 444 3681 Egressus
467 3618 664 3668 autem
687 3616 781 3669 die
804 3619 1033 3680 postero
1058 3617 1362 3681 Antonius,
1397 3618 1702 3671 instituere

82 3718 224 3757 cum
263 3709 322 3757 et
359 3704 562 3757 docere
593 3705 768 3770 cmpit
797 3705 876 3758 de
913 3705 1180 3770 singulis,
1212 3709 1501 3771 quomodo
1531 3721 1701 3773 opere

84 3807 379 3847 manuum
404 3795 778 3847 solitudinem
804 3793 1123 3847 solaretur:
1153 3800 1212 3848 et
1240 3796 1438 3860 digitis
1468 3797 1700 3861 quidem

82 3883 348 3949 corporis
389 3897 536 3947 opus
579 3885 825 3945 carnale,
875 3885 1208 3949 cognitione
1243 3898 1376 3938 vero
1406 3887 1617 3938 mentis
1643 3891 1700 3938 et

83 3973 275 4025 animi
305 3973 629 4026 intentione
664 3976 998 4038 operaretur
1019 3986 1156 4038 qum
1179 3975 1282 4026 Dei
1312 3978 1466 4026 sunt.
1492 3975 1696 4027 Cibum

85 4075 330 4127 quoque
353 4063 413 4114 in
430 4075 735 4127 vesperam
761 4064 814 4116 ei
839 4076 1071 4116 sumere
1087 4066 1360 4128 praecepit
1377 4078 1392 4126 ;
1411 4063 1512 4116 sed
1524 4069 1698 4114 obser-

88 4164 242 4215 vare,
273 4163 348 4202 ne
373 4164 631 4216 unquam
656 4152 730 4204 ad
765 4153 1125 4206 saturitatem
1149 4165 1334 4217 usque
1355 4155 1695 4219 perveniret,

87 4247 148 4294 et
191 4241 488 4307 praecipue
527 4241 585 4294 in
617 4246 757 4306 potu
797 4257 810 4294 :
837 4242 1209 4306 confirmans,
1235 4256 1354 4295 non
1379 4243 1574 4296 minus
1598 4257 1697 4308 per

85 4343 265 4396 aquae
287 4329 706 4383 abundantiam
729 4331 753 4366 ³
775 4332 1113 4396 phantasias
1136 4333 1256 4385 ﬂeri
1281 4334 1475 4398 animi,
1518 4346 1693 4399 quam

88 4433 191 4486 per
215 4421 429 4473 vinum
452 4421 697 4473 calorem
722 4422 976 4486 corporis
1000 4435 1272 4475 crescere.
1310 4425 1380 4475 Et
1402 4425 1502 4476 ubi
1529 4424 1692 4489 plene

87 4523 225 4564 eum
252 4509 501 4574 qualiter
516 4523 579 4563 se
593 4510 653 4563 in
670 4511 916 4576 singulis
935 4523 1106 4577 agere
1117 4513 1368 4578 deberet,
1385 4516 1623 4564 instruxit
1638 4518 1692 4564 in

88 4601 285 4652 vicino
310 4600 380 4662 ei,
406 4599 517 4653 hoc
539 4604 646 4661 est,
672 4601 856 4652 tribus
876 4613 912 4653 a
940 4615 1002 4654 se
1016 4601 1270 4656 millibus
1285 4602 1549 4655 cellulam
1560 4616 1694 4658 con-

91 4690 311 4754 stituit,
345 4689 544 4754 ibique
577 4703 710 4743 eum
740 4704 1024 4757 exercere,
1057 4705 1192 4757 qum
1215 4693 1693 4760 didiceratjubet,

87 4781 215 4846 ipse
267 4783 465 4831 tamen
491 4780 852 4845 frequentius
884 4782 1130 4835 visitans
1151 4784 1567 4848 gratulabatur,
1592 4785 1694 4836 de-

88 4869 466 4934 prehendens
501 4882 636 4922 eum
667 4871 728 4922 in
760 4869 871 4932 his,
909 4884 1041 4936 quae
1073 4873 1186 4924 sibi
1219 4874 1424 4925 tradita
1446 4875 1692 4938 fuerant,

91 4963 214 5011 tota
237 4958 560 5011 intentione
583 4965 640 5012 et
668 4958 1048 5012 sollicitudine
1085 4967 1535 5026 permanentem.

152 5197 171 5216 '
198 5183 381 5238 Paulo
439 5183 746 5251 Simplice]
803 5185 984 5248 Hujus
1030 5186 1295 5236 Memoria
1329 5185 1360 5239 7
1394 5186 1585 5236 Martii
1634 5187 1694 5236 in

88 5256 444 5322 Martyrolog.
475 5257 722 5306 Romano
748 5273 760 5306 :
803 5259 868 5308 In
895 5256 1092 5309 Theba
1123 5257 1197 5310 de
1222 5259 1275 5309 S.
1302 5258 1459 5310 Pauli
1482 5272 1697 5324 cogno-

89 5334 292 5381 mento
317 5326 616 5392 simplicis.
641 5329 1008 5392 Menotogium
1032 5330 1338 5379 Graecorum
1355 5346 1366 5380 :
1385 5333 1577 5382 Sancti
1594 5343 1698 5395 pa-

91 5401 196 5452 tris
220 5398 386 5451 Pauli
407 5404 794 5463 cognomento
818 5401 1122 5464 Simplicis,
1146 5406 1377 5465 propter
1398 5408 1614 5454 rectam
1639 5409 1699 5455 et

90 5469 438 5535 simplicem,
466 5469 784 5535 multisque
807 5471 998 5523 modis
1017 5484 1053 5523 a
1074 5473 1352 5525 heatoillo
1364 5485 1575 5538 magno
1586 5477 1698 5526 An-

91 5546 252 5596 tonio
277 5543 579 5607 probatam
595 5547 724 5606 ejus
739 5544 1150 5608 integritatem,
1166 5556 1341 5608 quam
1363 5551 1422 5597 et
1438 5549 1567 5595 Deus
1590 5549 1698 5607 ipse

91 5615 390 5668 miraculis
427 5615 836 5678 comprobavit,
877 5619 943 5666 ut
970 5613 1286 5668 litterarum
1321 5624 1699 5670 monumenta

90 5690 408 5744 testantur,
424 5687 630 5737 Menca
647 5687 830 5737 eodem
844 5687 931 5736 die
944 5687 1062 5749 fuse
1084 5689 1216 5738 satis
1239 5688 1353 5754 ejus
1378 5689 1555 5740 Vitam
1573 5691 1699 5754 refe-

91 5763 246 5808 runt.
273 5757 340 5806 In
375 5757 574 5807 triodio
599 5773 728 5822 pag.
767 5757 855 5812 32.
885 5769 939 5810 a.
962 5765 1183 5809 vocatur
1223 5763 1464 5818 Παῦλοςό
1487 5761 1696 5813 Ἂπλού-

91 5845 292 5891 «avoc,
316 5828 533 5880 Paulus
550 5828 1043 5894 Simplicissimus,
1055 5830 1211 5895 cujus
1224 5833 1504 5895 singulare
1526 5834 1700 5897 privi-

91 5900 301 5963 legium
341 5901 689 5965 cogitationes
718 5902 1066 5966 singulorum
1094 5904 1410 5968 pervidendi
1431 5905 1589 5955 habes
1613 5906 1700 5954 hic

383 5989 643 6048 PATROL.
682 5990 849 6048 XXI.

1800 3519 1860 3571 in
1872 3519 2031 3570 nullo
2055 3531 2293 3583 prorsus
2316 3521 2494 3572 etiam
2511 3532 2884 3586 eorum,quaa
2907 3527 3108 3573 contra
3118 3521 3396 3574 rationem

1795 3609 2067 3673 imperari
2098 3609 2469 3673 jubebantur,
2515 3610 2761 3662 disceret
2792 3611 3200 3673 contradicere,
3235 3616 3292 3662 et
3321 3610 3400 3661 ita

1796 3710 1898 3762 per
1922 3697 2051 3750 haec
2073 3698 2269 3749 omnia
2289 3698 2655 3764 informatus,
2693 3699 2855 3752 brevi
2890 3699 2964 3751 ad
2992 3698 3394 3764 perfectionem

1795 3787 1969 3839 venit.
1997 3787 2084 3838 Ex
2106 3787 2274 3850 cujus
2297 3787 2561 3850 exemplo
2589 3787 2832 3840 docebat
2863 3789 3067 3840 beatus
3089 3788 3400 3845 Antonius,

1796 3885 1953 3949 quod
1967 3885 2014 3936 si
2032 3884 2161 3948 quis
2177 3883 2316 3936 velit
2327 3885 2400 3935 ad
2417 3885 2824 3949 perfectionem
2838 3885 3106 3938 velociter
3114 3889 3398 3948 pervenire,

1795 3988 1912 4024 non
1939 3975 2046 4024 sibi
2068 3973 2190 4036 ipse
2215 3973 2378 4024 fieret
2393 3973 2689 4037 magister,
2710 3986 2816 4026 nec
2840 3972 3398 4038 propriisvoluntati-

1795 4064 1906 4115 bus
1929 4062 2394 4125 obediret,etiam
2407 4063 2456 4114 si
2473 4068 2698 4116 rectum
2725 4063 2991 4116 videatur
3014 4075 3144 4114 esse
3162 4066 3296 4123 quod
3317 4067 3394 4110 vel

1790 4151 1888 4216 let,
1913 4151 2015 4204 sed
2039 4152 2358 4204 secundum
2381 4152 2722 4205 mandatum
2744 4153 3056 4206 Salvatoris
3079 4153 3395 4206 observan-

1793 4241 1933 4294 dum
1956 4254 2106 4306 esse,
2125 4246 2190 4294 ut
2208 4247 2342 4294 ante
2357 4243 2552 4294 omnia
2576 4243 2981 4308 unusquisque
2992 4245 3203 4305 abneget
3217 4251 3396 4294 semet-

1792 4332 1981 4397 ipsum
2005 4332 2132 4396 sibi,
2159 4337 2218 4386 et
2239 4333 2531 4386 renuntiet
2552 4333 2794 4398 propriis
2818 4333 3234 4396 voluntatibus,
3259 4333 3395 4396 quia

1791 4432 1849 4484 et
1870 4431 2129 4484 Salvator
2151 4431 2275 4496 ipse
2297 4430 2447 4484 dixit.
2476 4446 2489 4483 :
2527 4431 2639 4496 Ego
2676 4433 2815 4493 veni,
2840 4447 2956 4482 non
2989 4437 3048 4480 ut
3065 4433 3275 4494 faciam
3297 4446 3393 4479 υο-

1798 4520 2060 4572 luntatem
2083 4535 2275 4583 meam,
2305 4523 2395 4572 sed
2417 4524 2532 4584 ejus
2546 4521 2644 4587 qui
2663 4523 2809 4572 misit
2830 4537 2913 4571 me
2935 4521 3146 4584 (Matth.
3172 4521 3297 4584 16.).
3323 4522 3393 4571 Et

1797 4611 1998 4676 utique
2008 4611 2276 4666 voluntas
2292 4611 2503 4664 Christi
2519 4623 2637 4664 non
2661 4616 2782 4666 erat
2804 4613 3087 4666 contraria
3108 4614 3392 4668 voluntati

1795 4700 2006 4762 Patris;
2035 4701 2138 4754 sed
2161 4701 2260 4766 qui
2284 4705 2518 4756 venerat
2541 4701 2927 4754 obedientiam
2943 4703 3166 4767 docere,
3188 4719 3290 4753 non
3309 4707 3392 4752 in-

1792 4790 2082 4843 veniretur
2114 4792 2411 4853 obediens,
2432 4793 2486 4845 si
2505 4792 2792 4858 propriam
2808 4793 3016 4846 faceret
3037 4794 3389 4847 voluntatem

1794 4879 1972 4943 (Joan.
1998 4880 2086 4944 6.).
2115 4883 2342 4943 Quanto
2367 4895 2504 4947 ergo
2526 4883 2714 4949 magis
2732 4896 2841 4935 nos
2868 4897 2988 4936 non
3005 4883 3395 4949 judicabimur

1791 4969 2204 5036 inobedientes,
2222 4973 2271 5023 si
2287 4973 2564 5026 faciamus
2579 4975 2834 5040 proprias
2845 4976 3175 5029 voluntates
3184 4980 3207 5025 Ῥ
3223 4977 3395 5029 Deni-

1793 5193 1944 5258 apud
1980 5193 2244 5257 Rufinum
2277 5194 2300 5230 ⁸
2345 5195 2432 5244 lib.
2467 5195 2560 5258 III,
2601 5211 2658 5247 η.
2696 5196 2816 5250 167.
2856 5204 2900 5246 et
2936 5197 3087 5262 apud
3109 5197 3391 5261 Pelagium

1795 5265 1885 5316 tib.
1915 5265 2107 5328 XVIII,
2156 5280 2213 5315 η.
2239 5263 2327 5318 20.
2353 5271 2399 5313 et
2424 5269 2574 5328 apud
2599 5267 2956 5316 Paschasium
2987 5283 3103 5331 cap.
3126 5267 3213 5322 23.
3244 5285 3300 5320 τι.
3337 5267 3388 5321 ‘2.

1795 5337 1891 5401 qui
1921 5337 2180 5402 posterior
2206 5336 2397 5385 iisdem
2411 5352 2562 5400 poene
2577 5337 2743 5386 verbis
2756 5338 2928 5401 habet,
2945 5341 3027 5388 uti
3046 5341 3131 5388 hic
3141 5340 3389 5403 Rufinus.

1859 5426 2092 5485 Quidam
2126 5424 2251 5474 libri
2275 5425 2513 5476 Paulum
2543 5427 2690 5476 hunc
2708 5427 2805 5476 hoc
2827 5426 2960 5476 libro
2983 5434 3028 5477 et
3044 5428 3153 5478 loco
3169 5444 3279 5478 non
3295 5430 3393 5478 ha-

1795 5497 1932 5562 bent,
1956 5499 2045 5548 sed
2068 5497 2144 5547 vel
2163 5498 2346 5562 primo
2371 5498 2504 5547 libro
2525 5503 2643 5562 post
2679 5499 2854 5548 Vitam
2882 5499 3103 5562 Male/ti,
3135 5500 3212 5549 vel
3241 5502 3391 5549 tertio

1796 5569 1930 5619 libro
1955 5571 2095 5618 inter
2134 5569 2296 5619 Verba
2322 5568 2633 5619 Seniorum.
2660 5571 3062 5623 ROSWRYDUS.

1866 5665 1880 5698 ι
1917 5665 2077 5717 Idem
2100 5667 2279 5718 habes
2302 5667 2374 5719 de
2397 5667 2574 5718 nimio
2588 5673 2910 5732 aqumpotu
2921 5668 3208 5720 monitum
3223 5681 3396 5733 supra

1798 5737 1857 5786 in
1881 5737 2142 5803 Evagrio,
2175 5751 2297 5801 cap.
2324 5737 2410 5791 ‘27.

1861 5835 1884 5870 ί
1910 5837 2135 5958 (Sicinium
2181 5837 2472 5899 diximus,
2518 5850 2650 5890 eum
2696 5837 2907 5892 librum
2950 5840 3140 5893 Ruﬁni
3193 5853 3398 5895 nomen

1861 5921 1934 5958 en
1965 5921 2009 5958 ir
2037 5946 2046 5956 .

1801 5920 2046 5960 mentiri.

3039 6003 3105 6059 15
