3898 6402
590 420 692 474 459

1610 414 1852 464 RUFINI
1888 414 2381 474 AQUILEIENSIS
2415 411 2851 465 PRESBYTERI

3776 407 3871 461 460

585 545 699 597 que
724 530 1089 596 supradictus
1112 527 1320 579 Paulus
1343 524 1605 589 exemplo
1621 524 1788 576 nobis
1810 529 1919 588 est,
1931 524 2032 588 qui
2042 524 2177 576 obe-
2195 529 2258 602 Α
2285 522 2382 574 diu
2420 522 2732 587 permansit
2774 533 2908 573 cum
2950 522 3033 574 eis
3066 520 3129 572 in
3151 519 3486 585 poenitentia
3504 523 3564 572 et
3585 518 3864 584 lacrytms.

584 620 817 672 dientim
855 624 912 671 et
938 614 1318 680 simplicitatis
1344 614 1548 666 merito
1571 613 1629 665 in
1654 617 1881 665 tantum
1908 613 2172 678 spiritua-

580 709 722 761 lium
764 707 1081 773 gratiarum
1119 704 1349 755 culmen
1382 702 1659 765 ascendit,
1684 707 1750 754 ut
1772 701 1956 753 multo
1980 701 2173 765 plures

581 802 639 851 et
680 796 1028 862 potentiores
1061 794 1303 845 virtutes
1341 804 1440 855 per
1461 792 1655 856 ipsum
1676 792 1976 853 Dominus,
2002 802 2175 854 quam

579 898 680 951 per
703 885 1025 937 secundum
1047 883 1370 934 Antonium
1394 881 1622 933 faceret.

641 976 711 1027 Et
729 974 1001 1038 quoniam
1024 984 1122 1037 pro
1144 970 1431 1024 affluentia
1458 970 1773 1035 gratiarum
1787 968 1952 1021 multi
1967 968 2040 1020 ad
2054 984 2168 1018 eum

576 1076 649 1116 ex
672 1062 944 1115 omnibus
967 1066 1136 1113 terra:
1154 1060 1409 1125 partibus
1426 1060 1811 1121 confluebant,
1828 1060 1892 1109 ut
1908 1069 2172 1109 curaren-

578 1157 669 1204 tur
690 1153 764 1204 ab
788 1164 874 1215 eo,
898 1163 1102 1203 verens
1119 1150 1322 1201 beatus
1349 1148 1637 1200 Antonius
1662 1161 1735 1198 ne
1752 1145 2015 1199 molestia
2030 1146 2168 1197 mul—

575 1240 842 1294 titudinis
879 1240 1194 1304 fugaretur,
1230 1240 1291 1289 in
1316 1237 1570 1289 interiori
1599 1249 1807 1298 eremo,
1836 1248 1951 1300 quo
1975 1234 2169 1288 accedi

576 1330 740 1381 facile
755 1330 828 1380 ab
851 1328 1043 1391 aliquo
1057 1340 1173 1379 non
1189 1331 1403 1391 posset,
1422 1338 1781 1377 commanere
1806 1337 1940 1377 eum
1956 1327 2087 1387 fecit,
2113 1332 2166 1373 ut

575 1418 872 1471 venientes
907 1417 1093 1481 magis
1116 1417 1237 1480 ipse
1259 1415 1577 1479 susciperet
1598 1416 1904 1466 Antonius.
1939 1414 1997 1466 Si
2022 1427 2167 1478 quos

576 1520 713 1561 vero
752 1507 877 1572 ipse
918 1519 1034 1558 non
1076 1505 1362 1570 potuisset
1406 1514 1630 1562 curare,
1673 1502 1782 1555 hos
1810 1502 1884 1553 ad
1924 1502 2167 1554 Paulum

576 1601 874 1660 tamquam
899 1595 1265 1660 prolixiorem
1291 1594 1607 1645 sanitatum
1629 1592 1873 1655 gratiam
1906 1594 2165 1640 habentem

575 1686 856 1747 mittebat,
889 1690 949 1736 et
968 1685 1042 1736 ab
1064 1684 1161 1735 illo
1177 1683 1538 1735 curabantur.
1561 1682 1805 1731 Tantum
1823 1684 2019 1731 autem
2039 1681 2166 1745 ejus

576 1773 958 1839 simplicitatis
969 1771 1122 1837 apud
1143 1772 1374 1823 Domini
1400 1767 1572 1837 205
1600 1768 1870 1821 ﬁduciam
1893 1771 2050 1818 fuisse
2067 1776 2167 1818 tm-

2273 618 2456 670 donec
2482 614 2691 664 iterum
2713 611 2927 664 videret
2950 608 3219 662 eumdem
3235 608 3525 671 Angelum
3541 613 3814 671 stantem,
3826 618 3868 657 et

2272 707 2618 758 scribentem
2642 701 2879 753 nomina
2893 698 3308 751 accedentium.
3338 700 3405 750 Et
3432 706 3759 760 posteaquam
3775 714 3871 747 om-

2270 796 2435 846 nium
2461 792 2708 856 scripsit,
2725 796 2861 842 tunc
2890 789 3065 842 etiam
3086 788 3215 841 illos
3238 801 3311 840 ex
3334 788 3671 841 nominibus
3699 784 3867 855 206

2269 888 2628 945 evocantem,
2653 885 2829 943 atque
2852 878 2925 930 ad
2951 877 3472 931 reconciliationem
3496 877 3701 929 altaris
3726 878 3872 930 invi-

2267 977 2508 1025 tantem.
2537 970 2646 1024 Ubi
2668 969 2777 1021 hoc
2802 981 2938 1020 vero
2963 968 3155 1020 senior
3171 967 3338 1027 vidit,
3364 966 3652 1019 intellexit
3674 980 3867 1019 eorum

2268 1064 2603 1124 susceptam
2630 1071 2757 1110 esse
2781 1057 3183 1121 pmnitentiam
3208 1073 3221 1107 :
3247 1060 3305 1109 et
3328 1056 3410 1109 sic
3437 1069 3537 1109 eos
3563 1055 3734 1108 altari
3757 1058 3867 1107 tota

2268 1162 2401 1202 cum
2423 1147 2810 1214 gratulatione
2832 1146 3102 1200 restituit.

2332 1242 2503 1292 Hunc
2532 1242 2706 1291 etiam
2729 1237 2982 1302 quodam
3006 1241 3261 1301 tempore
3282 1234 3868 1287 ferebantadamoni

2268 1330 2377 1381 bus
2400 1329 2480 1380 ita
2497 1328 2877 1385 verberatum,
2896 1330 2960 1377 ut
2984 1330 3155 1387 stare,
3178 1324 3506 1376 autmoveri
3526 1322 3768 1375 omnino
3790 1323 3867 1375 lo-

2267 1431 2335 1469 co
2352 1430 2468 1469 non
2494 1418 2701 1482 posset.
2721 1418 2791 1467 Et
2814 1427 2948 1467 cum
2972 1414 3096 1466 dies
3116 1412 3347 1466 adesset
3360 1412 3679 1471 Dominica,
3705 1415 3765 1464 et
3781 1425 3868 1464 res

2267 1512 2527 1572 posceret
2549 1505 2735 1557 offerri
2756 1504 3120 1566 sacrificium,
3139 1502 3318 1567 jussit
3337 1514 3400 1553 se
3422 1501 3666 1553 fratrum
3690 1504 3866 1553 mani-

2267 1597 2377 1647 bus
2390 1595 2462 1646 ad
2480 1594 2657 1646 altare
2681 1592 2911 1658 portari.
2943 1592 3043 1644 Ubi
3067 1604 3201 1643 cum
3223 1591 3282 1642 in
3294 1590 3550 1643 oratione
3562 1590 3861 1653 jacuisset.

2268 1689 2554 1736 astantem
2578 1684 2853 1735 continuo
2877 1679 3319 1745 viditAngelum
3344 1679 3593 1743 Domini,
3608 1681 3864 1740 quiastare

2269 1772 2489 1824 solebat
2533 1773 2717 1836 altari,
2762 1778 2820 1824 et
2860 1771 3242 1835 porrigentem
3270 1769 3378 1819 sibi
3402 1779 3663 1832 manum,
3693 1773 3864 1832 atque

575 1862 741 1926 dunt,
766 1867 831 1914 ut
850 1861 1103 1926 quodam
1128 1862 1382 1924 tempore
1412 1871 1546 1910 cum
1570 1858 1807 1921 Quidam
1830 1858 2046 1908 rabiem
2072 1870 2173 1922 pa-
2198 1841 2257 1913 Β
2282 1863 2600 1917 elevantem
2623 1876 2686 1915 se
2708 1862 2779 1913 de
2804 1866 2968 1924 terra,
2995 1862 3189 1911 statim
3209 1859 3369 1911 dolor
3391 1857 3581 1910 omnis
3602 1858 3684 1911 ita
3706 1858 3781 1909 ab
3802 1870 3867 1908 eo

579 1953 730 2004 tiens
748 1951 810 2004 in
826 1951 1062 2003 modum
1078 1950 1237 2001 canis
1248 1949 1725 2000 laniaretomncm
1745 1947 1841 2009 qui
1854 1946 1925 1998 ad
1943 1960 2005 1998 se
2020 1961 2176 1997 ausus

578 2040 783 2093 fuisset
805 2039 1166 2101 accedere,et
1188 2038 1501 2103 perductus
1524 2036 1599 2087 ad
1623 2048 1756 2088 eum
1770 2035 1993 2095 fuisset,
2011 2036 2176 2087 insis-

576 2131 735 2183 tebat
753 2131 1017 2193 orationi,
1042 2134 1106 2180 ut
1126 2130 1451 2182 daemonem
1468 2127 1567 2189 qui
1586 2139 1720 2177 eum
1747 2127 2003 2190 urgebat,
2022 2126 2177 2189 fuga-

576 2226 682 2273 ret.
710 2222 777 2271 Et
800 2233 936 2272 cum
958 2232 1121 2271 mora
1140 2219 1322 2281 ﬂeret,
1356 2231 1464 2269 nec
1486 2217 1635 2269 celer
1660 2221 2004 2280 sequeretur
2017 2216 2177 2267 eil‘ec-

578 2315 692 2369 tus,
717 2310 883 2375 quasi
909 2309 1195 2362 infantum
1225 2320 1385 2359 more
1407 2308 1745 2372 indignatus
1769 2306 1841 2358 ad
1862 2307 2175 2357 Dominum

576 2401 795 2452 dixisse
818 2399 1029 2451 fertur:
1066 2401 1211 2451 Vere
1235 2411 1349 2449 non
1372 2396 1736 2449 manducabo
1758 2395 1950 2458 hodie,
1970 2396 2018 2446 si
2042 2407 2175 2447 eum

576 2501 694 2540 non
724 2489 1034 2551 curaveris,
1061 2491 1117 2540 et
1140 2487 1414 2539 continuo
1437 2486 1605 2549 quasi
1637 2483 1910 2537 delicioso
1934 2484 2174 2536 domino

580 2577 942 2629 satisfactum
964 2582 1055 2629 est
1076 2589 1109 2627 a
1123 2578 1243 2627 Deo
1262 2580 1345 2627 :et
1368 2574 1562 2626 statim
1580 2579 1816 2626 curatus
1836 2579 1927 2625 est
1946 2576 2170 2623 rabidus.

1069 2742 1367 2807 CAPUTv
1394 2741 1676 2807 XXXII.

918 2888 1032 2928 ΠΒ·
1079 2888 1394 2929 ΡΙΑΜΜΟΝΕ
1428 2885 1838 2929 PRESBYTBRO.

583 2993 831 3059 (Pallad.,
877 3009 995 3058 cap.
1035 2991 1102 3047 72
1136 2994 1199 3044 de
1242 2995 1529 3045 Ammona
1570 2992 1903 3058 presbytero
1948 2991 2047 3055 qui
2085 2991 2172 3040 hic

1198 3082 1531 3145 Piammon.)

642 3230 768 3280 Non
790 3229 985 3279 autem
1009 3227 1148 3278 mihi
1172 3226 1399 3279 videtur
1414 3225 1676 3290 dignum,
1693 3228 1867 3277 etiam
1883 3225 2060 3278 eremi
2075 3224 2172 3277 ha-

578 3318 868 3380 bitatores,
890 3328 1023 3379 quae.
1049 3316 1352 3368 Parthenio
1376 3315 1519 3369 mari
1539 3315 1784 3377 adjacet,
1800 3320 1857 3365 et
1874 3314 2062 3366 vicina
2076 3319 2169 3366 est

577 3405 786 3469 oppido
826 3404 981 3468 quod
1023 3405 1229 3456 dicitur
1265 3404 1477 3466 Diolco,
1516 3402 1742 3455 silentio
1766 3404 2071 3467 praeterire.
2101 3405 2163 3455 In

578 3506 692 3557 quo
718 3493 969 3546 vidimus
991 3492 1297 3557 quemdam
1313 3494 1739 3556 Presbyterum,
1756 3491 2170 3556 admirabilem,

575 3583 808 3633 nomine
840 3582 1248 3644 Piammonem,
1276 3584 1452 3632 totius
1473 3580 1811 3631 humilitatis
1824 3583 2172 3640 etbenignita-

578 3672 651 3721 tis
675 3670 886 3732 virum,
912 3670 1219 3721 habentem
1234 3669 1406 3721 etiam
1417 3669 1835 3721 revelationum
1852 3671 2174 3730 gratiam.De-

574 3761 751 3823 nique
773 3759 1026 3824 quodam
1052 3764 1323 3823 tempore,
1342 3770 1474 3809 cum
1491 3756 1737 3809 Domino
1751 3756 2092 3808 sacrificium
2103 3760 2174 3805 of-

574 3850 760 3914 ferret,
780 3848 920 3901 vidit
941 3848 1225 3912 Angelum
1247 3847 1474 3899 Domini
1489 3851 1740 3899 stantem
1748 3847 1919 3911 juxta
1932 3848 2105 3909 altare,
2125 3853 2172 3895 et

573 3940 1035 4004 uniuscujusque
1049 3937 1467 3989 monachorum
1489 3937 1885 3988 accedentium
1903 3935 1975 3987 ad
1996 3936 2171 3988 altare

573 4029 923 4081 scribentem
969 4027 1207 4081 nomina
1241 4027 1303 4079 in
1322 4026 1468 4079 libro
1495 4039 1671 4090 quem
1693 4026 1925 4078 tenebat
1956 4026 2011 4077 in
2046 4036 2170 4076 ma-

570 4118 743 4170 nibus
769 4153 783 4179 ,
872 4117 1256 4182 quorumdam
1317 4121 1511 4167 tamen
1584 4115 1822 4166 nomina
1870 4127 1990 4166 non
2036 4116 2168 4167 scri-

573 4209 826 4258 bentem.
855 4208 1115 4269 Cumque
1144 4205 1445 4269 diligenter
1473 4205 1802 4257 observaret
1825 4206 2032 4268 senior,
2069 4205 2168 4268 qui

572 4309 601 4347 e
612 4300 776 4347 ssent
792 4308 1037 4371 quorum
1055 4295 1292 4347 nomina
1305 4306 1423 4346 non
1434 4293 1782 4357 scripsisset,
1795 4297 2168 4358 posteaquam

570 4391 709 4439 sunt
730 4386 1011 4452 completa
1047 4385 1337 4450 mysteria,
1362 4396 1836 4448 unumquemque
1851 4400 2024 4434 eorum
2041 4400 2173 4434 scor-

571 4491 704 4530 sum
727 4490 967 4540 vocans,
994 4480 1386 4542 percontatur,
1398 4474 1535 4539 quid
1558 4475 1641 4526 eis
1656 4474 1714 4526 in
1729 4476 2172 4539 occultopecca—

571 4569 615 4617 ti
634 4567 844 4619 fuisset
857 4566 1182 4619 admissum
1200 4581 1211 4613 :
1224 4570 1281 4619 et
1295 4565 1517 4618 invenit
1533 4577 1604 4615 ex
1620 4564 1981 4616 confessione
1993 4578 2172 4613 unum-

571 4668 862 4719 quemque
886 4668 1087 4707 eorum
1120 4655 1377 4706 mortalis
1410 4654 1629 4719 peccati
1653 4638 1989 4704 obnoxium.
2015 4654 2174 4703 Tunc

2192 3354 2241 3429 C

2238 3558 2241 3563 ι
2270 3499 2496 3563 plenos,
2528 3496 2633 3549 sed
2661 3501 2716 3548 et
2737 3508 2955 3560 paucos
2978 3508 3053 3549 ex
3072 3494 3275 3547 multis
3294 3493 3767 3546 memoravimus.
3788 3494 3869 3544 De
3890 3528 3895 3557 η

2277 1953 2566 2012 discessit,
2589 1956 2656 2003 ut
2681 1950 2847 2002 solito
2879 1950 3068 2001 sanior
3095 1948 3447 2000 redderetur.

2761 2091 3045 2159 CAPUT
3075 2089 3389 2154 XXXIII.

2865 2237 2942 2277 nn
2968 2225 2989 2254 "
3019 2236 3273 2277 JOANNB.

2338 2347 2470 2397 Erat
2512 2345 2574 2395 in
2617 2342 2760 2408 ipsis
2782 2342 2923 2393 locis
2969 2340 3196 2405 (Pallad.
3232 2354 3349 2405 cap.
3373 2338 3479 2402 73.)
3505 2340 3594 2393 vir
3611 2344 3867 2394 sanctus.

2274 2447 2341 2486 ac
2366 2434 2542 2487 totius
2558 2432 2758 2498 gratim
2783 2432 2933 2483 dono
2968 2429 3505 2495 repletus,Joannes
3527 2430 3784 2501 nomine,
3810 2431 3869 2481 in

2274 2537 2389 2590 quo
2414 2528 2575 2575 tanta
2602 2527 2724 2574 erat
2751 2520 3159 2573 consolationis
3184 2520 3382 2583 gratia,
3406 2523 3473 2571 ut
3503 2530 3868 2583 quacumque

2272 2615 2567 2677 mmstitta,
2592 2624 2957 2676 quocumque
2981 2610 3154 2663 taedio
3178 2621 3454 2674 oppressa
3467 2608 3865 2661 fuissetanima.

2272 2704 2467 2769 paucis
2489 2702 2616 2767 ejus
2640 2701 3025 2763 sermonibus,
3043 2698 3335 2752 alacritate
3363 2704 3418 2751 et
3445 2697 3649 2751 ltetitia
3681 2697 3868 2762 reple-

2272 2798 2447 2845 retur.
2483 2792 2594 2844 Sed
2617 2797 2675 2843 et
2699 2791 3012 2842 sanitatum
3034 2789 3218 2855 gratia
3246 2786 3491 2854 plurima
3507 2789 3557 2839 ei
3578 2786 3868 2839 aDomino

2274 2882 2484 2934 donata
2510 2886 2617 2932 est.

2580 3113 2655 3162 De
2684 3110 2937 3178 periculis
2973 3111 3185 3160 itineris
3216 3110 3290 3160 ad
3333 3124 3552 3159 eremos.

2332 3231 2397 3281 ln
2425 3228 2551 3281 aliis
2575 3240 2805 3294 quoque
2829 3227 3059 3293 (Pallad.
3092 3241 3209 3291 cap.
3235 3225 3375 3289 150)
3408 3237 3582 3290 quam
3604 3224 3867 3291 plurimis

2269 3320 2408 3371 locis
2431 3318 2674 3384 Egypti,
2701 3318 2947 3383 sparsim
2970 3316 3220 3369 vidimus
3239 3320 3468 3367 sanctos
3488 3315 3608 3378 Dei,
3622 3314 3869 3367 virtutes

2270 3407 2489 3461 multas
2521 3407 2893 3459 et‘mirabilia
2924 3406 3199 3458 facientes
3237 3411 3294 3457 et
3326 3405 3501 3456 totius
3526 3404 3729 3469 gratim
3767 3405 3869 3455 Dei

2272 3586 2546 3637 omnibus
2569 3598 2704 3638 vero
2727 3584 3029 3650 explicare,
3057 3596 3231 3648 supra
3253 3584 3405 3636 vires
3426 3585 3624 3635 nostra
3644 3586 3755 3636 est.

2336 3675 2387 3728 1.
2425 3676 2571 3726 Nam
2595 3673 2667 3726 de
2694 3673 2789 3725 his
2814 3673 2913 3737 qui
2936 3673 2997 3724 in
3021 3672 3315 3737 superiore
3337 3671 3647 3728 Thebaida,
3681 3670 3739 3722 id
3765 3675 3870 3733 est,

2272 3764 2422 3816 circa
2452 3764 2638 3827 ipsam
2670 3764 2892 3815 sienem
2916 3762 3175 3814 habitare
3208 3760 3498 3823 dicuntur,
3520 3760 3726 3813 auditu
3749 3763 3868 3813 solo

2272 3854 2677 3918 comperimus,
2704 3852 2860 3917 quod
2872 3852 2964 3903 his
2978 3863 3143 3916 ptene
3156 3852 3446 3912 omnibus,
3462 3862 3615 3915 quos
3625 3853 3871 3911 vidimus,

2269 3943 2542 3996 celsiores
2565 3942 2644 3994 illi
2664 3945 2722 3995 et
2749 3940 3273 4007 magniﬁcentiores
3296 3940 3677 3992 habebantur.
3703 3943 3870 3993 Acce-

2271 4034 2404 4085 dere
2419 4046 2555 4086 vero
2579 4032 2652 4084 ad
2671 4032 2829 4096 ipsos
2851 4044 2953 4096 pro
2964 4030 3183 4082 itineris
3199 4028 3448 4096 periculo
3459 4030 3864 4093 nequivimus:

2270 4122 2408 4184 quia
2427 4122 2697 4186 quamvis
2717 4121 2910 4173 omnia
2928 4119 3152 4171 illarum
3175 4119 3424 4182 partium
3444 4116 3567 4171 loca
3588 4120 3866 4168 latronibus

2269 4209 2657 4271 incursentur,
2682 4211 2778 4262 illa
2812 4215 3006 4262 tamen
3042 4204 3215 4276 207
3243 4219 3376 4271 qum
3407 4206 3557 4259 ultra
3573 4207 3861 4260 civitatem

2273 4302 2423 4365 Lyco
2446 4302 2603 4360 sunt,
2629 4299 2802 4351 etiam
2824 4299 3098 4350 barbaros
3121 4295 3660 4362 patiuntur.Etideo
3670 4294 3863 4349 nullus

2270 4388 2435 4441 nobis
2458 4388 2532 4441 ad
2554 4401 2654 4442 eos
2671 4400 2945 4442 accessus
2960 4388 3081 4449 fuit,
3101 4387 3233 4452 quia
3246 4398 3444 4440 revera
3466 4398 3572 4438 nec
3596 4399 3700 4439 eos
3721 4399 3865 4450 quos

2273 4480 2540 4543 superius
2567 4478 3033 4538 memoravimus,
3061 4477 3281 4542 absque
3313 4473 3564 4542 periculo
3591 4474 3863 4528 vidimus.

2335 4568 2557 4634 Septies
2580 4580 2832 4633 namque
2864 4567 2925 4619 in
2954 4566 3063 4620 hoc
3094 4566 3293 4619 itinere
3318 4564 3615 4631 periclitati
3639 4577 3861 4626 sumus,

2273 4660 2329 4710 in
2371 4664 2577 4712 octavo
2609 4662 2823 4721 autem,
2859 4657 3010 4709 sicut
3041 4655 3321 4721 scriptum
3349 4659 3456 4719 est,
3478 4653 3607 4705 Non
3635 4652 3863 4704 obtinuit

573 4746 834 4798 hortatur
856 4757 957 4797 eos
981 4757 1148 4809 agere
1173 4744 1596 4809 paenitentiam,
1621 4748 1678 4794 et
1700 4746 2023 4803 semetipsum
2049 4758 2161 4791 cum
2187 4729 2245 4803 D
2270 4764 2366 4799 nos
2381 4749 2591 4799 malum
2608 4747 2738 4813 (Job.
2763 4746 2832 4809 1),
2845 4748 2974 4800 Deo
2998 4758 3107 4797 nos
3134 4745 3196 4797 in
3219 4745 3489 4796 omnibus
3510 4748 3862 4809 protegente.

571 4837 654 4888 eis
676 4840 811 4887 ante
829 4835 1137 4888 Dominum
1153 4839 1544 4900 prosternens,
1561 4834 1654 4885 die
1668 4846 1734 4885 ac
1752 4841 1892 4883 nocte
1913 4840 2163 4894 tamquam

572 4928 700 4992 ipse
725 4928 787 4980 in
810 4939 1008 4980 eorum
1032 4928 1280 4993 peccatis
1304 4932 1459 4979 esset
1478 4924 1991 4989 obnoxius,ﬂebat,
2008 4930 2164 4974 etlam

636 5109 652 5128 '
706 5098 1075 5162 Hammona]
1123 5100 1443 5149 Sosomenus
1492 5096 1582 5147 lib.
1639 5096 1725 5159 VI,
1770 5111 1886 5160 cap.
1933 5095 2019 5149 28.
2068 5100 2168 5149 Καὶ

574 5174 816 5239 Πιάμμων
849 5174 905 5223 δὲ
932 5174 1019 5223 καὶ
1046 5171 1280 5230 Ἰωάννης
1313 5176 1577 5239 τηνικαῦτα
1610 5171 1719 5234 περὶ
1742 5169 1947 5220 Διολκὸν
1977 5173 2059 5239 τῇς
2082 5164 2167 5220 Αἰ·-

570 5234 762 5310 γύπτου
815 5239 1189 5308 ἐπισημοτάτων
1237 5238 1530 5307 προΐσταντο
1587 5239 1946 5306 μοναστηρίων·
1999 5234 2168 5310 sirius-

572 5307 787 5371 λέστατά
836 5336 887 5368 τε
926 5307 1011 5368 καὶ
1065 5314 1200 5379 μάλα
1242 5322 1456 5378 σεμνῶς,
1508 5311 1823 5376 πρεσϐύτεροι
1864 5310 2021 5372 ὄντες,
2078 5307 2164 5373 τὴν

570 5394 808 5460 ἱερατείαν
856 5390 1117 5460 μετῄεσαν
1161 5387 1351 5460 λέγεται
1380 5384 1625 5460 ’δέ-ποτε.
1653 5384 1735 5433 τὸν
1785 5382 2059 5460 Ιξιάμμιρνα
2081 5382 2167 5460 *ἱε-

572 5451 789 5530 ρῶμὲνον
822 5451 1093 5514 θέάσᾶσθαι
1124 5460 1231 5524 περὶ
1260 5454 1346 5518 τὴν
1380 5454 1509 5530 ἱερὰν
1542 5454 1780 5530 τράπεζαν
1806 5457 1942 5530 μεῖον.
1960 5453 2163 5530 ἄγγεξον

573 5520 787 5595 ἔστῶτα,
824 5534 913 5585 καὶ
954 5541 1049 5583 τῶν
1097 5520 1333 5596 μονα-χῶν
1367 5522 1476 5585 τοὺς
1516 5526 1762 5592 παρόντας
1800 5520 2049 5596 ἐγγράφειν
2087 5524 2166 5583 βί-

574 5610 674 5673 ϐλῳ
702 5594 811 5657 τινί·
838 5598 949 5660 τοὺς
987 5603 1040 5653 δὲ
1070 5594 1286 5657 ἄποντας
1317 5594 1587 5673 ἐπαλείφειν
1617 5611 1629 5647 :
1674 5599 1964 5673 Praeterea
1980 5594 2164 5673 Pliilli-

571 5663 709 5728 mon
732 5682 792 5727 et
804 5677 1056 5727 Joannes
1079 5672 1137 5724 id
1154 5671 1426 5735 temporis
1449 5679 1681 5732 quoque
1692 5667 1917 5719 circiter
1927 5663 2164 5715 Diolcon

570 5747 800 5811 Egypti
828 5743 1212 5797 celeberrimis
1234 5742 1512 5806 praefuere
1534 5736 1921 5811 monasteriis.
1946 5735 2164 5811 Exqui-

570 5806 844 5870 sitissime
857 5818 1051 5867 autem
1067 5813 1385 5866 sacerdotio
1400 5809 1737 5877 (presbyteri
1748 5809 1901 5860 enim
1919 5806 2094 5871 erant)
2115 5814 2162 5855 et

569 5900 798 5940 summa
809 5898 943 5938 cum
960 5885 1277 5938 reverentia
1290 5883 1803 5948 perfungebantur.
1821 5881 2162 5928 Traditumve-

568 5971 632 6013 ro
654 5963 763 6019 est,
784 5958 1176 6010 Piammonem
1206 5954 1456 6019 quodam
1470 5958 1742 6017 tempore,
1763 5963 1899 6003 cum
1924 5952 2160 6002 Sacrum

2326 4840 2588 4903 Denique
2603 4836 2780 4891 semel
2792 4849 2893 4903 per
2911 4836 3167 4901 quinque
3179 4834 3303 4887 dies
3316 4845 3384 4886 ac
3395 4840 3563 4884 noctes
3580 4836 3865 4883 incedentes

2265 4942 2365 4994 per
2408 4941 2689 4982 eremum.
2723 4927 2822 4980 siti
2854 4939 2921 4979 ac
2944 4924 3288 4978 lassitudine
3310 4923 3613 4991 periclitati
3637 4933 3859 4975 sumus.

2266 5101 2526 5161 faciebat,
2553 5099 2767 5151 vidisse
2790 5098 2937 5149 circa
2954 5109 3175 5149 sacram
3189 5108 3447 5149 mensam
3466 5097 3712 5146 stantem
3725 5132 3736 5151 .
3749 5097 3860 5145 An-

2266 5173 2460 5236 gelum
2502 5172 2615 5233 Dei,
2651 5175 2708 5221 et
2744 5168 3051 5222 Monachos
3081 5174 3396 5232 praesentes
3418 5166 3476 5216 in
3510 5165 3652 5217 libro
3689 5166 3861 5236 scrip-

2265 5235 2430 5301 sisse,
2456 5243 2730 5293 absentes
2757 5254 2891 5292 vero
2919 5239 3054 5291 inde
3078 5238 3467 5293 delevisse.Dc
3493 5253 3551 5286 ρο
3576 5237 3742 5285 etiam
3763 5235 3859 5285 Νι·-

2265 5316 2524 5381 cephorus
2558 5313 2645 5363 lib.
2672 5313 2765 5375 XI,
2783 5327 2902 5376 cup.
2934 5311 3020 5365 35.
3047 5313 3452 5363 Roswavnus.

2332 5387 2352 5415 "
2387 5382 2691 5447 Johanne.]
2720 5384 2793 5434 De
2827 5385 2925 5431 hoc
2949 5398 3016 5432 ea:
3040 5382 3327 5433 Sozomeno
3356 5379 3671 5444 praecedenti
3714 5377 3857 5441 capi-

2266 5462 2311 5506 te
2338 5454 2723 5520 jamquzdam
2753 5454 3022 5503 dedimus:
3042 5452 3140 5518 qui
3163 5459 3415 5518 praeterea
3438 5452 3591 5501 addit
3616 5466 3630 5497 :
3651 5450 3857 5520 Ἰωάννῃ

2265 5528 2319 5580 δὲ
2347 5527 2593 5588 τοσαύτην
2640 5522 2921 5592 ἐδωρήσατο
2949 5527 3151 5591 δύναμιν
3181 5527 3209 5576 ὁ
3246 5526 3365 5581 θεὸς
3400 5525 3530 5592 κατὰ
3565 5524 3735 5575 παθῶν
3774 5506 3855 5592 ui

2263 5600 2586 5662 νοσημάτων,
2617 5595 2680 5654 ὡς
2718 5587 2925 5653 nonor):
2956 5587 3195 5650 ῖάσασθαι
3230 5587 3519 5660 ποδαγροὺς,
3557 5594 3641 5644 καὶ
3679 5594 3741 5642 τὰ
3778 5591 3854 5656 ἄρα

2263 5679 2351 5738 θρα
2380 5671 2754 5734 διαλελυμένως
2779 5687 2788 5719 :
2829 5670 3039 5721 Joanni
3058 5673 3254 5731 autem
3278 5671 3499 5718 tantam
3522 5666 3640 5717 vim
3660 5668 3854 5738 contra

2263 5733 2670 5808 aegrotationes
2694 5746 2753 5794 et
2783 5742 3017 5793 morbos
3036 5742 3190 5793 Deus
3214 5740 3528 5791 donaverat
3560 5742 3627 5788 ut
3649 5733 3855 5808 multos

2261 5806 2515 5880 podagra
2546 5813 2891 5876 laborantes,
2928 5819 2985 5867 et
3011 5812 3283 5865 articulas
3327 5809 3719 5862 membrorum
3755 5806 3849 5855 lia-

2260 5887 2467 5941 bentes
2495 5889 2805 5945 resolutos,
2836 5888 3082 5938 sanaret.
3110 5885 3512 5936 ROSWBYDUS.
