3898 6438
45 448 159 514 ΜΓ

1011 464 1353 517 HISTORIA
1387 465 1957 518 ECCLESIASTICA.
1996 466 2371 518 PREFA'I‘IO

3230 470 3333 525 462

95 567 145 624 2.
185 569 312 623 Alio
354 584 585 636 quoque
629 578 886 637 tempore
923 573 1276 626 incurrimus
1316 574 1525 641 locum,
1571 576 1631 627 in
1660 582 1707 651 Α
1800 575 1849 630 6.
1876 580 2115 629 Sextum
2139 578 2449 629 discrimen
2485 578 2656 631 nobis
2684 578 2745 629 in
2778 579 2904 643 ipso
2927 580 3165 633 ﬂumine
3208 581 3334 632 Nilo

37 672 142 723 quo
167 666 256 713 est
278 661 559 712 cuuvallis
583 662 871 726 quaedam,
898 663 1198 715 humorem
1222 677 1296 716 ex
1321 664 1631 729 semetipso
1734 665 1857 728 fuit,
1882 666 1941 716 in
1967 678 2082 729 quo
2106 668 2466 731 navigantes,
2493 679 2663 732 pcene
2683 669 2970 721 submersi
2995 681 3219 721 sumus.

36 750 275 813 gignens
293 748 532 813 salsum,
550 764 725 814 quem
740 753 1015 804 continuo
1032 753 1184 803 calor
1199 752 1336 804 solis
1352 754 1510 805 velut
1524 753 1641 806 hie-

39 838 199 890 malis
235 838 443 903 pruina
478 840 539 891 in
573 839 832 904 glaciem,
860 841 939 893 ita
976 842 1036 892 in
1070 841 1251 893 salem
1288 843 1536 906 stringit,
1581 847 1640 893 et

39 933 332 992 tamquam
371 929 547 981 sudes
574 934 793 993 acutas,
820 943 891 981 ex
914 931 1042 994 ipso
1080 930 1198 983 sale
1223 931 1399 983 efﬁcit
1424 947 1435 980 :
1462 937 1638 995 atque

33 1017 109 1068 ita
137 1018 337 1069 omnia
357 1016 454 1069 illa
476 1024 896 1082 exasperantur
916 1018 1057 1083 loca,
1084 1025 1151 1071 ut
1174 1032 1291 1071 non
1317 1019 1504 1071 solum
1526 1033 1638 1071 nu-

38 1106 139 1158 dos
161 1107 361 1171 pedes,
397 1110 460 1158 ut
480 1108 839 1159 habebamus
868 1121 995 1170 nos,
1023 1109 1122 1160 sed
1154 1114 1212 1161 et
1235 1109 1638 1161 calceamentis

38 1197 295 1248 munitos
322 1199 566 1249 terebret
588 1210 653 1249 ac
679 1202 850 1249 secet.
878 1200 944 1249 In
968 1198 1058 1250 his
1085 1211 1222 1262 ergo
1248 1199 1489 1263 inventi,
1516 1210 1640 1250 ma-

37 1299 150 1350 gno
166 1298 300 1338 cum
320 1286 571 1350 periculo
583 1287 679 1339 vix
705 1289 1015 1341 evasixnus.
1632 1282 1637 1287 ’

98 1375 151 1428 4.
178 1375 371 1428 Tertio
395 1388 529 1426 cum
552 1375 729 1427 nihilo
760 1376 953 1427 minus
982 1388 1083 1439 per
1105 1387 1361 1427 eremum
1384 1388 1643 1440 pergere-

38 1476 191 1528 mus,
208 1464 558 1517 incnrrimus
583 1463 790 1516 vallem
817 1465 1155 1529 quamdam,
1172 1465 1471 1517 humorem
1495 1480 1553 1514 ex
1571 1480 1642 1514 se-

38 1553 286 1617 metipsa
308 1552 566 1607 similiter
596 1554 828 1618 quidem
855 1555 1210 1619 gignentem,
1253 1554 1356 1606 sed
1378 1554 1526 1606 intra
1547 1567 1641 1606 se-

35 1644 343 1707 metipsam
359 1655 493 1695 eum
509 1649 856 1708 servantem,
874 1645 1040 1707 cujus
1059 1643 1246 1696 solum
1265 1644 1422 1696 saxis
1438 1646 1493 1695 et
1510 1646 1638 1694 foeti-

38 1731 112 1783 do
128 1743 300 1784 emno
314 1732 598 1796 repletum
614 1733 857 1784 transire
873 1732 1189 1797 cupientes,
1210 1746 1396 1797 usque
1412 1736 1472 1783 ad
1491 1736 1640 1782 latera

38 1821 469 1873 descendimus.
496 1823 754 1886 Cumque
765 1833 932 1887 paene
951 1822 1165 1874 ibidem
1189 1823 1249 1873 in
1269 1823 1470 1875 eadem
1490 1835 1640 1874 mer-

1797 754 1862 805 7.‘
1886 755 2223 818 Septimum,
2265 756 2327 806 in
2361 760 2584 820 stagno,
2624 756 2778 820 quod
2818 757 3012 809 Marim
3054 758 3336 810 vocabulo

1737 844 2071 907 appellatur,
2106 846 2280 895 vento
2318 844 2615 908 smviente,
2648 846 2708 896 in
2736 846 2988 897 insulam
3023 847 3334 910 quamdam

1737 933 1902 995 ejecti
1930 945 2150 997 sumus,
2174 932 2363 984 hieme
2385 933 2730 997 gravissima
2755 948 2926 998 super
2948 948 3059 1003 nos
3096 939 3154 987 et
3190 940 3335 987 tem-

1739 1026 1959 1085 pestate
1984 1021 2254 1073 fervente.
2282 1023 2416 1073 Erat
2439 1023 2595 1074 enim
2619 1027 2866 1089 tempus,
2891 1037 3005 1089 quo
3030 1027 3331 1087 Epiphanio-

1735 1121 1864 1161 rum
1890 1108 2012 1159 dies
2034 1109 2411 1160 celebrantur.

1799 1196 1850 1251 8.
1876 1198 2160 1250 Octavum
2183 1201 2377 1249 autem
2402 1197 2524 1262 fuit,
2549 1198 2703 1262 quod
2733 1212 2867 1250 cum
2899 1199 2973 1251 ad
2997 1201 3192 1252 Nitriae
3212 1213 3333 1253 mo-

1736 1287 1988 1337 nasteria
2002 1286 2347 1347 veniremus,
2366 1286 2560 1338 locum
2586 1288 2897 1351 quemdam
2920 1288 3252 1351 incidimus,
3273 1290 3331 1340 in

1738 1386 1854 1438 quo
1886 1376 2179 1427 reﬂuentis
2213 1375 2322 1426 Nili
2353 1387 2507 1439 aqua
2540 1376 2821 1441 residens,
2862 1376 3027 1429 velut
3061 1382 3331 1441 stagnum

1739 1464 2033 1528 quoddam
2069 1465 2349 1529 effecerat,
2370 1465 2430 1516 in
2458 1477 2574 1529 quo
2596 1468 2796 1519 multis
2817 1467 3019 1519 bestias
3044 1469 3334 1531 praecipue

1739 1553 2008 1606 crocodili
2028 1554 2258 1619 plurimi
2277 1559 2456 1607 erant.
2478 1555 2733 1617 Quicum
2757 1559 3012 1619 tempore
3030 1556 3166 1607 solis
3181 1557 3335 1608 exis-

1742 1648 1889 1707 sent,
1912 1643 2149 1694 resoluti
2169 1645 2320 1696 circa
2332 1656 2491 1696 oram
2513 1644 2705 1708 stagni
2716 1645 3005 1709 jacebant,
3026 1646 3107 1697 ita
3121 1650 3187 1696 ut
3200 1648 3338 1705 igno-

1738 1733 2002 1784 rantibus
2018 1733 2186 1783 nobis
2208 1733 2420 1785 mortui
2444 1733 2790 1785 viderentur.
2812 1735 2881 1785 Et
2900 1745 3033 1784 cum
3049 1732 3338 1784 accedere-

1740 1834 1873 1874 mus
1890 1822 1965 1873 ad
1982 1821 2285 1875 videndam
2302 1821 2741 1885 mirandamque
2757 1820 3219 1886 magnitudinem
3232 1824 3340 1870 bes-

38 1922 325 1975 geremur,
349 1909 745 1963 exclamantes
765 1913 838 1963 ad
861 1912 1193 1976 Dominum,
1210 1924 1405 1964 vocem
1431 1912 1639 1971 Psalmi
1663 1898 1719 1972 B
1743 1912 1972 1972 tiarum,
1993 1922 2139 1974 quas
2154 1912 2451 1962 exanimes
2466 1913 2834 1976 putabamus,
2850 1912 3124 1963 continuo
3139 1912 3342 1960 utsoni-

40 2000 410 2065 protulimus,
426 2000 709 2053 dicentes:
739 2000 964 2051 Salvum
978 2015 1060 2050 me
1075 2000 1181 2065 fac,
1200 2001 1357 2063 Deus,
1374 2002 1639 2065 quoniam

39 2091 59 2138 ἱ
65 2106 97 2137 η
106 2095 390 2139 lrauerunt
400 2106 554 2154 aquae
566 2106 734 2155 usque
744 2090 817 2140 ad
827 2091 1079 2141 animam
1088 2106 1284 2142 meam.
1298 2092 1509 2154 Inﬁmus
1522 2106 1643 2140 sum

38 2181 103 2229 in
126 2180 262 2230 limo
285 2181 572 2244 profundi,
595 2185 646 2232 et
661 2195 773 2229 non
797 2185 867 2229 es!
883 2180 1182 2231 substantia
1207 2180 1424 2244 (Psalm.
1452 2179 1578 2243 16.).

102 2270 155 2324 4.
180 2272 461 2333 Quartum
473 2269 790 2335 periculum
809 2271 1153 2335 pertulimus
1166 2271 1227 2323 in
1241 2271 1408 2334 aq-uis
1426 2273 1645 2332 quihus-

36 2361 196 2420 dam,
225 2372 357 2424 quie
380 2373 455 2411 ex
478 2359 851 2413 inundatione
876 2359 988 2411 Nili
1004 2364 1414 2422 remanserant,
1441 2360 1501 2411 in
1518 2360 1645 2423 qui-

35 2452 151 2500 bus
177 2449 367 2500 triduo
394 2450 669 2501 continuo
691 2449 907 2514 afﬂicti,
931 2449 1033 2502 vix
1057 2451 1296 2501 evadere
1328 2449 1642 2514 potuimus.

100 2538 136 2591 5
162 2534 338 2605 208
357 2539 633 2600 Quintum
653 2538 969 2604 periculum
990 2539 1100 2595 fuit
1113 2539 1280 2591 nobis
1298 2556 1326 2587 ει
1343 2541 1643 2601 latronibus,

32 2640 174 2679 cum
194 2641 366 2680 secus
389 2640 549 2680 mare
564 2629 673 2679 iter
693 2640 1018 2693 ageremus,
1035 2629 1132 2692 qui
1148 2642 1249 2693 per
1263 2629 1461 2681 decem
1485 2630 1646 2677 millia

30 2730 327 2782 passuum
347 2717 726 2781 insequentes
737 2731 864 2783 nos,
890 2730 1034 2783 quos
1057 2720 1335 2782 perimere
1359 2717 1505 2769 ferro
1526 2729 1646 2769 non

32 2811 329 2871 poterant,
354 2819 521 2871 poene
537 2807 833 2860 exanimes
852 2806 1222 2860 reddiderunt
1245 2820 1344 2872 per
1364 2807 1580 2871 fugam.

1740 2004 1864 2052 tum
1885 2000 2098 2064 pedum
2124 2003 2447 2061 senserunt,
2471 2000 2723 2061 excitati,
2749 2001 2960 2052 irruere
2994 2005 3053 2051 et
3073 2000 3342 2052 insectari

1744 2102 1852 2141 nos
1876 2090 2246 2142 vehementer
2267 2094 2580 2153 cmperunt.
2614 2092 2732 2141 Nos
2753 2094 2949 2141 autem
2973 2101 3109 2141 cum
3131 2100 3343 2153 magno

1744 2178 1992 2231 clamore
2016 2182 2074 2230 et
2092 2179 2313 2242 gemitu
2335 2191 2547 2230 nomen
2569 2178 2779 2229 Christi
2795 2178 3023 2229 Domini
3046 2178 3341 2231 invocavi-

1742 2279 1896 2331 mus,
1921 2268 2090 2331 cujus
2114 2267 2501 2318 misericordia
2519 2265 2700 2329 affuit,
2724 2270 2782 2317 et
2797 2266 2999 2318 bestim
3015 2277 3149 2329 quas
3170 2271 3339 2315 contra

1744 2368 1851 2406 nos
1865 2356 2314 2419 insurrexerunt,
2332 2355 2498 2418 quasi
2512 2355 2586 2405 ab
2602 2353 2819 2418 Angelo
2831 2367 2890 2405 re
2897 2353 3155 2418 pellente,
3171 2354 3231 2405 in
3244 2362 3341 2403 ala-

1743 2458 1925 2510 gnum
1941 2445 2202 2509 protinus
2218 2447 2485 2509 projectee
2501 2448 2657 2506 sunt,
2674 2456 2782 2496 nos
2798 2448 2993 2495 autem
3011 2458 3163 2492 cursu
3182 2445 3235 2491 in
3244 2450 3318 2491 ten
3331 2468 3347 2479 -

1743 2538 1801 2586 to
1816 2534 1889 2586 ad
1912 2535 2261 2587 monasteria
2280 2534 2708 2596 festinavimus,
2726 2533 2942 2598 gratias
2958 2537 3197 2598 agentes
3219 2534 3338 2584 Deo

1742 2629 1963 2688 nostro,
1987 2624 2210 2688 quinos
2233 2625 2302 2676 de
2326 2624 2503 2676 tantis
2528 2624 2794 2689 periculis
2809 2623 3086 2686 liberavit,
3103 2627 3161 2674 et
3184 2626 3343 2675 tanta

1743 2716 1912 2767 nobis
1937 2714 2191 2766 ostendit
2214 2714 2513 2767 mirabilia.
2541 2714 2657 2779 Ipsi
2674 2714 2853 2779 gloria
2873 2718 2930 2766 et
2952 2715 3135 2766 honor
3155 2713 3216 2764 in
3240 2726 3343 2764 sa:-

1745 2804 1873 2856 cula
1897 2803 2261 2857 saeculorum.
2294 2808 2492 2856 Amen.

36 2992 3336 3053 ω-

444 3200 903 3306 RUFINI
1024 3193 1992 3320 AQUILEIENSIS
2125 3191 2955 3301 PRESBYTERI

712 3381 831 3455 1N
902 3380 1194 3455 SUAM
1261 3379 1406 3454 ET—
1476 3376 1905 3452 EUSEBII
1979 3372 2700 3475 C/ESARIENSIS

777 3532 1186 3660 LATINAM
1268 3531 1389 3656 AB
1469 3530 1593 3655 ΕΟ
1676 3527 2032 3654 FACTAM
2114 3525 2630 3651 HISTORIAM

218 3678 227 3684 .
330 3754 514 3852 AD
585 3749 1456 3850 CHROMATIUM
1519 3758 1554 3798 ³
1616 3745 2338 3844 EPISCOPUM
2396 3744 3074 3859 AQUILEI/E

926 4200 931 4205 ,
1148 3961 2232 4253 ᾔβτκὶῆιίο.

122 4462 249 4534 20
264 4458 517 4531 9-210
544 4458 867 4511 Peritorum
889 4456 1096 4509 dicunt
1125 4466 1255 4507 esse
1280 4453 1659 4515 medicorum,
1674 4450 1775 4502 ubi
1794 4447 2094 4502 imminere
2105 4446 2369 4509 urbibus,
2386 4445 2481 4497 vel
2496 4444 2832 4509 regionibus
2849 4442 3109 4508 genrales
3129 4446 3349 4497 viderint

26 4564 311 4626 morbos,
330 4559 633 4627 providere
655 4556 892 4621 aliquod
914 4552 1341 4616 medicamenti,
1366 4551 1459 4605 vel
1473 4550 1662 4616 poculi
1681 4558 1890 4613 genus,
1914 4552 2032 4613 quo
2055 4544 2387 4612 praemuniti
2408 4542 2698 4607 homines,
2717 4544 2791 4595 ab
2806 4543 3137 4596 imminenti
3151 4543 3349 4597 defen-

22 4665 162 4717 dan
171 4667 271 4715 tur
295 4658 489 4712 exitio.
507 4655 669 4720 Quod
687 4661 750 4709 tu
773 4666 1024 4720 quoque,
1040 4650 1379 4705 Venerando
1402 4649 1565 4701 Pater
1579 4645 1888 4712 Chromati,
1907 4644 2211 4699 medicinae
2224 4654 2556 4707 exsequens
2576 4653 2781 4708 genus,
2800 4646 3058 4706 tempore
3070 4654 3203 4706 quo,
3221 4641 3242 4671 δ
3262 4641 3346 4693 di-

97 4837 119 4856 -
150 4827 427 4877 Barmus
450 4819 648 4873 scribit
670 4817 980 4889 Pontiﬁcem
1002 4816 1315 4889 Maximum
1339 4830 1354 4864 :
1374 4811 1515 4866 falso
1538 4811 1654 4864 uti-
1679 4813 1729 4889 ρ
1754 4808 2036 4889 diceretur
2049 4820 2125 4860 ex
2147 4803 2515 4889 occidentali,
2534 4805 2657 4889 sive
2682 4803 2887 4889 {latina
2898 4804 3178 4889 Ecclesia.
3194 4809 3351 4889 Crete:

17 4876 192 4966 que}
218 4893 423 4966 nullus
441 4899 635 4966 ωωθη
649 4876 1029 4966 ἀιξδῑιὸιςιιιίξι
1045 4888 1117 4966 εέΡ
1139 4889 1414 4966 θὲθωιῗίδῗί
1432 4900 1527 4966 ειὲο
1547 4898 1653 4966 mﬁ‘
1685 4876 1729 4889 ν
1752 4892 1885 4966 ΨΒ
1896 4879 2080 4966 99ξὲΞῖ
2095 4876 3347 4966 31.95103.9133399399sflcﬁﬁtgi‘ﬂﬂﬂ’f’i’l

18 4947 373 5031 Euseripto.
392 4965 536 5016 Cum
550 4963 703 5015 enim
716 4962 776 5013 in
791 4947 1043 5024 antiquis
1056 4958 1236 5023 libris,
1248 4947 1319 5031 ut
1334 4961 1392 5010 et
1407 4958 1571 5018 prima
1585 4958 1655 5031 si-
1754 4951 1949 5031 verbis
1965 4949 2234 5031 indigeat.
2257 4950 2771 5031 Hieronymusnsua
2884 4949 3066 5011 Opera
3081 4948 3349 5031 quﬁmdam

16 5018 538 5099 Eli-ardfeditione,
564 5034 912 5086 Chromatius
924 5018 1517 5095 Episcopus'Romanus
1532 5028 1657 5077 scri-
1755 5020 2064 5085 inscripsit,
2088 5021 2149 5099 in
2171 5032 2487 5099 eorumque
2508 5018 2944 5099 Praefationibus
2975 5032 3107 5070 eum
3133 5019 3347 5099 Episco-

21 5090 224 5167 batur
236 5111 374 5175 (qua
389 5107 458 5158 de
471 5090 902 5169 re'disputatum
919 5090 1215 5175 tantopere
1232 5102 1379 5175 inter
1392 5100 1653 5175 eruditos),
1753 5107 1953 5175 parum
1973 5091 2403 5175 sanctissimum,
2418 5095 2584 5175 atque
2600 5090 2967 5175 doctissimum
2990 5095 3174 5175 vocat.
3188 5174 3195 5175 ί
3208 5173 3229 5175 Α
3248 5165 3258 5175 ι
3275 5162 3283 5172 .

15 5161 573 5239 ξξάἷὸἰὲᾟειηεθᾶηὶ
589 5161 828 5240 scriptor
845 5174 1017 5226 licere
1034 5161 1368 5233 sibiduxerit,
1386 5185 1533 5233 quem
1553 5172 1655 5218 dici
1820 5165 1841 5194 ¹’
1856 5166 2101 5240 Primam
2128 5163 2290 5240 notat
2309 5161 2876 5240 _Gothorum_
2890 5162 3062 5240 pllCiS
3072 5161 3350 5240 irruptio-

186 5230 588 5317 sEpiscopum
599 5230 819 5313 putabat,
834 5247 1146 5309 Pontiﬁcem
1157 5230 1471 5317 Maximum
1481 5243 1655 5317 appel-
1756 5249 1888 5289 nem
1906 5236 1962 5286 in
1978 5232 2258 5317 italiam,J
2267 5232 2396 5317 ullis
2412 5230 3207 5317 alpibussuperattis,_an;rl)om.
3227 5231 3348 5317 €00.

194 5302 400 5375 bii—eam
413 5302 647 5371 inferius
665 5320 734 5370 de
743 5302 851 5369 alia
864 5302 1128 5370 codicum
1139 5302 1659 5367 Vaticanorum‘hac
1758 5318 1893 5372 (tum
1907 5305 2059 5383 egit!)
2073 5304 2200 5383 alii?
2217 5303 2584 5383 postmodum
2606 5314 2760 5353 anno
2777 5302 2897 5383 ΜΕ.
2924 5310 2972 5383 οξ
2986 5302 3109 5364 408,
3131 5308 3350 5383 conlige:

10 5407 163 5468 ipsa
183 5396 261 5447 de
280 5405 509 5468 caussa,
525 5391 977 5468 interpolatione:
995 5389 1175 5468 Errori
1192 5402 1361 5468 ausam
1379 5386 1658 5468 praebuisse

10 5460 304 5525 creditur
315 5465 559 5518 Albinus
574 5464 741 5514 Libro
753 5467 951 5514 contra
963 5460 1230 5512 hmresim
1244 5460 1421 5507 Felicis
1432 5461 1485 5506 in
1499 5463 1659 5505 vetus-

14 5552 82 5599 to
116 5553 241 5593 ms.
270 5538 423 5588 inter
446 5534 735 5587 Palatinos
752 5532 1120 5585 Bibliotheca
1146 5533 1442 5601 Vaticana
1464 5530 1659 5592 (quem

12 5618 241 5671 laudat
254 5608 639 5671 Fontaninus,
653 5612 709 5658 et
727 5603 1101 5669 septingentis
1117 5600 1190 5654 ab
1204 5601 1339 5653 hinc
1353 5600 1521 5652 annis
1533 5610 1664 5650 exa-
1759 5600 2010 5660 quidem,
2035 5600 2100 5644 ut
2120 5600 2328 5671 r‘ontan

256 5656 745 5745 “(illamillam
766 5656 1050 5729 intervalla
1066 5678 1300 5728 Patrum
1328 5673 1661 5725 Latinorum
1759 5656 1980 5745 cesset,
1993 5676 2067 5716 ne
2093 5661 2431 5745 cumprime
2454 5656 3289 5745 confuuAderet‘ll-{zull‘aucautem
3313 5667 3359 5707 et

13 5729 771 5830 ιέἓέῖῖνέεὲδέῐέέἰίὲοόὼ
786 5749 876 5801 τοι·
892 5745 974 5802 η’-
996 5749 1160 5815 ιηιδαιν
1181 5745 1675 5830 ονινοητίξτίιέεαῖεο·
1763 5744 1881 5830 ίοιξξ
1896 5729 3357 5830 διξυδθίιυείηξὲξοέλὲῗιξξιέἑὲἓὲἒὲ2κὲοὲὲὲἓὲἱᾚίἳὲ

11 5797 391 5902 ξζέιεῖιῖινξιῖ
401 5797 1019 5876 ᾖδῇξίξῖἇξῖιᾶἧέῖθε
1050 5797 1363 5871 ECCLESLE
1386 5815 1449 5867 in
1473 5797 1659 5902 ιίῡέιιο,
1762 5822 1830 5902 eo
1846 5808 1997 5890 licet,
2007 5797 2123 5902 non
2138 5808 2332 5902 stath
2524 5797 2997 5902 λῐεξὲςςῖιξῖθέὶεξὲ
3005 5803 3138 5902 ἓξξι
3140 5802 3357 5902 322231

10 5869 426 5974 3221;32:3345
438 5869 1121 5957 gallinam};litiget,
1139 5893 1246 5941 etc.
1266 5892 1519 5974 Laudatus
1534 5869 1664 5970 Fonf
1762 5869 2034 5974 temporis
2052 5881 2321 5974 spatium.
2343 5869 3362 5974 mfpum‘,0§f:i§§ﬂgf‘ifigﬁf}nf:

762 5942 861 6031 pro
886 5942 1293 6026 Latinz'accipi
1314 5959 1497 6025 jubet,
1520 5970 1587 6010 ac
1616 5958 1665 6010 si
1765 5953 1828 6003 (is
1843 5942 2001 6002 εώἰτὶἰ
2013 5942 2239 6018 aliquod
2248 5948 2565 6009 remedium,
2584 5942 3024 6005 iuducendamque
3039 5942 3359 5994 obliuionem

1758 5384 1911 5432 runt.
1938 5379 2044 5430 Sed
2068 5381 2134 5427 ut
2149 5377 2220 5426 de
2237 5374 2401 5425 tertia
2421 5372 2660 5425 minime
2674 5386 2809 5425 eum
2834 5377 2970 5435 loqui
2995 5382 3200 5437 constet,
3221 5377 3352 5437 quod

1757 5449 2137 5506 Chromatius,
2154 5447 2247 5498 cui
2269 5446 2428 5508 Opus
2442 5444 2791 5508 inscribitur,
2812 5450 2950 5496 tunc
2970 5447 3242 5510 temporis
3257 5461 3354 5496 non

1757 5524 2074 5576 adviveret:
2096 5521 2172 5571 ita
2186 5531 2292 5570 nec
2305 5516 2372 5567 de
2393 5514 2646 5566 secunda
2662 5527 2763 5577 par
2773 5515 3002 5567 credere
3013 5524 3089 5565 est
3111 5518 3272 5582 loqui,
3286 5520 3352 5567 si-

1759 5596 2010 5660 quidem,
2035 5596 2100 5644 ut
2119 5588 2434 5643 Fontanius
2458 5587 2881 5660 observat,eam
2906 5590 3206 5660 explicatius
3228 5591 3360 5638 indi-
