3898 6408
613 394 719 468 463
1155 412 1391 464 RUFINI
1424 406 1920 471 AQUILEIENSIS
1956 403 2395 455 PRESBYTERI
2430 403 2614 455 HIST.
2650 400 2930 455 ECCLES.
2966 403 3361 455 PREFATIO.
3747 348 3835 414 ξπ

609 526 798 590 ruptis
826 525 1004 579 Italia
1024 500 1289 576 claustris
1310 523 1385 575 ab
1399 521 1626 574 Alarico
1648 517 1796 569 duce
1812 514 2147 581 Gothorum,
2166 527 2229 568 se
2253 514 2488 579 pestifer
2506 515 2744 567 morbus
2761 514 2998 580 infudit,
3012 519 3068 567 et
3086 527 3277 581 agros,
3293 519 3575 577 armenta,
3595 517 3730 566 viros
3745 519 3845 566 Ion.

616 614 852 678 lateque
877 613 1151 676 vastavit,
1163 611 1388 677 populis
1414 609 1572 662 tibia
1592 610 1712 660 Deo
1737 605 2065 658 commissis
2097 603 2289 657 feralis
2313 604 2473 657 exitii
2500 603 2734 669 aliquod
2754 603 3082 657 remedium
3102 616 3395 669 quarens,
3420 617 3521 670 per
3543 605 3697 669 quod
3723 618 3829 671 agi

612 708 840 755 mentes
863 702 936 753 ab
957 700 1280 765 ingruentis
1295 699 1430 751 mali
1452 697 1800 761 contagione
1816 695 2150 757 subtracta,
2169 693 2501 746 melioribus
2514 699 2813 758 occupata
2826 692 3040 746 studiis
3063 698 3411 746 tenerentur:
3426 693 3506 758 inj
3514 694 3689 757 ungis
3698 696 3821 743 mihi
3833 702 3877 743 ut

613 791 1080 844 Ecclesiasticam
1101 789 1424 853 historiam,
1449 799 1622 852 qnam
1648 787 1733 838 vir
1748 784 2175 838 eruditissimus
2200 783 2485 836 Eusebius
2509 783 2885 835 Caesariensis
2911 783 3113 836 Graco
3141 794 3408 836 sermone
3430 791 3448 812 ³
3465 784 3816 849 conscripsit,
3832 784 3882 835 in

612 879 881 930 Latinum
902 882 1121 930 vertam
1140 894 1152 929 :
1183 876 1268 945 21
1291 875 1513 944 1-212
1541 876 1710 939 cujus
1728 874 1972 927 lectione
1988 875 2221 927 animus
2234 874 2596 926 audientium
2614 872 2863 937 vinctus,
2881 872 3021 925 dum
3038 872 3309 925 notitiam
3324 885 3517 925 rerum
3545 881 3791 933 gestarum
3813 867 3881 921 avi

611 964 741 1017 dius
758 966 919 1031 petit,
933 966 1282 1018 oblivionem
1298 965 1724 1031 quodammodo
1739 963 2046 1026 malorum,
2066 975 2197 1027 qua
2212 967 2561 1027 gererentur,
2578 962 2879 1027 acciperet.
2912 964 2961 1014 A
2979 974 3094 1027 quo
3110 974 3217 1026 ego
3244 973 3413 1026 opere
3430 976 3545 1010 cum
3561 976 3796 1011 excusare
3814 977 3878 1009 me

608 1053 834 1118 vellem,
862 1058 1059 1118 utpote
1082 1054 1317 1106 inferior
1339 1058 1398 1106 et
1420 1054 1623 1118 impar,
1650 1058 1706 1105 et
1730 1053 1831 1116 qui
1850 1052 1909 1103 in
1930 1056 2051 1104 tam
2072 1051 2271 1103 multis
2293 1050 2466 1103 annis
2490 1063 2664 1103 usum
2691 1050 2879 1103 Latini
2901 1050 3184 1102 sermonis
3208 1049 3520 1112 amiserim,
3539 1049 3883 1102 consideravi

608 1142 765 1206 quod
791 1156 909 1195 non
935 1145 1155 1206 absque
1170 1143 1361 1207 aliquo
1381 1142 1727 1207 Apostolica
1743 1141 1763 1171 "
1777 1141 2161 1193 institutionis
2177 1139 2378 1192 ordine
2398 1139 2569 1191 nobis
2585 1140 2698 1191 ista
2712 1139 3076 1204 praciperes.
3100 1140 3244 1190 Nam
3271 1142 3330 1190 et
3345 1150 3479 1189 cum
3495 1139 3775 1190 Dominus
3788 1139 3883 1189 ali-

606 1231 842 1296 quando
866 1233 1261 1284 esurientibus
1277 1233 1335 1284 in
1350 1232 1581 1284 deserto
1596 1230 1929 1284 auditorum
1954 1230 2159 1293 turbis,
2187 1228 2436 1281 dixisset
2452 1228 2532 1281 ad
2547 1228 2857 1293 Apostolos
2884 1243 2897 1280 :
2912 1228 3045 1278 Date
3058 1228 3131 1277 eis
3145 1243 3231 1278 vos
3246 1228 3586 1277 manducare
3601 1242 3615 1278 :
3638 1230 3885 1290 Philippus

604 1334 757 1372 unus
775 1334 845 1372 ex
861 1321 1152 1385 Apostolis
1164 1321 1511 1385 intelligens,
1532 1334 1597 1372 eo
1612 1320 1799 1385 magis
1815 1319 2217 1385 splendescere
2233 1319 2447 1371 divina
2467 1318 2701 1370 virtutis
2714 1317 2985 1382 insignia,
2999 1317 3049 1369 si
3064 1317 3357 1371 minorum
3370 1329 3729 1381 quorumque
3749 1318 3888 1366 mini-

619 1408 810 1460 steriis
829 1408 1214 1474 explerentur,
1241 1422 1359 1462 non
1380 1409 1620 1474 protulit
1642 1420 1824 1473 panes
1840 1407 2185 1473 Apostollca
2196 1406 2523 1459 reconditos
2546 1417 2719 1471 pera,
2743 1405 2847 1458 sed
2868 1406 3176 1470 puerulum
3196 1405 3405 1459 adesse
3427 1405 3584 1469 dicit,
3594 1405 3891 1457 habentem

612 1497 869 1560 quinque
891 1508 1087 1562 panes,
1113 1502 1171 1550 et
1188 1497 1337 1549 duos
1363 1499 1569 1562 pisces.
1586 1499 1770 1559 Quem
1792 1495 2116 1550 verecunde
2139 1508 2446 1560 excusans,
2460 1494 2694 1559 adjecit:
2714 1494 2935 1545 Sedhac
2951 1495 3224 1560 quidsunt
3242 1495 3383 1544 inter
3398 1499 3572 1544 tantos
3588 1494 3888 1556 (Mattth;

613 1584 782 1636 Marc.
818 1585 876 1650 6;
900 1586 1026 1636 Luc.
1051 1585 1123 1650 9.)
1147 1590 1173 1637 σέ
1198 1599 1313 1650 quo
1335 1586 1523 1651 magis
1546 1587 1606 1639 in
1624 1585 1889 1650 angustis
1907 1586 2115 1650 opibus
2131 1590 2190 1638 et
2205 1584 2527 1650 desperatis
2543 1583 2697 1636 clara
2712 1583 2875 1637 fieret
2890 1583 3081 1636 divina
3094 1583 3369 1649 potentia.
3382 1583 3583 1649 Sciens
3594 1597 3709 1645 ergo
3722 1598 3778 1631 ex
3794 1584 3892 1650 illis

614 1678 669 1724 te
689 1686 919 1738 quoque
945 1674 1296 1726 descendere
1318 1674 1657 1739 disciplinis,
1684 1674 2020 1727 recordatus
2044 1674 2200 1738 quod
2214 1673 2455 1739 Philippi
2469 1672 2731 1725 fortassis
2744 1671 3032 1737 exemplo,
3046 1671 3145 1724 ubi
3163 1672 3438 1736 pascendi
3457 1673 3652 1724 turbas
3672 1677 3892 1735 tempus

613 1761 827 1823 vidisti,
850 1762 1158 1828 puerulum
1176 1765 1604 1828 subrogaveris,
1626 1764 1726 1827 qui
1742 1776 1923 1828 panes
1938 1764 2173 1828 quidem
2191 1763 2449 1827 quinque
2460 1763 2607 1814 sicut
2619 1766 2933 1827 acceperat,
2950 1761 3273 1826 duplicatos
3290 1762 3611 1827 adhiberet,
3623 1763 3684 1809 ad
3699 1764 3892 1822 explen-

619 1850 759 1901 dum
783 1855 980 1904 tamen
1008 1851 1425 1917 Evangelicum
1453 1853 1909 1916 Sacramentum,
1922 1852 2147 1918 proprio
2158 1851 2353 1904 labore
2368 1854 2571 1917 captos
2586 1850 3005 1903 adderetetiam
3030 1850 3340 1915 pisciculos
3358 1852 3524 1915 duos,
3541 1865 3769 1911 egressus
3782 1867 3892 1899 sum

616 1940 876 2004 exsequi,
901 1946 966 1992 ut
989 1941 1168 2005 potui,
1189 1941 1344 2005 quod
1358 1946 1946 2006 praceperaszcertus
1959 1941 2116 2006 quod
2128 1941 2430 1994 excusabit
2448 1940 2749 2005 imperitia
2775 1944 2991 1993 nostra
3012 1940 3231 2009 culpas,
3255 1944 3596 2002 praecipientis
3610 1942 3892 1991 auctoritas.

654 2028 985 2083 Sciendum
1018 2042 1158 2082 sane
1194 2036 1300 2093 est,
1331 2030 1485 2095 quod
1513 2031 1781 2083 decimus
1811 2030 1955 2083 liber
1987 2031 2164 2096 hujus
2189 2031 2378 2097 operis
2406 2032 2467 2081 in
2495 2032 2715 2089 Graco,
2740 2030 3016 2093 quoniam
3036 2042 3345 2094 perparum
3367 2029 3621 2082 habebat
3646 2028 3705 2080 in
3723 2029 3892 2080 rebus

614 2118 811 2184 gestis,
836 2131 939 2185 per
959 2118 1182 2183 reliqua
1208 2119 1403 2171 omnia
1418 2119 1479 2171 in
1502 2120 1914 2185 Episcoporum
1932 2121 2290 2185 panegyricis
2313 2119 2673 2183 tractatibus,
2690 2117 2834 2170 nihil
2847 2117 2921 2170 ad
2938 2118 3241 2170 scientiam
3260 2130 3455 2170 rerum
3474 2117 3892 2171 conferentibus

612 2211 949 2272 occupatus,
990 2208 1224 2259 omissis
1268 2220 1400 2272 qua
1434 2209 1782 2262 videbantur
1815 2210 2127 2274 superflua,
2161 2208 2419 2261 historia
2446 2208 2495 2260 si
2520 2208 2657 2271 quid
2681 2208 2901 2269 habuit,
2927 2219 3084 2259 nono
3111 2208 3520 2272 conjunximus
3555 2204 3715 2270 libro,
3755 2212 3811 2259 et
3850 2208 3892 2258 ir

610 2295 737 2360 ipso
762 2295 996 2355 Eusebii
1031 2297 1344 2349 narrationi
1385 2297 1487 2362 [Αι.
1517 2298 1880 2362 narrationis]
1923 2298 2192 2351 dedimus
2227 2298 2420 2350 finem.
2441 2298 2732 2349 Decimum
2764 2310 2898 2350 vero
2926 2303 2983 2351 et
3002 2297 3371 2350 undecimum
3390 2297 3604 2349 librum
3629 2309 3736 2349 nos
3759 2309 3875 2348 con

609 2386 955 2451 scripsimus
973 2386 1182 2451 partim
1206 2400 1278 2439 ex
1299 2389 1585 2452 majorum
1609 2388 2032 2452 traditionibus,
2050 2388 2258 2453 partim
2276 2401 2350 2441 ex
2368 2388 2459 2439 his
2483 2399 2616 2451 qua
2631 2393 2830 2439 nostra
2845 2388 2963 2452 jam
2980 2387 3258 2440 memoria
3275 2388 3742 2448 comprehenderat:
3761 2394 3804 2435 et
3817 2403 3875 2437 ec

613 2474 775 2527 velut
806 2475 952 2527 duos
980 2475 1290 2540 pisciculos
1315 2489 1490 2543 supra
1514 2477 1742 2541 scriptis
1764 2478 2012 2542 panibus
2025 2478 2374 2530 addidimus.
2394 2480 2549 2540 Quos
2567 2477 2616 2529 si
2633 2482 2697 2530 tu
2715 2485 2733 2506 °
2748 2477 3205 2542 probaveris,vel
3222 2476 3607 2541 benedixeris,
3623 2489 3723 2541 pro
3738 2482 3892 2529 certc

612 2564 901 2626 confidam
935 2565 1091 2629 quod
1127 2566 1421 2619 sufficient
1448 2567 1658 2619 turbis.
1691 2567 1954 2620 Continet
1990 2574 2187 2621 autem
2222 2567 2376 2620 idem
2414 2578 2588 2619 omne
2624 2579 2771 2631 opus
2810 2578 2904 2618 res
2936 2566 2997 2618 in
3020 2566 3275 2619 Ecclesia
3310 2570 3508 2632 gestas
3540 2578 3578 2618 a
3600 2564 3891 2619 Salvator-it

612 2654 984 2717 Ascensione,
1015 2655 1070 2704 et
1092 2653 1385 2719 deinceps.
1410 2656 1604 2708 Nostri
1626 2668 1760 2709 vero
1782 2656 1899 2711 duo
1922 2655 2102 2710 libelli
2123 2668 2159 2709 a
2184 2656 2541 2723 temporibus
2565 2655 2937 2709 Constantini
2958 2661 3091 2721 post
3116 2656 3592 2722 persecutionem,
3617 2667 3810 2720 usque
3835 2667 3891 2707 ai

613 2740 839 2792 obitum
863 2740 1170 2794 Theodosii
1193 2743 1463 2807 Augusti.

613 2877 1011 2942 quodammodo
1033 2877 1308 2928 malorum
1330 2880 1790 2944 qua‘gererentur.
1809 2882 2205 2943 Scripseritadeo

613 2952 740 2999 hac
752 2948 996 3000 Rufinus
1012 2949 1342 3013 insequenti
1356 2963 1512 3003 anno
1528 2951 1626 3006 401
1637 2954 1887 3013 .Nuperus
1902 2955 2113 3013 hujusce
2123 2955 2205 3001 Hi-

2376 2880 2396 2909 δ
2429 2882 2784 2933 interserunt
2830 2880 2969 2930 sedis
3007 2881 3183 2934 iidem
3216 2880 3417 2934 Vadic.
3441 2881 3689 2935 codices.
3716 2887 3891 2948 Atqu

2309 2951 2419 3004 hoc
2436 2957 2544 3014 est,
2570 2952 2727 3016 quod
2744 2951 3100 3016 dicebamus,
3119 2952 3392 3017 deceptos
3407 2952 3544 3005 olim
3559 2957 3862 3016 Antiquario

611 3022 800 3073 storia
823 3020 1025 3072 editor.
1050 3023 1112 3072 F.
1126 3022 1448 3073 Cacciarius
1459 3021 1782 3085 Carmelita,
1795 3039 1909 3072 cum
1923 3026 1982 3073 de
1997 3029 2087 3073 hac
2099 3027 2208 3085 ipsa

611 3090 925 3156 irruptione
938 3102 1267 3143 sermonem
1279 3106 1426 3156 esse,
1438 3106 1558 3145 non
1573 3093 1905 3155 diffiteatur,
1923 3097 2207 3143 rationibus

610 3164 804 3214 tamen
822 3162 1212 3214 subducendis
1224 3170 1440 3229 peccat,
1453 3177 1589 3216 nim
1606 3169 1662 3216 et
1678 3165 1965 3217 Alaricum
1978 3173 2211 3226 putatag—

608 3244 881 3295 gressum
900 3238 1126 3283 vastare
1146 3235 1367 3284 Italiam
1392 3246 1484 3285 an.
1500 3235 1624 3298 401,
1643 3240 1699 3286 et
1716 3237 2045 3284 Ruﬁnianum
2058 3238 2208 3285 hocce

613 3315 761 3367 opus
776 3303 835 3354 in
855 3302 1255 3367 insequentem
1267 3301 1391 3359 402.
1406 3304 1607 3356 differt.
1627 3304 1795 3356 Fallit
1809 3309 1955 3355 etiam
1972 3309 2207 3357 lectorem

612 3384 785 3435 quem
795 3373 966 3436 jubet
975 3373 1273 3426 consulere
1286 3387 1411 3426 sua
1427 3376 1862 3427 Dissertationls
1873 3379 2078 3426 alterum
2100 3392 2211 3438 par-

614 3450 749 3507 tem,
785 3443 884 3495 ubi
918 3456 1021 3495 nec
1054 3448 1230 3496 verbo
1263 3450 1435 3497 tenus
1466 3446 1572 3497 hac
1604 3446 1675 3498 de
1705 3459 1765 3498 re
1787 3447 2062 3510 loquitur.
2091 3449 2208 3500 Nos

612 3512 767 3578 quod
787 3513 931 3565 bene
953 3514 1127 3566 habet
1148 3515 1204 3566 in
1231 3516 1492 3567 Editione
1513 3516 1628 3579 illa,
1652 3518 1950 3570 variantes
1974 3518 2211 3571 laudare

613 3584 878 3637 codicum
894 3586 1296 3637 Vaticanorum
1312 3586 1607 3650 lectiones,
1624 3590 1955 3653 nostrisque
1966 3590 2209 3654 adpone-

614 3667 691 3719 re,
730 3668 851 3707 non
893 3659 1405 3720 pratermittemus
1447 3673 1460 3709 :
1502 3659 1664 3711 labes
1697 3661 1908 3723 quibus
1944 3661 2209 3726 plurimis

614 3730 813 3783 scatet,
848 3739 963 3790 quo
1000 3727 1073 3778 ad
1104 3728 1233 3792 ejus
1268 3727 1387 3780 fieri
1421 3731 1648 3794 poterit,
1689 3731 2207 3785 dissimulabimus.

673 3806 693 3826 ·
713 3800 840 3868 Duo
867 3798 1122 3851 Vatican.
1148 3811 1290 3851 mss.
1316 3804 1462 3853 teste
1486 3802 2206 3868 Cacciario,conscripserat,

614 3868 670 3916 in
707 3867 969 3919 Latinum
992 3876 1367 3923 converterem.
1800 3910 1805 3915 ι

2307 3022 2406 3085 qui
2430 3023 2709 3073 Romanus
2730 3024 3045 3088 Episcopus,
3069 3029 3116 3074 et
3147 3025 3404 3074 Romana
3427 3025 3643 3075 antistes
3666 3025 3845 3077 Bedes

2307 3094 2691 3155 Chromatius,
2709 3098 2843 3157 quia
2859 3095 3077 3147 ratione
3091 3108 3283 3159 quove
3300 3108 3474 3148 sensu
3485 3096 3791 3161 diceretur,
3809 3113 3843 3147 ιι
3856 3140 3871 3145 -
3890 3142 3891 3145 η

2308 3166 2580 3217 assecuti.
2610 3166 2775 3216 Urbis
2799 3168 3021 3230 proprie
3048 3169 3409 3232 Episcopum,
3429 3171 3488 3219 et
3509 3169 3792 3223 Romana
3822 3174 3875 3221 c‘

2310 3238 2586 3288 tinentem
2610 3237 2954 3289 Cathedram
2968 3239 3235 3291 Ecclesia
3251 3237 3508 3290 denotari
3533 3242 3839 3291 existimare

2307 3320 2415 3361 nec
2437 3308 2603 3359 veriti
2627 3313 2768 3360 sunt
2790 3309 3140 3373 exemplaria
3151 3322 3259 3362 sua
3267 3311 3626 3374 interpolare,
3644 3312 3787 3369 utin
3799 3326 3853 3376 ej

2308 3379 2543 3442 grapbe,
2558 3378 2654 3430 ubi
2670 3380 2981 3443 Pontiﬁcem
2993 3381 3499 3445 maximum,atque
3511 3380 3767 3445 beic,uoi
3782 3386 3851 3447 A;

2308 3450 2500 3500 stolica
2514 3448 2650 3499 sedis
2676 3451 3023 3501 institutionis
3047 3452 3238 3502 ordine
3263 3453 3541 3504 scribunt.
3555 3453 3768 3507 Recole
3788 3468 3842 3520 q-

2310 3521 2481 3572 modo
2505 3521 2950 3575 observavimus
2975 3523 3109 3587 (huj.
3138 3524 3217 3573 ed.
3241 3539 3286 3573 c.
3309 3524 3584 3586 461,n.a).
3604 3527 3835 3575 Diciturt
3882 3568 3891 3571 ,η

2312 3592 2662 3657 Hieronymo
2674 3594 2734 3645 in
2745 3594 3087 3646 Prafatione
3104 3597 3459 3644 Commentarii
3470 3597 3525 3644 in
3536 3596 3743 3647 Ahacuc
3757 3598 3836 3650 Cl.
3886 3638 3892 3647 .

2314 3665 2513 3712 matius
2528 3670 2746 3714 sanctus
2755 3672 2801 3714 et
2816 3665 3136 3716 venerabilis
3150 3666 3333 3730 Papa;
3350 3665 3451 3717 sed
3465 3668 3656 3715 nemini
3673 3676 3823 3719 vetus
3836 3711 3851 3717 -
3890 3708 3891 3713 η

2311 3747 2379 3786 ac
2389 3736 2607 3799 passim
2620 3736 2793 3788 obvia
2802 3736 3039 3789 honoris
3050 3736 3407 3801 compellatio
3420 3736 3603 3789 fraudi
3613 3753 3728 3788 esse
3740 3752 3823 3803 pot

2378 3816 2395 3835 ο
2420 3808 2707 3872 Praponit
2742 3807 2820 3857 vel
2855 3820 2989 3859 cum
3026 3809 3208 3859 Vatic.
3235 3807 3489 3873 quinque
3511 3821 3652 3862 mss.
3687 3812 3891 3863 Caeci-ﬂ

2315 3877 2455 3941 rius,
2481 3878 2581 3943 qui
2603 3884 2662 3931 et
2685 3890 2823 3931 mox
2846 3878 3256 3943 vitiosehabet,
3291 3885 3337 3928 et
3361 3894 3424 3930 ac
3447 3879 3712 3947 deinceps,
3868 3914 3892 3947 ,τ

3826 4026 3827 4029 η
3869 4001 3892 4027 "l

614 4046 3892 4105 _____________________________________1

3887 4142 3892 4155 ο

1472 4215 1955 4276 EJUSDEM
2026 4219 2148 4295 IN
2214 4218 3052 4282 SUBSEQUENTES
3812 4214 3892 4321 ,ξ

1193 4411 1552 4520 DUOS
1650 4414 2357 4526 HISTORLE
2461 4418 2761 4527 sua:
2859 4420 3349 4531 LIBROS
3782 4502 3785 4503 ε

1951 4652 2581 4775 Praefatio.

3882 4646 3892 4675 η

1700 5013 2028 5090 RUFIN
2034 5014 2162 5091 US

2321 5016 2700 5096 ECTORI
2759 5001 2831 5094 ³.
3370 5078 3375 5081 λ
3820 4998 3892 5105 Ἀ

697 5218 1049 5292 213-214Ι
1079 5225 1399 5290 Hucusque
1421 5229 1591 5282 nobis
1610 5230 1901 5285 Eusebius
1926 5232 1945 5261 ι’
1972 5248 2165 5287 rerum
2187 5236 2248 5288 in
2287 5238 2546 5292 Ecclesia
2567 5246 2863 5305 gestarum
2891 5247 3224 5299 memoriam
3261 5246 3509 5299 tradidit.
3536 5251 3770 5301 Catera
3798 5220 3892 5317 ve;

610 5324 742 5373 qua
768 5325 956 5376 usque
979 5316 1050 5366 ad
1080 5328 1339 5381 prasens
1369 5324 1600 5385 tempus
1624 5334 1726 5385 per
1752 5323 2013 5376 ordinem
2037 5329 2358 5381 subsecuta
2381 5336 2538 5395 sunt,
2563 5343 2698 5395 qua
2721 5333 2809 5384 vel
2830 5335 2891 5385 in
2914 5335 3202 5399 majorum
3231 5336 3437 5387 litteris
3459 5338 3816 5402 reperimus,
3848 5316 3892 5387 ἦν

610 5406 810 5527 nostra;
842 5412 859 5431 ε
869 5407 1159 5527 1ζῖιὶθιιιοῐιὶε).
1180 5408 1389 5474 attigit,
1426 5411 1608 5463 Patris
1639 5412 1988 5480 (Chromatii)
2019 5417 2269 5483 religiosi
2293 5419 2600 5485 praceptis
2623 5425 2683 5474 et
2705 5421 2763 5473 in
2789 5423 2897 5475 hoc
2916 5429 3209 5490 parentes,
3235 5438 3412 5490 quam
3437 5427 3892 5527 poterimusJ):

614 5502 665 5527 \n
697 5503 759 5527 m-
835 5506 861 5527 α
952 5509 1113 5527 ατηενς,

614 5491 759 5541 viter
787 5491 808 5520 "
833 5492 1134 5548 addemus.

670 5638 689 5656 ⁸
725 5631 1057 5708 ξίιιῐὶιιὶεψοε
1084 5635 1192 5708 hos
1210 5633 1388 5688 libros
1411 5637 1485 5689 ad
1508 5636 1623 5708 duo
1646 5643 1840 5693 vetera
1854 5655 1993 5695 mss.
2010 5658 2210 5697 exem-

607 5695 787 5781 plaria
797 5705 1145 5781 exegi_mus,_
1138 5706 1402 5781 alterum,
1424 5706 1581 5781 quod
1592 5714 1649 5760 et
1664 5709 1916 5762 melioris
1928 5695 2206 5781 estnota,

609 5779 685 5852 eis
708 5772 1459 5852 GuarneriaAnapibliotheca
1478 5779 1541 5831 in
1562 5783 1879 5846 municipio
1897 5785 1951 5837 S.
1965 5772 2207 5852 Dienelis,

607 5836 853 5921 alterum
890 5854 963 5893 ex
985 5845 1049 5921 _S.
1081 5846 1395 5921 Salvatoris
1419 5850 1711 5905 Bononia.
1738 5836 1822 5906 De
1849 5836 1940 5907 his
1964 5859 2126 5921 plura
2146 5836 2206 5910 in

608 5907 961 5964 Prafatione.
977 5917 1430 5972 Guarnerianum
1442 5922 1813 5989 epigraphem
1824 5907 2205 5994 praebita;

2230 5652 2286 5726 B
2308 5649 2456 5726 [inus
2467 5647 2855 5726 lectori:_quam
2872 5657 3086 5726 tamen,
3105 5659 3171 5726 ut
3183 5656 3240 5706 et
3257 5653 3781 5719 Prafatiunculam
3800 5632 3891 5705 har

2309 5719 2495 5783 ipsam
2516 5721 2575 5770 in
2599 5721 2752 5774 calce
2782 5722 2915 5775 libri
2938 5724 3018 5775 IX
3049 5725 3317 5778 Historia
3345 5726 3700 5779 Eusebiana
3724 5726 3892 5781 habe

2371 5790 2391 5817 ¹³
2413 5790 2663 5841 Additur
2689 5794 2749 5841 in
2777 5796 3167 5841 Guarneriano
3186 5810 3297 5841 ms-
3327 5798 3696 5841 Caesariensis-
3744 5806 3749 5809 '
3886 5817 3891 5820 έ

2371 5795 2391 5817 ι’
2413 5795 2663 5844 Additur
2689 5795 2749 5844 in
2777 5796 3167 5849 Guarneriano
3186 5810 3297 5849 ms.
3327 5798 3697 5869 Caesariensis.
3744 5806 3749 5809 '
3886 5817 3891 5820 έ

2370 5872 2387 5935 ἦ
2410 5864 2601 5935 Atque
2627 5864 2754 5917 hcic
2778 5866 2927 5918 idem
2952 5868 3085 5933 plus
3109 5869 3303 5932 habet,
3320 5870 3396 5918 vel
3420 5885 3538 5935 qyae
3568 5867 3795 5933 nostra,
3813 5879 3891 5922 et.

2368 5933 2388 5961 ⁴
2413 5934 2519 5985 Ms.
2540 5936 2758 5989 Bonon.
2786 5937 3058 5989 addimus.
