3898 6414
551 307 3831 345 .______________________________________________________.

1589 435 2046 532 LIBER
2153 429 2758 530 PRIMUS.

2165 667 2218 737 Α
2246 660 2398 713 tibus
2425 661 2633 714 adesse
2655 662 2840 727 jubet,
2881 674 2952 714 ac
2986 661 3057 714 de
3088 661 3215 725 ejus
3245 657 3763 726 propositionibus,
3789 663 3848 710 et

985 726 1264 827 CAPUT
1309 721 1694 798 PRIMUM.

1121 892 1192 940 De
1210 887 1336 939 Arii
1361 885 1564 936 heresi.

631 1033 983 1105 217-218
1029 1034 1172 1084 Cum
1195 1030 1348 1095 apud
1375 1027 1780 1081 Alexandriam
1803 1030 1934 1090 post
1958 1022 2143 1076 Achil-

550 1127 680 1185 lam,
705 1125 806 1189 qui
826 1127 990 1176 Petro
1014 1120 1248 1184 Martyri
1275 1120 1653 1180 successerat,
1671 1126 1690 1146 ·
1713 1113 2040 1168 Alexander
2051 1124 2146 1164 sa-

549 1214 869 1266 cerdotium
895 1211 1268 1276 suscepisset,
1297 1207 1432 1273 quia
1455 1219 1568 1271 pax
1605 1206 1821 1258 nostris
1844 1209 1904 1257 et
1926 1203 2089 1268 quies
2111 1215 2146 1254 a

552 1301 1052 1369 persecutionibus
1073 1303 1213 1360 erat,
1229 1303 1403 1360 atque
1419 1295 1800 1348 Ecclesiarum
1815 1293 1996 1358 gloria
2012 1294 2149 1344 Con-

552 1393 836 1445 fessorum
847 1389 1068 1442 meritis
1079 1386 1390 1452 gaudebat:
1414 1383 1764 1448 prosperitas
1782 1397 1949 1432 rerum
1963 1389 2148 1432 nostra-

553 1495 679 1533 rum
702 1479 1022 1533 domestica
1043 1475 1412 1528 contentione
1437 1475 1714 1526 turbatur.
1743 1471 1968 1524 Etenim
1991 1484 2150 1536 pres-

555 1571 718 1634 byter
741 1569 975 1632 quidam
1009 1565 1159 1631 apud
1186 1563 1613 1626 Alexandriam,
1652 1562 1823 1614 Arius
1846 1570 1863 1590 ·
1897 1560 2148 1620 nomine,

555 1661 636 1712 vir
660 1657 849 1724 specie
871 1659 928 1710 et
951 1656 1132 1709 forma
1155 1655 1360 1719 magis,
1391 1664 1564 1718 quam
1589 1652 1804 1705 virtute
1827 1650 2148 1716 religiosus,

556 1747 656 1800 sed
677 1747 874 1812 gloria:
897 1745 1200 1808 laudisque
1223 1748 1280 1795 et
1303 1741 1572 1794 novitatis
1609 1741 1865 1804 improbe
1887 1739 2150 1803 cupidus.

557 1849 731 1901 prava
753 1833 1023 1899 qumdam
1046 1833 1119 1884 de
1147 1831 1258 1883 ilde
1281 1831 1490 1882 Christi
1513 1829 1778 1895 proferre,
1794 1833 1852 1881 et
1867 1841 2000 1892 quae
2012 1836 2155 1877 antea

560 1926 616 1976 in
649 1923 1034 1990 quaestionem
1059 1932 1362 1984 nunquam
1389 1929 1406 1948 ε
1424 1923 1716 1982 venerant,
1744 1917 1940 1982 ccepit:
1970 1917 2156 1968 absci-

559 2015 690 2067 dere
719 2025 787 2065 ac
809 2023 1072 2075 separare
1104 2011 1177 2061 ab
1199 2009 1296 2061 illa
1320 2013 1534 2060 aeterna
1562 2005 1902 2059 etineil‘abili
1929 2007 2031 2057 Dei
2054 2008 2156 2057 Pa-

2243 751 2662 815 qumstionibus
2683 751 2946 816 judicari.

2831 927 3238 994 CAPUTIL

2465 1129 2538 1178 Dc
2573 1127 2815 1178 Concilio
2849 1125 2999 1192 apud
3019 1124 3259 1176 Nicaeam
3284 1131 3621 1190 congregato.

2313 1297 2420 1350 Sed
2447 1302 2505 1349 et
2527 1297 2586 1348 in
2609 1309 2676 1348 eo
2691 1293 2940 1348 Concilio
2959 1292 3295 1349 admirabile
3323 1295 3538 1348 factum
3561 1295 3846 1362 Principis

2250 1399 2369 1439 non
2390 1391 2528 1452 puto
2552 1384 2926 1438 reticendum.
2952 1384 3179 1438 Etenim
3193 1396 3326 1437 cum
3343 1397 3414 1436 ex
3425 1385 3700 1438 omnibus
3715 1402 3846 1448 pene

2250 1475 2391 1527 locis
2421 1474 2682 1540 Episcopi
2701 1473 3126 1538 convenissent,
3153 1476 3211 1526 et
3234 1477 3319 1538 (ut
3339 1473 3461 1527 ﬂeri
3487 1474 3845 1538 solet)diver-

2254 1567 2334 1618 sis
2357 1577 2431 1618 ex
2459 1565 2686 1617 caussis
2713 1564 2861 1616 inter
2884 1577 2947 1617 se
2971 1563 3240 1628 quadam
3258 1564 3449 1630 jurgia
3471 1563 3838 1630 detulissent,

2251 1653 2716 1720 interpellabatur
2737 1652 3068 1718 frequenter
3091 1665 3125 1703 a
3149 1653 3431 1718 singulis:
3457 1652 3848 1706 offerebantur

2253 1744 2442 1805 libelli,
2458 1743 2641 1808 culpae
2657 1744 3169 1808 proferebantur,et
3182 1743 3362 1807 magis
3373 1741 3446 1794 ad
3459 1741 3603 1806 hinc,
3615 1759 3767 1804 quam
3784 1747 3846 1790 ad

2253 1834 2330 1896 id,
2341 1847 2442 1899 pro
2459 1846 2574 1898 quo
2589 1838 2832 1886 ventum
2844 1831 3268 1894 fuerat,animos
3279 1834 3554 1884 dabant.At
3570 1834 3655 1880 ille
3664 1835 3850 1882 videns

2255 1924 2410 1988 quod
2429 1935 2526 1986 per
2539 1921 2986 1987 hujusmodi[At.
3003 1921 3422 1987 hujuscemodi]
3439 1921 3851 1986 jurgiacaussa

2257 2011 2468 2064 summi
2500 2007 2654 2079 219
2676 2011 2891 2076 negotii
2907 2009 3298 2073 frustraretur,
3324 2009 3478 2062 diem
3501 2015 3715 2062 certam
3739 2009 3848 2075 [Αι.

563 2103 664 2155 tris
699 2099 1041 2158 substantia,
1067 2099 1160 2151 vel
1183 2103 1386 2150 natura
1414 2096 1618 2148 Filium
1645 2095 1980 2148 conabatur.
2014 2098 2154 2157 Quae
2179 2075 2232 2148 B
2259 2075 2860 2164 certusztatuit,qua
2874 2100 3278 2164 unusquisque
3295 2103 3651 2162 Episcoporum
3663 2103 3848 2161 siquid

565 2205 653 2244 res
690 2189 968 2257 plurimos
1020 2189 1081 2240 in
1125 2187 1377 2240 Ecclesia
1417 2187 1814 2238 conturbabat.
1869 2185 1980 2238 Sed
2022 2198 2156 2236 cum

565 2279 886 2334 Alexander
909 2278 1225 2344 Episcopus
1247 2281 1458 2329 natura
1477 2276 1622 2328 lenis
1647 2279 1704 2326 et
1737 2275 1989 2339 quietus,
2013 2273 2157 2325 assi-

561 2371 692 2423 duis
709 2367 1255 2422 commonitionibus
1272 2365 1470 2417 Arium
1489 2369 1725 2429 cuperet
1739 2376 1773 2415 a
1787 2378 1942 2425 pravo
1960 2366 2158 2423 incepto

561 2467 617 2512 et
641 2459 1062 2513 assertionibus
1088 2457 1280 2522 impiis
1309 2467 1598 2517 revocare,
1622 2467 1729 2506 nec
1752 2456 1945 2506 tamen
1967 2465 2062 2505 res
2086 2465 2157 2505 ex

565 2549 856 2602 sententia
878 2547 1210 2612 procederet
1232 2546 1274 2604 ἀ,
1299 2545 1452 2608 quod
1476 2545 1782 2610 plerosque
1793 2546 1915 2608 jam
1932 2544 2160 2602 contagio

567 2638 850 2702 pestifera:
893 2635 1229 2689 assertionis
1272 2635 1566 2697 infecerat,
1605 2647 1724 2685 non
1770 2631 1958 2684 solum
2007 2631 2157 2696 apud

569 2725 992 2789 Alexandriam,
1008 2738 1211 2777 verum
1227 2727 1286 2776 et
1305 2736 1407 2789 per
1424 2723 1565 2774 alias
1580 2724 1760 2774 urbes
1777 2723 2160 2782 provinciasque

566 2817 862 2880 dispersa:
893 2813 1274 2879 perniciosum
1301 2813 1418 2864 fore
1442 2811 1702 2868 credens.
1742 2811 1790 2862 si
1834 2808 2164 2862 dissimula-

571 2911 653 2958 ret
675 2914 693 2936 ε
727 2917 762 2957 a
786 2904 1014 2968 talibus,
1048 2902 1312 2966 plurimis
1346 2900 1858 2954 consacerdotibus
1894 2899 2018 2951 suis
2041 2911 2160 2951 rem

571 2995 800 3047 indicat.
825 2993 1079 3054 Qumstio
1107 2992 1281 3044 latius
1311 2989 1638 3044 innotescit.
1660 2991 1858 3043 Sermo
1881 3003 2065 3053 usque
2092 2989 2162 3040 ad

567 3099 736 3138 aures
760 3083 1011 3148 religiosi
1025 3081 1315 3146 principis,
1333 3081 1543 3145 quippe
1565 3081 1666 3144 qui
1682 3080 1697 3109 '
1720 3079 1876 3132 omni
1901 3077 2092 3132 studio
2109 3086 2167 3132 et

571 3175 864 3238 diligentia
889 3174 1135 3236 curaret,
1151 3184 1282 3236 qum
1303 3174 1502 3222 nostra
1535 3175 1692 3233 sunt,
1713 3169 1994 3236 pervenit.
2019 3171 2165 3221 Tum

569 3265 660 3317 ille
682 3277 756 3316 ex
780 3261 1153 3314 sacerdotum
1183 3261 1473 3312 sententia
1494 3259 1649 3324 apud
1674 3259 1875 3310 urbem
1909 3259 2162 3310 Nicaeam

571 3351 899 3417 Episcopale
923 3349 1237 3402 Concilium
1262 3353 1540 3400 convocat
1567 3349 1746 3410 (Anno
1762 3349 2043 3410 cccxxv),
2067 3347 2165 3398 ibi~

571 3393 898 3417 υιηυννιη--ν
926 3393 1237 3402 νην-ωη-
1265 3393 1539 3400 ηψπ-ν
1767 3393 1960 3400 ww-—
1982 3393 1989 3397 τ
2009 3393 2043 3410 ,ν
2067 3393 2144 3398 -π-

569 3455 681 3506 que
695 3442 895 3492 Arium
910 3440 1182 3492 trecentis
1199 3438 1398 3491 decem
1415 3441 1474 3490 et
1488 3442 1617 3489 octo
1633 3437 1929 3502 Episcopis
1945 3439 2164 3486 resideu-
2187 3393 2234 3466 C

573 3649 685 3690 uno
709 3636 884 3688 verbo
909 3634 1248 3696 resedi/icant.
1276 3633 1385 3684 Sed
1420 3634 1476 3684 et
1497 3630 1913 3695 subsequentia
1935 3631 2048 3684 duo
2073 3644 2168 3683 ca-

571 3706 764 3772 pitain
795 3717 978 3758 unum
1006 3718 1140 3756 cum
1163 3704 1273 3756 hoc
1299 3703 1616 3757 neclitcod.
1647 3703 1998 3754 Guarnerian
2023 3741 2038 3766 ,
2067 3703 2165 3766 qui

569 3783 628 3830 et
671 3778 1098 3828 detnrbabantur
1133 3779 1312 3830 ferme
1350 3777 1562 3828 rectius
1601 3787 1698 3835 pro
1721 3773 2168 3823 disturba-bantur

572 3849 726 3914 legit.
752 3853 818 3902 In
841 3850 955 3901 ﬁne
975 3850 1152 3914 addit,
1180 3848 1498 3914 Expliciunt
1517 3845 1790 3908 Capitula.

636 3931 653 3948 '
675 3922 1026 3974 Adnotatum
1052 3921 1355 3983 Cacciario,
1373 3917 1792 3980 Alexandrumj
1803 3920 1945 3967 uxta
1964 3917 2164 3966 Baronii

573 3993 858 4046 calculum
883 3994 1064 4050 fuisse
1091 3994 1163 4045 ad
1203 3993 1400 4044 sedem
1429 3989 1877 4041 Alexandrinam
1905 3993 2166 4039 evectum

570 4075 724 4116 anno
743 4065 967 4118 circiter
985 4064 1047 4120 3i
1060 4065 1108 4119 1.
1133 4064 1312 4116 Multo
1328 4067 1521 4115 autem
1545 4063 1758 4112 rectius
1780 4060 1940 4112 initae
1956 4062 2168 4109 rationes

573 4147 644 4186 ex
671 4137 942 4188 Veterum
971 4137 1344 4188 monimentis
1379 4132 1746 4198 persuadent,
1779 4131 1984 4192 serius,
2019 4135 2076 4182 et
2104 4135 2170 4181 ut

573 4206 897 4270 minimum,
943 4207 1015 4259 ad
1044 4219 1263 4258 annum
1293 4205 1414 4259 313.
1437 4205 1564 4268 ejus
1598 4217 1730 4254 esse
1751 4201 2167 4253 ordinationem

575 4275 968 4330 differendam.
994 4277 1137 4329 Vide
1161 4279 1454 4330 Socratem
1486 4274 1582 4326 lib.
1608 4276 1650 4324 I.
1677 4287 1800 4336 cap.
1829 4271 1879 4325 5.

643 4347 662 4375 ¹’
686 4347 882 4401 Otiose
912 4350 1064 4400 idem
1088 4349 1159 4401 de
1189 4349 1342 4405 Ario,
1384 4359 1517 4409 quae
1542 4343 1830 4395 sexcentis
1854 4342 2017 4394 libris
2042 4355 2172 4407 pro-

573 4418 692 4470 dita
715 4425 872 4483 sunt,
897 4421 1157 4486 replicat:
1179 4424 1379 4471 contra
1401 4429 1531 4481 quin
1555 4415 1743 4468 lucem
1769 4415 2172 4466 Auctoristex-

578 4490 657 4542 tui
676 4493 984 4556 adferrent,
1009 4493 1211 4544 nescit.
1231 4493 1444 4554 Nempe
1461 4489 1613 4554 quod
1633 4489 1713 4540 ait
1731 4490 1955 4549 Noster,
1974 4487 2168 4544 Arium,

577 4562 756 4610 virum
777 4565 944 4626 specie
966 4571 1010 4614 et
1033 4566 1216 4628 forma
1243 4562 1433 4625 magis,
1457 4577 1625 4626 quant
1651 4561 1841 4610 virtute
1863 4557 2166 4621 religiosum

577 4636 686 4681 etc.
711 4637 1010 4696 geminum
1031 4639 1123 4687 est
1143 4635 1256 4686 illis
1282 4632 1740 4699 Epiphanii,Fuit
1752 4629 2052 4694 procerior-6
2063 4631 2170 4699 sta-

578 4707 722 4760 ‘W‘G,
755 4704 980 4755 demisso
1019 4707 1187 4771 vultu,
1225 4697 1441 4768 totaqiw
1471 4702 1712 4766 corporis
1745 4697 2169 4764 conﬁgurationu

575 4772 784 4822 διώ(ιοιὶ
804 4777 1062 4839 serpentis
1085 4777 1281 4840 instar,
1299 4776 1371 4824 ad
1381 4774 1634 4836 fraudem
1659 4779 1703 4822 et
1725 4771 2010 4834 faltacium
2027 4783 2172 4818 com-

572 4844 768 4906 posita,
795 4844 874 4893 ita
893 4852 965 4904 ut,
992 4846 1188 4896 callido
1209 4847 1300 4896 illo
1327 4851 1652 4908 externoque
1665 4843 1854 4892 habitu
1867 4841 2024 4906 facile
2043 4840 2172 4888 sim-

572 4913 887 4977 plicioribus
910 4917 1114 4966 animis
1138 4917 1418 4982 obreperet.
1439 4919 1586 4967 Nam
1604 4915 2011 4980 hemiphorium
2029 4917 2073 4961 et
2097 4927 2176 4959 cu-

573 4984 775 5036 tobium
798 4987 1041 5050 indutus,
1057 4989 1120 5037 in
1139 4987 1419 5054 colloquiis
1435 5004 1497 5038 ac
1509 4989 1689 5039 saluta
1704 4987 1936 5038 tionibus
1947 4985 2174 5036 blandus

572 5063 688 5107 erat
713 5058 770 5106 in
795 5059 1427 5124 primisatqueomnium
1439 5060 2048 5110 animosadulationum
2067 5059 2176 5108 ittc-

575 5129 740 5179 ccbris
761 5131 1028 5181 devinctos
1051 5132 1271 5184 tenebat.
1289 5133 1776 5196 Antiquissimum
1793 5146 2022 5197 quoque
2037 5137 2174 5192 Frag-

573 5207 838 5254 mentum
883 5203 1157 5256 Historia
1202 5204 1263 5254 de
1296 5204 1590 5254 Schismate
1613 5205 1922 5267 Meletiano,
1955 5205 2170 5256 editum

577 5279 711 5326 ante
748 5287 935 5327 annos
960 5277 1140 5328 ferme
1171 5281 1392 5341 septem
1422 5290 1494 5328 ex
1521 5278 1874 5330 Veronensis
1902 5277 2170 5330 Ecclesia?

571 5357 682 5400 ms.
721 5347 884 5398 Tom.
930 5350 1031 5400 III.
1057 5348 1542 5402 Observationum
1568 5350 1827 5402 Litterar.
1853 5351 2022 5400 Arius
2047 5349 2169 5414 qui-

571 5418 702 5466 dam
727 5417 977 5469 habitum
1004 5425 1230 5485 portans
1251 5421 1482 5486 pietatis,
1509 5423 1566 5473 et
1589 5421 1828 5472 Doctoris
1844 5422 2167 5472 desiderium

574 5487 790 5541 habens.
823 5492 946 5543 lloc
983 5497 1071 5545 est
1095 5491 1252 5556 quod
1275 5493 1356 5544 ait
1391 5494 1614 5554 Noster,
1639 5494 1729 5541 sed
1750 5493 1934 5557 gloriae
1960 5494 2168 5544 auidis—

571 5572 674 5622 quc
695 5566 740 5610 et
766 5564 1021 5612 novitatis
1047 5564 1286 5628 improbe
1315 5565 1563 5628 cupidus.
1591 5565 1694 5615 Pro
1723 5566 1976 5615 novitatis
1999 5568 2058 5619 in
2083 5581 2170 5619 co-

573 5629 698 5682 dice
712 5633 1096 5687 Guarneriano
1125 5635 1418 5684 nobilitatis
1463 5635 1685 5699 legitur,
1709 5637 1862 5701 quod
1893 5651 1968 5690 ex
1990 5639 2167 5691 ferme

575 5703 760 5764 magis
790 5706 1075 5766 probarim
1093 5725 1102 5754 :
1119 5707 1350 5757 tametsi
1375 5704 1755 5770 calligraphus
1776 5708 1854 5759 ibi
1878 5723 1944 5758 ea:
1961 5711 2168 5761 subno-

576 5771 722 5850 tarit,
757 5777 820 5824 ut
839 5776 1056 5850 scilicet
1079 5778 1497 5850 expungendas
1534 5779 1880 5841 significaret
1909 5780 2168 5834 literulas

575 5844 944 5896 intermedias
957 5845 1772 5909 lietnobitatisddest,novitatis
1785 5854 2163 5904 restituendum.

2255 2191 2631 2254 querimonia:
2642 2189 2853 2242 habere
2870 2190 3176 2251 videretur,
3193 2189 3454 2242 deferret.
3471 2191 3540 2240 Et
3565 2202 3698 2241 cum
3715 2197 3734 2227 ι
3755 2203 3847 2242 re-

2258 2281 2524 2344 sedisset,
2547 2280 2800 2344 suscepit
2820 2292 2854 2330 a
2883 2279 3126 2343 singulis
3147 2279 3370 2330 libellos
3388 2293 3400 2328 :
3415 2290 3562 2342 quos
3575 2281 3732 2328 simul
3746 2294 3852 2328 om-

2256 2383 2361 2422 nes
2385 2370 2443 2421 in
2461 2370 2593 2420 sinu
2617 2381 2722 2422 suo
2747 2369 3068 2431 continens,
3084 2380 3190 2420 nec
3204 2368 3262 2420 in
3277 2368 3360 2420 eis
3377 2367 3510 2432 quid
3532 2367 3860 2420 continere-

2259 2465 2351 2511 tur
2373 2459 2649 2522 aperiens,
2675 2459 2753 2510 ait
2781 2458 2852 2509 ad
2885 2458 3220 2522 Episcopos:
3253 2458 3407 2510 Deus
3433 2469 3539 2509 vos
3551 2457 3858 2509 constituit

2259 2547 2606 2612 sacerdotes,
2633 2549 2689 2600 et
2710 2551 3054 2612 potestatem
3074 2545 3242 2598 vobis
3262 2545 3421 2598 dedit
3447 2545 3520 2604 de
3548 2546 3717 2598 nobis
3746 2545 3854 2609 [Αἰ.

2259 2637 2328 2688 de
2351 2636 2527 2700 vobis]
2555 2649 2787 2701 quoque
2804 2633 3121 2700 judicandi,
3151 2639 3209 2687 et
3230 2634 3359 2687 ideo
3387 2647 3494 2686 nos
3523 2646 3560 2686 a
3581 2634 3750 2686 vobis
3775 2647 3858 2687 rc-

2261 2731 2350 2778 cte
2369 2725 2712 2790 judicamur.
2737 2726 2858 2777 Vos
2881 2730 3069 2776 autem
3083 2736 3199 2776 non
3221 2723 3461 2788 potestis
3473 2724 3546 2775 ab
3559 2726 3857 2774 hominibus

2255 2815 2517 2880 judicari.
2542 2815 2779 2879 Propter
2801 2812 2957 2878 quod
2983 2813 3083 2865 Dei
3100 2811 3280 2866 solius
3295 2813 3446 2866 inter
3460 2826 3565 2866 vos
3580 2821 3857 2876 exspectate

2258 2903 2560 2969 judicium,
2583 2908 2638 2955 et
2653 2903 3040 2967 vestrajurgia
3055 2915 3443 2968 quiscumque
3460 2907 3617 2968 sunt,
3634 2903 3709 2956 ad
3725 2905 3855 2954 illud

2261 2993 2519 3045 divinum
2531 2997 2896 3044 reserventur
2905 2993 3290 3044 examen.Vos
3301 2993 3518 3044 etenim
3531 2993 3700 3044 nobis
3715 3009 3745 3043 ιι
3761 2998 3860 3044 Deo

2265 3083 2381 3135 dati
2399 3083 2538 3135 estis
2562 3082 2659 3146 dii,
2684 3086 2742 3135 et
2755 3082 3102 3135 conveniens
3118 3094 3238 3134 non
3259 3083 3349 3134 est
3370 3083 3435 3134 ut
3453 3082 3864 3147 homojudicet

2267 3173 2425 3237 deos,
2454 3173 2554 3225 sed
2577 3171 2670 3224 ille
2697 3171 2857 3225 solus
2880 3172 2952 3224 de
2983 3184 3100 3236 quo
3127 3171 3409 3236 scriptum
3434 3176 3524 3224 est
3541 3189 3551 3221 :
3571 3172 3712 3224 Deus
3727 3174 3864 3223 stetit

2266 3263 2328 3311 in
2354 3263 2374 3290 ’ί
2401 3278 2679 3327 synagoga
2705 3263 2949 3322 deorum,
2971 3263 3032 3311 in
3061 3262 3237 3312 medio
3261 3267 3445 3312 autem
3465 3262 3586 3312 deos
3608 3263 3865 3312 discernit

2266 3352 2425 3414 (Psat.
2451 3329 2536 3407 εἰ
2565 3353 2656 3415 1.).
2688 3355 2756 3405 Et
2777 3352 2908 3404 ideo
2931 3351 3023 3404 his
3047 3351 3300 3415 omissis,
3325 3351 3420 3403 illa
3435 3363 3570 3416 qua
3585 3352 3658 3403 ad
3687 3353 3861 3405 fidem

2266 3442 2369 3493 Dei
2401 3441 2707 3515 pertinent,
2729 3443 2950 3505 absque
2973 3441 3090 3493 ulla
3111 3441 3465 3494 animorumi
3490 3443 3786 3493 contentio

2338 3649 2355 3669 ο
2388 3637 2581 3690 Codex
2605 3638 2980 3692 Guarnerian.
3009 3643 3268 3688 venerunt
3292 3650 3306 3688 :
3332 3648 3404 3690 ex
3428 3649 3562 3701 quo,
3587 3643 3646 3690 et
3681 3639 3865 3690 Bono-

2265 3710 2472 3773 niensi,
2517 3715 2789 3772 utcmque
2826 3723 2942 3760 uno
2977 3710 3158 3761 Vatic.
3184 3713 3359 3773 atque
3381 3707 3550 3761 editis
3571 3709 3868 3761 nonnullis

2267 3794 2403 3832 mox
2427 3781 2784 3832 restituimus
2797 3780 3078 3842 abscidere,
3095 3794 3196 3845 pro
3208 3793 3322 3846 quo
3335 3781 3619 3845 Barrwus,
3632 3781 3864 3845 aliique,

2266 3855 2439 3906 etiam
2461 3867 2568 3904 ins.
2599 3852 2727 3904 libri
2753 3852 3010 3902 abciderc.

2332 3925 2352 3954 "
2389 3925 2548 3976 Idem
2580 3925 2953 3978 Guarnerian.
2996 3937 3103 3976 ms.
3144 3923 3460 3988 procederet,
3494 3929 3539 3974 ct
3564 3923 3730 3990 quod,
3755 3928 3868 3976 etc.

2270 4001 2392 4048 tum
2425 3998 2709 4061 dispersus.

2331 4078 2348 4099 ε
2373 4069 2753 4120 Restituimus
2780 4085 2815 4118 α
2840 4068 3052 4132 talibus,
3092 4069 3367 4133 plurimis,
3399 4072 3504 4118 etc.
3527 4065 3867 4118 auctoritate

2270 4140 2530 4192 codicum
2556 4146 2884 4192 nostrorum
2909 4141 3169 4192 omnium
3190 4142 3234 4202 fe
3260 4139 3472 4203 quibus
3488 4138 3866 4190 Guarnerian.

2271 4213 2332 4260 in
2359 4211 2569 4272 tatibus)
2593 4216 2713 4261 tum
2739 4225 2932 4262 eorum
2960 4225 3105 4276 quos
3124 4217 3180 4263 et
3202 4212 3464 4263 Bari-mus
3488 4209 3621 4262 olim
3649 4213 3708 4260 et
3724 4208 3868 4260 Rhe-

2271 4286 2442 4334 natus
2467 4281 3083 4347 consuluere,deniquc
3105 4289 3160 4335 et
3188 4285 3602 4334 Vaticanorum
3617 4282 3868 4344 plurium.

2271 4366 2418 4415 quos
2435 4353 2756 4404 Cacciarius
2779 4354 2992 4418 laudat,
3013 4360 3071 4406 et
3095 4355 3307 4418 quibus
3331 4358 3522 4406 tamen
3538 4351 3736 4404 invitis
3755 4351 3869 4402 iec—

2275 4425 2488 4476 tionem
2512 4425 2704 4476 minus
2729 4426 3178 4489 probam.etatiis
3191 4426 3462 4490 plurimis,
3479 4425 3597 4491 ipse
3614 4422 3867 4476 retinuit.

2334 4496 2351 4524 '
2373 4497 2752 4549 Bononiensis
2793 4511 2902 4550 ms.
2948 4513 3070 4548 cum
3107 4499 3260 4548 omni
3294 4498 3469 4547 studio
3497 4512 3507 4545 :
3533 4507 3671 4548 mox
3690 4496 3870 4546 Guar-

2271 4568 2491 4619 nerian.
2515 4584 2582 4618 ea:
2614 4571 2877 4619 sententia
2911 4569 3284 4621 Saccrdotum.
3313 4569 3526 4622 Clamor
3545 4580 3755 4620 sensus
3781 4571 3864 4618 est

2270 4638 2396 4703 loci,
2428 4652 2603 4705 quam
2636 4646 2698 4692 ut
2733 4641 2990 4705 pluribus
3023 4642 3233 4706 exponi
3269 4641 3540 4706 indigeat,
3561 4652 3634 4692 ne
3655 4651 3868 4691 convo—

2271 4717 2462 4763 catum
2499 4712 2838 4764 auctoritate
2862 4714 3225 4777 Imperatoris
3249 4713 3546 4776 Synodum
3569 4711 3760 4763 dicere
3784 4710 3868 4761 vi—

2272 4783 2493 4844 deatur,
2517 4783 2618 4836 sed
2639 4784 2839 4847 utique
2863 4783 3073 4848 favore,
3092 4785 3324 4850 auxilio,
3341 4790 3400 4838 et
3419 4796 3731 4836 consensu.
3751 4785 3862 4832 Eam

2272 4855 2333 4906 in
2367 4867 2487 4907 rem
2525 4860 2725 4907 notatu
2757 4856 2930 4920 digna
2965 4869 3192 4921 quoque
3216 4862 3305 4908 est
3325 4856 3438 4909 alia
3459 4854 3673 4908 codicis
3687 4855 3867 4906 Guar-

2273 4926 2492 5044 Eeriani
2523 4925 2711 4988 lectio,
2735 4925 3012 4992 Episcopis
3030 4926 3455 4992 praesidentibus,
3481 4939 3581 4992 pro
3600 4925 3869 4976 residenti-

2311 5013 2386 5044 “8.

2311 5013 2370 5046 “8
2377 5036 2386 5046 .

2336 5079 2352 5106 ι
2377 5069 2568 5122 Codex
2591 5069 2931 5121 Bononiens.
2967 5074 3011 5118 et
3035 5084 3158 5119 cum
3186 5068 3417 5120 redisset.
3443 5067 3666 5133 suscipit
3688 5084 3724 5118 ιι
3751 5068 3868 5116 siu-

2271 5141 2430 5204 gulis,
2461 5147 2569 5192 etc.
2596 5145 2718 5193 tum
2737 5141 2943 5205 juncto
2967 5141 3356 5193 Guarneriano
3377 5139 3621 5204 aliisque
3644 5151 3788 5190 mss.
3813 5141 3864 5189 et

2272 5211 2524 5278 vulgatis
2554 5211 2838 5278 plerisque
2851 5212 3116 5264 omnibus
3139 5212 3402 5277 aperiens,
3421 5209 3577 5275 quod
3592 5223 3713 5263 non
3727 5209 3865 5262 satis

2271 5297 2494 5337 caussae
2530 5284 2635 5334 fuit
2667 5284 2948 5336 Cacciario
2993 5297 3065 5335 ex
3098 5284 3327 5336 duobus
3361 5283 3670 5336 dumtaxat
3699 5280 3859 5334 codd.

2271 5364 2336 5407 ut
2357 5356 2418 5407 in
2447 5356 2712 5421 aspiciens
2737 5359 3010 5408 muturet.

2335 5427 2356 5457 ¹¹
2391 5429 2529 5479 Mss.
2561 5426 2764 5488 nostri,
2793 5431 2853 5479 et
2875 5427 3137 5478 Vaticani
3158 5426 3392 5489 quidam
3414 5425 3824 5491 eongregatiom
3849 5439 3857 5470 :

2272 5504 2393 5551 tum
2421 5499 2765 5550 Bononiens.
2792 5499 2928 5548 Deus
2961 5499 3215 5548 discernit
3238 5500 3294 5550 et
3329 5499 3413 5548 his
3435 5498 3710 5549 admissis.

2329 5572 2341 5602 ί
2367 5570 2689 5622 Cacciarius
2722 5571 3066 5635 dissensione,
3092 5569 3538 5623 reclamantibus
3561 5569 3724 5622 libris
3745 5569 3857 5622 edi-

2266 5641 2341 5692 tis
2360 5642 2651 5704 omnibus,
2670 5647 2728 5695 et
2751 5655 2891 5693 mss.
2926 5645 3052 5694 tum
3076 5641 3310 5704 nostris,
3338 5646 3458 5693 tum
3485 5643 3704 5704 quibus
3716 5653 3855 5692 usus

2266 5712 2388 5776 ipse
2402 5719 2490 5764 est
2508 5714 2816 5771 Vaticanis,
2830 5713 3061 5766 duobus
3078 5718 3392 5776 tantum,ut
3405 5717 3568 5764 notat
3585 5713 3857 5777 exceptis.

2269 5784 2374 5835 Pro
2396 5785 2999 5849 dislinguite.Bal‘rtBtiS
3016 5788 3187 5848 atque
3199 5785 3383 5837 aliiex
3400 5785 3848 5847 edit.dtscingite;

2265 5855 2380 5908 duo
2405 5857 2584 5909 Vatic.
2611 5871 2752 5909 mss.
2779 5858 3079 5908 diSCt‘I'nitc.
