  <div class='ocr_page' id='page_1' title='image "/cluster/home/n/w/nwhite01/storage/ocr_20150623/21/umn.319510024773153/238.png"; bbox 0 0 3898 6420; ppageno 0'>
   <div class='ocr_carea' id='block_1_1' title="bbox 38 335 157 399">
    <p class='ocr_par' dir='ltr' id='par_1_1' title="bbox 38 335 157 399">
     <span class='ocr_line' id='line_1_1' title="bbox 38 335 157 399; baseline 0.042 -5"><span class='ocrx_word' id='word_1_1' title='bbox 38 335 157 399; x_wconf 74' lang='grc'>469</span> 
     </span>
    </p>
   </div>
   <div class='ocr_carea' id='block_1_2' title="bbox 957 334 2457 397">
    <p class='ocr_par' dir='ltr' id='par_1_2' title="bbox 957 334 2457 397">
     <span class='ocr_line' id='line_1_2' title="bbox 957 334 2457 397; baseline 0.002 -7"><span class='ocrx_word' id='word_1_2' title='bbox 957 334 1300 391; x_wconf 83' lang='lat' dir='ltr'>HISTORIA</span> <span class='ocrx_word' id='word_1_3' title='bbox 1332 335 1901 393; x_wconf 80' lang='lat' dir='ltr'>ECCLESIASTICA.</span> <span class='ocrx_word' id='word_1_4' title='bbox 1934 340 2145 394; x_wconf 83' lang='lat' dir='ltr'>LIBER</span> <span class='ocrx_word' id='word_1_5' title='bbox 2176 340 2457 397; x_wconf 81' lang='lat' dir='ltr'>PRIMUS.</span> 
     </span>
    </p>
   </div>
   <div class='ocr_carea' id='block_1_3' title="bbox 3250 349 3355 405">
    <p class='ocr_par' dir='ltr' id='par_1_3' title="bbox 3250 349 3355 405">
     <span class='ocr_line' id='line_1_3' title="bbox 3250 349 3355 405; baseline 0.01 -1"><span class='ocrx_word' id='word_1_6' title='bbox 3250 349 3355 405; x_wconf 77' lang='grc'>470</span> 
     </span>
    </p>
   </div>
   <div class='ocr_carea' id='block_1_4' title="bbox 32 450 3356 532">
    <p class='ocr_par' dir='ltr' id='par_1_4' title="bbox 32 450 3356 532">
     <span class='ocr_line' id='line_1_4' title="bbox 32 450 3356 532; baseline 0.005 -27"><span class='ocrx_word' id='word_1_7' title='bbox 32 451 410 518; x_wconf 84' lang='lat' dir='ltr'>distinguite.</span> <span class='ocrx_word' id='word_1_8' title='bbox 426 453 616 517; x_wconf 88' lang='lat' dir='ltr'>Quum</span> <span class='ocrx_word' id='word_1_9' title='bbox 637 450 765 506; x_wconf 67' lang='lat' dir='ltr'>hmo</span> <span class='ocrx_word' id='word_1_10' title='bbox 788 450 1050 515; x_wconf 86' lang='lat' dir='ltr'>dixisset,</span> <span class='ocrx_word' id='word_1_11' title='bbox 1061 465 1264 505; x_wconf 91' lang='lat' dir='ltr'>omnes</span> <span class='ocrx_word' id='word_1_12' title='bbox 1281 452 1454 506; x_wconf 89' lang='lat' dir='ltr'>simul</span> <span class='ocrx_word' id='word_1_13' title='bbox 1469 454 1653 518; x_wconf 89' lang='lat' dir='ltr'>queri-</span> <span class='ocrx_word' id='word_1_14' title='bbox 1675 457 1731 532; x_wconf 80' lang='grc' dir='ltr'><strong>Α</strong></span> <span class='ocrx_word' id='word_1_15' title='bbox 1757 455 2113 520; x_wconf 75' lang='lat' dir='ltr'>simplicitas.</span> <span class='ocrx_word' id='word_1_16' title='bbox 2147 456 2171 486; x_wconf 79' lang='grc'><em>⁴</em></span> <span class='ocrx_word' id='word_1_17' title='bbox 2199 457 2454 510; x_wconf 89' lang='lat' dir='ltr'>Perstitit</span> <span class='ocrx_word' id='word_1_18' title='bbox 2485 461 2678 512; x_wconf 89' lang='lat' dir='ltr'>tamen</span> <span class='ocrx_word' id='word_1_19' title='bbox 2710 460 2920 525; x_wconf 84' lang='lat' dir='ltr'>senior,</span> <span class='ocrx_word' id='word_1_20' title='bbox 2943 468 3003 516; x_wconf 90' lang='lat' dir='ltr'>et</span> <span class='ocrx_word' id='word_1_21' title='bbox 3018 461 3154 517; x_wconf 84' lang='lat' dir='ltr'>hinc</span> <span class='ocrx_word' id='word_1_22' title='bbox 3170 467 3356 519; x_wconf 83' lang='lat' dir='ltr'>movit.</span> 
     </span>
    </p>
   </div>
   <div class='ocr_carea' id='block_1_5' title="bbox 33 541 1653 607">
    <p class='ocr_par' dir='ltr' id='par_1_5' title="bbox 33 541 1653 607">
     <span class='ocr_line' id='line_1_5' title="bbox 33 541 1653 607; baseline 0.003 -12"><span class='ocrx_word' id='word_1_23' title='bbox 33 542 379 595; x_wconf 85' lang='lat' dir='ltr'>moniarum</span> <span class='ocrx_word' id='word_1_24' title='bbox 401 541 627 594; x_wconf 82' lang='lat' dir='ltr'>libellos</span> <span class='ocrx_word' id='word_1_25' title='bbox 643 541 823 606; x_wconf 89' lang='lat' dir='ltr'>jussit</span> <span class='ocrx_word' id='word_1_26' title='bbox 845 542 1030 607; x_wconf 88' lang='lat' dir='ltr'>exuri,</span> <span class='ocrx_word' id='word_1_27' title='bbox 1047 554 1120 595; x_wconf 90' lang='lat' dir='ltr'>ne</span> <span class='ocrx_word' id='word_1_28' title='bbox 1150 542 1536 598; x_wconf 89' lang='lat' dir='ltr'>innotesceret</span> <span class='ocrx_word' id='word_1_29' title='bbox 1552 544 1653 600; x_wconf 87' lang='lat' dir='ltr'>ulli</span> 
     </span>
    </p>
   </div>
   <div class='ocr_carea' id='block_1_6' title="bbox 31 630 1656 701">
    <p class='ocr_par' dir='ltr' id='par_1_6' title="bbox 31 630 1656 701">
     <span class='ocr_line' id='line_1_6' title="bbox 31 630 1656 701; baseline 0.003 -18"><span class='ocrx_word' id='word_1_30' title='bbox 31 632 357 685; x_wconf 77' lang='lat' dir='ltr'>hominum</span> <span class='ocrx_word' id='word_1_31' title='bbox 381 630 673 683; x_wconf 82' lang='lat' dir='ltr'>simulatio</span> <span class='ocrx_word' id='word_1_32' title='bbox 697 631 1080 683; x_wconf 72' lang='lat' dir='ltr'>sacerdotum.</span> <span class='ocrx_word' id='word_1_33' title='bbox 1116 633 1329 685; x_wconf 90' lang='lat' dir='ltr'>Verum</span> <span class='ocrx_word' id='word_1_34' title='bbox 1354 647 1535 700; x_wconf 88' lang='lat' dir='ltr'>quum</span> <span class='ocrx_word' id='word_1_35' title='bbox 1556 649 1656 701; x_wconf 88' lang='lat' dir='ltr'>per</span> 
     </span>
    </p>
   </div>
   <div class='ocr_carea' id='block_1_7' title="bbox 32 720 1654 788">
    <p class='ocr_par' dir='ltr' id='par_1_7' title="bbox 32 720 1654 788">
     <span class='ocr_line' id='line_1_7' title="bbox 32 720 1654 788; baseline 0.002 -14"><span class='ocrx_word' id='word_1_36' title='bbox 32 722 169 775; x_wconf 89' lang='lat' dir='ltr'>dies</span> <span class='ocrx_word' id='word_1_37' title='bbox 192 721 416 774; x_wconf 90' lang='lat' dir='ltr'>multos</span> <span class='ocrx_word' id='word_1_38' title='bbox 434 721 497 773; x_wconf 89' lang='lat' dir='ltr'>in</span> <span class='ocrx_word' id='word_1_39' title='bbox 524 720 937 786; x_wconf 89' lang='lat' dir='ltr'>Episcoporum</span> <span class='ocrx_word' id='word_1_40' title='bbox 952 722 1201 775; x_wconf 87' lang='lat' dir='ltr'>Concilio</span> <span class='ocrx_word' id='word_1_41' title='bbox 1225 723 1296 776; x_wconf 91' lang='lat' dir='ltr'>de</span> <span class='ocrx_word' id='word_1_42' title='bbox 1316 724 1428 778; x_wconf 89' lang='lat' dir='ltr'>ﬁde</span> <span class='ocrx_word' id='word_1_43' title='bbox 1444 731 1654 788; x_wconf 69' lang='lat' dir='ltr'>quaestio</span> 
     </span>
    </p>
   </div>
   <div class='ocr_carea' id='block_1_8' title="bbox 30 810 1646 879">
    <p class='ocr_par' dir='ltr' id='par_1_8' title="bbox 30 810 1646 879">
     <span class='ocr_line' id='line_1_8' title="bbox 30 810 1646 879; baseline 0.003 -15"><span class='ocrx_word' id='word_1_44' title='bbox 30 815 382 877; x_wconf 76' lang='lat' dir='ltr'>verteretur,</span> <span class='ocrx_word' id='word_1_45' title='bbox 420 816 481 865; x_wconf 90' lang='lat' dir='ltr'>et</span> <span class='ocrx_word' id='word_1_46' title='bbox 510 810 773 864; x_wconf 88' lang='lat' dir='ltr'>nonnulli</span> <span class='ocrx_word' id='word_1_47' title='bbox 804 811 1036 865; x_wconf 91' lang='lat' dir='ltr'>diversa</span> <span class='ocrx_word' id='word_1_48' title='bbox 1068 813 1367 879; x_wconf 76' lang='lat' dir='ltr'>sentirent,</span> <span class='ocrx_word' id='word_1_49' title='bbox 1390 826 1456 868; x_wconf 90' lang='lat' dir='ltr'>ac</span> <span class='ocrx_word' id='word_1_50' title='bbox 1480 816 1646 871; x_wconf 85' lang='lat' dir='ltr'>vehe-</span> 
     </span>
    </p>
   </div>
   <div class='ocr_carea' id='block_1_9' title="bbox 30 900 1651 968">
    <p class='ocr_par' dir='ltr' id='par_1_9' title="bbox 30 900 1651 968">
     <span class='ocr_line' id='line_1_9' title="bbox 30 900 1651 968; baseline 0.001 -14"><span class='ocrx_word' id='word_1_51' title='bbox 30 904 273 955; x_wconf 82' lang='lat' dir='ltr'>menter</span> <span class='ocrx_word' id='word_1_52' title='bbox 292 901 501 967; x_wconf 72' lang='lat' dir='ltr'>cmptis</span> <span class='ocrx_word' id='word_1_53' title='bbox 526 901 645 953; x_wconf 91' lang='lat' dir='ltr'>Arii</span> <span class='ocrx_word' id='word_1_54' title='bbox 668 900 942 966; x_wconf 84' lang='lat' dir='ltr'>faverent,</span> <span class='ocrx_word' id='word_1_55' title='bbox 956 900 1150 966; x_wconf 85' lang='lat' dir='ltr'>plures</span> <span class='ocrx_word' id='word_1_56' title='bbox 1168 907 1365 956; x_wconf 88' lang='lat' dir='ltr'>tamen</span> <span class='ocrx_word' id='word_1_57' title='bbox 1383 911 1545 958; x_wconf 90' lang='lat' dir='ltr'>erant</span> <span class='ocrx_word' id='word_1_58' title='bbox 1561 910 1651 968; x_wconf 88' lang='lat' dir='ltr'>qui</span> 
     </span>
    </p>
   </div>
   <div class='ocr_carea' id='block_1_10' title="bbox 28 990 1653 1056">
    <p class='ocr_par' dir='ltr' id='par_1_10' title="bbox 28 990 1653 1056">
     <span class='ocr_line' id='line_1_10' title="bbox 28 990 1653 1056; baseline 0.001 -13"><span class='ocrx_word' id='word_1_59' title='bbox 28 990 755 1056; x_wconf 79' lang='lat' dir='ltr'>impium[Ms.imperium]</span> <span class='ocrx_word' id='word_1_60' title='bbox 772 994 1653 1055; x_wconf 83' lang='lat' dir='ltr'>exsecrarenturinceptum.Cum-</span> 
     </span>
    </p>
   </div>
   <div class='ocr_carea' id='block_1_11' title="bbox 32 1079 1651 1148">
    <p class='ocr_par' dir='ltr' id='par_1_11' title="bbox 32 1079 1651 1148">
     <span class='ocr_line' id='line_1_11' title="bbox 32 1079 1651 1148; baseline 0.002 -16"><span class='ocrx_word' id='word_1_61' title='bbox 32 1093 158 1145; x_wconf 87' lang='lat' dir='ltr'>que</span> <span class='ocrx_word' id='word_1_62' title='bbox 190 1080 257 1132; x_wconf 92' lang='lat' dir='ltr'>in</span> <span class='ocrx_word' id='word_1_63' title='bbox 292 1079 499 1133; x_wconf 87' lang='lat' dir='ltr'>eodem</span> <span class='ocrx_word' id='word_1_64' title='bbox 521 1079 771 1132; x_wconf 87' lang='lat' dir='ltr'>Concilio</span> <span class='ocrx_word' id='word_1_65' title='bbox 792 1082 950 1132; x_wconf 89' lang='lat' dir='ltr'>esset</span> <span class='ocrx_word' id='word_1_66' title='bbox 974 1081 1382 1134; x_wconf 83' lang='lat' dir='ltr'>Confessorum</span> <span class='ocrx_word' id='word_1_67' title='bbox 1406 1094 1651 1148; x_wconf 88' lang='lat' dir='ltr'>magnus</span> 
     </span>
    </p>
   </div>
   <div class='ocr_carea' id='block_1_12' title="bbox 28 1168 1653 1234">
    <p class='ocr_par' dir='ltr' id='par_1_12' title="bbox 28 1168 1653 1234">
     <span class='ocr_line' id='line_1_12' title="bbox 28 1168 1653 1234; baseline 0.001 -12"><span class='ocrx_word' id='word_1_68' title='bbox 28 1182 328 1223; x_wconf 89' lang='lat' dir='ltr'>numerus</span> <span class='ocrx_word' id='word_1_69' title='bbox 350 1168 736 1234; x_wconf 83' lang='lat' dir='ltr'>sacerdotum,</span> <span class='ocrx_word' id='word_1_70' title='bbox 754 1182 959 1223; x_wconf 90' lang='lat' dir='ltr'>omnes</span> <span class='ocrx_word' id='word_1_71' title='bbox 976 1170 1092 1223; x_wconf 86' lang='lat' dir='ltr'>Arii</span> <span class='ocrx_word' id='word_1_72' title='bbox 1107 1172 1467 1226; x_wconf 85' lang='lat' dir='ltr'>novitatibus</span> <span class='ocrx_word' id='word_1_73' title='bbox 1483 1177 1653 1224; x_wconf 87' lang='lat' dir='ltr'>adver-</span> 
     </span>
    </p>
   </div>
   <div class='ocr_carea' id='block_1_13' title="bbox 30 1260 1651 1326">
    <p class='ocr_par' dir='ltr' id='par_1_13' title="bbox 30 1260 1651 1326">
     <span class='ocr_line' id='line_1_13' title="bbox 30 1260 1651 1326; baseline 0.002 -15"><span class='ocrx_word' id='word_1_74' title='bbox 30 1260 344 1314; x_wconf 86' lang='lat' dir='ltr'>sabantur.</span> <span class='ocrx_word' id='word_1_75' title='bbox 381 1260 676 1313; x_wconf 88' lang='lat' dir='ltr'>Favebant</span> <span class='ocrx_word' id='word_1_76' title='bbox 700 1269 718 1291; x_wconf 78' lang='grc' dir='ltr'>ι</span> <span class='ocrx_word' id='word_1_77' title='bbox 741 1272 880 1314; x_wconf 89' lang='lat' dir='ltr'>vero</span> <span class='ocrx_word' id='word_1_78' title='bbox 916 1260 967 1313; x_wconf 90' lang='lat' dir='ltr'>ei</span> <span class='ocrx_word' id='word_1_79' title='bbox 1002 1261 1109 1313; x_wconf 90' lang='lat' dir='ltr'>viri</span> <span class='ocrx_word' id='word_1_80' title='bbox 1144 1262 1205 1314; x_wconf 91' lang='lat' dir='ltr'>in</span> <span class='ocrx_word' id='word_1_81' title='bbox 1229 1263 1651 1326; x_wconf 66' lang='lat' dir='ltr'>quiestionibus</span> 
     </span>
    </p>
   </div>
   <div class='ocr_carea' id='block_1_14' title="bbox 30 1349 1337 1414">
    <p class='ocr_par' dir='ltr' id='par_1_14' title="bbox 30 1349 1337 1414">
     <span class='ocr_line' id='line_1_14' title="bbox 30 1349 1337 1414; baseline 0.002 -13"><span class='ocrx_word' id='word_1_82' title='bbox 30 1349 256 1413; x_wconf 88' lang='lat' dir='ltr'>callidi,</span> <span class='ocrx_word' id='word_1_83' title='bbox 286 1353 346 1402; x_wconf 84' lang='lat' dir='ltr'>et</span> <span class='ocrx_word' id='word_1_84' title='bbox 364 1350 439 1402; x_wconf 91' lang='lat' dir='ltr'>ob</span> <span class='ocrx_word' id='word_1_85' title='bbox 460 1349 518 1401; x_wconf 88' lang='lat' dir='ltr'>id</span> <span class='ocrx_word' id='word_1_86' title='bbox 544 1349 897 1414; x_wconf 81' lang='lat' dir='ltr'>simplicitati</span> <span class='ocrx_word' id='word_1_87' title='bbox 919 1349 1050 1404; x_wconf 91' lang='lat' dir='ltr'>ﬁdei</span> <span class='ocrx_word' id='word_1_88' title='bbox 1084 1351 1337 1407; x_wconf 85' lang='lat' dir='ltr'>adversi.</span> 
     </span>
    </p>
   </div>
   <div class='ocr_carea' id='block_1_15' title="bbox 610 1518 1085 1585">
    <p class='ocr_par' dir='ltr' id='par_1_15' title="bbox 610 1518 1085 1585">
     <span class='ocr_line' id='line_1_15' title="bbox 610 1518 1085 1585; baseline 0.002 -2"><span class='ocrx_word' id='word_1_89' title='bbox 610 1518 901 1585; x_wconf 78' lang='lat' dir='ltr'>CAPUT</span> <span class='ocrx_word' id='word_1_90' title='bbox 968 1520 1085 1585; x_wconf 93' lang='lat' dir='ltr'>III.</span> 
     </span>
    </p>
   </div>
   <div class='ocr_carea' id='block_1_16' title="bbox 296 1678 1392 1748">
    <p class='ocr_par' dir='ltr' id='par_1_16' title="bbox 296 1678 1392 1748">
     <span class='ocr_line' id='line_1_16' title="bbox 296 1678 1392 1748; baseline 0.006 -20"><span class='ocrx_word' id='word_1_91' title='bbox 296 1678 370 1728; x_wconf 82' lang='lat' dir='ltr'>De</span> <span class='ocrx_word' id='word_1_92' title='bbox 391 1680 732 1731; x_wconf 74' lang='lat' dir='ltr'>conuersione</span> <span class='ocrx_word' id='word_1_93' title='bbox 752 1681 1077 1748; x_wconf 68' lang='lat' dir='ltr'>Philosophi</span> <span class='ocrx_word' id='word_1_94' title='bbox 1100 1682 1392 1735; x_wconf 77' lang='lat' dir='ltr'>Dialectici.</span> 
     </span>
    </p>
   </div>
   <div class='ocr_carea' id='block_1_17' title="bbox 97 1824 1640 1895">
    <p class='ocr_par' dir='ltr' id='par_1_17' title="bbox 97 1824 1640 1895">
     <span class='ocr_line' id='line_1_17' title="bbox 97 1824 1640 1895; baseline 0.002 -16"><span class='ocrx_word' id='word_1_95' title='bbox 97 1830 395 1891; x_wconf 82' lang='lat' dir='ltr'>Quantam</span> <span class='ocrx_word' id='word_1_96' title='bbox 416 1836 556 1878; x_wconf 86' lang='lat' dir='ltr'>vero</span> <span class='ocrx_word' id='word_1_97' title='bbox 576 1824 852 1877; x_wconf 80' lang='lat' dir='ltr'>virtutem</span> <span class='ocrx_word' id='word_1_98' title='bbox 878 1824 1091 1879; x_wconf 85' lang='lat' dir='ltr'>habeat</span> <span class='ocrx_word' id='word_1_99' title='bbox 1130 1826 1264 1879; x_wconf 83' lang='lat' dir='ltr'>ﬁdei</span> <span class='ocrx_word' id='word_1_100' title='bbox 1289 1828 1640 1895; x_wconf 80' lang='lat' dir='ltr'>simplicitas,</span> 
     </span>
    </p>
   </div>
   <div class='ocr_carea' id='block_1_18' title="bbox 34 1914 1643 1981">
    <p class='ocr_par' dir='ltr' id='par_1_18' title="bbox 34 1914 1643 1981">
     <span class='ocr_line' id='line_1_18' title="bbox 34 1914 1643 1981; baseline 0.001 -12"><span class='ocrx_word' id='word_1_101' title='bbox 34 1915 219 1969; x_wconf 86' lang='lat' dir='ltr'>etiam</span> <span class='ocrx_word' id='word_1_102' title='bbox 243 1928 318 1967; x_wconf 89' lang='lat' dir='ltr'>ex</span> <span class='ocrx_word' id='word_1_103' title='bbox 340 1914 430 1967; x_wconf 88' lang='lat' dir='ltr'>his</span> <span class='ocrx_word' id='word_1_104' title='bbox 448 1926 583 1979; x_wconf 63' lang='lat' dir='ltr'>qua</span> <span class='ocrx_word' id='word_1_105' title='bbox 595 1914 736 1966; x_wconf 88' lang='lat' dir='ltr'>inibi</span> <span class='ocrx_word' id='word_1_106' title='bbox 757 1918 924 1980; x_wconf 84' lang='lat' dir='ltr'>gesta</span> <span class='ocrx_word' id='word_1_107' title='bbox 942 1915 1287 1981; x_wconf 88' lang='lat' dir='ltr'>referuntur,</span> <span class='ocrx_word' id='word_1_108' title='bbox 1302 1920 1643 1980; x_wconf 78' lang='lat' dir='ltr'>agnoscimus.</span> 
     </span>
    </p>
   </div>
   <div class='ocr_carea' id='block_1_19' title="bbox 37 2005 1651 2074">
    <p class='ocr_par' dir='ltr' id='par_1_19' title="bbox 37 2005 1651 2074">
     <span class='ocr_line' id='line_1_19' title="bbox 37 2005 1651 2074; baseline 0 -14"><span class='ocrx_word' id='word_1_109' title='bbox 37 2006 274 2060; x_wconf 83' lang='lat' dir='ltr'>Etenim</span> <span class='ocrx_word' id='word_1_110' title='bbox 296 2018 431 2059; x_wconf 89' lang='lat' dir='ltr'>cum</span> <span class='ocrx_word' id='word_1_111' title='bbox 456 2018 560 2070; x_wconf 90' lang='lat' dir='ltr'>pro</span> <span class='ocrx_word' id='word_1_112' title='bbox 584 2005 778 2057; x_wconf 89' lang='lat' dir='ltr'>studio</span> <span class='ocrx_word' id='word_1_113' title='bbox 803 2005 1054 2071; x_wconf 84' lang='lat' dir='ltr'>religiosi</span> <span class='ocrx_word' id='word_1_114' title='bbox 1065 2009 1454 2074; x_wconf 89' lang='lat' dir='ltr'>Imperatoris,</span> <span class='ocrx_word' id='word_1_115' title='bbox 1468 2025 1527 2061; x_wconf 84' lang='lat' dir='ltr'>ex</span> <span class='ocrx_word' id='word_1_116' title='bbox 1539 2025 1651 2060; x_wconf 83' lang='lat' dir='ltr'>om-</span> 
     </span>
    </p>
   </div>
   <div class='ocr_carea' id='block_1_20' title="bbox 35 2095 1650 2165">
    <p class='ocr_par' dir='ltr' id='par_1_20' title="bbox 35 2095 1650 2165">
     <span class='ocr_line' id='line_1_20' title="bbox 35 2095 1650 2165; baseline -0.001 -14"><span class='ocrx_word' id='word_1_117' title='bbox 35 2098 98 2151; x_wconf 89' lang='lat' dir='ltr'>ni</span> <span class='ocrx_word' id='word_1_118' title='bbox 123 2098 284 2150; x_wconf 89' lang='lat' dir='ltr'>terra</span> <span class='ocrx_word' id='word_1_119' title='bbox 308 2095 636 2153; x_wconf 82' lang='lat' dir='ltr'>sacerdotes</span> <span class='ocrx_word' id='word_1_120' title='bbox 654 2096 759 2148; x_wconf 90' lang='lat' dir='ltr'>Dei</span> <span class='ocrx_word' id='word_1_121' title='bbox 782 2096 1037 2149; x_wconf 90' lang='lat' dir='ltr'>coissent</span> <span class='ocrx_word' id='word_1_122' title='bbox 1064 2095 1237 2165; x_wconf 76' lang='lat'><strong>220</strong></span> <span class='ocrx_word' id='word_1_123' title='bbox 1264 2100 1506 2161; x_wconf 86' lang='lat' dir='ltr'>opinione</span> <span class='ocrx_word' id='word_1_124' title='bbox 1521 2115 1650 2149; x_wconf 89' lang='lat' dir='ltr'>com-</span> 
     </span>
    </p>
   </div>
   <div class='ocr_carea' id='block_1_21' title="bbox 32 2185 1645 2253">
    <p class='ocr_par' dir='ltr' id='par_1_21' title="bbox 32 2185 1645 2253">
     <span class='ocr_line' id='line_1_21' title="bbox 32 2185 1645 2253; baseline 0.001 -15"><span class='ocrx_word' id='word_1_125' title='bbox 32 2186 182 2239; x_wconf 85' lang='lat' dir='ltr'>moti</span> <span class='ocrx_word' id='word_1_126' title='bbox 207 2185 541 2250; x_wconf 89' lang='lat' dir='ltr'>philosophi</span> <span class='ocrx_word' id='word_1_127' title='bbox 569 2196 796 2249; x_wconf 90' lang='lat' dir='ltr'>quoque</span> <span class='ocrx_word' id='word_1_128' title='bbox 827 2190 886 2238; x_wconf 90' lang='lat' dir='ltr'>et</span> <span class='ocrx_word' id='word_1_129' title='bbox 911 2185 1190 2238; x_wconf 87' lang='lat' dir='ltr'>dialectici</span> <span class='ocrx_word' id='word_1_130' title='bbox 1215 2187 1384 2241; x_wconf 84' lang='lat' dir='ltr'>valde</span> <span class='ocrx_word' id='word_1_131' title='bbox 1403 2188 1645 2253; x_wconf 90' lang='lat' dir='ltr'>nobiles,</span> 
     </span>
    </p>
   </div>
   <div class='ocr_carea' id='block_1_22' title="bbox 35 2275 1647 2341">
    <p class='ocr_par' dir='ltr' id='par_1_22' title="bbox 35 2275 1647 2341">
     <span class='ocr_line' id='line_1_22' title="bbox 35 2275 1647 2341; baseline 0.001 -14"><span class='ocrx_word' id='word_1_132' title='bbox 35 2278 93 2328; x_wconf 89' lang='lat' dir='ltr'>et</span> <span class='ocrx_word' id='word_1_133' title='bbox 114 2275 509 2341; x_wconf 86' lang='lat' dir='ltr'>opinatissimi</span> <span class='ocrx_word' id='word_1_134' title='bbox 523 2277 926 2328; x_wconf 88' lang='lat' dir='ltr'>convenerunt.</span> <span class='ocrx_word' id='word_1_135' title='bbox 940 2278 1003 2327; x_wconf 90' lang='lat' dir='ltr'>In</span> <span class='ocrx_word' id='word_1_136' title='bbox 1020 2276 1233 2338; x_wconf 88' lang='lat' dir='ltr'>quibus</span> <span class='ocrx_word' id='word_1_137' title='bbox 1257 2277 1490 2341; x_wconf 86' lang='lat' dir='ltr'>quidam</span> <span class='ocrx_word' id='word_1_138' title='bbox 1507 2278 1647 2332; x_wconf 85' lang='lat' dir='ltr'>insi-</span> 
     </span>
    </p>
   </div>
   <div class='ocr_carea' id='block_1_23' title="bbox 35 2363 1646 2430">
    <p class='ocr_par' dir='ltr' id='par_1_23' title="bbox 35 2363 1646 2430">
     <span class='ocr_line' id='line_1_23' title="bbox 35 2363 1646 2430; baseline 0.002 -15"><span class='ocrx_word' id='word_1_139' title='bbox 35 2364 169 2430; x_wconf 85' lang='lat' dir='ltr'>gnis</span> <span class='ocrx_word' id='word_1_140' title='bbox 204 2364 273 2416; x_wconf 86' lang='lat' dir='ltr'>in</span> <span class='ocrx_word' id='word_1_141' title='bbox 303 2367 426 2416; x_wconf 88' lang='lat' dir='ltr'>arte</span> <span class='ocrx_word' id='word_1_142' title='bbox 462 2363 790 2428; x_wconf 79' lang='lat' dir='ltr'>Dialectlca,</span> <span class='ocrx_word' id='word_1_143' title='bbox 819 2376 921 2428; x_wconf 91' lang='lat' dir='ltr'>per</span> <span class='ocrx_word' id='word_1_144' title='bbox 942 2364 1067 2416; x_wconf 90' lang='lat' dir='ltr'>dies</span> <span class='ocrx_word' id='word_1_145' title='bbox 1093 2365 1353 2429; x_wconf 77' lang='lat' dir='ltr'>singulos</span> <span class='ocrx_word' id='word_1_146' title='bbox 1376 2365 1415 2425; x_wconf 69' lang='grc' dir='ltr'>δ,</span> <span class='ocrx_word' id='word_1_147' title='bbox 1442 2367 1646 2419; x_wconf 86' lang='lat' dir='ltr'>conﬁi-</span> 
     </span>
    </p>
   </div>
   <div class='ocr_carea' id='block_1_24' title="bbox 38 2453 1643 2521">
    <p class='ocr_par' dir='ltr' id='par_1_24' title="bbox 38 2453 1643 2521">
     <span class='ocr_line' id='line_1_24' title="bbox 38 2453 1643 2521; baseline 0.002 -16"><span class='ocrx_word' id='word_1_148' title='bbox 38 2459 169 2507; x_wconf 88' lang='lat' dir='ltr'>ctus</span> <span class='ocrx_word' id='word_1_149' title='bbox 190 2453 415 2505; x_wconf 86' lang='lat' dir='ltr'>summi</span> <span class='ocrx_word' id='word_1_150' title='bbox 427 2453 757 2506; x_wconf 82' lang='lat' dir='ltr'>certaminis</span> <span class='ocrx_word' id='word_1_151' title='bbox 767 2466 901 2506; x_wconf 91' lang='lat' dir='ltr'>cum</span> <span class='ocrx_word' id='word_1_152' title='bbox 918 2454 1213 2518; x_wconf 90' lang='lat' dir='ltr'>Episcopis</span> <span class='ocrx_word' id='word_1_153' title='bbox 1237 2454 1468 2517; x_wconf 85' lang='lat' dir='ltr'>nostris,</span> <span class='ocrx_word' id='word_1_154' title='bbox 1486 2455 1643 2521; x_wconf 88' lang='lat' dir='ltr'>viris,</span> 
     </span>
    </p>
   </div>
   <div class='ocr_carea' id='block_1_25' title="bbox 36 2542 1641 2609">
    <p class='ocr_par' dir='ltr' id='par_1_25' title="bbox 36 2542 1641 2609">
     <span class='ocr_line' id='line_1_25' title="bbox 36 2542 1641 2609; baseline 0.001 -14"><span class='ocrx_word' id='word_1_155' title='bbox 36 2544 297 2608; x_wconf 57' lang='lat' dir='ltr'>adaeque</span> <span class='ocrx_word' id='word_1_156' title='bbox 322 2543 384 2595; x_wconf 91' lang='lat' dir='ltr'>in</span> <span class='ocrx_word' id='word_1_157' title='bbox 406 2542 714 2595; x_wconf 87' lang='lat' dir='ltr'>Dialectica</span> <span class='ocrx_word' id='word_1_158' title='bbox 742 2556 861 2595; x_wconf 92' lang='lat' dir='ltr'>non</span> <span class='ocrx_word' id='word_1_159' title='bbox 902 2542 1353 2608; x_wconf 87' lang='lat' dir='ltr'>improbabiliter</span> <span class='ocrx_word' id='word_1_160' title='bbox 1384 2544 1641 2609; x_wconf 88' lang='lat' dir='ltr'>eruditis,</span> 
     </span>
    </p>
   </div>
   <div class='ocr_carea' id='block_1_26' title="bbox 38 2631 1643 2697">
    <p class='ocr_par' dir='ltr' id='par_1_26' title="bbox 38 2631 1643 2697">
     <span class='ocr_line' id='line_1_26' title="bbox 38 2631 1643 2697; baseline 0.001 -12"><span class='ocrx_word' id='word_1_161' title='bbox 38 2633 345 2685; x_wconf 84' lang='lat' dir='ltr'>movebat:</span> <span class='ocrx_word' id='word_1_162' title='bbox 363 2636 422 2683; x_wconf 92' lang='lat' dir='ltr'>et</span> <span class='ocrx_word' id='word_1_163' title='bbox 443 2631 621 2684; x_wconf 87' lang='lat' dir='ltr'>ﬁebat</span> <span class='ocrx_word' id='word_1_164' title='bbox 641 2631 847 2697; x_wconf 84' lang='lat' dir='ltr'>ingens</span> <span class='ocrx_word' id='word_1_165' title='bbox 873 2631 1284 2696; x_wconf 90' lang='lat' dir='ltr'>spectaculum,</span> <span class='ocrx_word' id='word_1_166' title='bbox 1306 2634 1643 2687; x_wconf 86' lang='lat' dir='ltr'>convenien-</span> 
     </span>
    </p>
   </div>
   <div class='ocr_carea' id='block_1_27' title="bbox 38 2720 1641 2775">
    <p class='ocr_par' dir='ltr' id='par_1_27' title="bbox 38 2720 1641 2775">
     <span class='ocr_line' id='line_1_27' title="bbox 38 2720 1641 2775; baseline -0.001 0"><span class='ocrx_word' id='word_1_167' title='bbox 38 2723 200 2775; x_wconf 86' lang='lat' dir='ltr'>tibus</span> <span class='ocrx_word' id='word_1_168' title='bbox 246 2721 321 2774; x_wconf 91' lang='lat' dir='ltr'>ad</span> <span class='ocrx_word' id='word_1_169' title='bbox 358 2720 717 2774; x_wconf 90' lang='lat' dir='ltr'>audiendum</span> <span class='ocrx_word' id='word_1_170' title='bbox 753 2720 940 2774; x_wconf 90' lang='lat' dir='ltr'>doctis</span> <span class='ocrx_word' id='word_1_171' title='bbox 963 2726 1022 2774; x_wconf 91' lang='lat' dir='ltr'>et</span> <span class='ocrx_word' id='word_1_172' title='bbox 1049 2720 1316 2774; x_wconf 84' lang='lat' dir='ltr'>litteratis</span> <span class='ocrx_word' id='word_1_173' title='bbox 1342 2722 1501 2774; x_wconf 90' lang='lat' dir='ltr'>viris.</span> <span class='ocrx_word' id='word_1_174' title='bbox 1527 2725 1641 2775; x_wconf 86' lang='lat' dir='ltr'>Nec</span> 
     </span>
    </p>
   </div>
   <div class='ocr_carea' id='block_1_28' title="bbox 38 2809 1642 2878">
    <p class='ocr_par' dir='ltr' id='par_1_28' title="bbox 38 2809 1642 2878">
     <span class='ocr_line' id='line_1_28' title="bbox 38 2809 1642 2878; baseline 0.002 -14"><span class='ocrx_word' id='word_1_175' title='bbox 38 2816 237 2864; x_wconf 89' lang='lat' dir='ltr'>tamen</span> <span class='ocrx_word' id='word_1_176' title='bbox 262 2809 385 2863; x_wconf 92' lang='lat' dir='ltr'>ullo</span> <span class='ocrx_word' id='word_1_177' title='bbox 408 2823 620 2876; x_wconf 77' lang='lat' dir='ltr'>genere</span> <span class='ocrx_word' id='word_1_178' title='bbox 632 2810 1008 2876; x_wconf 90' lang='lat' dir='ltr'>philosophus</span> <span class='ocrx_word' id='word_1_179' title='bbox 1027 2811 1642 2878; x_wconf 89' lang='lat' dir='ltr'>concludiaquoquam</span> 
     </span>
    </p>
   </div>
   <div class='ocr_carea' id='block_1_29' title="bbox 37 2900 1643 2967">
    <p class='ocr_par' dir='ltr' id='par_1_29' title="bbox 37 2900 1643 2967">
     <span class='ocr_line' id='line_1_29' title="bbox 37 2900 1643 2967; baseline 0.002 -14"><span class='ocrx_word' id='word_1_180' title='bbox 37 2906 288 2967; x_wconf 88' lang='lat' dir='ltr'>poterat,</span> <span class='ocrx_word' id='word_1_181' title='bbox 312 2904 415 2953; x_wconf 88' lang='lat' dir='ltr'>aut</span> <span class='ocrx_word' id='word_1_182' title='bbox 443 2900 778 2966; x_wconf 81' lang='lat' dir='ltr'>constringi.</span> <span class='ocrx_word' id='word_1_183' title='bbox 795 2902 981 2954; x_wconf 89' lang='lat' dir='ltr'>Tanta</span> <span class='ocrx_word' id='word_1_184' title='bbox 992 2902 1207 2955; x_wconf 87' lang='lat' dir='ltr'>etenim</span> <span class='ocrx_word' id='word_1_185' title='bbox 1231 2912 1251 2933; x_wconf 72' lang='grc' dir='ltr'><strong>ε</strong></span> <span class='ocrx_word' id='word_1_186' title='bbox 1273 2902 1501 2956; x_wconf 89' lang='lat' dir='ltr'>dicendi</span> <span class='ocrx_word' id='word_1_187' title='bbox 1520 2906 1643 2957; x_wconf 86' lang='lat' dir='ltr'>arte</span> 
     </span>
    </p>
   </div>
   <div class='ocr_carea' id='block_1_30' title="bbox 39 2991 1642 3057">
    <p class='ocr_par' dir='ltr' id='par_1_30' title="bbox 39 2991 1642 3057">
     <span class='ocr_line' id='line_1_30' title="bbox 39 2991 1642 3057; baseline 0.001 -13"><span class='ocrx_word' id='word_1_188' title='bbox 39 2991 290 3056; x_wconf 86' lang='lat' dir='ltr'>objectis</span> <span class='ocrx_word' id='word_1_189' title='bbox 306 2991 725 3056; x_wconf 67' lang='lat' dir='ltr'>qumstionibus</span> <span class='ocrx_word' id='word_1_190' title='bbox 736 2992 1087 3055; x_wconf 85' lang='lat' dir='ltr'>occurrebat,</span> <span class='ocrx_word' id='word_1_191' title='bbox 1100 2993 1165 3044; x_wconf 88' lang='lat' dir='ltr'>ut</span> <span class='ocrx_word' id='word_1_192' title='bbox 1177 2992 1277 3045; x_wconf 91' lang='lat' dir='ltr'>ubi</span> <span class='ocrx_word' id='word_1_193' title='bbox 1287 2993 1540 3047; x_wconf 82' lang='lat' dir='ltr'>maxime</span> <span class='ocrx_word' id='word_1_194' title='bbox 1550 3009 1642 3057; x_wconf 88' lang='lat' dir='ltr'>pu-</span> 
     </span>
    </p>
   </div>
   <div class='ocr_carea' id='block_1_31' title="bbox 40 3079 1636 3146">
    <p class='ocr_par' dir='ltr' id='par_1_31' title="bbox 40 3079 1636 3146">
     <span class='ocr_line' id='line_1_31' title="bbox 40 3079 1636 3146; baseline 0.001 -11"><span class='ocrx_word' id='word_1_195' title='bbox 40 3086 265 3136; x_wconf 85' lang='lat' dir='ltr'>taretur</span> <span class='ocrx_word' id='word_1_196' title='bbox 286 3080 615 3144; x_wconf 87' lang='lat' dir='ltr'>adstrictus,</span> <span class='ocrx_word' id='word_1_197' title='bbox 634 3079 796 3133; x_wconf 91' lang='lat' dir='ltr'>velut</span> <span class='ocrx_word' id='word_1_198' title='bbox 808 3080 1020 3146; x_wconf 78' lang='lat' dir='ltr'>anguis</span> <span class='ocrx_word' id='word_1_199' title='bbox 1030 3079 1285 3135; x_wconf 90' lang='lat' dir='ltr'>lubricus</span> <span class='ocrx_word' id='word_1_200' title='bbox 1301 3082 1636 3137; x_wconf 87' lang='lat' dir='ltr'>elaberetur.</span> 
     </span>
    </p>
   </div>
   <div class='ocr_carea' id='block_1_32' title="bbox 35 3168 1634 3235">
    <p class='ocr_par' dir='ltr' id='par_1_32' title="bbox 35 3168 1634 3235">
     <span class='ocr_line' id='line_1_32' title="bbox 35 3168 1634 3235; baseline 0.001 -12"><span class='ocrx_word' id='word_1_201' title='bbox 35 3170 144 3224; x_wconf 87' lang='lat' dir='ltr'>Sed</span> <span class='ocrx_word' id='word_1_202' title='bbox 190 3173 264 3223; x_wconf 90' lang='lat' dir='ltr'>ut</span> <span class='ocrx_word' id='word_1_203' title='bbox 305 3168 638 3223; x_wconf 86' lang='lat' dir='ltr'>ostenderet</span> <span class='ocrx_word' id='word_1_204' title='bbox 671 3171 844 3232; x_wconf 89' lang='lat' dir='ltr'>Deus,</span> <span class='ocrx_word' id='word_1_205' title='bbox 868 3170 1006 3235; x_wconf 84' lang='lat' dir='ltr'>quia</span> <span class='ocrx_word' id='word_1_206' title='bbox 1025 3182 1144 3223; x_wconf 91' lang='lat' dir='ltr'>non</span> <span class='ocrx_word' id='word_1_207' title='bbox 1166 3172 1228 3224; x_wconf 88' lang='lat' dir='ltr'>in</span> <span class='ocrx_word' id='word_1_208' title='bbox 1251 3183 1515 3225; x_wconf 86' lang='lat' dir='ltr'>sermone</span> <span class='ocrx_word' id='word_1_209' title='bbox 1544 3185 1634 3225; x_wconf 88' lang='lat' dir='ltr'>re-</span> 
     </span>
    </p>
   </div>
   <div class='ocr_carea' id='block_1_33' title="bbox 35 3242 1706 3325">
    <p class='ocr_par' dir='ltr' id='par_1_33' title="bbox 35 3242 1706 3325">
     <span class='ocr_line' id='line_1_33' title="bbox 35 3242 1706 3325; baseline 0.002 -12"><span class='ocrx_word' id='word_1_210' title='bbox 35 3272 223 3324; x_wconf 86' lang='lat' dir='ltr'>gnum</span> <span class='ocrx_word' id='word_1_211' title='bbox 246 3259 353 3312; x_wconf 91' lang='lat' dir='ltr'>Dei</span> <span class='ocrx_word' id='word_1_212' title='bbox 388 3258 491 3312; x_wconf 87' lang='lat' dir='ltr'>sed</span> <span class='ocrx_word' id='word_1_213' title='bbox 513 3258 572 3310; x_wconf 91' lang='lat' dir='ltr'>in</span> <span class='ocrx_word' id='word_1_214' title='bbox 594 3258 809 3311; x_wconf 89' lang='lat' dir='ltr'>virtute</span> <span class='ocrx_word' id='word_1_215' title='bbox 831 3259 1117 3324; x_wconf 86' lang='lat' dir='ltr'>consistit,</span> <span class='ocrx_word' id='word_1_216' title='bbox 1145 3260 1383 3325; x_wconf 90' lang='lat' dir='ltr'>quidam</span> <span class='ocrx_word' id='word_1_217' title='bbox 1398 3274 1471 3314; x_wconf 87' lang='lat' dir='ltr'>ex</span> <span class='ocrx_word' id='word_1_218' title='bbox 1495 3264 1634 3315; x_wconf 83' lang='lat' dir='ltr'>Con—</span> <span class='ocrx_word' id='word_1_219' title='bbox 1656 3242 1706 3317; x_wconf 85' lang='lat' dir='ltr'>C</span> 
     </span>
    </p>
   </div>
   <div class='ocr_carea' id='block_1_34' title="bbox 33 3348 1637 3414">
    <p class='ocr_par' dir='ltr' id='par_1_34' title="bbox 33 3348 1637 3414">
     <span class='ocr_line' id='line_1_34' title="bbox 33 3348 1637 3414; baseline 0.002 -13"><span class='ocrx_word' id='word_1_220' title='bbox 33 3349 359 3402; x_wconf 82' lang='lat' dir='ltr'>fessoribus</span> <span class='ocrx_word' id='word_1_221' title='bbox 383 3348 830 3414; x_wconf 62' lang='lat' dir='ltr'>simplicissima</span> <span class='ocrx_word' id='word_1_222' title='bbox 852 3353 1078 3402; x_wconf 65' lang='lat' dir='ltr'>naturas</span> <span class='ocrx_word' id='word_1_223' title='bbox 1100 3350 1207 3411; x_wconf 88' lang='lat' dir='ltr'>vir,</span> <span class='ocrx_word' id='word_1_224' title='bbox 1233 3355 1292 3403; x_wconf 93' lang='lat' dir='ltr'>et</span> <span class='ocrx_word' id='word_1_225' title='bbox 1314 3350 1459 3403; x_wconf 83' lang='lat' dir='ltr'>nihil</span> <span class='ocrx_word' id='word_1_226' title='bbox 1481 3350 1637 3404; x_wconf 81' lang='lat' dir='ltr'>aliud</span> 
     </span>
    </p>
   </div>
   <div class='ocr_carea' id='block_1_35' title="bbox 32 3438 1637 3500">
    <p class='ocr_par' dir='ltr' id='par_1_35' title="bbox 32 3438 1637 3500">
     <span class='ocr_line' id='line_1_35' title="bbox 32 3438 1637 3500; baseline 0.001 -11"><span class='ocrx_word' id='word_1_227' title='bbox 32 3440 225 3492; x_wconf 89' lang='lat' dir='ltr'>sciens</span> <span class='ocrx_word' id='word_1_228' title='bbox 251 3439 369 3492; x_wconf 80' lang='lat' dir='ltr'>nisi</span> <span class='ocrx_word' id='word_1_229' title='bbox 389 3441 420 3491; x_wconf 85' lang='lat' dir='ltr'><strong>J</strong></span> <span class='ocrx_word' id='word_1_230' title='bbox 425 3448 592 3492; x_wconf 91' lang='lat' dir='ltr'>esum</span> <span class='ocrx_word' id='word_1_231' title='bbox 614 3438 927 3500; x_wconf 74' lang='lat' dir='ltr'>Christum,</span> <span class='ocrx_word' id='word_1_232' title='bbox 945 3445 1006 3492; x_wconf 89' lang='lat' dir='ltr'>et</span> <span class='ocrx_word' id='word_1_233' title='bbox 1023 3438 1181 3491; x_wconf 90' lang='lat' dir='ltr'>hunc</span> <span class='ocrx_word' id='word_1_234' title='bbox 1197 3442 1492 3490; x_wconf 82' lang='lat' dir='ltr'>cruciﬁxum</span> <span class='ocrx_word' id='word_1_235' title='bbox 1505 3443 1637 3490; x_wconf 90' lang='lat' dir='ltr'>inter</span> 
     </span>
    </p>
   </div>
   <div class='ocr_carea' id='block_1_36' title="bbox 28 3527 1633 3595">
    <p class='ocr_par' dir='ltr' id='par_1_36' title="bbox 28 3527 1633 3595">
     <span class='ocr_line' id='line_1_36' title="bbox 28 3527 1633 3595; baseline 0.002 -16"><span class='ocrx_word' id='word_1_236' title='bbox 28 3532 279 3581; x_wconf 69' lang='lat' dir='ltr'>caeteros</span> <span class='ocrx_word' id='word_1_237' title='bbox 301 3527 594 3580; x_wconf 86' lang='lat' dir='ltr'>auditores</span> <span class='ocrx_word' id='word_1_238' title='bbox 611 3528 919 3593; x_wconf 86' lang='lat' dir='ltr'>Episcopos</span> <span class='ocrx_word' id='word_1_239' title='bbox 939 3528 1054 3592; x_wconf 85' lang='lat' dir='ltr'>[Ms.</span> <span class='ocrx_word' id='word_1_240' title='bbox 1068 3528 1391 3595; x_wconf 89' lang='lat' dir='ltr'>episcopus]</span> <span class='ocrx_word' id='word_1_241' title='bbox 1419 3529 1633 3584; x_wconf 88' lang='lat' dir='ltr'>aderat.</span> 
     </span>
    </p>
   </div>
   <div class='ocr_carea' id='block_1_37' title="bbox 14 3615 1633 3683">
    <p class='ocr_par' dir='ltr' id='par_1_37' title="bbox 14 3615 1633 3683">
     <span class='ocr_line' id='line_1_37' title="bbox 14 3615 1633 3683; baseline 0.001 -13"><span class='ocrx_word' id='word_1_242' title='bbox 14 3619 133 3679; x_wconf 45' lang='lat' dir='ltr'>rQui</span> <span class='ocrx_word' id='word_1_243' title='bbox 163 3629 304 3669; x_wconf 90' lang='lat' dir='ltr'>cum</span> <span class='ocrx_word' id='word_1_244' title='bbox 326 3615 571 3669; x_wconf 90' lang='lat' dir='ltr'>vidisset</span> <span class='ocrx_word' id='word_1_245' title='bbox 582 3616 992 3683; x_wconf 78' lang='lat' dir='ltr'>phil080phum</span> <span class='ocrx_word' id='word_1_246' title='bbox 1007 3617 1383 3671; x_wconf 89' lang='lat' dir='ltr'>insultantem</span> <span class='ocrx_word' id='word_1_247' title='bbox 1398 3621 1633 3683; x_wconf 85' lang='lat' dir='ltr'>nostris,</span> 
     </span>
    </p>
   </div>
   <div class='ocr_carea' id='block_1_38' title="bbox 26 3699 1634 3773">
    <p class='ocr_par' dir='ltr' id='par_1_38' title="bbox 26 3699 1634 3773">
     <span class='ocr_line' id='line_1_38' title="bbox 26 3699 1634 3773; baseline 0.001 -14"><span class='ocrx_word' id='word_1_248' title='bbox 26 3712 81 3760; x_wconf 91' lang='lat' dir='ltr'>et</span> <span class='ocrx_word' id='word_1_249' title='bbox 103 3705 318 3759; x_wconf 83' lang='lat' dir='ltr'>callida</span> <span class='ocrx_word' id='word_1_250' title='bbox 340 3718 403 3758; x_wconf 91' lang='lat' dir='ltr'>se</span> <span class='ocrx_word' id='word_1_251' title='bbox 430 3699 841 3771; x_wconf 83' lang='lat' dir='ltr'>disputationis</span> <span class='ocrx_word' id='word_1_252' title='bbox 864 3711 989 3760; x_wconf 88' lang='lat' dir='ltr'>arte</span> <span class='ocrx_word' id='word_1_253' title='bbox 1003 3707 1341 3771; x_wconf 90' lang='lat' dir='ltr'>jactantem,</span> <span class='ocrx_word' id='word_1_254' title='bbox 1361 3709 1547 3773; x_wconf 88' lang='lat' dir='ltr'>poscit</span> <span class='ocrx_word' id='word_1_255' title='bbox 1562 3712 1634 3762; x_wconf 91' lang='lat' dir='ltr'>ab</span> 
     </span>
    </p>
   </div>
   <div class='ocr_carea' id='block_1_39' title="bbox 26 3794 1634 3863">
    <p class='ocr_par' dir='ltr' id='par_1_39' title="bbox 26 3794 1634 3863">
     <span class='ocr_line' id='line_1_39' title="bbox 26 3794 1634 3863; baseline 0.001 -15"><span class='ocrx_word' id='word_1_256' title='bbox 26 3796 301 3849; x_wconf 89' lang='lat' dir='ltr'>omnibus</span> <span class='ocrx_word' id='word_1_257' title='bbox 344 3794 573 3847; x_wconf 90' lang='lat' dir='ltr'>locum:</span> <span class='ocrx_word' id='word_1_258' title='bbox 612 3794 759 3848; x_wconf 86' lang='lat' dir='ltr'>velle</span> <span class='ocrx_word' id='word_1_259' title='bbox 796 3808 859 3847; x_wconf 90' lang='lat' dir='ltr'>se</span> <span class='ocrx_word' id='word_1_260' title='bbox 896 3796 1095 3859; x_wconf 88' lang='lat' dir='ltr'>paucis</span> <span class='ocrx_word' id='word_1_261' title='bbox 1131 3809 1266 3848; x_wconf 89' lang='lat' dir='ltr'>cum</span> <span class='ocrx_word' id='word_1_262' title='bbox 1290 3796 1634 3863; x_wconf 89' lang='lat' dir='ltr'>philosopho</span> 
     </span>
    </p>
   </div>
   <div class='ocr_carea' id='block_1_40' title="bbox 27 3884 1632 3950">
    <p class='ocr_par' dir='ltr' id='par_1_40' title="bbox 27 3884 1632 3950">
     <span class='ocr_line' id='line_1_40' title="bbox 27 3884 1632 3950; baseline 0.002 -14"><span class='ocrx_word' id='word_1_263' title='bbox 27 3884 421 3937; x_wconf 88' lang='lat' dir='ltr'>sermocinari.</span> <span class='ocrx_word' id='word_1_264' title='bbox 465 3885 611 3937; x_wconf 86' lang='lat' dir='ltr'>Tum</span> <span class='ocrx_word' id='word_1_265' title='bbox 653 3896 791 3937; x_wconf 89' lang='lat' dir='ltr'>vero</span> <span class='ocrx_word' id='word_1_266' title='bbox 827 3884 1030 3948; x_wconf 88' lang='lat' dir='ltr'>nostri,</span> <span class='ocrx_word' id='word_1_267' title='bbox 1074 3885 1173 3950; x_wconf 89' lang='lat' dir='ltr'>qui</span> <span class='ocrx_word' id='word_1_268' title='bbox 1210 3886 1632 3949; x_wconf 86' lang='lat' dir='ltr'>simplicitatem</span> 
     </span>
    </p>
   </div>
   <div class='ocr_carea' id='block_1_41' title="bbox 31 3972 1634 4042">
    <p class='ocr_par' dir='ltr' id='par_1_41' title="bbox 31 3972 1634 4042">
     <span class='ocr_line' id='line_1_41' title="bbox 31 3972 1634 4042; baseline -0.001 -15"><span class='ocrx_word' id='word_1_269' title='bbox 31 3975 131 4028; x_wconf 88' lang='lat' dir='ltr'>viri</span> <span class='ocrx_word' id='word_1_270' title='bbox 160 3979 219 4028; x_wconf 90' lang='lat' dir='ltr'>et</span> <span class='ocrx_word' id='word_1_271' title='bbox 246 3972 594 4040; x_wconf 86' lang='lat' dir='ltr'>imperitiam</span> <span class='ocrx_word' id='word_1_272' title='bbox 613 3975 675 4028; x_wconf 94' lang='lat' dir='ltr'>in</span> <span class='ocrx_word' id='word_1_273' title='bbox 696 3975 806 4039; x_wconf 67' lang='grc' dir='ltr'>[Αι.</span> <span class='ocrx_word' id='word_1_274' title='bbox 823 3975 913 4042; x_wconf 81' lang='lat' dir='ltr'>de]</span> <span class='ocrx_word' id='word_1_275' title='bbox 931 3987 1200 4028; x_wconf 87' lang='lat' dir='ltr'>sermone</span> <span class='ocrx_word' id='word_1_276' title='bbox 1215 3975 1505 4029; x_wconf 86' lang='lat' dir='ltr'>duntaxat</span> <span class='ocrx_word' id='word_1_277' title='bbox 1520 3993 1634 4027; x_wconf 88' lang='lat' dir='ltr'>nos-</span> 
     </span>
    </p>
   </div>
   <div class='ocr_carea' id='block_1_42' title="bbox 28 4052 1632 4134">
    <p class='ocr_par' dir='ltr' id='par_1_42' title="bbox 28 4052 1632 4134">
     <span class='ocr_line' id='line_1_42' title="bbox 28 4052 1632 4134; baseline 0.002 -17"><span class='ocrx_word' id='word_1_278' title='bbox 28 4069 173 4130; x_wconf 88' lang='lat' dir='ltr'>sent,</span> <span class='ocrx_word' id='word_1_279' title='bbox 210 4052 442 4134; x_wconf 82' lang='lat' dir='ltr'>p&#39;avere,</span> <span class='ocrx_word' id='word_1_280' title='bbox 484 4067 542 4121; x_wconf 89' lang='lat' dir='ltr'>et</span> <span class='ocrx_word' id='word_1_281' title='bbox 571 4065 734 4120; x_wconf 92' lang='lat' dir='ltr'>velut</span> <span class='ocrx_word' id='word_1_282' title='bbox 752 4065 1032 4131; x_wconf 89' lang='lat' dir='ltr'>pudorem</span> <span class='ocrx_word' id='word_1_283' title='bbox 1056 4065 1367 4130; x_wconf 90' lang='lat' dir='ltr'>quemdam</span> <span class='ocrx_word' id='word_1_284' title='bbox 1398 4066 1531 4131; x_wconf 90' lang='lat' dir='ltr'>pati,</span> <span class='ocrx_word' id='word_1_285' title='bbox 1558 4081 1632 4120; x_wconf 91' lang='lat' dir='ltr'>ne</span> 
     </span>
    </p>
   </div>
   <div class='ocr_carea' id='block_1_43' title="bbox 27 4154 1634 4222">
    <p class='ocr_par' dir='ltr' id='par_1_43' title="bbox 27 4154 1634 4222">
     <span class='ocr_line' id='line_1_43' title="bbox 27 4154 1634 4222; baseline 0.002 -16"><span class='ocrx_word' id='word_1_286' title='bbox 27 4154 169 4210; x_wconf 81' lang='lat' dir='ltr'>forte</span> <span class='ocrx_word' id='word_1_287' title='bbox 202 4155 360 4222; x_wconf 90' lang='lat' dir='ltr'>apud</span> <span class='ocrx_word' id='word_1_288' title='bbox 382 4154 620 4208; x_wconf 90' lang='lat' dir='ltr'>callidos</span> <span class='ocrx_word' id='word_1_289' title='bbox 643 4155 909 4208; x_wconf 88' lang='lat' dir='ltr'>homines</span> <span class='ocrx_word' id='word_1_290' title='bbox 932 4155 1075 4209; x_wconf 89' lang='lat' dir='ltr'>risui</span> <span class='ocrx_word' id='word_1_291' title='bbox 1096 4155 1416 4209; x_wconf 77' lang='lat' dir='ltr'>efﬁceretur</span> <span class='ocrx_word' id='word_1_292' title='bbox 1433 4158 1634 4211; x_wconf 88' lang='lat' dir='ltr'>sancta</span> 
     </span>
    </p>
   </div>
   <div class='ocr_carea' id='block_1_44' title="bbox 85 4324 1633 4391">
    <p class='ocr_par' dir='ltr' id='par_1_44' title="bbox 85 4324 1633 4391">
     <span class='ocr_line' id='line_1_44' title="bbox 85 4324 1633 4391; baseline 0.001 -14"><span class='ocrx_word' id='word_1_293' title='bbox 85 4337 102 4357; x_wconf 88' lang='grc'><strong>·</strong></span> <span class='ocrx_word' id='word_1_294' title='bbox 130 4325 340 4378; x_wconf 78' lang='lat' dir='ltr'>Confer</span> <span class='ocrx_word' id='word_1_295' title='bbox 384 4325 679 4377; x_wconf 85' lang='lat' dir='ltr'>Socratem</span> <span class='ocrx_word' id='word_1_296' title='bbox 714 4324 858 4377; x_wconf 88' lang='lat' dir='ltr'>Eccl.</span> <span class='ocrx_word' id='word_1_297' title='bbox 906 4324 1052 4377; x_wconf 88' lang='lat' dir='ltr'>Hist.</span> <span class='ocrx_word' id='word_1_298' title='bbox 1079 4324 1177 4376; x_wconf 92' lang='lat' dir='ltr'>lib.</span> <span class='ocrx_word' id='word_1_299' title='bbox 1211 4327 1253 4376; x_wconf 90' lang='grc' dir='ltr'>Ι.</span> <span class='ocrx_word' id='word_1_300' title='bbox 1300 4338 1423 4391; x_wconf 89' lang='lat' dir='ltr'>cap.</span> <span class='ocrx_word' id='word_1_301' title='bbox 1456 4326 1506 4381; x_wconf 92' lang='lat'>6.</span> <span class='ocrx_word' id='word_1_302' title='bbox 1532 4326 1633 4378; x_wconf 92' lang='lat' dir='ltr'>ubi</span> 
     </span>
    </p>
   </div>
   <div class='ocr_carea' id='block_1_45' title="bbox 28 4392 1632 4461">
    <p class='ocr_par' dir='ltr' id='par_1_45' title="bbox 28 4392 1632 4461">
     <span class='ocr_line' id='line_1_45' title="bbox 28 4392 1632 4461; baseline 0.001 -13"><span class='ocrx_word' id='word_1_303' title='bbox 28 4402 81 4449; x_wconf 86' lang='lat' dir='ltr'>et</span> <span class='ocrx_word' id='word_1_304' title='bbox 105 4397 402 4450; x_wconf 79' lang='lat' dir='ltr'>fautorum</span> <span class='ocrx_word' id='word_1_305' title='bbox 443 4396 563 4448; x_wconf 88' lang='lat' dir='ltr'>Arii</span> <span class='ocrx_word' id='word_1_306' title='bbox 606 4396 843 4448; x_wconf 89' lang='lat' dir='ltr'>nomina</span> <span class='ocrx_word' id='word_1_307' title='bbox 888 4408 963 4449; x_wconf 83' lang='lat' dir='ltr'>ex</span> <span class='ocrx_word' id='word_1_308' title='bbox 1005 4396 1315 4449; x_wconf 83' lang='lat' dir='ltr'>Alexandri</span> <span class='ocrx_word' id='word_1_309' title='bbox 1349 4392 1632 4461; x_wconf 85' lang='lat' dir='ltr'>Synodica</span> 
     </span>
    </p>
   </div>
   <div class='ocr_carea' id='block_1_46' title="bbox 29 4467 1629 4535">
    <p class='ocr_par' dir='ltr' id='par_1_46' title="bbox 29 4467 1629 4535">
     <span class='ocr_line' id='line_1_46' title="bbox 29 4467 1629 4535; baseline 0.001 -15"><span class='ocrx_word' id='word_1_310' title='bbox 29 4467 282 4533; x_wconf 75' lang='lat' dir='ltr'>Epistula</span> <span class='ocrx_word' id='word_1_311' title='bbox 309 4469 530 4531; x_wconf 89' lang='lat' dir='ltr'>recitat,</span> <span class='ocrx_word' id='word_1_312' title='bbox 556 4471 614 4518; x_wconf 91' lang='lat' dir='ltr'>et</span> <span class='ocrx_word' id='word_1_313' title='bbox 641 4467 830 4520; x_wconf 81' lang='lat' dir='ltr'>Ruﬁni</span> <span class='ocrx_word' id='word_1_314' title='bbox 865 4467 1239 4533; x_wconf 87' lang='lat' dir='ltr'>interpretem</span> <span class='ocrx_word' id='word_1_315' title='bbox 1260 4470 1318 4520; x_wconf 89' lang='lat' dir='ltr'>in</span> <span class='ocrx_word' id='word_1_316' title='bbox 1341 4468 1629 4535; x_wconf 85' lang='lat' dir='ltr'>plerisque</span> 
     </span>
    </p>
   </div>
   <div class='ocr_carea' id='block_1_47' title="bbox 26 4542 157 4606">
    <p class='ocr_par' dir='ltr' id='par_1_47' title="bbox 26 4542 157 4606">
     <span class='ocr_line' id='line_1_47' title="bbox 26 4542 157 4606; baseline -0.031 -13"><span class='ocrx_word' id='word_1_317' title='bbox 26 4542 157 4606; x_wconf 81' lang='lat' dir='ltr'>agit.</span> 
     </span>
    </p>
   </div>
   <div class='ocr_carea' id='block_1_48' title="bbox 26 4681 1627 4748">
    <p class='ocr_par' dir='ltr' id='par_1_48' title="bbox 26 4681 1627 4748">
     <span class='ocr_line' id='line_1_48' title="bbox 26 4681 1627 4748; baseline 0.001 -14"><span class='ocrx_word' id='word_1_318' title='bbox 26 4684 163 4737; x_wconf 87' lang='lat' dir='ltr'>rian.</span> <span class='ocrx_word' id='word_1_319' title='bbox 183 4698 331 4747; x_wconf 78' lang='lat' dir='ltr'>aeque</span> <span class='ocrx_word' id='word_1_320' title='bbox 355 4695 457 4748; x_wconf 92' lang='lat' dir='ltr'>pro</span> <span class='ocrx_word' id='word_1_321' title='bbox 482 4682 716 4748; x_wconf 67' lang='lat' dir='ltr'>adaeque.</span> <span class='ocrx_word' id='word_1_322' title='bbox 743 4682 848 4734; x_wconf 84' lang='lat' dir='ltr'>l-Iic</span> <span class='ocrx_word' id='word_1_323' title='bbox 871 4687 1064 4735; x_wconf 88' lang='lat' dir='ltr'>autem</span> <span class='ocrx_word' id='word_1_324' title='bbox 1087 4681 1327 4735; x_wconf 89' lang='lat' dir='ltr'>alterum</span> <span class='ocrx_word' id='word_1_325' title='bbox 1353 4685 1525 4748; x_wconf 88' lang='lat' dir='ltr'>caput</span> <span class='ocrx_word' id='word_1_326' title='bbox 1554 4684 1627 4736; x_wconf 89' lang='lat' dir='ltr'>ab</span> 
     </span>
    </p>
   </div>
   <div class='ocr_carea' id='block_1_49' title="bbox 26 4744 1629 4821">
    <p class='ocr_par' dir='ltr' id='par_1_49' title="bbox 26 4744 1629 4821">
     <span class='ocr_line' id='line_1_49' title="bbox 26 4744 1629 4821; baseline -0.001 -15"><span class='ocrx_word' id='word_1_327' title='bbox 26 4755 126 4809; x_wconf 86' lang='lat' dir='ltr'>hac</span> <span class='ocrx_word' id='word_1_328' title='bbox 152 4744 662 4821; x_wconf 35' lang='lat' dir='ltr'>incipit‘perioc&#39;ha,</span> <span class='ocrx_word' id='word_1_329' title='bbox 686 4753 976 4817; x_wconf 81' lang='lat' dir='ltr'>verbis,In</span> <span class='ocrx_word' id='word_1_330' title='bbox 1010 4753 1205 4818; x_wconf 82' lang='lat' dir='ltr'>quibus</span> <span class='ocrx_word' id='word_1_331' title='bbox 1234 4744 1466 4819; x_wconf 58' lang='lat' dir='ltr'>quidam</span> <span class='ocrx_word' id='word_1_332' title='bbox 1489 4756 1629 4805; x_wconf 81' lang='lat' dir='ltr'>insi-</span> 
     </span>
    </p>
   </div>
   <div class='ocr_carea' id='block_1_50' title="bbox 24 4824 1631 4892">
    <p class='ocr_par' dir='ltr' id='par_1_50' title="bbox 24 4824 1631 4892">
     <span class='ocr_line' id='line_1_50' title="bbox 24 4824 1631 4892; baseline 0.001 -18"><span class='ocrx_word' id='word_1_333' title='bbox 24 4828 161 4889; x_wconf 74' lang='lat' dir='ltr'>gnis,</span> <span class='ocrx_word' id='word_1_334' title='bbox 182 4830 291 4879; x_wconf 89' lang='lat' dir='ltr'>etc.</span> <span class='ocrx_word' id='word_1_335' title='bbox 319 4827 715 4879; x_wconf 87' lang='lat' dir='ltr'>Memorantur</span> <span class='ocrx_word' id='word_1_336' title='bbox 731 4830 787 4878; x_wconf 93' lang='lat' dir='ltr'>et</span> <span class='ocrx_word' id='word_1_337' title='bbox 811 4826 1026 4879; x_wconf 88' lang='lat' dir='ltr'>Socrati</span> <span class='ocrx_word' id='word_1_338' title='bbox 1050 4838 1170 4892; x_wconf 87' lang='lat' dir='ltr'>cap.</span> <span class='ocrx_word' id='word_1_339' title='bbox 1200 4824 1426 4880; x_wconf 56' lang='lat' dir='ltr'>8.1mm!</span> <span class='ocrx_word' id='word_1_340' title='bbox 1458 4828 1631 4878; x_wconf 81' lang='grc' dir='ltr'>πολλοί</span> 
     </span>
    </p>
   </div>
   <div class='ocr_carea' id='block_1_51' title="bbox 26 4897 1631 4965">
    <p class='ocr_par' dir='ltr' id='par_1_51' title="bbox 26 4897 1631 4965">
     <span class='ocr_line' id='line_1_51' title="bbox 26 4897 1631 4965; baseline 0.001 -16"><span class='ocrx_word' id='word_1_341' title='bbox 26 4902 327 4961; x_wconf 69' lang='grc' dir='ltr'>διαλεκτικῆς</span> <span class='ocrx_word' id='word_1_342' title='bbox 350 4899 585 4965; x_wconf 70' lang='grc' dir='ltr'>ἔμπειροι,</span> <span class='ocrx_word' id='word_1_343' title='bbox 618 4897 719 4962; x_wconf 88' lang='lat' dir='ltr'>qui</span> <span class='ocrx_word' id='word_1_344' title='bbox 753 4898 825 4949; x_wconf 89' lang='lat' dir='ltr'>ab</span> <span class='ocrx_word' id='word_1_345' title='bbox 853 4897 969 4950; x_wconf 85' lang='lat' dir='ltr'>Arii</span> <span class='ocrx_word' id='word_1_346' title='bbox 996 4898 1257 4963; x_wconf 88' lang='lat' dir='ltr'>partibus</span> <span class='ocrx_word' id='word_1_347' title='bbox 1289 4898 1541 4965; x_wconf 74' lang='lat' dir='ltr'>stabant,</span> <span class='ocrx_word' id='word_1_348' title='bbox 1575 4904 1631 4950; x_wconf 89' lang='lat' dir='ltr'>et</span> 
     </span>
    </p>
   </div>
   <div class='ocr_carea' id='block_1_52' title="bbox 27 4969 1629 5034">
    <p class='ocr_par' dir='ltr' id='par_1_52' title="bbox 27 4969 1629 5034">
     <span class='ocr_line' id='line_1_52' title="bbox 27 4969 1629 5034; baseline 0.001 -13"><span class='ocrx_word' id='word_1_349' title='bbox 27 4982 167 5033; x_wconf 81' lang='lat' dir='ltr'>quos</span> <span class='ocrx_word' id='word_1_350' title='bbox 183 4969 368 5022; x_wconf 87' lang='lat' dir='ltr'>laicus</span> <span class='ocrx_word' id='word_1_351' title='bbox 389 4969 626 5034; x_wconf 89' lang='lat' dir='ltr'>quidam</span> <span class='ocrx_word' id='word_1_352' title='bbox 646 4981 719 5022; x_wconf 89' lang='lat' dir='ltr'>ex</span> <span class='ocrx_word' id='word_1_353' title='bbox 736 4969 1177 5023; x_wconf 88' lang='lat' dir='ltr'>Confesssorum</span> <span class='ocrx_word' id='word_1_354' title='bbox 1196 4980 1457 5029; x_wconf 90' lang='lat' dir='ltr'>numero,</span> <span class='ocrx_word' id='word_1_355' title='bbox 1474 4974 1629 5022; x_wconf 91' lang='lat' dir='ltr'>recto</span> 
     </span>
    </p>
   </div>
   <div class='ocr_carea' id='block_1_53' title="bbox 26 5039 1631 5107">
    <p class='ocr_par' dir='ltr' id='par_1_53' title="bbox 26 5039 1631 5107">
     <span class='ocr_line' id='line_1_53' title="bbox 26 5039 1631 5107; baseline 0.002 -16"><span class='ocrx_word' id='word_1_356' title='bbox 26 5054 85 5092; x_wconf 89' lang='lat' dir='ltr'>ac</span> <span class='ocrx_word' id='word_1_357' title='bbox 111 5040 364 5105; x_wconf 90' lang='lat' dir='ltr'>simplici</span> <span class='ocrx_word' id='word_1_358' title='bbox 394 5041 676 5107; x_wconf 57' lang='lat' dir='ltr'>praeditus</span> <span class='ocrx_word' id='word_1_359' title='bbox 716 5053 912 5104; x_wconf 87' lang='lat' dir='ltr'>sensu,</span> <span class='ocrx_word' id='word_1_360' title='bbox 937 5039 1274 5092; x_wconf 80' lang='lat' dir='ltr'>confutavit.</span> <span class='ocrx_word' id='word_1_361' title='bbox 1301 5041 1411 5094; x_wconf 92' lang='lat' dir='ltr'>Sed</span> <span class='ocrx_word' id='word_1_362' title='bbox 1437 5050 1494 5093; x_wconf 89' lang='lat' dir='ltr'>et</span> <span class='ocrx_word' id='word_1_363' title='bbox 1523 5044 1631 5095; x_wconf 88' lang='lat' dir='ltr'>Ge-</span> 
     </span>
    </p>
   </div>
   <div class='ocr_carea' id='block_1_54' title="bbox 27 5110 1628 5178">
    <p class='ocr_par' dir='ltr' id='par_1_54' title="bbox 27 5110 1628 5178">
     <span class='ocr_line' id='line_1_54' title="bbox 27 5110 1628 5178; baseline 0 -18"><span class='ocrx_word' id='word_1_364' title='bbox 27 5111 204 5165; x_wconf 83' lang='lat' dir='ltr'>lasius</span> <span class='ocrx_word' id='word_1_365' title='bbox 221 5113 663 5177; x_wconf 86' lang='lat' dir='ltr'>Cyzicenus,qui</span> <span class='ocrx_word' id='word_1_366' title='bbox 674 5125 745 5164; x_wconf 83' lang='lat' dir='ltr'>ex</span> <span class='ocrx_word' id='word_1_367' title='bbox 763 5112 855 5164; x_wconf 87' lang='lat' dir='ltr'>his</span> <span class='ocrx_word' id='word_1_368' title='bbox 867 5111 1059 5163; x_wconf 84' lang='lat' dir='ltr'>Ruﬁni</span> <span class='ocrx_word' id='word_1_369' title='bbox 1073 5110 1235 5163; x_wconf 89' lang='lat' dir='ltr'>libris</span> <span class='ocrx_word' id='word_1_370' title='bbox 1250 5124 1368 5164; x_wconf 91' lang='lat' dir='ltr'>non</span> <span class='ocrx_word' id='word_1_371' title='bbox 1379 5125 1561 5178; x_wconf 84' lang='lat' dir='ltr'>pauca</span> <span class='ocrx_word' id='word_1_372' title='bbox 1574 5116 1628 5161; x_wconf 87' lang='lat' dir='ltr'>in</span> 
     </span>
    </p>
   </div>
   <div class='ocr_carea' id='block_1_55' title="bbox 29 5182 1628 5247">
    <p class='ocr_par' dir='ltr' id='par_1_55' title="bbox 29 5182 1628 5247">
     <span class='ocr_line' id='line_1_55' title="bbox 29 5182 1628 5247; baseline 0.002 -16"><span class='ocrx_word' id='word_1_373' title='bbox 29 5197 159 5237; x_wconf 80' lang='lat' dir='ltr'>suos</span> <span class='ocrx_word' id='word_1_374' title='bbox 183 5184 256 5235; x_wconf 90' lang='lat' dir='ltr'>de</span> <span class='ocrx_word' id='word_1_375' title='bbox 278 5184 442 5235; x_wconf 82' lang='lat' dir='ltr'>Actis</span> <span class='ocrx_word' id='word_1_376' title='bbox 466 5185 718 5236; x_wconf 73' lang='lat' dir='ltr'>Nicsenee</span> <span class='ocrx_word' id='word_1_377' title='bbox 743 5182 957 5247; x_wconf 86' lang='lat' dir='ltr'>Synodi</span> <span class='ocrx_word' id='word_1_378' title='bbox 979 5183 1289 5247; x_wconf 90' lang='lat' dir='ltr'>transtulit,</span> <span class='ocrx_word' id='word_1_379' title='bbox 1306 5185 1628 5247; x_wconf 81' lang='lat' dir='ltr'>nancipsam</span> 
     </span>
    </p>
   </div>
   <div class='ocr_carea' id='block_1_56' title="bbox 28 5253 1628 5322">
    <p class='ocr_par' dir='ltr' id='par_1_56' title="bbox 28 5253 1628 5322">
     <span class='ocr_line' id='line_1_56' title="bbox 28 5253 1628 5322; baseline 0.001 -17"><span class='ocrx_word' id='word_1_380' title='bbox 28 5258 215 5309; x_wconf 85' lang='lat' dir='ltr'>narrat</span> <span class='ocrx_word' id='word_1_381' title='bbox 236 5259 666 5322; x_wconf 82' lang='lat' dir='ltr'>exaggeratque</span> <span class='ocrx_word' id='word_1_382' title='bbox 688 5255 782 5307; x_wconf 89' lang='lat' dir='ltr'>lib.</span> <span class='ocrx_word' id='word_1_383' title='bbox 810 5256 878 5307; x_wconf 93' lang='lat' dir='ltr'>II.</span> <span class='ocrx_word' id='word_1_384' title='bbox 900 5267 1019 5318; x_wconf 87' lang='lat' dir='ltr'>cap.</span> <span class='ocrx_word' id='word_1_385' title='bbox 1042 5253 1127 5309; x_wconf 85' lang='grc'>13.</span> <span class='ocrx_word' id='word_1_386' title='bbox 1145 5254 1214 5306; x_wconf 91' lang='lat' dir='ltr'>de</span> <span class='ocrx_word' id='word_1_387' title='bbox 1225 5256 1628 5319; x_wconf 73' lang='lat' dir='ltr'>congressione</span> 
     </span>
    </p>
   </div>
   <div class='ocr_carea' id='block_1_57' title="bbox 29 5324 1563 5392">
    <p class='ocr_par' dir='ltr' id='par_1_57' title="bbox 29 5324 1563 5392">
     <span class='ocr_line' id='line_1_57' title="bbox 29 5324 1563 5392; baseline 0 -13"><span class='ocrx_word' id='word_1_388' title='bbox 29 5327 344 5392; x_wconf 72' lang='lat' dir='ltr'>philosophi</span> <span class='ocrx_word' id='word_1_389' title='bbox 370 5340 503 5378; x_wconf 88' lang='lat' dir='ltr'>cum</span> <span class='ocrx_word' id='word_1_390' title='bbox 529 5327 852 5380; x_wconf 86' lang='lat' dir='ltr'>Christiano</span> <span class='ocrx_word' id='word_1_391' title='bbox 878 5324 1220 5378; x_wconf 80' lang='lat' dir='ltr'>Confessore</span> <span class='ocrx_word' id='word_1_392' title='bbox 1244 5326 1563 5380; x_wconf 86' lang='lat' dir='ltr'>historiam.</span> 
     </span>
    </p>
   </div>
   <div class='ocr_carea' id='block_1_58' title="bbox 81 5397 1623 5462">
    <p class='ocr_par' dir='ltr' id='par_1_58' title="bbox 81 5397 1623 5462">
     <span class='ocr_line' id='line_1_58' title="bbox 81 5397 1623 5462; baseline 0.001 -12"><span class='ocrx_word' id='word_1_393' title='bbox 81 5409 98 5428; x_wconf 69' lang='grc' dir='ltr'>ε</span> <span class='ocrx_word' id='word_1_394' title='bbox 121 5399 314 5451; x_wconf 81' lang='lat' dir='ltr'>Minus</span> <span class='ocrx_word' id='word_1_395' title='bbox 364 5402 516 5451; x_wconf 86' lang='lat' dir='ltr'>recte</span> <span class='ocrx_word' id='word_1_396' title='bbox 560 5399 881 5452; x_wconf 73' lang='lat' dir='ltr'>Cacciarius</span> <span class='ocrx_word' id='word_1_397' title='bbox 914 5398 1157 5462; x_wconf 83' lang='lat' dir='ltr'>dicendo,</span> <span class='ocrx_word' id='word_1_398' title='bbox 1197 5397 1366 5450; x_wconf 89' lang='lat' dir='ltr'>editis</span> <span class='ocrx_word' id='word_1_399' title='bbox 1403 5402 1460 5451; x_wconf 89' lang='lat' dir='ltr'>et</span> <span class='ocrx_word' id='word_1_400' title='bbox 1484 5412 1623 5451; x_wconf 82' lang='lat' dir='ltr'>mss.</span> 
     </span>
    </p>
   </div>
   <div class='ocr_carea' id='block_1_59' title="bbox 26 5470 1627 5536">
    <p class='ocr_par' dir='ltr' id='par_1_59' title="bbox 26 5470 1627 5536">
     <span class='ocr_line' id='line_1_59' title="bbox 26 5470 1627 5536; baseline 0.001 -15"><span class='ocrx_word' id='word_1_401' title='bbox 26 5483 249 5535; x_wconf 80' lang='lat' dir='ltr'>quoque</span> <span class='ocrx_word' id='word_1_402' title='bbox 282 5470 446 5522; x_wconf 88' lang='lat' dir='ltr'>libris</span> <span class='ocrx_word' id='word_1_403' title='bbox 482 5470 948 5524; x_wconf 86' lang='lat' dir='ltr'>reclamantibus.</span> <span class='ocrx_word' id='word_1_404' title='bbox 976 5470 1141 5532; x_wconf 89' lang='lat' dir='ltr'>Quod</span> <span class='ocrx_word' id='word_1_405' title='bbox 1165 5471 1429 5535; x_wconf 87' lang='lat' dir='ltr'>sequitur</span> <span class='ocrx_word' id='word_1_406' title='bbox 1456 5472 1627 5536; x_wconf 90' lang='lat' dir='ltr'>paulo</span> 
     </span>
    </p>
   </div>
   <div class='ocr_carea' id='block_1_60' title="bbox 32 5541 1629 5609">
    <p class='ocr_par' dir='ltr' id='par_1_60' title="bbox 32 5541 1629 5609">
     <span class='ocr_line' id='line_1_60' title="bbox 32 5541 1629 5609; baseline 0.006 -22"><span class='ocrx_word' id='word_1_407' title='bbox 32 5548 150 5594; x_wconf 75' lang='lat' dir='ltr'>post</span> <span class='ocrx_word' id='word_1_408' title='bbox 170 5542 485 5606; x_wconf 70' lang='lat' dir='ltr'>elaberetur,</span> <span class='ocrx_word' id='word_1_409' title='bbox 509 5543 693 5595; x_wconf 87' lang='lat' dir='ltr'>nostri</span> <span class='ocrx_word' id='word_1_410' title='bbox 719 5555 860 5594; x_wconf 89' lang='lat' dir='ltr'>mss.</span> <span class='ocrx_word' id='word_1_411' title='bbox 884 5541 1220 5607; x_wconf 88' lang='lat' dir='ltr'>restituunt,</span> <span class='ocrx_word' id='word_1_412' title='bbox 1234 5541 1329 5595; x_wconf 89' lang='lat' dir='ltr'>alii</span> <span class='ocrx_word' id='word_1_413' title='bbox 1350 5542 1503 5594; x_wconf 88' lang='lat' dir='ltr'>enim</span> <span class='ocrx_word' id='word_1_414' title='bbox 1518 5541 1629 5609; x_wconf 82' lang='lat' dir='ltr'>ple-</span> 
     </span>
    </p>
   </div>
   <div class='ocr_carea' id='block_1_61' title="bbox 31 5612 1079 5676">
    <p class='ocr_par' dir='ltr' id='par_1_61' title="bbox 31 5612 1079 5676">
     <span class='ocr_line' id='line_1_61' title="bbox 31 5612 1079 5676; baseline -0.005 -10"><span class='ocrx_word' id='word_1_415' title='bbox 31 5612 180 5676; x_wconf 66' lang='lat' dir='ltr'>rique</span> <span class='ocrx_word' id='word_1_416' title='bbox 206 5626 412 5667; x_wconf 87' lang='lat' dir='ltr'>omnes</span> <span class='ocrx_word' id='word_1_417' title='bbox 438 5627 570 5666; x_wconf 88' lang='lat' dir='ltr'>cum</span> <span class='ocrx_word' id='word_1_418' title='bbox 595 5614 765 5665; x_wconf 84' lang='lat' dir='ltr'>editis</span> <span class='ocrx_word' id='word_1_419' title='bbox 799 5613 1079 5664; x_wconf 77' lang='lat' dir='ltr'>laberetur.</span> 
     </span>
    </p>
   </div>
   <div class='ocr_carea' id='block_1_62' title="bbox 84 5684 1626 5751">
    <p class='ocr_par' dir='ltr' id='par_1_62' title="bbox 84 5684 1626 5751">
     <span class='ocr_line' id='line_1_62' title="bbox 84 5684 1626 5751; baseline -0.001 -13"><span class='ocrx_word' id='word_1_420' title='bbox 84 5684 104 5713; x_wconf 85' lang='grc'><em>⁴</em></span> <span class='ocrx_word' id='word_1_421' title='bbox 129 5688 215 5738; x_wconf 87' lang='lat' dir='ltr'>Ita</span> <span class='ocrx_word' id='word_1_422' title='bbox 256 5691 314 5738; x_wconf 88' lang='lat' dir='ltr'>et</span> <span class='ocrx_word' id='word_1_423' title='bbox 350 5688 635 5745; x_wconf 79' lang='lat' dir='ltr'>Barraeus,</span> <span class='ocrx_word' id='word_1_424' title='bbox 673 5687 730 5737; x_wconf 92' lang='lat' dir='ltr'>et</span> <span class='ocrx_word' id='word_1_425' title='bbox 763 5685 976 5749; x_wconf 85' lang='lat' dir='ltr'>quibus</span> <span class='ocrx_word' id='word_1_426' title='bbox 1010 5698 1117 5738; x_wconf 88' lang='lat' dir='ltr'>nos</span> <span class='ocrx_word' id='word_1_427' title='bbox 1155 5684 1374 5736; x_wconf 87' lang='lat' dir='ltr'>utimur</span> <span class='ocrx_word' id='word_1_428' title='bbox 1404 5686 1626 5751; x_wconf 88' lang='lat' dir='ltr'>antiqui</span> 
     </span>
    </p>
   </div>
   <div class='ocr_carea' id='block_1_63' title="bbox 29 5752 1628 5821">
    <p class='ocr_par' dir='ltr' id='par_1_63' title="bbox 29 5752 1628 5821">
     <span class='ocr_line' id='line_1_63' title="bbox 29 5752 1628 5821; baseline 0.006 -21"><span class='ocrx_word' id='word_1_429' title='bbox 29 5752 142 5808; x_wconf 84' lang='lat' dir='ltr'>libri</span> <span class='ocrx_word' id='word_1_430' title='bbox 186 5756 509 5810; x_wconf 86' lang='lat' dir='ltr'>Cacciarius</span> <span class='ocrx_word' id='word_1_431' title='bbox 551 5758 818 5817; x_wconf 72' lang='lat' dir='ltr'>Praestitit,</span> <span class='ocrx_word' id='word_1_432' title='bbox 862 5756 1054 5809; x_wconf 89' lang='lat' dir='ltr'>minus</span> <span class='ocrx_word' id='word_1_433' title='bbox 1076 5760 1227 5809; x_wconf 89' lang='lat' dir='ltr'>recte</span> <span class='ocrx_word' id='word_1_434' title='bbox 1253 5770 1265 5806; x_wconf 93' lang='lat'>:</span> <span class='ocrx_word' id='word_1_435' title='bbox 1293 5757 1359 5808; x_wconf 89' lang='lat' dir='ltr'>ut</span> <span class='ocrx_word' id='word_1_436' title='bbox 1379 5760 1438 5809; x_wconf 92' lang='lat' dir='ltr'>et</span> <span class='ocrx_word' id='word_1_437' title='bbox 1457 5758 1628 5821; x_wconf 90' lang='lat' dir='ltr'>paulo</span> 
     </span>
    </p>
   </div>
   <div class='ocr_carea' id='block_1_64' title="bbox 36 5825 1630 5893">
    <p class='ocr_par' dir='ltr' id='par_1_64' title="bbox 36 5825 1630 5893">
     <span class='ocr_line' id='line_1_64' title="bbox 36 5825 1630 5893; baseline 0.001 -16"><span class='ocrx_word' id='word_1_438' title='bbox 36 5832 157 5887; x_wconf 87' lang='lat' dir='ltr'>post</span> <span class='ocrx_word' id='word_1_439' title='bbox 175 5827 438 5893; x_wconf 75' lang='lat' dir='ltr'>spiritum</span> <span class='ocrx_word' id='word_1_440' title='bbox 459 5827 602 5879; x_wconf 84' lang='lat' dir='ltr'>dedit</span> <span class='ocrx_word' id='word_1_441' title='bbox 626 5828 902 5891; x_wconf 80' lang='lat' dir='ltr'>universa,</span> <span class='ocrx_word' id='word_1_442' title='bbox 926 5831 1032 5880; x_wconf 90' lang='lat' dir='ltr'>etc.</span> <span class='ocrx_word' id='word_1_443' title='bbox 1056 5825 1283 5892; x_wconf 81' lang='lat' dir='ltr'>Optime</span> <span class='ocrx_word' id='word_1_444' title='bbox 1304 5826 1429 5878; x_wconf 87' lang='lat' dir='ltr'>cod.</span> <span class='ocrx_word' id='word_1_445' title='bbox 1447 5829 1630 5880; x_wconf 84' lang='lat' dir='ltr'>Guar-</span> 
     </span>
    </p>
   </div>
   <div class='ocr_carea' id='block_1_65' title="bbox 36 5899 820 5963">
    <p class='ocr_par' dir='ltr' id='par_1_65' title="bbox 36 5899 820 5963">
     <span class='ocr_line' id='line_1_65' title="bbox 36 5899 820 5963; baseline 0.003 -16"><span class='ocrx_word' id='word_1_446' title='bbox 36 5899 319 5960; x_wconf 82' lang='lat' dir='ltr'>nerianus,</span> <span class='ocrx_word' id='word_1_447' title='bbox 341 5904 389 5949; x_wconf 85' lang='lat' dir='ltr'>et</span> <span class='ocrx_word' id='word_1_448' title='bbox 412 5900 687 5963; x_wconf 78' lang='lat' dir='ltr'>universa,</span> <span class='ocrx_word' id='word_1_449' title='bbox 710 5904 820 5952; x_wconf 90' lang='lat' dir='ltr'>etc.</span> 
     </span>
    </p>
   </div>
   <div class='ocr_carea' id='block_1_66' title="bbox 81 4590 1708 4682">
    <p class='ocr_par' dir='ltr' id='par_1_66' title="bbox 81 4590 1708 4682">
     <span class='ocr_line' id='line_1_66' title="bbox 81 4590 1708 4682; baseline -0.001 -18"><span class='ocrx_word' id='word_1_450' title='bbox 81 4590 323 4677; x_wconf 41' lang='lat' dir='ltr'>{Codex</span> <span class='ocrx_word' id='word_1_451' title='bbox 347 4612 591 4675; x_wconf 90' lang='lat' dir='ltr'>uterque</span> <span class='ocrx_word' id='word_1_452' title='bbox 614 4612 811 4662; x_wconf 82' lang='lat' dir='ltr'>noster</span> <span class='ocrx_word' id='word_1_453' title='bbox 832 4610 1143 4682; x_wconf 82' lang='lat' dir='ltr'>conﬂictum</span> <span class='ocrx_word' id='word_1_454' title='bbox 1169 4624 1182 4660; x_wconf 91' lang='lat'>:</span> <span class='ocrx_word' id='word_1_455' title='bbox 1207 4622 1347 4663; x_wconf 91' lang='lat' dir='ltr'>mox</span> <span class='ocrx_word' id='word_1_456' title='bbox 1370 4590 1625 4663; x_wconf 78' lang='lat' dir='ltr'>Guarrie-</span> <span class='ocrx_word' id='word_1_457' title='bbox 1651 4608 1708 4682; x_wconf 81' lang='grc' dir='ltr'>Ι)</span> 
     </span>
    </p>
   </div>
   <div class='ocr_carea' id='block_1_67' title="bbox 1754 545 3352 621">
    <p class='ocr_par' dir='ltr' id='par_1_67' title="bbox 1754 545 3352 621">
     <span class='ocr_line' id='line_1_67' title="bbox 1754 545 3352 621; baseline 0.008 -25"><span class='ocrx_word' id='word_1_458' title='bbox 1754 545 2038 597; x_wconf 90' lang='lat' dir='ltr'>sermonis</span> <span class='ocrx_word' id='word_1_459' title='bbox 2055 545 2373 599; x_wconf 84' lang='lat' dir='ltr'>exordium.</span> <span class='ocrx_word' id='word_1_460' title='bbox 2393 549 2459 599; x_wconf 91' lang='lat' dir='ltr'>In</span> <span class='ocrx_word' id='word_1_461' title='bbox 2476 547 2728 612; x_wconf 87' lang='lat' dir='ltr'>nomine,</span> <span class='ocrx_word' id='word_1_462' title='bbox 2745 549 2951 615; x_wconf 87' lang='lat' dir='ltr'>inquit,</span> <span class='ocrx_word' id='word_1_463' title='bbox 2965 553 2999 604; x_wconf 87' lang='lat' dir='ltr'><strong>J</strong></span> <span class='ocrx_word' id='word_1_464' title='bbox 3002 564 3106 604; x_wconf 90' lang='lat' dir='ltr'>esu</span> <span class='ocrx_word' id='word_1_465' title='bbox 3122 552 3352 621; x_wconf 87' lang='lat' dir='ltr'>Christi,</span> 
     </span>
    </p>
   </div>
   <div class='ocr_carea' id='block_1_68' title="bbox 1750 633 3350 710">
    <p class='ocr_par' dir='ltr' id='par_1_68' title="bbox 1750 633 3350 710">
     <span class='ocr_line' id='line_1_68' title="bbox 1750 633 3350 710; baseline 0.008 -26"><span class='ocrx_word' id='word_1_466' title='bbox 1750 633 2108 700; x_wconf 89' lang='lat' dir='ltr'>philosophe,</span> <span class='ocrx_word' id='word_1_467' title='bbox 2126 635 2262 688; x_wconf 91' lang='lat' dir='ltr'>audi</span> <span class='ocrx_word' id='word_1_468' title='bbox 2286 648 2417 700; x_wconf 61' lang='lat' dir='ltr'>qua</span> <span class='ocrx_word' id='word_1_469' title='bbox 2445 649 2580 689; x_wconf 90' lang='lat' dir='ltr'>vera</span> <span class='ocrx_word' id='word_1_470' title='bbox 2610 644 2765 691; x_wconf 89' lang='lat' dir='ltr'>sunt.</span> <span class='ocrx_word' id='word_1_471' title='bbox 2792 641 2949 692; x_wconf 89' lang='lat' dir='ltr'>Deus</span> <span class='ocrx_word' id='word_1_472' title='bbox 2972 655 3126 694; x_wconf 89' lang='lat' dir='ltr'>unus</span> <span class='ocrx_word' id='word_1_473' title='bbox 3149 644 3350 710; x_wconf 87' lang='lat' dir='ltr'>estqui</span> 
     </span>
    </p>
   </div>
   <div class='ocr_carea' id='block_1_69' title="bbox 1750 723 3349 793">
    <p class='ocr_par' dir='ltr' id='par_1_69' title="bbox 1750 723 3349 793">
     <span class='ocr_line' id='line_1_69' title="bbox 1750 723 3349 793; baseline 0.006 -18"><span class='ocrx_word' id='word_1_474' title='bbox 1750 723 1881 775; x_wconf 86' lang='lat' dir='ltr'>fecit</span> <span class='ocrx_word' id='word_1_475' title='bbox 1899 724 2109 776; x_wconf 77' lang='lat' dir='ltr'>caelum</span> <span class='ocrx_word' id='word_1_476' title='bbox 2133 729 2192 777; x_wconf 93' lang='lat' dir='ltr'>et</span> <span class='ocrx_word' id='word_1_477' title='bbox 2209 729 2442 787; x_wconf 90' lang='lat' dir='ltr'>terram,</span> <span class='ocrx_word' id='word_1_478' title='bbox 2459 727 2673 791; x_wconf 89' lang='lat' dir='ltr'>quique</span> <span class='ocrx_word' id='word_1_479' title='bbox 2693 727 2931 792; x_wconf 88' lang='lat' dir='ltr'>homini,</span> <span class='ocrx_word' id='word_1_480' title='bbox 2944 742 3119 793; x_wconf 90' lang='lat' dir='ltr'>quem</span> <span class='ocrx_word' id='word_1_481' title='bbox 3132 733 3192 782; x_wconf 90' lang='lat' dir='ltr'>de</span> <span class='ocrx_word' id='word_1_482' title='bbox 3204 738 3349 784; x_wconf 79' lang='lat' dir='ltr'>terrae</span> 
     </span>
    </p>
   </div>
   <div class='ocr_carea' id='block_1_70' title="bbox 1748 811 3348 881">
    <p class='ocr_par' dir='ltr' id='par_1_70' title="bbox 1748 811 3348 881">
     <span class='ocr_line' id='line_1_70' title="bbox 1748 811 3348 881; baseline 0.008 -18"><span class='ocrx_word' id='word_1_483' title='bbox 1748 811 1885 864; x_wconf 90' lang='lat' dir='ltr'>limo</span> <span class='ocrx_word' id='word_1_484' title='bbox 1909 813 2252 866; x_wconf 82' lang='lat' dir='ltr'>formaverat</span> <span class='ocrx_word' id='word_1_485' title='bbox 2278 814 2428 879; x_wconf 81' lang='lat' dir='ltr'>(Gen.</span> <span class='ocrx_word' id='word_1_486' title='bbox 2454 814 2542 879; x_wconf 86' lang='grc'>1.),</span> <span class='ocrx_word' id='word_1_487' title='bbox 2569 817 2836 881; x_wconf 85' lang='lat' dir='ltr'>spiritum</span> <span class='ocrx_word' id='word_1_488' title='bbox 2860 818 3046 873; x_wconf 90' lang='lat' dir='ltr'>dedit:</span> <span class='ocrx_word' id='word_1_489' title='bbox 3073 822 3348 875; x_wconf 89' lang='lat' dir='ltr'>universa</span> 
     </span>
    </p>
   </div>
   <div class='ocr_carea' id='block_1_71' title="bbox 1750 902 3345 971">
    <p class='ocr_par' dir='ltr' id='par_1_71' title="bbox 1750 902 3345 971">
     <span class='ocr_line' id='line_1_71' title="bbox 1750 902 3345 971; baseline 0.007 -17"><span class='ocrx_word' id='word_1_490' title='bbox 1750 914 1883 966; x_wconf 59' lang='lat' dir='ltr'>qua</span> <span class='ocrx_word' id='word_1_491' title='bbox 1921 902 2205 965; x_wconf 89' lang='lat' dir='ltr'>videntur,</span> <span class='ocrx_word' id='word_1_492' title='bbox 2242 908 2301 955; x_wconf 90' lang='lat' dir='ltr'>et</span> <span class='ocrx_word' id='word_1_493' title='bbox 2333 915 2466 968; x_wconf 69' lang='lat' dir='ltr'>qum</span> <span class='ocrx_word' id='word_1_494' title='bbox 2488 917 2608 958; x_wconf 86' lang='lat' dir='ltr'>non</span> <span class='ocrx_word' id='word_1_495' title='bbox 2628 906 2912 971; x_wconf 89' lang='lat' dir='ltr'>videntur,</span> <span class='ocrx_word' id='word_1_496' title='bbox 2938 909 3150 963; x_wconf 89' lang='lat' dir='ltr'>virtute</span> <span class='ocrx_word' id='word_1_497' title='bbox 3173 913 3345 966; x_wconf 89' lang='lat' dir='ltr'>Verbi</span> 
     </span>
    </p>
   </div>
   <div class='ocr_carea' id='block_1_72' title="bbox 1749 990 3344 1056">
    <p class='ocr_par' dir='ltr' id='par_1_72' title="bbox 1749 990 3344 1056">
     <span class='ocr_line' id='line_1_72' title="bbox 1749 990 3344 1056; baseline 0.008 -14"><span class='ocrx_word' id='word_1_498' title='bbox 1749 990 1839 1043; x_wconf 91' lang='lat' dir='ltr'>sui</span> <span class='ocrx_word' id='word_1_499' title='bbox 1864 991 2100 1055; x_wconf 89' lang='lat' dir='ltr'>creavit,</span> <span class='ocrx_word' id='word_1_500' title='bbox 2125 996 2182 1044; x_wconf 90' lang='lat' dir='ltr'>et</span> <span class='ocrx_word' id='word_1_501' title='bbox 2210 993 2454 1056; x_wconf 89' lang='lat' dir='ltr'>Spiritus</span> <span class='ocrx_word' id='word_1_502' title='bbox 2486 994 2575 1045; x_wconf 91' lang='lat' dir='ltr'>sui</span> <span class='ocrx_word' id='word_1_503' title='bbox 2599 997 3050 1051; x_wconf 81' lang='lat' dir='ltr'>sanctificatione</span> <span class='ocrx_word' id='word_1_504' title='bbox 3072 998 3344 1055; x_wconf 90' lang='lat' dir='ltr'>ﬁrmavit.</span> 
     </span>
    </p>
   </div>
   <div class='ocr_carea' id='block_1_73' title="bbox 1754 1081 3346 1155">
    <p class='ocr_par' dir='ltr' id='par_1_73' title="bbox 1754 1081 3346 1155">
     <span class='ocr_line' id='line_1_73' title="bbox 1754 1081 3346 1155; baseline 0.006 -22"><span class='ocrx_word' id='word_1_505' title='bbox 1754 1081 1876 1133; x_wconf 90' lang='lat' dir='ltr'>Hoc</span> <span class='ocrx_word' id='word_1_506' title='bbox 1903 1081 2160 1133; x_wconf 88' lang='lat' dir='ltr'>Verbum</span> <span class='ocrx_word' id='word_1_507' title='bbox 2184 1093 2250 1133; x_wconf 90' lang='lat' dir='ltr'>ac</span> <span class='ocrx_word' id='word_1_508' title='bbox 2269 1082 2565 1147; x_wconf 89' lang='lat' dir='ltr'>sapientia,</span> <span class='ocrx_word' id='word_1_509' title='bbox 2583 1096 2758 1147; x_wconf 91' lang='lat' dir='ltr'>quem</span> <span class='ocrx_word' id='word_1_510' title='bbox 2773 1098 2881 1138; x_wconf 91' lang='lat' dir='ltr'>nos</span> <span class='ocrx_word' id='word_1_511' title='bbox 2892 1087 3097 1141; x_wconf 86' lang='lat' dir='ltr'>Filium</span> <span class='ocrx_word' id='word_1_512' title='bbox 3108 1092 3346 1155; x_wconf 85' lang='lat' dir='ltr'>dicimus,</span> 
     </span>
    </p>
   </div>
   <div class='ocr_carea' id='block_1_74' title="bbox 1751 1169 3443 1245">
    <p class='ocr_par' dir='ltr' id='par_1_74' title="bbox 1751 1169 3443 1245">
     <span class='ocr_line' id='line_1_74' title="bbox 1751 1169 3443 1245; baseline 0.007 -23"><span class='ocrx_word' id='word_1_513' title='bbox 1751 1169 2038 1222; x_wconf 90' lang='lat' dir='ltr'>humanos</span> <span class='ocrx_word' id='word_1_514' title='bbox 2062 1170 2372 1223; x_wconf 87' lang='lat' dir='ltr'>miseratus</span> <span class='ocrx_word' id='word_1_515' title='bbox 2395 1184 2634 1233; x_wconf 85' lang='lat' dir='ltr'>errores,</span> <span class='ocrx_word' id='word_1_516' title='bbox 2659 1186 2732 1226; x_wconf 84' lang='lat' dir='ltr'>ex</span> <span class='ocrx_word' id='word_1_517' title='bbox 2756 1176 2990 1240; x_wconf 80' lang='lat' dir='ltr'>Virgine</span> <span class='ocrx_word' id='word_1_518' title='bbox 3004 1178 3349 1245; x_wconf 80' lang='lat' dir='ltr'>nascitur,et</span> <span class='ocrx_word' id='word_1_519' title='bbox 3439 1234 3443 1241; x_wconf 71' lang='grc'>,</span> 
     </span>
    </p>
   </div>
   <div class='ocr_carea' id='block_1_75' title="bbox 1752 1259 3347 1327">
    <p class='ocr_par' dir='ltr' id='par_1_75' title="bbox 1752 1259 3347 1327">
     <span class='ocr_line' id='line_1_75' title="bbox 1752 1259 3347 1327; baseline 0.009 -18"><span class='ocrx_word' id='word_1_520' title='bbox 1752 1272 1852 1325; x_wconf 89' lang='lat' dir='ltr'>per</span> <span class='ocrx_word' id='word_1_521' title='bbox 1874 1259 2204 1324; x_wconf 87' lang='lat' dir='ltr'>passionem</span> <span class='ocrx_word' id='word_1_522' title='bbox 2223 1261 2425 1313; x_wconf 87' lang='lat' dir='ltr'>mortis</span> <span class='ocrx_word' id='word_1_523' title='bbox 2446 1274 2481 1313; x_wconf 89' lang='lat' dir='ltr'>a</span> <span class='ocrx_word' id='word_1_524' title='bbox 2502 1268 2779 1327; x_wconf 90' lang='lat' dir='ltr'>perpetua</span> <span class='ocrx_word' id='word_1_525' title='bbox 2799 1277 2908 1317; x_wconf 91' lang='lat' dir='ltr'>nos</span> <span class='ocrx_word' id='word_1_526' title='bbox 2935 1271 3120 1320; x_wconf 89' lang='lat' dir='ltr'>morte</span> <span class='ocrx_word' id='word_1_527' title='bbox 3141 1269 3347 1323; x_wconf 88' lang='lat' dir='ltr'>libera-</span> 
     </span>
    </p>
   </div>
   <div class='ocr_carea' id='block_1_76' title="bbox 1752 1349 3348 1413">
    <p class='ocr_par' dir='ltr' id='par_1_76' title="bbox 1752 1349 3348 1413">
     <span class='ocr_line' id='line_1_76' title="bbox 1752 1349 3348 1413; baseline 0.005 -11"><span class='ocrx_word' id='word_1_528' title='bbox 1752 1349 1854 1413; x_wconf 88' lang='lat' dir='ltr'>vit,</span> <span class='ocrx_word' id='word_1_529' title='bbox 1879 1361 1946 1401; x_wconf 90' lang='lat' dir='ltr'>ac</span> <span class='ocrx_word' id='word_1_530' title='bbox 1967 1349 2383 1403; x_wconf 89' lang='lat' dir='ltr'>resurrectione</span> <span class='ocrx_word' id='word_1_531' title='bbox 2406 1363 2513 1404; x_wconf 90' lang='lat' dir='ltr'>sua</span> <span class='ocrx_word' id='word_1_532' title='bbox 2530 1356 2810 1407; x_wconf 67' lang='lat' dir='ltr'>mternam</span> <span class='ocrx_word' id='word_1_533' title='bbox 2827 1355 2995 1408; x_wconf 91' lang='lat' dir='ltr'>nobis</span> <span class='ocrx_word' id='word_1_534' title='bbox 3019 1358 3348 1412; x_wconf 88' lang='lat' dir='ltr'>contulitvi-</span> 
     </span>
    </p>
   </div>
   <div class='ocr_carea' id='block_1_77' title="bbox 1754 1438 3349 1513">
    <p class='ocr_par' dir='ltr' id='par_1_77' title="bbox 1754 1438 3349 1513">
     <span class='ocr_line' id='line_1_77' title="bbox 1754 1438 3349 1513; baseline 0.007 -23"><span class='ocrx_word' id='word_1_535' title='bbox 1754 1442 1895 1491; x_wconf 92' lang='lat' dir='ltr'>tam.</span> <span class='ocrx_word' id='word_1_536' title='bbox 1910 1442 2091 1503; x_wconf 91' lang='lat' dir='ltr'>Quem</span> <span class='ocrx_word' id='word_1_537' title='bbox 2115 1440 2165 1509; x_wconf 83' lang='grc'><strong>2</strong></span> <span class='ocrx_word' id='word_1_538' title='bbox 2177 1438 2262 1508; x_wconf 85' lang='grc'><strong>21</strong></span> <span class='ocrx_word' id='word_1_539' title='bbox 2295 1445 2353 1493; x_wconf 91' lang='lat' dir='ltr'>et</span> <span class='ocrx_word' id='word_1_540' title='bbox 2371 1445 2779 1507; x_wconf 87' lang='lat' dir='ltr'>exspectamus</span> <span class='ocrx_word' id='word_1_541' title='bbox 2799 1443 3052 1508; x_wconf 73' lang='lat' dir='ltr'>iudicem</span> <span class='ocrx_word' id='word_1_542' title='bbox 3067 1447 3349 1513; x_wconf 88' lang='lat' dir='ltr'>omnium,</span> 
     </span>
    </p>
   </div>
   <div class='ocr_carea' id='block_1_78' title="bbox 1752 1531 3342 1602">
    <p class='ocr_par' dir='ltr' id='par_1_78' title="bbox 1752 1531 3342 1602">
     <span class='ocr_line' id='line_1_78' title="bbox 1752 1531 3342 1602; baseline 0.005 -20"><span class='ocrx_word' id='word_1_543' title='bbox 1752 1541 1886 1595; x_wconf 64' lang='lat' dir='ltr'>quas</span> <span class='ocrx_word' id='word_1_544' title='bbox 1908 1531 2162 1596; x_wconf 87' lang='lat' dir='ltr'>gerimus</span> <span class='ocrx_word' id='word_1_545' title='bbox 2182 1544 2313 1584; x_wconf 90' lang='lat' dir='ltr'>esse</span> <span class='ocrx_word' id='word_1_546' title='bbox 2338 1536 2652 1585; x_wconf 89' lang='lat' dir='ltr'>venturum</span> <span class='ocrx_word' id='word_1_547' title='bbox 2678 1548 2692 1584; x_wconf 92' lang='lat'>:</span> <span class='ocrx_word' id='word_1_548' title='bbox 2718 1532 2905 1587; x_wconf 90' lang='lat' dir='ltr'>credis</span> <span class='ocrx_word' id='word_1_549' title='bbox 2926 1534 3036 1587; x_wconf 92' lang='lat' dir='ltr'>hoc</span> <span class='ocrx_word' id='word_1_550' title='bbox 3061 1535 3120 1600; x_wconf 84' lang='grc' dir='ltr'>[Α</span> <span class='ocrx_word' id='word_1_551' title='bbox 3130 1536 3169 1588; x_wconf 86' lang='grc' dir='ltr'>ι.</span> <span class='ocrx_word' id='word_1_552' title='bbox 3194 1536 3342 1602; x_wconf 72' lang='lat' dir='ltr'>haec]</span> 
     </span>
    </p>
   </div>
   <div class='ocr_carea' id='block_1_79' title="bbox 1751 1618 3355 1688">
    <p class='ocr_par' dir='ltr' id='par_1_79' title="bbox 1751 1618 3355 1688">
     <span class='ocr_line' id='line_1_79' title="bbox 1751 1618 3355 1688; baseline 0.006 -18"><span class='ocrx_word' id='word_1_553' title='bbox 1751 1618 1831 1671; x_wconf 89' lang='lat' dir='ltr'>ita</span> <span class='ocrx_word' id='word_1_554' title='bbox 1844 1631 1994 1684; x_wconf 89' lang='lat' dir='ltr'>esse,</span> <span class='ocrx_word' id='word_1_555' title='bbox 2017 1619 2358 1685; x_wconf 88' lang='lat' dir='ltr'>philosophe</span> <span class='ocrx_word' id='word_1_556' title='bbox 2373 1625 2397 1670; x_wconf 84' lang='lat'><strong>?</strong></span> <span class='ocrx_word' id='word_1_557' title='bbox 2407 1622 2483 1675; x_wconf 89' lang='lat' dir='ltr'>At</span> <span class='ocrx_word' id='word_1_558' title='bbox 2500 1621 2594 1674; x_wconf 91' lang='lat' dir='ltr'>ille</span> <span class='ocrx_word' id='word_1_559' title='bbox 2608 1620 2771 1675; x_wconf 89' lang='lat' dir='ltr'>velut</span> <span class='ocrx_word' id='word_1_560' title='bbox 2790 1622 2840 1674; x_wconf 91' lang='lat' dir='ltr'>si</span> <span class='ocrx_word' id='word_1_561' title='bbox 2853 1634 3157 1688; x_wconf 89' lang='lat' dir='ltr'>nunquam</span> <span class='ocrx_word' id='word_1_562' title='bbox 3171 1625 3355 1679; x_wconf 91' lang='lat' dir='ltr'>ullum</span> 
     </span>
    </p>
   </div>
   <div class='ocr_carea' id='block_1_80' title="bbox 1752 1710 3355 1775">
    <p class='ocr_par' dir='ltr' id='par_1_80' title="bbox 1752 1710 3355 1775">
     <span class='ocr_line' id='line_1_80' title="bbox 1752 1710 3355 1775; baseline 0.004 -16"><span class='ocrx_word' id='word_1_563' title='bbox 1752 1721 2077 1762; x_wconf 90' lang='lat' dir='ltr'>sermonem</span> <span class='ocrx_word' id='word_1_564' title='bbox 2094 1710 2523 1763; x_wconf 89' lang='lat' dir='ltr'>contradicendi</span> <span class='ocrx_word' id='word_1_565' title='bbox 2539 1710 2857 1775; x_wconf 90' lang='lat' dir='ltr'>didicisset,</span> <span class='ocrx_word' id='word_1_566' title='bbox 2887 1712 2969 1765; x_wconf 89' lang='lat' dir='ltr'>ita</span> <span class='ocrx_word' id='word_1_567' title='bbox 2979 1714 3355 1775; x_wconf 79' lang='lat' dir='ltr'>obstupefactus</span> 
     </span>
    </p>
   </div>
   <div class='ocr_carea' id='block_1_81' title="bbox 1742 1787 3358 1865">
    <p class='ocr_par' dir='ltr' id='par_1_81' title="bbox 1742 1787 3358 1865">
     <span class='ocr_line' id='line_1_81' title="bbox 1742 1787 3358 1865; baseline 0.003 -15"><span class='ocrx_word' id='word_1_568' title='bbox 1742 1798 1956 1851; x_wconf 88' lang='lat' dir='ltr'>virtute</span> <span class='ocrx_word' id='word_1_569' title='bbox 1979 1799 2283 1860; x_wconf 86' lang='lat' dir='ltr'>dictorum,</span> <span class='ocrx_word' id='word_1_570' title='bbox 2309 1804 2515 1853; x_wconf 89' lang='lat' dir='ltr'>mutus</span> <span class='ocrx_word' id='word_1_571' title='bbox 2538 1800 2611 1852; x_wconf 91' lang='lat' dir='ltr'>ad</span> <span class='ocrx_word' id='word_1_572' title='bbox 2626 1800 2840 1865; x_wconf 89' lang='lat' dir='ltr'>omnia,</span> <span class='ocrx_word' id='word_1_573' title='bbox 2853 1800 2964 1854; x_wconf 91' lang='lat' dir='ltr'>hoc</span> <span class='ocrx_word' id='word_1_574' title='bbox 2982 1800 3172 1854; x_wconf 89' lang='lat' dir='ltr'>solum</span> <span class='ocrx_word' id='word_1_575' title='bbox 3191 1787 3358 1863; x_wconf 68' lang='lat' dir='ltr'>potuit</span> 
     </span>
    </p>
   </div>
   <div class='ocr_carea' id='block_1_82' title="bbox 1670 1877 3352 1955">
    <p class='ocr_par' dir='ltr' id='par_1_82' title="bbox 1670 1877 3352 1955">
     <span class='ocr_line' id='line_1_82' title="bbox 1670 1877 3352 1955; baseline 0.005 -18"><span class='ocrx_word' id='word_1_576' title='bbox 1670 1877 1725 1951; x_wconf 88' lang='lat' dir='ltr'><strong>B</strong></span> <span class='ocrx_word' id='word_1_577' title='bbox 1747 1887 2114 1951; x_wconf 91' lang='lat' dir='ltr'>respondere,</span> <span class='ocrx_word' id='word_1_578' title='bbox 2140 1886 2221 1940; x_wconf 89' lang='lat' dir='ltr'>ita</span> <span class='ocrx_word' id='word_1_579' title='bbox 2264 1887 2374 1940; x_wconf 87' lang='lat' dir='ltr'>sibi</span> <span class='ocrx_word' id='word_1_580' title='bbox 2414 1888 2614 1951; x_wconf 87' lang='lat' dir='ltr'>videri,</span> <span class='ocrx_word' id='word_1_581' title='bbox 2644 1901 2751 1941; x_wconf 91' lang='lat' dir='ltr'>nec</span> <span class='ocrx_word' id='word_1_582' title='bbox 2779 1888 2936 1941; x_wconf 87' lang='lat' dir='ltr'>aliud</span> <span class='ocrx_word' id='word_1_583' title='bbox 2971 1903 3176 1944; x_wconf 89' lang='lat' dir='ltr'>verum</span> <span class='ocrx_word' id='word_1_584' title='bbox 3198 1904 3352 1955; x_wconf 90' lang='lat' dir='ltr'>esse,</span> 
     </span>
    </p>
   </div>
   <div class='ocr_carea' id='block_1_83' title="bbox 1751 1975 3353 2043">
    <p class='ocr_par' dir='ltr' id='par_1_83' title="bbox 1751 1975 3353 2043">
     <span class='ocr_line' id='line_1_83' title="bbox 1751 1975 3353 2043; baseline 0.004 -17"><span class='ocrx_word' id='word_1_585' title='bbox 1751 1983 1953 2039; x_wconf 79' lang='lat' dir='ltr'>quam&#39;</span> <span class='ocrx_word' id='word_1_586' title='bbox 1977 1975 2219 2028; x_wconf 85' lang='lat' dir='ltr'>dixerat.</span> <span class='ocrx_word' id='word_1_587' title='bbox 2235 1976 2383 2029; x_wconf 87' lang='lat' dir='ltr'>Tum</span> <span class='ocrx_word' id='word_1_588' title='bbox 2408 1975 2623 2029; x_wconf 88' lang='lat' dir='ltr'>senior:</span> <span class='ocrx_word' id='word_1_589' title='bbox 2640 1977 2697 2029; x_wconf 90' lang='lat' dir='ltr'>Si</span> <span class='ocrx_word' id='word_1_590' title='bbox 2717 1976 2867 2041; x_wconf 64' lang='lat' dir='ltr'>haec,</span> <span class='ocrx_word' id='word_1_591' title='bbox 2893 1977 3097 2043; x_wconf 87' lang='lat' dir='ltr'>inquit,</span> <span class='ocrx_word' id='word_1_592' title='bbox 3120 1978 3200 2031; x_wconf 87' lang='lat' dir='ltr'>ita</span> <span class='ocrx_word' id='word_1_593' title='bbox 3225 1992 3353 2032; x_wconf 91' lang='lat' dir='ltr'>esse</span> 
     </span>
    </p>
   </div>
   <div class='ocr_carea' id='block_1_84' title="bbox 1749 2054 3352 2132">
    <p class='ocr_par' dir='ltr' id='par_1_84' title="bbox 1749 2054 3352 2132">
     <span class='ocr_line' id='line_1_84' title="bbox 1749 2054 3352 2132; baseline 0.004 -16"><span class='ocrx_word' id='word_1_594' title='bbox 1749 2064 1956 2129; x_wconf 89' lang='lat' dir='ltr'>credis,</span> <span class='ocrx_word' id='word_1_595' title='bbox 1984 2078 2156 2129; x_wconf 84' lang='lat' dir='ltr'>surge</span> <span class='ocrx_word' id='word_1_596' title='bbox 2180 2070 2239 2117; x_wconf 92' lang='lat' dir='ltr'>et</span> <span class='ocrx_word' id='word_1_597' title='bbox 2263 2054 2504 2129; x_wconf 80' lang='lat' dir='ltr'>sequere</span> <span class='ocrx_word' id='word_1_598' title='bbox 2532 2079 2627 2118; x_wconf 92' lang='lat' dir='ltr'>me</span> <span class='ocrx_word' id='word_1_599' title='bbox 2664 2066 2737 2118; x_wconf 89' lang='lat' dir='ltr'>ad</span> <span class='ocrx_word' id='word_1_600' title='bbox 2760 2068 3072 2120; x_wconf 90' lang='lat' dir='ltr'>Dominum</span> <span class='ocrx_word' id='word_1_601' title='bbox 3103 2068 3137 2132; x_wconf 70' lang='grc' dir='ltr'>τ,</span> <span class='ocrx_word' id='word_1_602' title='bbox 3163 2072 3222 2121; x_wconf 93' lang='lat' dir='ltr'>et</span> <span class='ocrx_word' id='word_1_603' title='bbox 3240 2068 3352 2122; x_wconf 80' lang='lat' dir='ltr'>hu-</span> 
     </span>
    </p>
   </div>
   <div class='ocr_carea' id='block_1_85' title="bbox 1741 2154 3350 2221">
    <p class='ocr_par' dir='ltr' id='par_1_85' title="bbox 1741 2154 3350 2221">
     <span class='ocr_line' id='line_1_85' title="bbox 1741 2154 3350 2221; baseline 0.001 -16"><span class='ocrx_word' id='word_1_604' title='bbox 1741 2155 1843 2219; x_wconf 87' lang='lat' dir='ltr'>jus</span> <span class='ocrx_word' id='word_1_605' title='bbox 1860 2154 1993 2205; x_wconf 88' lang='lat' dir='ltr'>ﬁdei</span> <span class='ocrx_word' id='word_1_606' title='bbox 2016 2154 2380 2218; x_wconf 83' lang='lat' dir='ltr'>signaculum</span> <span class='ocrx_word' id='word_1_607' title='bbox 2397 2154 2642 2219; x_wconf 89' lang='lat' dir='ltr'>suscipe.</span> <span class='ocrx_word' id='word_1_608' title='bbox 2660 2157 2731 2208; x_wconf 90' lang='lat' dir='ltr'>Et</span> <span class='ocrx_word' id='word_1_609' title='bbox 2755 2154 3134 2221; x_wconf 87' lang='lat' dir='ltr'>philosophus</span> <span class='ocrx_word' id='word_1_610' title='bbox 3146 2172 3350 2207; x_wconf 87' lang='lat' dir='ltr'>conver-</span> 
     </span>
    </p>
   </div>
   <div class='ocr_carea' id='block_1_86' title="bbox 1749 2242 3349 2308">
    <p class='ocr_par' dir='ltr' id='par_1_86' title="bbox 1749 2242 3349 2308">
     <span class='ocr_line' id='line_1_86' title="bbox 1749 2242 3349 2308; baseline 0.001 -14"><span class='ocrx_word' id='word_1_611' title='bbox 1749 2255 1850 2295; x_wconf 91' lang='lat' dir='ltr'>sus</span> <span class='ocrx_word' id='word_1_612' title='bbox 1869 2242 1943 2295; x_wconf 88' lang='lat' dir='ltr'>ad</span> <span class='ocrx_word' id='word_1_613' title='bbox 1962 2242 2278 2307; x_wconf 89' lang='lat' dir='ltr'>discipulos</span> <span class='ocrx_word' id='word_1_614' title='bbox 2298 2256 2456 2307; x_wconf 92' lang='lat' dir='ltr'>suos,</span> <span class='ocrx_word' id='word_1_615' title='bbox 2486 2243 2576 2295; x_wconf 92' lang='lat' dir='ltr'>vel</span> <span class='ocrx_word' id='word_1_616' title='bbox 2600 2243 2671 2295; x_wconf 82' lang='lat' dir='ltr'>ad</span> <span class='ocrx_word' id='word_1_617' title='bbox 2696 2256 2813 2307; x_wconf 90' lang='lat' dir='ltr'>eos,</span> <span class='ocrx_word' id='word_1_618' title='bbox 2833 2246 2933 2307; x_wconf 89' lang='lat' dir='ltr'>qui</span> <span class='ocrx_word' id='word_1_619' title='bbox 2952 2245 3223 2298; x_wconf 90' lang='lat' dir='ltr'>audiendi</span> <span class='ocrx_word' id='word_1_620' title='bbox 3233 2261 3349 2308; x_wconf 83' lang='lat' dir='ltr'>gra-</span> 
     </span>
    </p>
   </div>
   <div class='ocr_carea' id='block_1_87' title="bbox 1745 2331 3356 2395">
    <p class='ocr_par' dir='ltr' id='par_1_87' title="bbox 1745 2331 3356 2395">
     <span class='ocr_line' id='line_1_87' title="bbox 1745 2331 3356 2395; baseline 0.001 -11"><span class='ocrx_word' id='word_1_621' title='bbox 1745 2331 1825 2385; x_wconf 90' lang='lat' dir='ltr'>tia</span> <span class='ocrx_word' id='word_1_622' title='bbox 1852 2336 2264 2385; x_wconf 87' lang='lat' dir='ltr'>convenerant:</span> <span class='ocrx_word' id='word_1_623' title='bbox 2292 2331 2519 2392; x_wconf 86' lang='lat' dir='ltr'>Audite,</span> <span class='ocrx_word' id='word_1_624' title='bbox 2540 2331 2745 2395; x_wconf 90' lang='lat' dir='ltr'>inquit,</span> <span class='ocrx_word' id='word_1_625' title='bbox 2767 2345 2800 2385; x_wconf 94' lang='grc' dir='ltr'>ο</span> <span class='ocrx_word' id='word_1_626' title='bbox 2825 2332 3033 2386; x_wconf 90' lang='lat' dir='ltr'>eruditi</span> <span class='ocrx_word' id='word_1_627' title='bbox 3054 2334 3172 2395; x_wconf 88' lang='lat' dir='ltr'>viri,</span> <span class='ocrx_word' id='word_1_628' title='bbox 3189 2337 3356 2385; x_wconf 88' lang='lat' dir='ltr'>donec</span> 
     </span>
    </p>
   </div>
   <div class='ocr_carea' id='block_1_88' title="bbox 1744 2420 3341 2487">
    <p class='ocr_par' dir='ltr' id='par_1_88' title="bbox 1744 2420 3341 2487">
     <span class='ocr_line' id='line_1_88' title="bbox 1744 2420 3341 2487; baseline -0.003 -13"><span class='ocrx_word' id='word_1_629' title='bbox 1744 2420 1937 2475; x_wconf 89' lang='lat' dir='ltr'>verbis</span> <span class='ocrx_word' id='word_1_630' title='bbox 1959 2433 2191 2473; x_wconf 88' lang='lat' dir='ltr'>mecum</span> <span class='ocrx_word' id='word_1_631' title='bbox 2214 2421 2480 2485; x_wconf 85' lang='lat' dir='ltr'>gestares</span> <span class='ocrx_word' id='word_1_632' title='bbox 2491 2423 2602 2483; x_wconf 88' lang='lat' dir='ltr'>est,</span> <span class='ocrx_word' id='word_1_633' title='bbox 2622 2421 2798 2472; x_wconf 88' lang='lat' dir='ltr'>verba</span> <span class='ocrx_word' id='word_1_634' title='bbox 2814 2422 3004 2473; x_wconf 89' lang='lat' dir='ltr'>verbis</span> <span class='ocrx_word' id='word_1_635' title='bbox 3021 2423 3283 2487; x_wconf 90' lang='lat' dir='ltr'>opposui,</span> <span class='ocrx_word' id='word_1_636' title='bbox 3296 2429 3341 2472; x_wconf 87' lang='lat' dir='ltr'>et</span> 
     </span>
    </p>
   </div>
   <div class='ocr_carea' id='block_1_89' title="bbox 1743 2508 3342 2576">
    <p class='ocr_par' dir='ltr' id='par_1_89' title="bbox 1743 2508 3342 2576">
     <span class='ocr_line' id='line_1_89' title="bbox 1743 2508 3342 2576; baseline 0.001 -13"><span class='ocrx_word' id='word_1_637' title='bbox 1743 2522 1877 2576; x_wconf 66' lang='lat' dir='ltr'>quas</span> <span class='ocrx_word' id='word_1_638' title='bbox 1899 2509 2262 2570; x_wconf 88' lang='lat' dir='ltr'>dicebantur,</span> <span class='ocrx_word' id='word_1_639' title='bbox 2283 2508 2509 2561; x_wconf 90' lang='lat' dir='ltr'>dicendi</span> <span class='ocrx_word' id='word_1_640' title='bbox 2524 2514 2643 2561; x_wconf 89' lang='lat' dir='ltr'>arte</span> <span class='ocrx_word' id='word_1_641' title='bbox 2665 2509 2950 2562; x_wconf 90' lang='lat' dir='ltr'>subverti:</span> <span class='ocrx_word' id='word_1_642' title='bbox 2969 2510 3069 2562; x_wconf 88' lang='lat' dir='ltr'>ubi</span> <span class='ocrx_word' id='word_1_643' title='bbox 3086 2523 3221 2564; x_wconf 90' lang='lat' dir='ltr'>vero</span> <span class='ocrx_word' id='word_1_644' title='bbox 3240 2524 3342 2576; x_wconf 92' lang='lat' dir='ltr'>pro</span> 
     </span>
    </p>
   </div>
   <div class='ocr_carea' id='block_1_90' title="bbox 1740 2598 3344 2664">
    <p class='ocr_par' dir='ltr' id='par_1_90' title="bbox 1740 2598 3344 2664">
     <span class='ocr_line' id='line_1_90' title="bbox 1740 2598 3344 2664; baseline -0.002 -10"><span class='ocrx_word' id='word_1_645' title='bbox 1740 2600 1933 2654; x_wconf 83' lang='lat' dir='ltr'>verbis</span> <span class='ocrx_word' id='word_1_646' title='bbox 1955 2599 2141 2653; x_wconf 89' lang='lat' dir='ltr'>virtus</span> <span class='ocrx_word' id='word_1_647' title='bbox 2173 2599 2455 2664; x_wconf 90' lang='lat' dir='ltr'>processit</span> <span class='ocrx_word' id='word_1_648' title='bbox 2473 2611 2549 2651; x_wconf 89' lang='lat' dir='ltr'>ex</span> <span class='ocrx_word' id='word_1_649' title='bbox 2567 2611 2664 2651; x_wconf 90' lang='lat' dir='ltr'>ore</span> <span class='ocrx_word' id='word_1_650' title='bbox 2683 2598 2946 2661; x_wconf 90' lang='lat' dir='ltr'>dicentis,</span> <span class='ocrx_word' id='word_1_651' title='bbox 2960 2614 3062 2650; x_wconf 89' lang='lat' dir='ltr'>non</span> <span class='ocrx_word' id='word_1_652' title='bbox 3074 2606 3344 2662; x_wconf 85' lang='lat' dir='ltr'>potuerunt</span> 
     </span>
    </p>
   </div>
   <div class='ocr_carea' id='block_1_91' title="bbox 1740 2688 3339 2753">
    <p class='ocr_par' dir='ltr' id='par_1_91' title="bbox 1740 2688 3339 2753">
     <span class='ocr_line' id='line_1_91' title="bbox 1740 2688 3339 2753; baseline -0.003 -10"><span class='ocrx_word' id='word_1_653' title='bbox 1740 2689 2008 2743; x_wconf 88' lang='lat' dir='ltr'>resistere</span> <span class='ocrx_word' id='word_1_654' title='bbox 2037 2689 2212 2742; x_wconf 90' lang='lat' dir='ltr'>verba</span> <span class='ocrx_word' id='word_1_655' title='bbox 2245 2688 2462 2753; x_wconf 89' lang='lat' dir='ltr'>virtuti,</span> <span class='ocrx_word' id='word_1_656' title='bbox 2484 2700 2592 2742; x_wconf 91' lang='lat' dir='ltr'>nec</span> <span class='ocrx_word' id='word_1_657' title='bbox 2621 2688 2795 2741; x_wconf 92' lang='lat' dir='ltr'>homo</span> <span class='ocrx_word' id='word_1_658' title='bbox 2823 2688 3117 2742; x_wconf 88' lang='lat' dir='ltr'>adversari</span> <span class='ocrx_word' id='word_1_659' title='bbox 3139 2691 3339 2753; x_wconf 83' lang='lat' dir='ltr'>potuit,</span> 
     </span>
    </p>
   </div>
   <div class='ocr_carea' id='block_1_92' title="bbox 1738 2777 3339 2843">
    <p class='ocr_par' dir='ltr' id='par_1_92' title="bbox 1738 2777 3339 2843">
     <span class='ocr_line' id='line_1_92' title="bbox 1738 2777 3339 2843; baseline -0.001 -11"><span class='ocrx_word' id='word_1_660' title='bbox 1738 2781 1877 2832; x_wconf 88' lang='lat' dir='ltr'>Deo.</span> <span class='ocrx_word' id='word_1_661' title='bbox 1904 2782 1975 2832; x_wconf 86' lang='lat' dir='ltr'>Et</span> <span class='ocrx_word' id='word_1_662' title='bbox 1998 2778 2128 2832; x_wconf 88' lang='lat' dir='ltr'>ideo</span> <span class='ocrx_word' id='word_1_663' title='bbox 2144 2778 2192 2830; x_wconf 90' lang='lat' dir='ltr'>si</span> <span class='ocrx_word' id='word_1_664' title='bbox 2216 2778 2348 2843; x_wconf 86' lang='lat' dir='ltr'>quis</span> <span class='ocrx_word' id='word_1_665' title='bbox 2371 2783 2634 2831; x_wconf 90' lang='lat' dir='ltr'>vestrum</span> <span class='ocrx_word' id='word_1_666' title='bbox 2654 2778 2843 2842; x_wconf 91' lang='lat' dir='ltr'>potuit</span> <span class='ocrx_word' id='word_1_667' title='bbox 2858 2778 2922 2831; x_wconf 90' lang='lat' dir='ltr'>in</span> <span class='ocrx_word' id='word_1_668' title='bbox 2935 2777 3029 2832; x_wconf 89' lang='lat' dir='ltr'>his</span> <span class='ocrx_word' id='word_1_669' title='bbox 3044 2790 3177 2843; x_wconf 68' lang='lat' dir='ltr'>qum</span> <span class='ocrx_word' id='word_1_670' title='bbox 3188 2778 3339 2833; x_wconf 87' lang='lat' dir='ltr'>dicta</span> 
     </span>
    </p>
   </div>
   <div class='ocr_carea' id='block_1_93' title="bbox 1740 2866 3339 2934">
    <p class='ocr_par' dir='ltr' id='par_1_93' title="bbox 1740 2866 3339 2934">
     <span class='ocr_line' id='line_1_93' title="bbox 1740 2866 3339 2934; baseline -0.002 -12"><span class='ocrx_word' id='word_1_671' title='bbox 1740 2871 1879 2922; x_wconf 85' lang='lat' dir='ltr'>sunt</span> <span class='ocrx_word' id='word_1_672' title='bbox 1901 2869 2116 2923; x_wconf 89' lang='lat' dir='ltr'>sentire</span> <span class='ocrx_word' id='word_1_673' title='bbox 2134 2880 2268 2934; x_wconf 67' lang='lat' dir='ltr'>qum</span> <span class='ocrx_word' id='word_1_674' title='bbox 2291 2868 2466 2933; x_wconf 89' lang='lat' dir='ltr'>sensi,</span> <span class='ocrx_word' id='word_1_675' title='bbox 2493 2867 2691 2921; x_wconf 91' lang='lat' dir='ltr'>credat</span> <span class='ocrx_word' id='word_1_676' title='bbox 2717 2866 2963 2931; x_wconf 89' lang='lat' dir='ltr'>Christo,</span> <span class='ocrx_word' id='word_1_677' title='bbox 2985 2871 3044 2921; x_wconf 91' lang='lat' dir='ltr'>et</span> <span class='ocrx_word' id='word_1_678' title='bbox 3067 2873 3339 2933; x_wconf 89' lang='lat' dir='ltr'>sequatur</span> 
     </span>
    </p>
   </div>
   <div class='ocr_carea' id='block_1_94' title="bbox 1737 2956 3337 3023">
    <p class='ocr_par' dir='ltr' id='par_1_94' title="bbox 1737 2956 3337 3023">
     <span class='ocr_line' id='line_1_94' title="bbox 1737 2956 3337 3023; baseline -0.001 -11"><span class='ocrx_word' id='word_1_679' title='bbox 1737 2958 1896 3012; x_wconf 86' lang='lat' dir='ltr'>hunc</span> <span class='ocrx_word' id='word_1_680' title='bbox 1931 2972 2146 3020; x_wconf 88' lang='lat' dir='ltr'>senem,</span> <span class='ocrx_word' id='word_1_681' title='bbox 2185 2960 2245 3013; x_wconf 87' lang='lat' dir='ltr'>iu</span> <span class='ocrx_word' id='word_1_682' title='bbox 2274 2970 2389 3022; x_wconf 93' lang='lat' dir='ltr'>quo</span> <span class='ocrx_word' id='word_1_683' title='bbox 2416 2958 2693 3022; x_wconf 89' lang='lat' dir='ltr'>loquutus</span> <span class='ocrx_word' id='word_1_684' title='bbox 2725 2963 2816 3011; x_wconf 89' lang='lat' dir='ltr'>est</span> <span class='ocrx_word' id='word_1_685' title='bbox 2840 2958 3022 3019; x_wconf 72' lang='lat' dir='ltr'>EDeus.</span> <span class='ocrx_word' id='word_1_686' title='bbox 3049 2960 3136 3010; x_wconf 92' lang='lat' dir='ltr'>Ita</span> <span class='ocrx_word' id='word_1_687' title='bbox 3158 2956 3337 3023; x_wconf 87' lang='lat' dir='ltr'>philo-</span> 
     </span>
    </p>
   </div>
   <div class='ocr_carea' id='block_1_95' title="bbox 1737 3044 3332 3115">
    <p class='ocr_par' dir='ltr' id='par_1_95' title="bbox 1737 3044 3332 3115">
     <span class='ocr_line' id='line_1_95' title="bbox 1737 3044 3332 3115; baseline -0.003 -13"><span class='ocrx_word' id='word_1_688' title='bbox 1737 3049 1956 3115; x_wconf 91' lang='lat' dir='ltr'>sophus</span> <span class='ocrx_word' id='word_1_689' title='bbox 1984 3048 2344 3101; x_wconf 86' lang='lat' dir='ltr'>Christianus</span> <span class='ocrx_word' id='word_1_690' title='bbox 2370 3046 2629 3110; x_wconf 83' lang='lat' dir='ltr'>etl‘ectus,</span> <span class='ocrx_word' id='word_1_691' title='bbox 2652 3046 2888 3100; x_wconf 89' lang='lat' dir='ltr'>tandem</span> <span class='ocrx_word' id='word_1_692' title='bbox 2914 3058 2978 3097; x_wconf 88' lang='lat' dir='ltr'>se</span> <span class='ocrx_word' id='word_1_693' title='bbox 3010 3044 3332 3111; x_wconf 84' lang='lat' dir='ltr'>gratulatus</span> 
     </span>
    </p>
   </div>
   <div class='ocr_carea' id='block_1_96' title="bbox 1735 3141 2077 3195">
    <p class='ocr_par' dir='ltr' id='par_1_96' title="bbox 1735 3141 2077 3195">
     <span class='ocr_line' id='line_1_96' title="bbox 1735 3141 2077 3195; baseline -0.012 0"><span class='ocrx_word' id='word_1_694' title='bbox 1735 3147 1826 3195; x_wconf 91' lang='lat' dir='ltr'>est</span> <span class='ocrx_word' id='word_1_695' title='bbox 1842 3141 2077 3193; x_wconf 89' lang='lat' dir='ltr'>victum.</span> 
     </span>
    </p>
   </div>
   <div class='ocr_carea' id='block_1_97' title="bbox 2312 3303 2750 3372">
    <p class='ocr_par' dir='ltr' id='par_1_97' title="bbox 2312 3303 2750 3372">
     <span class='ocr_line' id='line_1_97' title="bbox 2312 3303 2750 3372; baseline -0.014 0"><span class='ocrx_word' id='word_1_696' title='bbox 2312 3304 2596 3372; x_wconf 84' lang='lat' dir='ltr'>CAPUT</span> <span class='ocrx_word' id='word_1_697' title='bbox 2635 3303 2750 3369; x_wconf 84' lang='lat' dir='ltr'>IV.</span> 
     </span>
    </p>
   </div>
   <div class='ocr_carea' id='block_1_98' title="bbox 2136 3466 2926 3532">
    <p class='ocr_par' dir='ltr' id='par_1_98' title="bbox 2136 3466 2926 3532">
     <span class='ocr_line' id='line_1_98' title="bbox 2136 3466 2926 3532; baseline -0.006 -13"><span class='ocrx_word' id='word_1_698' title='bbox 2136 3469 2209 3519; x_wconf 88' lang='lat' dir='ltr'>De</span> <span class='ocrx_word' id='word_1_699' title='bbox 2246 3467 2564 3532; x_wconf 83' lang='lat' dir='ltr'>Paphnutio</span> <span class='ocrx_word' id='word_1_700' title='bbox 2598 3466 2926 3529; x_wconf 70' lang='lat' dir='ltr'>Confessam.</span> 
     </span>
    </p>
   </div>
   <div class='ocr_carea' id='block_1_99' title="bbox 1796 3605 3334 3678">
    <p class='ocr_par' dir='ltr' id='par_1_99' title="bbox 1796 3605 3334 3678">
     <span class='ocr_line' id='line_1_99' title="bbox 1796 3605 3334 3678; baseline -0.005 -13"><span class='ocrx_word' id='word_1_701' title='bbox 1796 3613 1925 3665; x_wconf 88' lang='lat' dir='ltr'>Fuit</span> <span class='ocrx_word' id='word_1_702' title='bbox 1938 3615 2218 3678; x_wconf 71' lang='lat' dir='ltr'>prmterea</span> <span class='ocrx_word' id='word_1_703' title='bbox 2240 3611 2300 3663; x_wconf 91' lang='lat' dir='ltr'>in</span> <span class='ocrx_word' id='word_1_704' title='bbox 2329 3609 2426 3662; x_wconf 89' lang='lat' dir='ltr'>illo</span> <span class='ocrx_word' id='word_1_705' title='bbox 2443 3608 2692 3662; x_wconf 91' lang='lat' dir='ltr'>Concilio</span> <span class='ocrx_word' id='word_1_706' title='bbox 2708 3613 2767 3660; x_wconf 91' lang='lat' dir='ltr'>et</span> <span class='ocrx_word' id='word_1_707' title='bbox 2788 3605 3166 3673; x_wconf 82' lang='lat' dir='ltr'>Paphnutius,</span> <span class='ocrx_word' id='word_1_708' title='bbox 3183 3609 3334 3657; x_wconf 90' lang='lat' dir='ltr'>homo</span> 
     </span>
    </p>
   </div>
   <div class='ocr_carea' id='block_1_100' title="bbox 1732 3684 3329 3767">
    <p class='ocr_par' dir='ltr' id='par_1_100' title="bbox 1732 3684 3329 3767">
     <span class='ocr_line' id='line_1_100' title="bbox 1732 3684 3329 3767; baseline -0.005 -11"><span class='ocrx_word' id='word_1_709' title='bbox 1732 3702 1835 3756; x_wconf 91' lang='lat' dir='ltr'>Dei</span> <span class='ocrx_word' id='word_1_710' title='bbox 1859 3712 1895 3767; x_wconf 72' lang='grc' dir='ltr'>κ,</span> <span class='ocrx_word' id='word_1_711' title='bbox 1920 3698 2238 3766; x_wconf 86' lang='lat' dir='ltr'>Episcopus</span> <span class='ocrx_word' id='word_1_712' title='bbox 2262 3713 2337 3753; x_wconf 86' lang='lat' dir='ltr'>ex</span> <span class='ocrx_word' id='word_1_713' title='bbox 2357 3699 2587 3766; x_wconf 72' lang='lat' dir='ltr'>Egypti</span> <span class='ocrx_word' id='word_1_714' title='bbox 2618 3684 2909 3764; x_wconf 60' lang='lat' dir='ltr'>partibus,</span> <span class='ocrx_word' id='word_1_715' title='bbox 2934 3696 3236 3750; x_wconf 84' lang='lat' dir='ltr'>Confessor</span> <span class='ocrx_word' id='word_1_716' title='bbox 3258 3708 3329 3749; x_wconf 84' lang='lat' dir='ltr'>ex</span> 
     </span>
    </p>
   </div>
   <div class='ocr_carea' id='block_1_101' title="bbox 1731 3786 3333 3855">
    <p class='ocr_par' dir='ltr' id='par_1_101' title="bbox 1731 3786 3333 3855">
     <span class='ocr_line' id='line_1_101' title="bbox 1731 3786 3333 3855; baseline -0.004 -11"><span class='ocrx_word' id='word_1_717' title='bbox 1731 3791 1844 3844; x_wconf 89' lang='lat' dir='ltr'>illis</span> <span class='ocrx_word' id='word_1_718' title='bbox 1877 3803 2025 3855; x_wconf 90' lang='lat' dir='ltr'>quos</span> <span class='ocrx_word' id='word_1_719' title='bbox 2050 3791 2072 3820; x_wconf 80' lang='lat'><strong>&quot;</strong></span> <span class='ocrx_word' id='word_1_720' title='bbox 2107 3789 2491 3842; x_wconf 82' lang='lat' dir='ltr'>Maximianus</span> <span class='ocrx_word' id='word_1_721' title='bbox 2516 3788 2768 3841; x_wconf 85' lang='lat' dir='ltr'>dexteris</span> <span class='ocrx_word' id='word_1_722' title='bbox 2796 3786 2978 3840; x_wconf 91' lang='lat' dir='ltr'>oculis</span> <span class='ocrx_word' id='word_1_723' title='bbox 2999 3786 3249 3849; x_wconf 83' lang='lat' dir='ltr'>eﬁ‘ossis,</span> <span class='ocrx_word' id='word_1_724' title='bbox 3274 3791 3333 3837; x_wconf 88' lang='lat' dir='ltr'>et</span> 
     </span>
    </p>
   </div>
   <div class='ocr_carea' id='block_1_102' title="bbox 1731 3877 3327 3946">
    <p class='ocr_par' dir='ltr' id='par_1_102' title="bbox 1731 3877 3327 3946">
     <span class='ocr_line' id='line_1_102' title="bbox 1731 3877 3327 3946; baseline -0.006 -12"><span class='ocrx_word' id='word_1_725' title='bbox 1731 3882 1966 3934; x_wconf 90' lang='lat' dir='ltr'>sinistro</span> <span class='ocrx_word' id='word_1_726' title='bbox 1981 3879 2196 3946; x_wconf 87' lang='lat' dir='ltr'>poplite</span> <span class='ocrx_word' id='word_1_727' title='bbox 2210 3879 2455 3942; x_wconf 89' lang='lat' dir='ltr'>succiso,</span> <span class='ocrx_word' id='word_1_728' title='bbox 2474 3891 2575 3944; x_wconf 89' lang='lat' dir='ltr'>per</span> <span class='ocrx_word' id='word_1_729' title='bbox 2586 3877 2819 3931; x_wconf 86' lang='lat' dir='ltr'>metalla</span> <span class='ocrx_word' id='word_1_730' title='bbox 2829 3877 3220 3929; x_wconf 87' lang='lat' dir='ltr'>damnaverat.</span> <span class='ocrx_word' id='word_1_731' title='bbox 3236 3878 3327 3926; x_wconf 90' lang='lat' dir='ltr'>Sed</span> 
     </span>
    </p>
   </div>
   <div class='ocr_carea' id='block_1_103' title="bbox 1730 3965 3331 4033">
    <p class='ocr_par' dir='ltr' id='par_1_103' title="bbox 1730 3965 3331 4033">
     <span class='ocr_line' id='line_1_103' title="bbox 1730 3965 3331 4033; baseline -0.004 -10"><span class='ocrx_word' id='word_1_732' title='bbox 1730 3971 1788 4023; x_wconf 93' lang='lat' dir='ltr'>in</span> <span class='ocrx_word' id='word_1_733' title='bbox 1816 3970 1931 4023; x_wconf 92' lang='lat' dir='ltr'>hoc</span> <span class='ocrx_word' id='word_1_734' title='bbox 1972 3973 2134 4023; x_wconf 89' lang='lat' dir='ltr'>tanta</span> <span class='ocrx_word' id='word_1_735' title='bbox 2155 3969 2451 4029; x_wconf 21' lang='lat' dir='ltr'>virtutum,</span> <span class='ocrx_word' id='word_1_736' title='bbox 2476 3968 2661 4020; x_wconf 89' lang='lat' dir='ltr'>inerat</span> <span class='ocrx_word' id='word_1_737' title='bbox 2691 3966 2894 4033; x_wconf 89' lang='lat' dir='ltr'>gratia,</span> <span class='ocrx_word' id='word_1_738' title='bbox 2922 3970 2990 4017; x_wconf 93' lang='lat' dir='ltr'>ut</span> <span class='ocrx_word' id='word_1_739' title='bbox 3034 3965 3202 4029; x_wconf 88' lang='lat' dir='ltr'>signa</span> <span class='ocrx_word' id='word_1_740' title='bbox 3230 3977 3331 4029; x_wconf 90' lang='lat' dir='ltr'>per</span> 
     </span>
    </p>
   </div>
   <div class='ocr_carea' id='block_1_104' title="bbox 1731 4054 3327 4124">
    <p class='ocr_par' dir='ltr' id='par_1_104' title="bbox 1731 4054 3327 4124">
     <span class='ocr_line' id='line_1_104' title="bbox 1731 4054 3327 4124; baseline -0.005 -11"><span class='ocrx_word' id='word_1_741' title='bbox 1731 4073 1864 4113; x_wconf 89' lang='lat' dir='ltr'>eum</span> <span class='ocrx_word' id='word_1_742' title='bbox 1892 4073 2009 4113; x_wconf 91' lang='lat' dir='ltr'>non</span> <span class='ocrx_word' id='word_1_743' title='bbox 2032 4059 2437 4124; x_wconf 87' lang='lat' dir='ltr'>minus,quam</span> <span class='ocrx_word' id='word_1_744' title='bbox 2461 4057 2681 4110; x_wconf 90' lang='lat' dir='ltr'>dudum</span> <span class='ocrx_word' id='word_1_745' title='bbox 2702 4069 2802 4122; x_wconf 90' lang='lat' dir='ltr'>per</span> <span class='ocrx_word' id='word_1_746' title='bbox 2813 4054 3117 4120; x_wconf 87' lang='lat' dir='ltr'>Apostolos</span> <span class='ocrx_word' id='word_1_747' title='bbox 3134 4057 3327 4105; x_wconf 84' lang='lat' dir='ltr'>ﬁerent.</span> 
     </span>
    </p>
   </div>
   <div class='ocr_carea' id='block_1_105' title="bbox 1733 4144 3331 4221">
    <p class='ocr_par' dir='ltr' id='par_1_105' title="bbox 1733 4144 3331 4221">
     <span class='ocr_line' id='line_1_105' title="bbox 1733 4144 3331 4221; baseline -0.004 -18"><span class='ocrx_word' id='word_1_748' title='bbox 1733 4153 1875 4204; x_wconf 89' lang='lat' dir='ltr'>Nam</span> <span class='ocrx_word' id='word_1_749' title='bbox 1899 4154 1957 4203; x_wconf 92' lang='lat' dir='ltr'>et</span> <span class='ocrx_word' id='word_1_750' title='bbox 1984 4149 2284 4203; x_wconf 62' lang='lat' dir='ltr'>damones</span> <span class='ocrx_word' id='word_1_751' title='bbox 2307 4147 2483 4201; x_wconf 89' lang='lat' dir='ltr'>verbo</span> <span class='ocrx_word' id='word_1_752' title='bbox 2505 4149 2735 4200; x_wconf 85' lang='lat' dir='ltr'>tantum</span> <span class='ocrx_word' id='word_1_753' title='bbox 2766 4145 2882 4209; x_wconf 80' lang='grc' dir='ltr'>[Με.</span> <span class='ocrx_word' id='word_1_754' title='bbox 2911 4144 3331 4221; x_wconf 83' lang='lat' dir='ltr'>tantummodo]</span> 
     </span>
    </p>
   </div>
   <div class='ocr_carea' id='block_1_106' title="bbox 1792 4317 3330 4381">
    <p class='ocr_par' dir='ltr' id='par_1_106' title="bbox 1792 4317 3330 4381">
     <span class='ocr_line' id='line_1_106' title="bbox 1792 4317 3330 4381; baseline -0.007 -7"><span class='ocrx_word' id='word_1_755' title='bbox 1792 4330 1810 4352; x_wconf 88' lang='grc'><strong>·</strong></span> <span class='ocrx_word' id='word_1_756' title='bbox 1843 4323 2030 4374; x_wconf 86' lang='lat' dir='ltr'>Antea</span> <span class='ocrx_word' id='word_1_757' title='bbox 2054 4325 2175 4373; x_wconf 87' lang='lat' dir='ltr'>erat</span> <span class='ocrx_word' id='word_1_758' title='bbox 2202 4317 2313 4372; x_wconf 88' lang='lat' dir='ltr'>alio</span> <span class='ocrx_word' id='word_1_759' title='bbox 2339 4330 2536 4379; x_wconf 89' lang='lat' dir='ltr'>sensu,</span> <span class='ocrx_word' id='word_1_760' title='bbox 2563 4330 2670 4370; x_wconf 91' lang='lat' dir='ltr'>nec</span> <span class='ocrx_word' id='word_1_761' title='bbox 2696 4317 2839 4369; x_wconf 88' lang='lat' dir='ltr'>satis</span> <span class='ocrx_word' id='word_1_762' title='bbox 2862 4327 3133 4381; x_wconf 79' lang='lat' dir='ltr'>congruo,</span> <span class='ocrx_word' id='word_1_763' title='bbox 3161 4329 3330 4380; x_wconf 83' lang='lat' dir='ltr'>quam</span> 
     </span>
    </p>
   </div>
   <div class='ocr_carea' id='block_1_107' title="bbox 1730 4387 3332 4460">
    <p class='ocr_par' dir='ltr' id='par_1_107' title="bbox 1730 4387 3332 4460">
     <span class='ocr_line' id='line_1_107' title="bbox 1730 4387 3332 4460; baseline -0.003 -17"><span class='ocrx_word' id='word_1_764' title='bbox 1730 4394 1877 4460; x_wconf 83' lang='lat' dir='ltr'>quod</span> <span class='ocrx_word' id='word_1_765' title='bbox 1892 4394 2126 4458; x_wconf 70' lang='lat' dir='ltr'>dixerat,</span> <span class='ocrx_word' id='word_1_766' title='bbox 2143 4390 2361 4445; x_wconf 89' lang='lat' dir='ltr'>scilicet</span> <span class='ocrx_word' id='word_1_767' title='bbox 2383 4391 2592 4444; x_wconf 87' lang='lat' dir='ltr'>senior.</span> <span class='ocrx_word' id='word_1_768' title='bbox 2608 4390 2723 4442; x_wconf 89' lang='lat' dir='ltr'>Nos</span> <span class='ocrx_word' id='word_1_769' title='bbox 2736 4395 2932 4443; x_wconf 89' lang='lat' dir='ltr'>tamen</span> <span class='ocrx_word' id='word_1_770' title='bbox 2950 4387 3213 4460; x_wconf 80' lang='lat' dir='ltr'>codicum</span> <span class='ocrx_word' id='word_1_771' title='bbox 3224 4399 3332 4460; x_wconf 89' lang='lat' dir='ltr'>n_o-</span> 
     </span>
    </p>
   </div>
   <div class='ocr_carea' id='block_1_108' title="bbox 1731 4457 3332 4527">
    <p class='ocr_par' dir='ltr' id='par_1_108' title="bbox 1731 4457 3332 4527">
     <span class='ocr_line' id='line_1_108' title="bbox 1731 4457 3332 4527; baseline -0.006 -9"><span class='ocrx_word' id='word_1_772' title='bbox 1731 4457 1983 4518; x_wconf 82' lang='lat' dir='ltr'>strorum</span> <span class='ocrx_word' id='word_1_773' title='bbox 2016 4457 2279 4517; x_wconf 90' lang='lat' dir='ltr'>omnium</span> <span class='ocrx_word' id='word_1_774' title='bbox 2305 4475 2413 4527; x_wconf 91' lang='lat' dir='ltr'>ope</span> <span class='ocrx_word' id='word_1_775' title='bbox 2445 4468 2617 4526; x_wconf 90' lang='lat' dir='ltr'>atque</span> <span class='ocrx_word' id='word_1_776' title='bbox 2643 4460 3000 4519; x_wconf 82' lang='lat' dir='ltr'>auctoritate,</span> <span class='ocrx_word' id='word_1_777' title='bbox 3026 4459 3172 4523; x_wconf 84' lang='lat' dir='ltr'>quod</span> <span class='ocrx_word' id='word_1_778' title='bbox 3194 4457 3332 4511; x_wconf 87' lang='lat' dir='ltr'>rela-</span> 
     </span>
    </p>
   </div>
   <div class='ocr_carea' id='block_1_109' title="bbox 1730 4528 3330 4600">
    <p class='ocr_par' dir='ltr' id='par_1_109' title="bbox 1730 4528 3330 4600">
     <span class='ocr_line' id='line_1_109' title="bbox 1730 4528 3330 4600; baseline -0.004 -13"><span class='ocrx_word' id='word_1_779' title='bbox 1730 4538 1919 4589; x_wconf 88' lang='lat' dir='ltr'>tivum</span> <span class='ocrx_word' id='word_1_780' title='bbox 1941 4534 2353 4600; x_wconf 87' lang='lat' dir='ltr'>expunximus,</span> <span class='ocrx_word' id='word_1_781' title='bbox 2381 4538 2440 4585; x_wconf 92' lang='lat' dir='ltr'>et</span> <span class='ocrx_word' id='word_1_782' title='bbox 2458 4532 2736 4585; x_wconf 88' lang='lat' dir='ltr'>veriorem</span> <span class='ocrx_word' id='word_1_783' title='bbox 2760 4544 2833 4584; x_wconf 85' lang='lat' dir='ltr'>ex</span> <span class='ocrx_word' id='word_1_784' title='bbox 2852 4528 3180 4595; x_wconf 88' lang='lat' dir='ltr'>philosophi</span> <span class='ocrx_word' id='word_1_785' title='bbox 3201 4540 3330 4594; x_wconf 90' lang='lat' dir='ltr'>per-</span> 
     </span>
    </p>
   </div>
   <div class='ocr_carea' id='block_1_110' title="bbox 1735 4600 3329 4667">
    <p class='ocr_par' dir='ltr' id='par_1_110' title="bbox 1735 4600 3329 4667">
     <span class='ocr_line' id='line_1_110' title="bbox 1735 4600 3329 4667; baseline -0.005 -7"><span class='ocrx_word' id='word_1_786' title='bbox 1735 4619 1879 4661; x_wconf 90' lang='lat' dir='ltr'>sona</span> <span class='ocrx_word' id='word_1_787' title='bbox 1908 4618 2147 4660; x_wconf 85' lang='lat' dir='ltr'>sensum</span> <span class='ocrx_word' id='word_1_788' title='bbox 2172 4604 2550 4657; x_wconf 88' lang='lat' dir='ltr'>restituimus.</span> <span class='ocrx_word' id='word_1_789' title='bbox 2578 4604 2710 4655; x_wconf 85' lang='lat' dir='ltr'>Mox</span> <span class='ocrx_word' id='word_1_790' title='bbox 2734 4615 2835 4667; x_wconf 92' lang='lat' dir='ltr'>pro</span> <span class='ocrx_word' id='word_1_791' title='bbox 2857 4600 3027 4652; x_wconf 78' lang='lat' dir='ltr'>credis</span> <span class='ocrx_word' id='word_1_792' title='bbox 3050 4604 3329 4653; x_wconf 89' lang='lat' dir='ltr'>ms.uter-</span> 
     </span>
    </p>
   </div>
   <div class='ocr_carea' id='block_1_111' title="bbox 1735 4672 3326 4745">
    <p class='ocr_par' dir='ltr' id='par_1_111' title="bbox 1735 4672 3326 4745">
     <span class='ocr_line' id='line_1_111' title="bbox 1735 4672 3326 4745; baseline -0.005 -14"><span class='ocrx_word' id='word_1_793' title='bbox 1735 4693 1847 4745; x_wconf 88' lang='lat' dir='ltr'>que</span> <span class='ocrx_word' id='word_1_794' title='bbox 1871 4676 2269 4739; x_wconf 89' lang='lat' dir='ltr'>Bononiensis,</span> <span class='ocrx_word' id='word_1_795' title='bbox 2283 4679 2341 4729; x_wconf 91' lang='lat' dir='ltr'>et</span> <span class='ocrx_word' id='word_1_796' title='bbox 2356 4675 2726 4728; x_wconf 87' lang='lat' dir='ltr'>Guarnerian.</span> <span class='ocrx_word' id='word_1_797' title='bbox 2749 4674 3001 4738; x_wconf 90' lang='lat' dir='ltr'>itemque</span> <span class='ocrx_word' id='word_1_798' title='bbox 3015 4672 3131 4725; x_wconf 91' lang='lat' dir='ltr'>duo</span> <span class='ocrx_word' id='word_1_799' title='bbox 3143 4672 3326 4725; x_wconf 91' lang='lat' dir='ltr'>Vatic.</span> 
     </span>
    </p>
   </div>
   <div class='ocr_carea' id='block_1_112' title="bbox 1730 4750 2021 4802">
    <p class='ocr_par' dir='ltr' id='par_1_112' title="bbox 1730 4750 2021 4802">
     <span class='ocr_line' id='line_1_112' title="bbox 1730 4750 2021 4802; baseline -0.007 -1"><span class='ocrx_word' id='word_1_800' title='bbox 1730 4750 2021 4802; x_wconf 72' lang='lat' dir='ltr'>credidisti.</span> 
     </span>
    </p>
   </div>
   <div class='ocr_carea' id='block_1_113' title="bbox 1794 4815 3328 4882">
    <p class='ocr_par' dir='ltr' id='par_1_113' title="bbox 1794 4815 3328 4882">
     <span class='ocr_line' id='line_1_113' title="bbox 1794 4815 3328 4882; baseline -0.005 -6"><span class='ocrx_word' id='word_1_801' title='bbox 1794 4821 1810 4851; x_wconf 76' lang='lat'><strong>&#39;</strong></span> <span class='ocrx_word' id='word_1_802' title='bbox 1839 4821 2017 4876; x_wconf 80' lang='lat' dir='ltr'>Addit</span> <span class='ocrx_word' id='word_1_803' title='bbox 2052 4818 2422 4874; x_wconf 88' lang='lat' dir='ltr'>Guarnerian.</span> <span class='ocrx_word' id='word_1_804' title='bbox 2458 4818 2659 4881; x_wconf 88' lang='lat' dir='ltr'>codex,</span> <span class='ocrx_word' id='word_1_805' title='bbox 2685 4816 2758 4870; x_wconf 91' lang='lat' dir='ltr'>de</span> <span class='ocrx_word' id='word_1_806' title='bbox 2793 4816 2955 4871; x_wconf 90' lang='lat' dir='ltr'>scioli</span> <span class='ocrx_word' id='word_1_807' title='bbox 2991 4815 3328 4882; x_wconf 83' lang='lat' dir='ltr'>glossatoris</span> 
     </span>
    </p>
   </div>
   <div class='ocr_carea' id='block_1_114' title="bbox 1732 4887 3331 4953">
    <p class='ocr_par' dir='ltr' id='par_1_114' title="bbox 1732 4887 3331 4953">
     <span class='ocr_line' id='line_1_114' title="bbox 1732 4887 3331 4953; baseline -0.003 -7"><span class='ocrx_word' id='word_1_808' title='bbox 1732 4906 1930 4953; x_wconf 87' lang='lat' dir='ltr'>manu,</span> <span class='ocrx_word' id='word_1_809' title='bbox 1974 4892 2126 4944; x_wconf 78' lang='lat' dir='ltr'>ovile.</span> <span class='ocrx_word' id='word_1_810' title='bbox 2164 4891 2532 4945; x_wconf 90' lang='lat' dir='ltr'>Dominicum</span> <span class='ocrx_word' id='word_1_811' title='bbox 2556 4890 2749 4943; x_wconf 88' lang='lat' dir='ltr'>vocari</span> <span class='ocrx_word' id='word_1_812' title='bbox 2772 4887 3071 4953; x_wconf 86' lang='lat' dir='ltr'>templum,</span> <span class='ocrx_word' id='word_1_813' title='bbox 3095 4901 3216 4943; x_wconf 91' lang='lat' dir='ltr'>non</span> <span class='ocrx_word' id='word_1_814' title='bbox 3238 4892 3331 4942; x_wconf 87' lang='lat' dir='ltr'>est</span> 
     </span>
    </p>
   </div>
   <div class='ocr_carea' id='block_1_115' title="bbox 1732 4960 3331 5031">
    <p class='ocr_par' dir='ltr' id='par_1_115' title="bbox 1732 4960 3331 5031">
     <span class='ocr_line' id='line_1_115' title="bbox 1732 4960 3331 5031; baseline -0.004 -13"><span class='ocrx_word' id='word_1_815' title='bbox 1732 4966 1833 5030; x_wconf 90' lang='lat' dir='ltr'>qui</span> <span class='ocrx_word' id='word_1_816' title='bbox 1854 4966 2096 5031; x_wconf 82' lang='lat' dir='ltr'>ignoret.</span> <span class='ocrx_word' id='word_1_817' title='bbox 2122 4965 2257 5016; x_wconf 91' lang='lat' dir='ltr'>Mox</span> <span class='ocrx_word' id='word_1_818' title='bbox 2273 4975 2501 5028; x_wconf 90' lang='lat' dir='ltr'>quoque</span> <span class='ocrx_word' id='word_1_819' title='bbox 2523 4961 2680 5014; x_wconf 91' lang='lat' dir='ltr'>haud</span> <span class='ocrx_word' id='word_1_820' title='bbox 2703 4966 2858 5014; x_wconf 90' lang='lat' dir='ltr'>recte</span> <span class='ocrx_word' id='word_1_821' title='bbox 2872 4960 3219 5031; x_wconf 82' lang='lat' dir='ltr'>Bononiens.</span> <span class='ocrx_word' id='word_1_822' title='bbox 3234 4960 3331 5012; x_wconf 80' lang='lat' dir='ltr'>Ac-</span> 
     </span>
    </p>
   </div>
   <div class='ocr_carea' id='block_1_116' title="bbox 1732 5030 3327 5102">
    <p class='ocr_par' dir='ltr' id='par_1_116' title="bbox 1732 5030 3327 5102">
     <span class='ocr_line' id='line_1_116' title="bbox 1732 5030 3327 5102; baseline -0.006 -13"><span class='ocrx_word' id='word_1_823' title='bbox 1732 5030 1897 5089; x_wconf 77' lang='lat' dir='ltr'>cedite</span> <span class='ocrx_word' id='word_1_824' title='bbox 1929 5050 2030 5102; x_wconf 91' lang='lat' dir='ltr'>pro</span> <span class='ocrx_word' id='word_1_825' title='bbox 2054 5036 2271 5100; x_wconf 80' lang='lat' dir='ltr'>Audite,</span> <span class='ocrx_word' id='word_1_826' title='bbox 2303 5038 2362 5090; x_wconf 91' lang='lat' dir='ltr'>et</span> <span class='ocrx_word' id='word_1_827' title='bbox 2384 5034 2502 5088; x_wconf 90' lang='lat' dir='ltr'>duo</span> <span class='ocrx_word' id='word_1_828' title='bbox 2524 5033 2710 5087; x_wconf 88' lang='lat' dir='ltr'>Vatic.</span> <span class='ocrx_word' id='word_1_829' title='bbox 2736 5047 2921 5083; x_wconf 86' lang='lat' dir='ltr'>omnes</span> <span class='ocrx_word' id='word_1_830' title='bbox 2944 5030 3150 5082; x_wconf 76' lang='lat' dir='ltr'>eruditi</span> <span class='ocrx_word' id='word_1_831' title='bbox 3171 5043 3273 5098; x_wconf 90' lang='lat' dir='ltr'>pro</span> <span class='ocrx_word' id='word_1_832' title='bbox 3297 5047 3327 5079; x_wconf 89' lang='grc' dir='ltr'><em>ο</em></span> 
     </span>
    </p>
   </div>
   <div class='ocr_carea' id='block_1_117' title="bbox 1731 5109 1949 5161">
    <p class='ocr_par' dir='ltr' id='par_1_117' title="bbox 1731 5109 1949 5161">
     <span class='ocr_line' id='line_1_117' title="bbox 1731 5109 1949 5161; baseline -0.018 0"><span class='ocrx_word' id='word_1_833' title='bbox 1731 5109 1949 5161; x_wconf 76' lang='lat' dir='ltr'>eruditi.</span> 
     </span>
    </p>
   </div>
   <div class='ocr_carea' id='block_1_118' title="bbox 1795 5171 3329 5242">
    <p class='ocr_par' dir='ltr' id='par_1_118' title="bbox 1795 5171 3329 5242">
     <span class='ocr_line' id='line_1_118' title="bbox 1795 5171 3329 5242; baseline -0.007 -9"><span class='ocrx_word' id='word_1_834' title='bbox 1795 5192 1813 5221; x_wconf 73' lang='grc' dir='ltr'><strong><em>κ</em></strong></span> <span class='ocrx_word' id='word_1_835' title='bbox 1836 5182 2096 5233; x_wconf 88' lang='lat' dir='ltr'>Socrates</span> <span class='ocrx_word' id='word_1_836' title='bbox 2119 5179 2181 5231; x_wconf 91' lang='lat' dir='ltr'>in</span> <span class='ocrx_word' id='word_1_837' title='bbox 2202 5177 2490 5231; x_wconf 88' lang='lat' dir='ltr'>Thebaide</span> <span class='ocrx_word' id='word_1_838' title='bbox 2514 5175 2791 5242; x_wconf 90' lang='lat' dir='ltr'>superiori</span> <span class='ocrx_word' id='word_1_839' title='bbox 2815 5175 3164 5240; x_wconf 87' lang='lat' dir='ltr'>Episcopum</span> <span class='ocrx_word' id='word_1_840' title='bbox 3184 5171 3329 5236; x_wconf 87' lang='lat' dir='ltr'>egis-</span> 
     </span>
    </p>
   </div>
   <div class='ocr_carea' id='block_1_119' title="bbox 1733 5242 3327 5313">
    <p class='ocr_par' dir='ltr' id='par_1_119' title="bbox 1733 5242 3327 5313">
     <span class='ocr_line' id='line_1_119' title="bbox 1733 5242 3327 5313; baseline -0.008 -8"><span class='ocrx_word' id='word_1_841' title='bbox 1733 5267 1793 5305; x_wconf 90' lang='lat' dir='ltr'>se</span> <span class='ocrx_word' id='word_1_842' title='bbox 1816 5264 1949 5305; x_wconf 91' lang='lat' dir='ltr'>cum</span> <span class='ocrx_word' id='word_1_843' title='bbox 1972 5250 2109 5302; x_wconf 87' lang='lat' dir='ltr'>dicit</span> <span class='ocrx_word' id='word_1_844' title='bbox 2124 5263 2137 5301; x_wconf 92' lang='lat'>:</span> <span class='ocrx_word' id='word_1_845' title='bbox 2152 5250 2303 5302; x_wconf 88' lang='lat' dir='ltr'>inter</span> <span class='ocrx_word' id='word_1_846' title='bbox 2325 5249 2452 5300; x_wconf 90' lang='lat' dir='ltr'>illos</span> <span class='ocrx_word' id='word_1_847' title='bbox 2481 5253 2690 5313; x_wconf 87' lang='lat' dir='ltr'>tamen,</span> <span class='ocrx_word' id='word_1_848' title='bbox 2717 5247 2816 5312; x_wconf 91' lang='lat' dir='ltr'>qui</span> <span class='ocrx_word' id='word_1_849' title='bbox 2838 5245 3073 5298; x_wconf 58' lang='lat' dir='ltr'>Niceno</span> <span class='ocrx_word' id='word_1_850' title='bbox 3088 5242 3327 5296; x_wconf 90' lang='lat' dir='ltr'>concilio</span> 
     </span>
    </p>
   </div>
   <div class='ocr_carea' id='block_1_120' title="bbox 1732 5324 2675 5385">
    <p class='ocr_par' dir='ltr' id='par_1_120' title="bbox 1732 5324 2675 5385">
     <span class='ocr_line' id='line_1_120' title="bbox 1732 5324 2675 5385; baseline -0.007 -7"><span class='ocrx_word' id='word_1_851' title='bbox 1732 5324 2131 5385; x_wconf 77' lang='lat' dir='ltr'>interfuerunt,</span> <span class='ocrx_word' id='word_1_852' title='bbox 2154 5333 2274 5374; x_wconf 89' lang='lat' dir='ltr'>non</span> <span class='ocrx_word' id='word_1_853' title='bbox 2305 5325 2675 5372; x_wconf 88' lang='lat' dir='ltr'>memoratur.</span> 
     </span>
    </p>
   </div>
   <div class='ocr_carea' id='block_1_121' title="bbox 1794 5386 3329 5448">
    <p class='ocr_par' dir='ltr' id='par_1_121' title="bbox 1794 5386 3329 5448">
     <span class='ocr_line' id='line_1_121' title="bbox 1794 5386 3329 5448; baseline -0.007 -1"><span class='ocrx_word' id='word_1_854' title='bbox 1794 5397 1816 5425; x_wconf 76' lang='grc'>⁸³</span> <span class='ocrx_word' id='word_1_855' title='bbox 1839 5397 1965 5448; x_wconf 90' lang='lat' dir='ltr'>Duo</span> <span class='ocrx_word' id='word_1_856' title='bbox 1992 5405 2134 5446; x_wconf 91' lang='lat' dir='ltr'>mss.</span> <span class='ocrx_word' id='word_1_857' title='bbox 2157 5392 2530 5444; x_wconf 88' lang='lat' dir='ltr'>Guarnerian.</span> <span class='ocrx_word' id='word_1_858' title='bbox 2551 5397 2607 5442; x_wconf 90' lang='lat' dir='ltr'>et</span> <span class='ocrx_word' id='word_1_859' title='bbox 2621 5390 2966 5443; x_wconf 90' lang='lat' dir='ltr'>Bononiens.</span> <span class='ocrx_word' id='word_1_860' title='bbox 2983 5386 3329 5439; x_wconf 75' lang='lat' dir='ltr'>Maximinus</span> 
     </span>
    </p>
   </div>
   <div class='ocr_carea' id='block_1_122' title="bbox 1732 5460 3325 5530">
    <p class='ocr_par' dir='ltr' id='par_1_122' title="bbox 1732 5460 3325 5530">
     <span class='ocr_line' id='line_1_122' title="bbox 1732 5460 3325 5530; baseline -0.007 -10"><span class='ocrx_word' id='word_1_861' title='bbox 1732 5469 1991 5520; x_wconf 89' lang='lat' dir='ltr'>Socrates</span> <span class='ocrx_word' id='word_1_862' title='bbox 2023 5462 2388 5530; x_wconf 88' lang='lat' dir='ltr'>Imperatoris</span> <span class='ocrx_word' id='word_1_863' title='bbox 2419 5474 2631 5515; x_wconf 88' lang='lat' dir='ltr'>nomen</span> <span class='ocrx_word' id='word_1_864' title='bbox 2666 5464 2856 5514; x_wconf 89' lang='lat' dir='ltr'>tacet:</span> <span class='ocrx_word' id='word_1_865' title='bbox 2883 5463 2939 5516; x_wconf 90' lang='lat' dir='ltr'>et</span> <span class='ocrx_word' id='word_1_866' title='bbox 2960 5460 3089 5513; x_wconf 76' lang='lat' dir='ltr'>haec</span> <span class='ocrx_word' id='word_1_867' title='bbox 3113 5463 3325 5530; x_wconf 85' lang='lat' dir='ltr'>tamen,</span> 
     </span>
    </p>
   </div>
   <div class='ocr_carea' id='block_1_123' title="bbox 1732 5528 3327 5601">
    <p class='ocr_par' dir='ltr' id='par_1_123' title="bbox 1732 5528 3327 5601">
     <span class='ocr_line' id='line_1_123' title="bbox 1732 5528 3327 5601; baseline -0.006 -10"><span class='ocrx_word' id='word_1_868' title='bbox 1732 5543 1795 5591; x_wconf 90' lang='lat' dir='ltr'>ut</span> <span class='ocrx_word' id='word_1_869' title='bbox 1835 5542 1891 5590; x_wconf 90' lang='lat' dir='ltr'>et</span> <span class='ocrx_word' id='word_1_870' title='bbox 1925 5528 2339 5601; x_wconf 79' lang='lat' dir='ltr'>subsequentia</span> <span class='ocrx_word' id='word_1_871' title='bbox 2364 5533 2435 5586; x_wconf 91' lang='lat' dir='ltr'>de</span> <span class='ocrx_word' id='word_1_872' title='bbox 2474 5532 2813 5598; x_wconf 88' lang='lat' dir='ltr'>Spiridione,</span> <span class='ocrx_word' id='word_1_873' title='bbox 2839 5537 2898 5585; x_wconf 89' lang='lat' dir='ltr'>et</span> <span class='ocrx_word' id='word_1_874' title='bbox 2920 5530 3191 5601; x_wconf 85' lang='lat' dir='ltr'>pleraque</span> <span class='ocrx_word' id='word_1_875' title='bbox 3216 5528 3327 5582; x_wconf 89' lang='lat' dir='ltr'>alia</span> 
     </span>
    </p>
   </div>
   <div class='ocr_carea' id='block_1_124' title="bbox 1729 5600 3329 5675">
    <p class='ocr_par' dir='ltr' id='par_1_124' title="bbox 1729 5600 3329 5675">
     <span class='ocr_line' id='line_1_124' title="bbox 1729 5600 3329 5675; baseline -0.005 -13"><span class='ocrx_word' id='word_1_876' title='bbox 1729 5610 2020 5675; x_wconf 84' lang='lat' dir='ltr'>deinceps,</span> <span class='ocrx_word' id='word_1_877' title='bbox 2055 5600 2139 5663; x_wconf 9' lang='lat' dir='ltr'>ex,</span> <span class='ocrx_word' id='word_1_878' title='bbox 2158 5605 2346 5660; x_wconf 86' lang='lat' dir='ltr'>Ruﬁni</span> <span class='ocrx_word' id='word_1_879' title='bbox 2378 5605 2698 5669; x_wconf 87' lang='lat' dir='ltr'>Presbyteri</span> <span class='ocrx_word' id='word_1_880' title='bbox 2730 5604 2876 5657; x_wconf 91' lang='lat' dir='ltr'>libro</span> <span class='ocrx_word' id='word_1_881' title='bbox 2906 5602 3109 5656; x_wconf 86' lang='lat' dir='ltr'>Latina</span> <span class='ocrx_word' id='word_1_882' title='bbox 3131 5600 3329 5675; x_wconf 80' lang='lat' dir='ltr'>lingua</span> 
     </span>
    </p>
   </div>
   <div class='ocr_carea' id='block_1_125' title="bbox 1729 5673 3330 5747">
    <p class='ocr_par' dir='ltr' id='par_1_125' title="bbox 1729 5673 3330 5747">
     <span class='ocr_line' id='line_1_125' title="bbox 1729 5673 3330 5747; baseline -0.007 -14"><span class='ocrx_word' id='word_1_883' title='bbox 1729 5673 2074 5747; x_wconf 80' lang='lat' dir='ltr'>conscripto.</span> <span class='ocrx_word' id='word_1_884' title='bbox 2128 5679 2429 5744; x_wconf 76' lang='grc' dir='ltr'>συντάγματι</span> <span class='ocrx_word' id='word_1_885' title='bbox 2484 5676 2741 5743; x_wconf 75' lang='grc' dir='ltr'>Ῥουφίνου</span> <span class='ocrx_word' id='word_1_886' title='bbox 2790 5675 2914 5735; x_wconf 79' lang='grc' dir='ltr'>τινός</span> <span class='ocrx_word' id='word_1_887' title='bbox 2960 5673 3330 5747; x_wconf 48' lang='grc' dir='ltr'>πρβσϐυτέροη,</span> 
     </span>
    </p>
   </div>
   <div class='ocr_carea' id='block_1_126' title="bbox 1731 5745 3301 5830">
    <p class='ocr_par' dir='ltr' id='par_1_126' title="bbox 1731 5745 3301 5830">
     <span class='ocr_line' id='line_1_126' title="bbox 1731 5745 3301 5830; baseline -0.006 -26"><span class='ocrx_word' id='word_1_888' title='bbox 1731 5745 1981 5830; x_wconf 56' lang='grc' dir='ltr'>Ῥωμαϊκῇ</span> <span class='ocrx_word' id='word_1_889' title='bbox 2004 5756 2125 5811; x_wconf 72' lang='grc' dir='ltr'>λέξει</span> <span class='ocrx_word' id='word_1_890' title='bbox 2149 5750 2585 5817; x_wconf 82' lang='grc' dir='ltr'>συγγεγραμμένῳ,</span> <span class='ocrx_word' id='word_1_891' title='bbox 2613 5748 2925 5813; x_wconf 79' lang='lat' dir='ltr'>accepisse,</span> <span class='ocrx_word' id='word_1_892' title='bbox 2950 5746 3139 5813; x_wconf 81' lang='lat' dir='ltr'>palam</span> <span class='ocrx_word' id='word_1_893' title='bbox 3162 5745 3301 5809; x_wconf 84' lang='lat' dir='ltr'>protl</span> 
     </span>
    </p>
   </div>
   <div class='ocr_carea' id='block_1_127' title="bbox 1726 5829 1897 5877">
    <p class='ocr_par' dir='ltr' id='par_1_127' title="bbox 1726 5829 1897 5877">
     <span class='ocr_line' id='line_1_127' title="bbox 1726 5829 1897 5877; baseline -0.006 0"><span class='ocrx_word' id='word_1_894' title='bbox 1726 5829 1897 5877; x_wconf 82' lang='lat' dir='ltr'>tetur.</span> 
     </span>
    </p>
   </div>
  </div>
