3898 6398
527 391 628 449 471

1479 359 1486 367 ’
1548 374 1792 426 RUFINI
1826 356 2323 434 AQUILEiENSlS
2357 360 2833 418 panssnnar
2870 364 2877 367 λ

3688 368 3691 369 ⁷
3730 357 3834 412 ‘72

522 478 787 570 tegebat,
798 503 857 552 et
871 480 1059 563 agros
1076 494 1181 560 ῘΑι.
1199 487 1464 556 ωετοιοε]
1489 485 1610 540 sola
1620 483 1878 538 oratione
1896 483 2127 532 curabat:
2156 482 2213 556 Α
2227 490 2385 532 nunc
2407 489 2506 530 ore
2537 475 2794 528 omnium
2829 472 3204 525 celebrantur.
3235 469 3402 523 Tales
3426 470 3605 535 igitur
3627 470 3694 523 in
3719 469 3832 529 illis

533 588 634 646 sed
657 595 715 644 et
737 587 908 642 caecis
928 584 1117 636 visum
1133 580 1338 632 dicitur
1359 575 1692 634 reddidisse,
1714 576 1773 625 et
1787 570 2131 638 paralyticos

532 680 605 733 ad
642 675 1009 732 stabilitatem
1042 668 1291 735 corporis
1324 666 1427 730 [Αι.
1453 663 1772 729 corporum]
1811 670 2130 712 revocasse.

529 771 710 833 Quem
733 760 1144 818 Constantinus
1166 758 1225 810 in
1245 761 1404 809 tanta
1430 752 1818 814 veneratione,
1843 753 1903 801 et
1924 747 2132 800 affectu

532 856 748 917 habuit,
767 857 832 906 ut
842 851 1055 915 saepius
1074 859 1210 901 eum
1220 846 1372 898 intra
1388 843 1661 909 palatium
1682 842 1985 892 evocatum
1999 851 2130 885 com-

528 946 883 1012 plecteretur,
908 944 964 992 et
981 938 1144 992 illum
1159 935 1408 997 oculum,
1426 932 1525 998 qui
1542 932 1602 984 in
1617 927 1979 983 confessione
1993 924 2130 978 fidei

532 1034 714 1086 fuerat
735 1030 997 1090 evulsus,
1023 1024 1376 1080 avidioribus
1398 1021 1581 1076 oculis
1608 1017 1976 1073 demulceret.

1136 1193 1422 1262 CAPUT
1464 1192 1547 1256 V.

661 1364 735 1413 De
769 1359 1081 1426 Spiridionc
1104 1333 1382 1422 Episcopo,
1420 1358 1464 1402 cl
1488 1350 1829 1423 mirabilibus
1873 1349 2002 1414 ejus.

597 1511 768 1582 222
815 1514 899 1565 Ex
923 1522 1124 1564 eorum
1148 1519 1408 1571 numero,
1444 1510 1502 1559 et
1533 1505 1583 1557 si
1613 1496 1750 1569 quid
1787 1502 1977 1555 adhuc
1999 1498 2133 1553 emi-

536 1606 786 1669 nentius,
805 1603 982 1656 fuisse
1005 1601 1210 1653 dicitur
1231 1600 1405 1651 etiam
1429 1596 1714 1662 Spiridion
1735 1592 1977 1659 Cyprius
1999 1591 2133 1656 Epi-

535 1706 762 1760 scopus,
784 1693 875 1746 vir
896 1704 1053 1744 unus
1075 1702 1149 1742 ex
1172 1688 1371 1740 ordine
1394 1686 1818 1752 prophetarum,
1844 1683 2130 1746 quantum

535 1766 708 1838 etiam
737 1796 846 1835 nos
885 1790 904 1811 ·
941 1792 1160 1843 eorum,
1203 1778 1303 1843 qui
1339 1789 1474 1829 eum
1509 1774 1776 1827 viderant
1811 1770 2136 1824 narratione

533 1873 935 1938 comperimus.
964 1870 1068 1922 Hic
1090 1872 1286 1933 pastor
1300 1866 1497 1918 ovium
1521 1864 1693 1917 etiam
1708 1863 1768 1915 in
1792 1862 2136 1928 Episcopatu

538 1963 760 2027 positus
782 1958 1112 2025 permansit.
1135 1956 1389 2019 Quadam
1421 1967 1553 2006 vero
1576 1957 1746 2007 nocte
1761 1964 1894 2004 cum
1913 1950 1987 2003 ad
2002 1962 2133 2001 cau-
2164 1952 2217 2023 Β

534 2053 618 2103 las
630 2052 790 2103 fures
813 2049 1131 2108 venissent,
1158 2052 1216 2098 et
1237 2057 1447 2098 manus
1472 2043 1782 2108 improbas,
1806 2052 1921 2105 quo
1946 2040 2135 2090 aditum

536 2140 847 2193 educendis
857 2137 1344 2203 ovibusfacerent,
1357 2131 2146 2192 extendissent,invisibilibue

534 2228 884 2293 quibusdam
906 2226 1153 2278 vinculis
1176 2204 1439 2280 restricti,
1464 2235 1649 2286 usque
1671 2221 1744 2275 ad
1767 2221 1956 2274 lucem
1978 2218 2143 2273 velut

537 2318 727 2372 traditi
775 2317 1087 2370 tortoribus
1130 2317 1589 2379 permanserunt.
1637 2313 1780 2364 Cum
1819 2323 1956 2363 vero
2001 2321 2142 2362 oves

534 2410 817 2461 ducturus
831 2406 902 2459 ad
918 2416 1133 2471 pascua
1147 2402 1470 2456 matutinus
1488 2415 1551 2454 se
1565 2406 1761 2466 ageret
1778 2400 1987 2463 senior,
2004 2402 2145 2449 videt

528 2500 776 2557 juvenes
798 2496 1018 2559 absque
1032 2493 1306 2545 humanis
1331 2491 1580 2543 vinculis
1600 2490 1623 2521 δ
1646 2490 1704 2541 in
1721 2489 1903 2542 caulis
1926 2491 2142 2552 pendere

533 2585 842 2638 districtos.
874 2585 1134 2647 Cumque
1155 2593 1394 2633 causam
1416 2592 1588 2632 noxae
1612 2577 2009 2644 comperisset,
2040 2578 2139 2629 ab-

537 2672 708 2725 solvit
721 2684 1013 2735 sermone,
1030 2683 1175 2735 quos
1190 2670 1411 2722 meritis
1436 2669 1721 2721 vinxerat:
1748 2672 1805 2720 et
1819 2680 1893 2720 ne
1915 2667 2000 2719 eis
2022 2668 2137 2717 ina—

537 2763 628 2814 nis
641 2763 921 2813 nocturna
940 2759 1169 2814 cederet
1191 2758 1513 2823 occupatio:
1537 2756 1757 2816 Tollite,
1774 2756 1975 2821 inquit,
2000 2772 2030 2805 ο
2048 2758 2139 2816 ju-

537 2863 732 2915 venes,
755 2862 940 2901 unum
977 2849 1146 2901 vobis
1168 2849 1422 2910 arietem,
1455 2859 1528 2900 ne
1559 2846 1684 2900 sine
1706 2857 1915 2899 caussa
1941 2846 2139 2894 venisse

537 2939 857 3004 videamini,
877 2951 1049 3003 quem
1065 2937 1272 2990 melius
1288 2949 1468 3001 prece,
1494 2948 1671 3001 quam
1685 2922 1836 2988 furto
1853 2933 2136 2999 quasisse

535 3034 894 3082 convenerat.
922 3027 1181 3080 Tradunt
1192 3026 1263 3079 de
1277 3026 1385 3079 hoc
1400 3026 1574 3078 etiam
1590 3025 1731 3078 illud
1748 3024 1964 3077 factum
1979 3026 2137 3073 mira-

535 3118 670 3170 bile:
689 3118 861 3170 fiiiam
882 3116 1086 3169 habuit
1100 3118 1324 3168 Irenem
1346 3116 1594 3178 nomine,
1613 3127 1747 3179 qua
1762 3114 1816 3167 ei
1835 3127 1966 3166 cum
1989 3113 2136 3165 bene

536 3206 924 3260 ministrasset
953 3205 1113 3269 virgo
1146 3204 1421 3256 defuncta
1449 3206 1554 3256 est.
1586 3205 1723 3255 Post
1759 3202 1887 3267 ejus
1911 3202 2131 3254 obitum

537 3296 695 3348 venit
714 3294 945 3357 quidam
963 3264 1179 3351 dicens,
1203 3306 1265 3345 se
1279 3293 1331 3346 ei
1349 3291 1644 3357 quoddam
1661 3264 1987 3352 depositum
2002 3307 2139 3342 com-
2163 3264 2208 3336 C

535 3382 861 3436 mendasse.
897 3384 1036 3434 Rem
1062 3386 1289 3446 gestam
1312 3381 1672 3445 ignoraverat
1698 3386 1877 3446 pater.
1905 3381 2140 3446 Perqui-

539 3473 714 3524 situm
725 3471 786 3522 in
800 3473 922 3524 tota
936 3470 1124 3535 domo,
1140 3482 1433 3535 nusquam
1447 3469 1602 3533 quod
1619 3469 1961 3534 poscebatur
1971 3471 2123 3520 inven
2133 3496 2150 3506 -

540 3565 665 3613 tum
687 3564 792 3612 est.
820 3558 1170 3611 Persistebat
1184 3562 1378 3611 tamen
1401 3557 1514 3616 ille,
1538 3557 1637 3622 qui
1660 3567 1678 3589 °
1701 3558 2144 3612 commendave-

539 3653 644 3712 rat,
669 3654 727 3700 et
753 3648 893 3700 ﬂetu
914 3659 982 3699 ac
1004 3647 1271 3711 lacrymis
1293 3647 1638 3712 perurgebat
1662 3661 1674 3697 :
1700 3646 1837 3701 vitta
1862 3659 1985 3701 sue
2001 3661 2145 3713 quo-

540 3751 655 3803 que
671 3737 966 3789 illaturum
983 3750 1045 3789 se
1057 3749 1185 3789 esse
1199 3735 1461 3795 exitium,
1478 3735 1589 3787 nisi
1601 3736 2001 3789 commendata
2013 3740 2145 3787 reci-

497 3818 504 3825 “
541 3831 714 3892 peret,
741 3826 1080 3879 testabatur.
1105 3827 1407 3877 Permotus
1424 3823 1697 3890 lacrymis
1719 3826 1845 3890 ejus
1863 3838 2061 3890 senex,
2078 3829 2139 3875 ad

539 3915 865 3983 sepulcrum
901 3914 1035 3969 tiliae
1070 3919 1354 3980 properat,
1388 3916 1561 3981 atque
1592 3927 1721 3968 eam
1756 3928 1831 3969 ex
1861 3915 1882 3946 "
1907 3915 2140 3970 nomine

536 4006 815 4058 clamitat.
846 4006 995 4058 Tum
1015 4004 1112 4058 illa
1127 4005 1197 4058 de
1222 4004 1509 4070 sepulcro:
1535 4005 1682 4068 Quid
1712 4005 1822 4063 vis,
1846 4005 1945 4063 ait,
1970 4011 2144 4067 pater?

506 4116 512 4121 ι
540 4096 1037 4154 Commendatum,
1067 4095 1270 4160 inquit,
1305 4094 1460 4147 illius
1490 4094 1591 4147 ubi
1620 4094 1866 4160 posuisti
1896 4097 1923 4145 φ
1949 4097 2021 4146 At
2046 4095 2141 4147 illa

539 4184 731 4237 locum
754 4184 1083 4248 designans,
1117 4182 1250 4246 illic,
1274 4184 1370 4246 ait,
1395 4182 1654 4235 invenies
1684 4182 2002 4235 defossum.
2032 4185 2142 4236 Re-

538 4285 775 4339 gressus
799 4271 872 4324 ad
896 4271 1153 4335 domum,
1184 4284 1307 4325 rem
1346 4271 1496 4323 sicut
1517 4270 1636 4323 illia
1658 4270 1729 4324 de
1762 4271 2024 4337 sepulcro
2056 4285 2144 4326 re-

540 4361 866 4427 sponderat,
888 4365 1174 4426 repertam
1184 4360 1419 4415 tradidit
1430 4360 1773 4426 reposcenti.
1792 4364 1884 4411 Sed
1907 4368 1955 4412 et
1982 4365 2143 4414 multa

539 4448 650 4502 alia
671 4450 801 4515 ejus
825 4448 1084 4502 feruntur
1110 4447 1160 4516 2
1173 4446 1282 4515 23
1302 4449 1475 4513 gesta
1498 4449 1793 4509 mirabilia,
1812 4463 1948 4514 qum
1968 4450 2139 4502 etiam

2230 568 2420 620 adhuc
2447 564 2799 631 temporibus
2818 560 3091 628 permulti
3113 559 3223 612 viri
3239 559 3301 611 in
3323 559 3592 612 Ecclesiis
3603 559 3832 615 Domini

2231 656 2610 720 refulgebant,
2634 666 2709 705 ex
2741 652 2954 715 quibus
2976 648 3205 715 plurimi
3226 648 3287 701 in
3320 646 3416 700 illo
3439 647 3692 721 Concilio
3714 647 3835 705 fue-

2231 749 2384 798 runt.
2410 742 2519 795 Sed
2540 747 2596 794 et
2617 739 2975 793 Athanasius
2990 738 3191 790 eodem
3208 742 3462 801 tempore
3484 736 3797 790 Alexandri
3819 746 3838 767 '

2231 834 2506 885 diaconus
2526 828 2897 883 Alexandrini
2917 827 3194 892 Episcopi,
3207 825 3405 879 aderat
3420 829 3652 876 consiliis
3663 838 3833 876 senem

2233 918 2914 988 quamplurimisjuvans.
2929 918 3153 968 Interea
3163 927 3262 981 per
3276 915 3400 968 dies
3413 914 3837 979 singulossgits-

2236 1013 2403 1063 batur
2424 1012 2769 1066 conventus,
2804 1019 2911 1057 nec
2934 1006 3097 1056 facile
3120 1009 3223 1056 aut
3256 1005 3469 1056 temere
3494 1003 3565 1056 de
3590 1016 3649 1056 re
3674 1008 3838 1061 tanta

2235 1103 2485 1152 statuere
2508 1096 2816 1149 audebant.
2842 1095 3200 1147 Evocabatur
3233 1092 3558 1157 frequenter
3579 1092 3749 1146 Arius
3778 1091 3841 1144 in

2234 1186 2631 1249 Concilium,et
2645 1184 2884 1236 assiduo
2897 1186 3146 1235 tractatu
3156 1180 3173 1211 '
3183 1181 3535 1234 assertiones
3545 1184 3658 1241 ejus
3666 1182 3839 1232 discu-

2234 1278 2541 1339 tiebantur,
2557 1277 2613 1328 et
2628 1272 2769 1339 quid
2790 1272 3106 1326 adversum
3128 1271 3256 1324 hac
3272 1270 3452 1325 teneri
3470 1269 3727 1330 deberet,
3750 1272 3844 1320 aut

2237 1365 2433 1431 statui,
2465 1376 2694 1418 summa
2722 1374 2855 1416 cum
2877 1361 3179 1415 libratione
3208 1360 3591 1425 querebatur.
3622 1361 3839 1413 Verum

2235 1462 2368 1524 post
2382 1456 2671 1509 diutinum
2683 1453 3051 1517 multumque
3067 1453 3375 1503 tractatum
3383 1449 3569 1516 placet
3581 1452 3840 1512 omnibus,

2235 1561 2301 1600 ac
2339 1546 2499 1599 velut
2531 1558 2648 1597 uno
2683 1546 3025 1596 cunctorum
3067 1554 3164 1594 ore
3210 1545 3267 1593 et
3306 1538 3475 1592 corde
3517 1539 3845 1591 decernitur

2234 1635 2495 1701 ὁμοούσιον
2533 1632 2704 1684 scribi
2740 1631 2968 1695 debere,
3018 1629 3186 1692 idest,
3225 1628 3487 1694 ejusdem
3519 1640 3651 1679 cum
3678 1629 3845 1680 Patre

2239 1726 2378 1778 subs
2386 1723 2584 1776 tantiaa
2597 1720 2804 1774 Filium
2817 1720 3094 1782 confiteri,
3115 1718 3289 1783 idque
3309 1720 3595 1768 ﬁrmissima
3613 1719 3845 1766 omnium

2237 1813 2524 1867 sententia
2547 1810 2972 1877 pronuntiatur.
3003 1811 3214 1862 Decem
3246 1811 3303 1860 et
3327 1811 3549 1872 septem
3573 1806 3678 1858 soli
3702 1811 3849 1859 tunc

2234 1904 2417 1956 fuisse
2449 1874 2738 1964 dicuntur,
2782 1899 2997 1965 quibus
3029 1897 3149 1950 Arii
3178 1897 3324 1950 fides
3360 1896 3546 1963 magis
3575 1896 3846 1961 placeret,
3887 1874 3889 1887 ¹

2241 1992 2603 2046 extrinsecus
2626 1993 2883 2042 creatum
2904 1987 3009 2041 Dei
3028 1986 3235 2040 Filium
3257 1998 3331 2039 ex
3352 1984 3528 2038 nullis
3541 1985 3846 2039 Isubstan-

2242 2082 2415 2143 tibus,
2435 2084 2491 2134 et
2514 2093 2631 2132 non
2653 2092 2726 2132 ex
2750 2079 2876 2144 ipsa
2890 2076 3073 2130 Patris
3095 2076 3305 2128 deitate
3321 2075 3683 2141 progenitum
3706 2088 3846 2129 con-

2242 2172 2556 2225 flrmantes.
2593 2170 2858 2222 Defertur
2884 2168 2958 2219 ad
2992 2165 3432 2220 Constantinum
3478 2165 3847 2219 sacerdotalis

2243 2260 2477 2314 Concilii
2501 2258 2801 2312 sententia.
2826 2257 2927 2310 Ille
2952 2261 3229 2321 tanquam
3246 2268 3281 2308 a
3299 2257 3419 2308 Deo
3441 2253 3721 2320 prolatam
3742 2268 3846 2307 ve-

2242 2354 2493 2405 neratur.
2531 2348 2632 2400 Cui
2673 2346 2721 2398 si
2755 2347 2887 2411 quis
2914 2349 3193 2399 tentasset
3223 2344 3424 2403 obniti,
3462 2343 3622 2397 velut
3649 2345 3849 2396 centra

2242 2439 2438 2492 divina
2464 2442 2682 2491 statuta
2705 2436 3053 2499 venientem,
3070 2434 3132 2487 in
3152 2434 3390 2488 exilium
3409 2446 3470 2486 se
3494 2436 3849 2500 protestatus

2240 2532 2524 2582 acturum.
2551 2528 2662 2579 Sex
2685 2526 2858 2591 igitur
2883 2524 2988 2578 soli
3012 2536 3147 2577 cum
3167 2523 3301 2577 Ario
3333 2535 3396 2576 se
3426 2522 3723 2587 patiuntur
3745 2534 3847 2575 ex-

2241 2616 2373 2683 pelli
2405 2634 2416 2666 :
2442 2616 2648 2681 reliqui
2669 2627 2802 2667 vero
2818 2613 3110 2677 undecim,
3138 2606 3377 2666 consilio
3399 2611 3548 2665 inter
3572 2623 3635 2664 se
3657 2612 3845 2673 habito,

2240 2706 2628 2771 adquiescunt
2638 2704 2709 2755 ad
2724 2701 3208 2756 subscribendum
3220 2714 3394 2753 manu
3406 2703 3531 2765 sola,
3547 2715 3649 2750 non
3659 2704 3844 2751 mente.

2241 2797 2419 2861 Cujus
2446 2792 2832 2846 simulationis
2854 2797 3054 2845 auctor
3074 2791 3363 2857 prmcipue
3376 2789 3565 2843 extitit
3586 2789 3846 2842 Nicome-

2241 2884 2352 2938 ἀίω
2368 2883 2689 2949 Episcopus
2706 2882 2727 2912 δ
2748 2881 3051 2935 Eusebius.
3070 2880 3304 2935 Interim
3321 2891 3553 2945 quoquo
3570 2879 3719 2928 modo
3729 2880 3850 2929 aliis

2239 2974 2495 3035 veritate,
2520 2971 2649 3024 aliis
2671 2970 3037 3023 simulatione
3065 2970 3233 3035 (sicut
3254 2973 3386 3035 post
3415 2968 3610 3022 exitus
3630 2965 3850 3031 docuit)

2241 3061 2754 3125 subscribentibus,
2776 3065 2833 3112 et
2844 3059 2915 3112 de
2932 3059 3179 3124 singulis
3192 3059 3523 3124 quibusque
3536 3056 3854 3110 Ecclesias-

2242 3152 2368 3205 ticis
2397 3150 2907 3204 observationibus
2926 3149 3082 3202 certa
3106 3150 3327 3201 statuta
3340 3147 3673 3214 ﬂgentibus,
3700 3146 3853 3199 Con-

2238 3239 2437 3294 cilium
2463 3240 2814 3305 diremptum
2828 3241 2935 3291 est.
2958 3236 3301 3303 Exemplum
3325 3242 3519 3289 autem
3535 3233 3855 3301 expositio-

2246 3331 2339 3384 nis
2372 3330 2504 3383 iidei
2533 3341 2748 3394 eorum,
2796 3328 2893 3393 qui
2927 3331 3336 3385 convenerant,
3378 3326 3525 3379 infra
3570 3324 3852 3389 scriptum

2247 3422 2355 3473 est.

2826 3566 3117 3659 CAPUT
3167 3566 3282 3629 VI.

2462 3698 2823 3766 ‘Ememplum
2846 3700 2973 3765 ﬁdei
3004 3700 3236 3751 Nicm
3262 3699 3430 3765 (Ann.
3467 3697 3634 3763 32L).

2315 3824 2487 3895 224
2513 3824 2813 3878 Credimus
2835 3826 2897 3877 in
2913 3838 3093 3878 unum
3112 3827 3317 3889 Deum,
3332 3826 3554 3877 Patrem
3578 3823 3855 3889 Omnipo-

2244 3917 2474 3977 tentem,
2495 3914 2755 3968 omnium
2780 3913 3100 3967 visibilium
3119 3918 3178 3968 et
3197 3908 3571 3967 invisibilium
3594 3910 3854 3965 factorem.

2241 4007 2313 4058 Et
2332 4004 2393 4058 in
2422 4017 2613 4058 unum
2639 4005 2958 4057 Dominum
2982 4005 3249 4057 nostrum
3282 4005 3481 4056 Jesum
3503 4010 3515 4041 ι
3539 4001 3855 4067 Christum,

2241 4094 2445 4147 Filium
2468 4094 2588 4156 Dei,
2626 4093 2698 4145 de
2726 4094 2891 4147 Patre
2912 4099 3120 4147 natum
3148 4092 3549 4158 Unigenitum,
3582 4092 3753 4155 idest,
3788 4092 3856 4144 de

2242 4183 2569 4236 substantia
2590 4182 2794 4247 Patris,
2822 4184 3007 4235 Deum
3029 4195 3105 4236 ex
3127 4184 3265 4245 Deo,
3304 4181 3502 4234 lumen
3522 4191 3593 4233 ex
3613 4180 3852 4237 lumine.

2240 4274 2427 4325 Deum
2469 4283 2672 4325 verum
2713 4282 2791 4324 ex
2834 4272 2951 4325 Deo
2995 4284 3149 4335 vero,
3182 4276 3407 4334 natum,
3453 4278 3572 4323 non
3610 4269 3850 4323 factum,

2240 4361 2503 4428 ὁμοούσιον
2527 4360 2696 4426 Patri,
2714 4360 2823 4415 hoc
2844 4366 2954 4425 est,
2973 4360 3239 4427 ejusdem
3257 4374 3392 4413 cum
3410 4361 3573 4414 Patre
3587 4359 3851 4415 substan-

2239 4451 2339 4505 tia
2366 4467 2378 4502 :
2404 4463 2507 4516 per
2528 4462 2705 4516 quem
2738 4450 2933 4503 omnia
2964 4449 3116 4503 facta
3139 4452 3296 4513 sunt,
3320 4460 3452 4515 qua
3480 4449 3543 4502 in
3560 4447 3583 4478 ι
3616 4447 3763 4501 caelo
3797 4452 3853 4499 et

603 4636 620 4654 ·
644 4628 710 4677 In
725 4623 951 4709 duobus
966 4625 1105 4677 item
1120 4624 1301 4677 Vatic.
1318 4637 1458 4678 mss.
1476 4626 1631 4693 apud
1654 4628 1918 4694 Cacciar.,
1938 4634 2119 4680 nostro
2136 4659 2144 4667 -
2169 4635 2228 4709 D
2247 4630 2501 4709 liebqturf
2520 4634 2646 4709 tum
2664 4628 2995 4709 liberatione,
3013 4627 3503 4709 quemadmodum
3517 4627 3851 4709 stigmam

539 4710 665 4771 rum
690 4708 792 4761 pro
816 4710 914 4746 nos
935 4710 1144 4746 eorum.

603 4783 626 4814 ⁸
647 4785 821 4836 Tacet
845 4786 1116 4837 Guarner.
1136 4797 1246 4837 ms.
1270 4785 1331 4835 in
1355 4787 1641 4840 voculam.

603 4883 620 4903 ε
643 4873 862 4927 Vitiosa
880 4875 939 4926 et
959 4876 1156 4926 contra
1170 4874 1433 4929 codicum
1454 4876 1711 4930 omnium
1729 4877 1901 4931 ﬁdem
1922 4878 2140 4930 Caccia-

541 4943 662 4995 rius
691 4944 1141 4995 commodaverat.

602 5032 624 5061 ⁸
645 5034 836 5097 Atque
870 5032 997 5085 heic
1028 5034 1401 5087 Guarnerian.
1433 5048 1568 5088 cum
1601 5036 1821 5099 aliquot
1854 5035 2035 5089 Vatic.
2075 5052 2142 5085 ex

541 5104 805 5157 voculam
832 5106 1011 5167 tacet;
1036 5106 1129 5157 alii
1150 5107 1289 5159 item
1312 5108 1495 5159 Vatic.
1519 5123 1614 5172 per
1636 5122 1831 5158 nomen
1858 5107 2075 5173 legunt.

601 5202 619 5223 ο
641 5194 768 5245 Non
791 5193 929 5248 editi
955 5194 1162 5259 solum,
1181 5196 1282 5248 sed
1307 5200 1361 5248 et
1384 5209 1523 5246 mss.
1540 5195 1933 5259 quidamlibri,
1956 5210 1986 5249 e
2012 5196 2143 5261 qui-

538 5264 648 5313 bus
671 5264 1049 5316 Bononiensis
1070 5268 1177 5327 est,
1196 5265 1543 5316 Alexandriae
1559 5265 1772 5318 habent
1788 5280 1887 5331 pro
1904 5269 1941 5317 Α
1954 5267 2141 5317 texan-

538 5333 646 5395 dm’,
673 5335 1161 5397 quemadmodum
1188 5348 1263 5388 ex
1287 5336 1580 5388 Vaticanis
1602 5337 1916 5389 Cacciarius
1940 5339 2139 5390 rescri-

536 5404 671 5468 psit.
685 5405 1053 5459 Guarnerian.
1068 5412 1263 5460 autem
1274 5408 1422 5455 habet
1436 5407 1477 5456 Α
1489 5406 1946 5460 texandm'norum
1958 5412 2142 5462 Diaco-

540 5490 643 5523 nus
664 5476 970 5528 Alexandri
990 5478 1278 5542 Episcopi:
1305 5479 1432 5530 tum
1452 5490 1584 5531 vero
1611 5492 1709 5544 pro
1732 5481 2143 5535 Alexandrino-

538 5559 669 5619 rum,
688 5549 881 5600 malim
906 5550 1207 5613 vulgatum
1224 5548 1571 5599 Alexandriae
1586 5553 1830 5604 restitui.
1858 5557 1948 5603 Sed
1975 5558 2143 5619 utique

537 5618 877 5692 rectiusest,
914 5619 1074 5692 quod
1104 5620 1183 5672 ibi
1218 5620 1480 5684 sequitur
1514 5624 2011 5689 quamplurimum,
2044 5618 2141 5692 pro

538 5690 985 5771 quamplurimas.
1012 5691 1607 5771 Vitiosam_Cacciarii.
1630 5696 1946 5750 aliorumve
1968 5690 2143 5752 inter-

538 5764 907 5878 purzcttionem
936 5774 1051 5814 non
1075 5775 1281 5815 moror.
1306 5767 1411 5813 Mox
1438 5767 1848 5829 proagilabatur
1868 5771 1968 5819 duo
1984 5773 2140 5821 Vatic.

538 5844 634 5878 aae
670 5845 706 5878 α
733 5846 815 5878 ur.

537 5837 815 5894 agebatur.

600 5902 663 5951 In
687 5902 1031 5956 Bononiensi
1064 5905 1271 5957 minori
1302 5919 1542 5961 numero
1572 5912 1791 5962 assertio
1816 5913 1928 5975 ejus
1961 5912 2141 5965 discu-

2240 4702 2573 4769 prmferebat
2590 4714 2690 4767 pro
2705 4700 3008 4753 libratione.
3027 4702 3156 4754 Non
3166 4700 3491 4766 displiceret
3510 4698 3847 4750 deliberatio-

2240 4789 2324 4836 ne,
2358 4784 2492 4837 qua
2515 4778 2572 4825 et
2596 4771 2847 4837 plurium
2871 4772 3138 4824 codicum
3169 4773 3335 4825 lectio
3358 4773 3446 4824 est
3469 4784 3482 4821 :
3508 4771 3842 4835 impressam

2242 4849 2436 4898 tamen
2472 4844 2906 4897 Guarnerianus
2930 4843 3266 4907 cumprimis
3287 4843 3508 4909 probat.

2306 4925 2325 4954 ι
2347 4916 2481 4968 Cod.
2509 4916 2783 4969 Guarner.
2806 4913 3129 4965 substantiis
3154 4931 3165 4963 :
3197 4918 3337 4966 sunt
3359 4916 3416 4968 et
3437 4912 3537 4978 qui
3560 4911 3844 4964 subsisten-

2242 4986 2380 5036 tibus
2400 4986 2726 5051 prmferant.
2755 4985 2932 5038 Paulo
2957 4990 3090 5050 post
3106 4997 3208 5050 pro
3229 4983 3572 5034 sacerdotalis
3586 4984 3646 5035 in
3669 4985 3850 5035 Bono-

2241 5058 2431 5111 niensi
2454 5071 2564 5110 ms.
2583 5057 2943 5123 Episcopatu,
2962 5068 3029 5108 ac
3044 5058 3228 5106 deinde
3245 5060 3433 5106 contra
3445 5056 3695 5105 divinam
3708 5053 3851 5106 Scri-

2239 5135 2489 5196 pturam,
2512 5141 2613 5194 pro
2636 5133 2823 5179 contra
2848 5128 3041 5179 divina
3069 5132 3273 5177 statuta
3293 5127 3518 5192 legitur.

2305 5199 2326 5230 "
2361 5201 2534 5253 Tacet
2564 5198 2781 5250 Eusebii
2811 5210 3025 5250 nomen
3070 5198 3449 5251 Bononiensis
3486 5197 3646 5250 liber.
3682 5195 3847 5249 Paulo

2243 5284 2473 5337 quoque
2495 5277 2645 5337 post,
2659 5274 2860 5335 juncto
2887 5269 3293 5332 Guarneriano,
3311 5275 3513 5320 statula
3531 5266 3846 5335 ﬁngentibus

2242 5357 2345 5411 pro
2373 5344 2657 5408 ﬁgentibus
2684 5359 2697 5406 ;
2725 5343 2825 5395 sed
2849 5346 2906 5395 et
2928 5346 3072 5406 gesta
3096 5341 3272 5394 habet
3291 5341 3386 5394 ille
3409 5355 3510 5407 pro
3534 5347 3698 5392 certa.

2305 5416 2707 5468 ‘Guarnerian.
2749 5412 3136 5479 epigraphen:
3174 5413 3499 5466 Cacoiarius
3522 5412 3726 5477 capitis
3746 5422 3839 5463 no-

2244 5486 2519 5539 tationem
2554 5486 2961 5551 praetermittit.

2303 5558 2524 5621 iAane
2556 5550 2689 5609 heic
2727 5557 3004 5607 Christum
3037 5557 3189 5609 idem
3218 5568 3327 5608 ms.
3366 5559 3535 5607 tacet.
3580 5550 3839 5605 Cacciarii

2243 5628 2518 5681 misereor
2538 5629 2596 5680 in
2631 5641 2691 5681 re
2715 5627 2897 5689 nihili,
2925 5628 3045 5681 sive
3067 5629 3139 5681 de
3164 5627 3429 5692 sequenti
3459 5626 3722 5683 lectione,
3749 5624 3839 5672 hoc

2244 5704 2315 5750 est
2340 5712 2439 5763 pro
2466 5700 2524 5749 id
2546 5703 2636 5763 est,
2667 5699 2740 5752 ad
2773 5699 3181 5753 Vaticanorum
3210 5697 3474 5751 codicum
3498 5694 3753 5753 omnium
3780 5693 3842 5744 ﬂ-

2244 5770 2375 5823 dem
2399 5770 2787 5835 provocantis.
3033 5774 3040 5779 ‘
3092 5773 3098 5780 '

2306 5842 2327 5871 ¹¹
2352 5843 2723 5895 Guarnerian.
2763 5857 2881 5908 quae
2901 5843 2964 5891 in
2985 5843 3104 5892 caelo
3134 5847 3182 5892 et
3214 5844 3275 5891 in
3299 5842 3455 5891 ferris
3481 5857 3493 5889 :
3522 5840 3616 5893 alii
3649 5852 3762 5903 quas
3784 5837 3836 5883 in

2245 5912 2400 5978 caelis,
2426 5919 2472 5965 et
2496 5929 2611 5981 quae
2634 5914 2695 5963 in
2715 5918 2878 5973 terra,
2905 5919 3012 5965 etc.
3089 5918 3095 5926 '
3222 5922 3227 5929 ’
3395 5918 3401 5923 '
3590 5920 3595 5923 '
