3898 6404
83 373 94 376 ”
127 377 236 432 473

1025 371 1363 424 HISTORIA
1402 365 1967 419 ECCLESIASTICA.
2003 366 2212 417 LIBER
2246 365 2526 417 PRIMUS.

3317 369 3421 424 474

125 504 262 557 qua
302 491 361 542 in
383 490 581 544 terris.
618 489 724 551 Qui
757 493 986 554 propter
1005 499 1112 538 nos
1138 487 1195 538 et
1215 488 1447 550 prOpter
1469 485 1728 534 nostram
1754 481 1808 555 Α
1826 481 2157 546 auctoritas,
2186 486 2245 534 et
2273 480 2559 546 praeoipue
2593 480 3010 554 Metropolitani
3035 494 3171 533 cum
3198 451 3422 536 caeteris

103 579 375 632 salutem
405 575 720 636 descendit,
754 579 812 627 et
846 575 1183 627 incarnatus
1207 576 1298 624 est
1321 571 1496 624 homo
1518 569 1722 627 factus,

107 679 338 733 passus
379 669 490 727 est,
525 670 583 718 et
613 663 930 717 resurrexit
961 663 1130 715 tertia
1168 661 1277 718 die.
1303 664 1360 713 et
1383 658 1644 712 ascendit
1665 658 1725 708 in

73 769 76 772 ’
123 755 334 810 οωιοεε
359 755 494 807 inde
517 759 800 807 venturus
819 752 1076 817 judicare
1100 751 1266 803 vivos
1290 755 1348 807 et
1362 752 1637 801 mortuos.
1659 750 1728 800 Et

95 847 182 899 in
208 845 482 910 Spiritum
510 844 805 894 Sanctum.
854 843 963 892 Eos
998 845 1211 903 autem,
1237 839 1336 903 qui
1360 838 1581 901 dicunt,
1606 843 1726 890 erat

120 932 453 997 aliquando,
478 929 717 996 quando
732 943 852 982 non
874 933 1015 992 erat,
1036 933 1092 980 et
1110 933 1422 992 antequam
1442 935 1726 977 nasceretur

119 1035 241 1076 non
266 1027 406 1082 erat,
433 1025 490 1073 et
515 1021 650 1084 quia
671 1033 745 1072 ex
767 1019 943 1071 nullis
964 1029 982 1048 ι
1006 1019 1411 1070 substantibus
1430 1017 1619 1070 factus
1631 1024 1724 1078 est,

121 1116 227 1164 aut
250 1124 325 1164 ex
347 1110 460 1163 alia
485 1109 878 1173 subsistentia,
905 1109 993 1161 vel
1024 1108 1373 1171 substantia,
1391 1107 1594 1160 dicunt
1616 1122 1726 1156 esse

120 1203 345 1267 τρέπτον,
379 1206 481 1254 aut
524 1199 978 1260 convertibilem,
1014 1199 1104 1251 vel
1138 1198 1474 1251 mutabilem
1517 1197 1725 1250 Filium

124 1290 248 1350 Dei,
293 1289 740 1343 anathematizat
782 1288 1061 1342 catholica
1092 1289 1113 1318 ¹’
1163 1292 1222 1341 et
1265 1287 1594 1353 Apostolica
1622 1289 1722 1338 Ec-

125 1379 321 1432 clesia.

694 1527 918 1573 Canones
948 1525 1153 1574 Nicmni.

189 1643 229 1693 I.
261 1642 534 1694 Statuunt
558 1644 836 1705 prmterea
859 1638 1287 1694 observandum
1303 1651 1434 1692 esse
1458 1639 1518 1692 in
1543 1639 1727 1691 Eccle-

125 1730 250 1792 siis,
275 1730 359 1782 Ne
381 1729 514 1794 quis
538 1743 612 1782 ex
633 1728 727 1781 his
749 1729 848 1793 qui
871 1729 1215 1794 semetipsos
1229 1728 1588 1794 impatientia
1601 1728 1726 1780 libi-

123 1819 279 1872 dinis
300 1818 654 1882 exciderunt,
677 1818 897 1871 veniret
920 1819 992 1870 ad
1025 1817 1256 1870 clerum.

188 1937 259 1986 II.
286 1935 358 1987 Et
380 1947 453 1988 ne
477 1935 611 1999 quis
633 1947 818 2000 nuper
838 1939 1138 1988 assumtus
1160 1947 1233 1987 ex
1258 1933 1373 1986 vita
1389 1934 1482 1987 vel
1495 1947 1729 1988 conver-

127 2024 352 2077 satione
392 2024 620 2086 Gentili,
655 2028 889 2089 accepto
917 2024 1222 2089 baptismo,
1255 2028 1570 2090 antequam
1593 2037 1729 2078 cau-

129 2114 246 2167 tius
269 2114 651 2178 examinetur,
676 2114 918 2168 clericus
945 2114 1062 2167 fiat.

103 2288 105 2290 η
191 2232 284 2282 ΙΙΙ.
311 2232 380 2283 Et
398 2244 472 2284 ne
495 2231 628 2296 quis
652 2231 1066 2296 Episcoporum
1089 2237 1548 2295 caeterorumque
1565 2231 1730 2284 cleri-

123 2332 346 2381 corum,
370 2333 504 2372 cum
533 2319 826 2374 extraneis
856 2319 1195 2373 mulieribus
1229 2320 1472 2381 habitet,
1493 2325 1728 2386 praeter-

77 2409 80 2411 λ
121 2420 464 2472 quamcum
498 2410 694 2473 matre,
721 2408 813 2461 vel
837 2421 1050 2472 sorore,
1096 2408 1188 2461 vel
1221 2409 1342 2479 Θείᾳ,
1381 2408 1474 2461 vel
1521 2409 1569 2461 si
1595 2421 1727 2473 quae

123 2501 266 2548 sunt
291 2495 625 2561 huiusmodi
661 2497 1162 2550 necessitudinum
1192 2508 1472 2561 persona.

84 2647 92 2650 ρ
190 2613 286 2662 IV.
311 2613 380 2664 Et
404 2622 421 2643 ε
449 2617 511 2665 ut
541 2614 855 2679 Episcopus
880 2613 947 2678 (si
964 2613 1084 2665 fleri
1107 2614 1313 2678 potest)
1336 2626 1372 2666 a
1393 2613 1572 2666 totius
1598 2626 1730 2678 pro—

129 2701 340 2754 vincia
365 2703 657 2768 Episcopis
679 2703 990 2755 ordinetur.
1013 2703 1070 2754 Si
1093 2703 1203 2755 hoc
1227 2702 1460 2756 difficile
1476 2705 1582 2767 est,
1599 2709 1729 2753 certe

126 2804 246 2843 non
271 2790 487 2855 mlnus,
515 2805 688 2857 quam
713 2806 748 2846 a
777 2793 961 2844 tribus
988 2806 1000 2842 :
1027 2793 1106 2843 ita
1133 2797 1346 2856 tamen,
1366 2799 1432 2845 ut
1454 2795 1732 2859 Metropo-

128 2880 296 2934 litani
341 2879 608 2946 Episcopi
641 2883 915 2946 maxime,
951 2881 1039 2934 vel
1077 2881 1249 2955 225
1281 2884 1608 2948 ρι’ωεθιιιὶα,
1640 2887 1729 2937 vel

131 2971 451 3024 auctoritas
473 2973 768 3028 habeatur.
801 2977 1037 3041 Absque
1061 2990 1177 3041 quo
1211 2976 1632 3030 ordinationem
1655 2977 1732 3028 ir-

135 3060 306 3113 ritam
330 3073 460 3116 esse
487 3061 808 3117 voluerunt.

61 3199 64 3201 λ
113 3213 116 3215 λ
171 3179 270 3226 -V.
294 3179 363 3230 Et
383 3191 474 3237 ne,
493 3190 666 3242 quem
689 3178 836 3232 alius
860 3182 1180 3247 Episcopus
1204 3181 1275 3234 de
1287 3181 1541 3234 Ecclesia
1558 3194 1734 3248 expu-

1827 569 2042 622 iirmior
2063 570 2362 623 habeatur.

1887 680 2032 730 VIII.
2072 680 2140 730 Et
2176 683 2241 730 ut
2278 679 2556 743 Episcopo
2579 677 3075 742 Jerosolymorum
3099 679 3426 745 antiquitus

1826 767 2034 819 tradita
2054 768 2290 820 honoris
2306 767 2688 832 praerogativa
2704 769 2982 826 servetur.
2995 773 3272 820 manente
3283 768 3424 820 nihi-

1825 856 2072 909 lominus
2097 862 2154 909 et
2178 857 2593 920 Metropolitani
2612 857 2795 921 ipsius
2825 857 3131 921 provincia
3164 859 3427 918 dignitate.

1887 969 1982 1018 1X.
2009 969 2079 1018 Et
2102 968 2168 1017 ut
2190 965 2466 1017 Catharos
2486 966 2600 1029 (qui
2624 965 2779 1030 apud
2795 977 2902 1016 nos
2933 965 3240 1017 Novatiani
3267 967 3431 1027 sunt)

1825 1056 1875 1107 si
1886 1056 2030 1108 forte
2038 1054 2386 1120 pmnitentes
2396 1054 2470 1106 ad
2486 1055 2799 1106 Ecclesiam
2816 1056 3224 1106 convertantur
3233 1057 3428 1103 confes-

1827 1157 1922 1197 sos
1951 1143 2346 1196 Ecclesiastica
2368 1143 2658 1209 dogmata,
2678 1142 2914 1195 clericos
2932 1143 2990 1194 in
3003 1142 3202 1194 ordine
3217 1145 3419 1206 quidem

1826 1247 1931 1287 suo
1951 1233 2167 1298 suscipi
2189 1233 2398 1286 debere
2422 1250 2432 1282 :
2465 1232 2568 1284 sed
2588 1232 2604 1261 '
2632 1232 2693 1284 in
2716 1232 3072 1284 ordinatione
3096 1231 3249 1284 data.
3284 1234 3429 1284 Sane

1825 1324 1875 1376 si
1898 1323 2216 1388 Episcopus
2237 1323 2498 1387 ipsorum
2521 1323 2713 1375 veniat
2727 1322 2800 1374 ad
2828 1323 3179 1386 Episcopum
3199 1325 3425 1370 nostrum

1824 1413 2030 1465 debere
2053 1413 2260 1465 eumin
2281 1413 2754 1475 Presbyterorum
2775 1411 2900 1464 loco
2930 1410 3148 1463 sedere.
3167 1408 3429 1475 Episcopi

1826 1516 1959 1556 vero
1969 1515 2184 1555 nomen
2192 1514 2426 1555 manere
2435 1501 2590 1567 apud
2606 1501 2771 1554 illum
2791 1501 3002 1565 solum,
3015 1501 3114 1564 qui
3129 1503 3430 1570 catholicam

1825 1605 2051 1658 semper
2087 1592 2274 1645 tenuit
2309 1591 2501 1654 ﬁdem,
2536 1591 2648 1643 nisi
2691 1603 2799 1642 sua
2825 1591 3125 1643 voluntate
3147 1590 3272 1655 ipse
3296 1603 3430 1643 eum

1826 1683 1923 1735 tali
1957 1682 2189 1734 nomine
2221 1681 2499 1734 honorare
2533 1681 2814 1734 voluerit:
2845 1680 2934 1733 vel
2960 1680 3008 1732 si
3031 1679 3333 1744 placuerit,
3359 1684 3431 1732 ut

1755 1807 1807 1879 B
1832 1777 2057 1837 quaerat
2098 1773 2150 1825 ei
2191 1772 2454 1837 Episcopi
2488 1781 2505 1808 ι
2535 1771 2725 1823 locum
2764 1775 3085 1833 vacantem,
3127 1769 3235 1821 hoc
3276 1769 3350 1820 sit
3373 1769 3432 1820 in

1831 1863 2014 1928 ipsius
2040 1863 2340 1926 potestate.

1890 1971 1959 2020 X.
1996 1970 2061 2020 Et
2082 1982 2156 2020 ne
2193 1969 2252 2019 in
2275 1979 2394 2019 una
2415 1967 2643 2020 civitate
2669 1966 2786 2018 duo
2816 1965 2932 2016 sint
2960 1965 3243 2030 Episcopi.

1888 2075 1982 2125 XI.
2012 2075 2079 2125 Et
2113 2074 2160 2125 si
2192 2073 2291 2137 qui
2321 2073 2467 2124 forte
2499 2071 2808 2124 indiscrete
2838 2071 2912 2122 ad
2965 2067 3139 2138 226
3168 2070 3431 2122 Sacerdo-

1825 2164 1971 2215 tium
1993 2163 2267 2227 provecti,
2292 2162 2665 2225 postmodum
2690 2161 2782 2212 vel
2814 2161 2925 2226 ipsi
2949 2160 3252 2224 aliquidde
3269 2172 3330 2211 se
3341 2161 3434 2208 cri-

1828 2252 2117 2304 minosum
2142 2251 2392 2303 confessi
2418 2255 2573 2310 sunt,
2601 2249 2694 2302 vel
2716 2251 2790 2301 ab
2805 2249 2931 2301 aliis
2941 2249 2962 2278 δ
2975 2249 3195 2311 revicti,
3209 2254 3276 2300 ut
3289 2249 3377 2310 abj
3389 2249 3434 2298 i-

1827 2341 2051 2393 ciantur
2078 2356 2088 2388 :
2121 2341 2222 2392 sed
2246 2346 2302 2392 et
2327 2341 2377 2392 si
2403 2339 2503 2403 qui
2527 2353 2601 2390 ex
2630 2339 2721 2390 his
2760 2338 2858 2402 qui
2901 2338 3048 2402 lapsi
3071 2342 3225 2397 sunt,
3253 2339 3308 2389 et
3333 2350 3435 2402 per

1825 2430 2209 2496 ignorantiam
2254 2428 2399 2481 forte
2444 2427 2717 2488 ordinati,
2763 2425 3043 2491 recogniti
3086 2425 3322 2486 fuerint,
3368 2431 3432 2477 ut

1827 2519 2190 2584 abjiciantur.

1890 2627 2014 2678 XII.
2040 2628 2110 2678 Et
2135 2624 2182 2676 si
2196 2625 2295 2689 qui
2309 2624 2530 2688 absque
2549 2623 2923 2676 tormentisin
2937 2621 3430 2688 persecutionibus

1827 2715 1971 2781 lapsi
1994 2717 2148 2776 sunt,
2168 2716 2224 2766 et
2247 2726 2319 2766 ex
2342 2713 2509 2766 corde
2533 2715 2713 2777 agunt
2732 2711 3148 2777 paenitentiam,
3175 2710 3432 2774 quinque

1829 2817 2016 2856 annos
2038 2804 2186 2855 inter
2209 2803 2662 2855 Catechumenos
2685 2801 2916 2861 faciant,
2931 2806 2987 2852 et
3014 2801 3247 2852 duobus
3262 2801 3432 2850 annis

1829 2899 1962 2960 post
1985 2895 2093 2946 hoc
2113 2891 2380 2944 ﬁdelibus
2406 2895 2633 2944 tantum
2659 2891 2715 2941 in
2739 2891 2992 2942 oratione
2999 2891 3352 2954 jungantur;
3376 2893 3433 2939 et

1831 2985 1912 3034 ita
1938 2981 2313 3046 postmodum
2339 2979 2745 3043 suscipiantur.

1896 3091 2045 3141 XIII.
2075 3089 2182 3152 Qui
2205 3101 2338 3141 vero
2362 3088 2591 3153 propter
2605 3086 3026 3138 confessionem
3056 3085 3320 3138 militiam
3341 3085 3437 3136 ab-

1830 3183 2102 3246 jecerant,
2125 3183 2184 3231 et
2205 3190 2436 3230 rursum
2459 3177 2532 3229 ad
2567 3177 2718 3228 hanc
2763 3175 3046 3240 abierunt,
3071 3175 3179 3227 hos
3203 3183 3213 3212 ι
3261 3175 3436 3227 trede-

91 3271 94 3273 λ
132 3268 280 3329 ierit,
297 3268 420 3320 sive
444 3268 732 3333 clericum,
749 3271 870 3322 sive
886 3271 1114 3334 laicum,
1143 3271 1421 3336 suscipiat
1445 3273 1595 3321 altus.
1611 3275 1740 3322 Sane
1764 3277 1812 3352 ρ
1837 3271 1950 3322 cim
1971 3269 2141 3322 annis
2171 3267 2569 3333 paenitentiam
2597 3267 2809 3331 gerere‘
2829 3270 2885 3317 et
2907 3269 3107 3331 postea
3132 3265 3368 3330 suscipi,
3385 3265 3432 3316 si

131 3371 206 3410 ne
230 3358 339 3410 hoc
363 3365 462 3411 aut
477 3359 771 3411 iracundia
794 3359 1004 3424 aliqua,
1038 3365 1140 3412 aut
1153 3361 1517 3413 contentione
1536 3362 1610 3424 (ut
1626 3364 1731 3410 ﬂeri

133 3447 297 3510 solet)
323 3448 541 3512 injuste
564 3448 780 3501 factum
803 3449 1122 3502 remedium
1138 3463 1256 3502 non
1269 3450 1527 3513 haberet,
1542 3449 1732 3503 decer-

130 3541 287 3589 nunt
308 3550 407 3602 per
428 3537 688 3603 singulos
710 3551 894 3592 annos
910 3539 970 3589 in
987 3538 1232 3604 singulis
1256 3540 1581 3604 quibusque
1598 3552 1734 3606 pro-

133 3626 349 3679 vinciis
377 3627 630 3680 secundo
646 3629 718 3681 ab
743 3629 1012 3681 omnibus
1029 3629 1322 3695 Episcopis
1335 3631 1734 3691 provincialibus

131 3715 380 3768 concilia
403 3717 495 3781 agi
518 3717 743 3780 debere,
762 3720 818 3770 et
833 3717 904 3771 de
917 3718 1319 3782 hujuscemodi
1340 3719 1588 3784 negotiis
1606 3719 1626 3748 ἀ
1641 3719 1735 3783 ju-

133 3806 334 3868 dicari,
360 3811 425 3858 ut
456 3807 502 3858 si
529 3806 670 3859 forte
691 3808 762 3858 ab
789 3821 904 3859 uno
927 3808 1122 3872 inique
1145 3808 1368 3874 aliquid
1393 3813 1626 3874 gestum
1649 3813 1735 3861 est

135 3911 171 3948 a
194 3889 422 3949 caeteris
447 3897 800 3949 emendetur.
824 3898 879 3949 Si
908 3903 1078 3959 recte,
1105 3903 1170 3950 ut
1202 3899 1275 3950 ab
1299 3898 1571 3951 omnibus
1601 3911 1738 3950 con-

139 3987 420 4039 ﬁrmetur.

202 4105 297 4154 VI.
332 4105 400 4154 Et
429 4107 495 4154 ut
518 4101 671 4166 apud
695 4102 1121 4165 Alexandriam,
1149 4106 1241 4154 et°
1264 4102 1326 4154 in
1369 4103 1511 4154 urbe
1535 4103 1733 4165 Roma,

133 4194 368 4245 vetusta
390 4190 746 4244 consuetudo
764 4196 1039 4250 servetur,
1065 4196 1130 4242 ut
1151 4191 1239 4242 vel
1260 4189 1355 4243 ille
1378 4191 1624 4257 Egypti,
1642 4192 1739 4243 vel

134 4281 231 4333 hic
276 4280 801 4341 suburbicariarum
863 4280 1245 4333 Ecclesiarum
1291 4278 1734 4333 sollicitudinem

131 4375 318 4436 gerat.

200 4483 320 4540 VII.
346 4487 414 4540 Et
437 4491 502 4540 ut
528 4487 576 4539 si
598 4487 740 4540 forte
764 4488 823 4540 in
847 4487 1164 4541 ordinando
1190 4489 1488 4555 Episcopo,
1506 4488 1620 4541 duo
1645 4489 1741 4540 vel

1837 3365 2031 3412 tamen
2053 3372 2125 3411 ex
2148 3357 2318 3410 corde
2341 3357 2742 3423 paenitentiam
2757 3361 2976 3420 gerant.
3004 3357 3146 3407 Esse
3165 3359 3362 3406 tamen
3379 3354 3435 3405 in

1835 3451 2117 3514 potestate
2145 3447 2406 3511 Episcopi
2427 3443 2764 3497 moderandi
2786 3443 3136 3502 facultatem,
3161 3444 3210 3494 si
3231 3455 3434 3496 eorum

1835 3539 2190 3590 fructuosam
2215 3542 2271 3590 et
2297 3537 2579 3589 attentam
2603 3535 3003 3600 paenitentiam
3023 3533 3248 3586 viderit.

1901 3647 2048 3698 XIV.
2072 3648 2156 3698 De
2178 3645 2269 3697 his
2295 3657 2432 3697 vero
2454 3645 2553 3709 qui
2571 3643 2692 3696 vita
2708 3643 3001 3696 excedunt
3023 3641 3438 3708 pcenitentibus

1836 3737 2172 3797 decernunt,
2199 3746 2451 3788 vacuum
2475 3731 2702 3786 nullum
2727 3733 2936 3786 debere
2960 3731 3191 3784 dimitti.
3230 3731 3287 3783 Si
3311 3730 3440 3796 quis

1838 3837 1977 3876 sane
2000 3827 2233 3888 accepta
2251 3823 2658 3875 communione
2678 3820 3080 3886 supervixerit,
3104 3820 3312 3872 debere
3325 3835 3437 3869 eum

1838 3917 2096 3978 tempora
2120 3914 2338 3965 statuta
2364 3911 2670 3977 complere,
2686 3910 2778 3964 vel
2801 3913 2950 3962 certe
2973 3907 3438 3974 proutmoderari

1836 4003 2152 4068 Episcopus
2188 4001 2452 4054 voluerit.

1899 4111 2023 4163 XV.
2060 4112 2143 4162 De
2166 4107 2608 4162 Catechumenis
2635 4106 2735 4171 qui
2763 4104 3012 4171 prolapsi
3038 4108 3194 4168 sunt,
3219 4109 3441 4157 statue-

1836 4204 1974 4254 runt
1997 4200 2184 4252 tribus
2217 4198 2387 4250 annis
2420 4208 2521 4250 eos
2545 4209 2580 4250 a
2603 4195 3160 4250 Catechumenorum
3184 4194 3439 4247 oratione

1837 4295 2154 4355 separatos,
2181 4292 2384 4354 postea
2407 4287 2581 4352 recipi
2617 4286 2844 4338 debere.

1900 4396 2050 4446 XVI.
2078 4403 2088 4431 ί
2122 4396 2192 4447 Et
2213 4406 2286 4447 ne
2309 4393 2381 4446 de
2403 4393 2638 4446 civitate
2668 4391 2916 4444 inferiori
2940 4390 3012 4442 ad
3037 4391 3311 4455 majorem
3337 4391 3442 4442 Ec-

1837 4485 2071 4538 clesiam
2117 4483 2360 4537 transire
2396 4482 2527 4550 quis
2551 4481 2770 4534 ambiat
2803 4480 2923 4531 sive
2956 4480 3293 4544 Episcopus,
3317 4478 3440 4531 sive

137 4585 258 4631 tres
283 4589 384 4642 pro
407 4577 602 4643 aliqua
623 4578 990 4632 contentione
1013 4578 1374 4643 dissentiant,
1388 4577 1738 4642 reliquorum
1839 4575 2013 4627 etiam
2028 4574 2176 4627 alius
2200 4571 2463 4624 clericus.

201 4787 219 4805 -
244 4776 602 4829 Adnotatum
630 4777 856 4830 Barreeo
870 4777 942 4828 ad
965 4776 1092 4829 libri
1111 4788 1288 4838 oram,
1315 4775 1384 4825 al.
1412 4774 1738 4825 cantantibus:

135 4848 402 4900 Vaticani
431 4847 596 4900 codd.
623 4848 896 4901 dicuntur
915 4847 1315 4898 subsistentibus
1338 4846 1624 4912 praeferre.

199 4918 378 4972 l'Plus
414 4919 615 4978 habet,
653 4932 841 4983 neque
874 4919 932 4972 id
965 4919 1306 4983 incongrue,
1339 4919 1463 4971 cod.
1490 4921 1745 4970 Guarne—

84 5022 87 5024 »
135 4991 281 5042 rian.
330 4991 754 5040 anathematizal
792 4991 1069 5046 Catholica
1091 4989 1343 5053 Ecclesia,
1369 4996 1414 5039 el
1439 4988 1748 5053 Apostollca

134 5061 298 5124 fides.

200 5144 219 5164 ⁶
248 5133 411 5186 Idem
439 5133 510 5184 Ει
537 5140 591 5182 ul
618 5134 820 5197 nequis
841 5133 1254 5198 Episcoporum,
1281 5137 1391 5185 etc.
1418 5144 1553 5184 cum
1583 5135 1748 5184 vetu-

134 5205 316 5257 stiore
337 5205 449 5256 alio
473 5205 654 5256 Vatic.
679 5204 816 5269 Reg.
842 5218 952 5260 ms.
979 5204 1128 5256 Tum
1145 5216 1246 5268 pro
1271 5203 1376 5273 est;
1406 5205 1606 5256 Graeco
1629 5215 1749 5254 ver-

136 5278 232 5336 bo,
257 5276 461 5329 Latine
483 5277 672 5328 Amita
694 5278 848 5330 idem
871 5275 1238 5330 Guarnerian.
1267 5275 1479 5340 aliique
1503 5273 1622 5326 duo
1659 5286 1747 5324 re-

135 5347 425 5400 centiores
450 5349 711 5402 Vaticani
744 5349 979 5402 habent.

201 5417 222 5446 "
244 5419 379 5471 Cod.
400 5420 768 5474 Guarnerian.
787 5419 1042 5485 judicare
1066 5437 1075 5467 :
1107 5431 1242 5470 mox
1270 5416 1657 5470 Bononiensis
1682 5415 1747 5465 ab

137 5491 267 5540 aliis
288 5503 392 5556 pro
416 5507 452 5541 a
475 5493 695 5542 coztcris.

203 5572 221 5593 ’
243 5563 425 5628 Idem,
456 5565 532 5614 vel
557 5565 618 5614 in
653 5564 863 5624 w-bc...,
895 5562 1217 5612 consuetudo
1252 5566 1507 5623 servetur,
1535 5575 1648 5625 qua
1673 5560 1750 5608 vel

138 5635 246 5698 ille,
266 5639 390 5688 tum
406 5637 611 5700 juncto
632 5641 691 5689 et
713 5635 1058 5689 Bononiensi
1075 5633 1492 5684 suburbicarum
1507 5645 1607 5698 pro
1622 5632 1745 5682 sub-

141 5705 573 5758 urbicariarum.
586 5710 670 5762 De
693 5707 944 5760 Canonis
957 5706 1380 5769 verborumque
1397 5705 1605 5774 horum
1626 5715 1750 5756 sen-

141 5792 232 5837 su,
257 5791 377 5830 non
402 5781 493 5832 est
515 5779 608 5832 hic
631 5777 966 5844 disputandi
991 5777 1153 5830 locus
1175 5776 1404 5844 {solidis
1428 5775 1748 5840 libri8,quos

145 5851 527 5905 beneeruditi
550 5857 781 5916 norunt,
817 5854 1059 5905 tractata
1079 5851 1168 5902 est
1201 5848 1464 5914 quaestio.
1497 5883 1501 5885 -

209 5923 223 5950 '
258 5925 343 5974 Ex
365 5923 708 5977 Bononiens.
729 5937 843 5976 ms.
867 5938 929 5973 ιη
950 5921 1210 5975 voculam
1239 5919 1588 5972 eufl‘ecimus.
1609 5921 1743 5974 Idem

1769 4650 1826 4722 1,)

1844 4773 2012 4839 paulo
2037 4775 2168 4838 post
2185 4771 2322 4836 legit
2339 4771 2397 4820 in
2421 4767 2743 4834 Presbylerii
2767 4767 2874 4820 loco
2903 4779 3003 4833 pro
3028 4767 3089 4817 in
3115 4767 3446 4834 Presbytero-

1843 4861 1970 4894 rum
2006 4843 2134 4907 loco,
2158 4847 2267 4896 etc.
2879 4851 2886 4857 '

1908 4927 1926 4954 κ
1946 4915 2190 4978 Quidam
2210 4927 2348 4967 mss.
2370 4913 2653 4980 Episcopo,
2669 4916 2795 4966 tum
2807 4912 3179 4964 Guarnerian.
3196 4912 3257 4961 in
3272 4912 3443 4978 ipsius

1846 4988 2118 5038 voluntate
2138 5000 2240 5054 pro
2264 4990 2532 5053 potestate.

1908 5060 1928 5087 δ
1957 5062 2042 5112 Ita
2067 5065 2132 5111 ut
2155 5059 2339 5111 nostri
2358 5071 2498 5110 mss.
2518 5062 2574 5108 et
2599 5055 2814 5121 vulgati
2840 5055 2968 5107 libri
2992 5067 3196 5106 omnes
3211 5053 3440 5106 habent.

1846 5131 2168 5182 Cacciarius
2191 5143 2266 5182 ex
2282 5129 2574 5182 Vaticanis
2598 5127 2817 5188 maluit,
2837 5125 3114 5190 recogniti,
3130 5137 3250 5177 non
3261 5137 3445 5188 usque

1844 5203 1987 5255 adeo
2012 5206 2186 5266 recte,
2213 5207 2281 5254 ut
2301 5201 2412 5253 loci
2436 5206 2740 5254 contextus
2764 5199 2998 5251 indicat.
3018 5199 3123 5248 Pro
3146 5209 3214 5250 eo
3227 5200 3444 5258 autem,

1844 5275 1994 5338 quod
2021 5273 2171 5326 infra
2193 5277 2284 5326 est
2314 5272 2594 5335 recogniti,
2620 5271 2834 5336 optime
2867 5268 3239 5322 Guarnerian.
3261 5269 3319 5318 et
3341 5267 3448 5318 Bo-

1845 5337 2143 5400 noniensis
2171 5343 2402 5395 duobus
2436 5343 2627 5394 verbis
2663 5357 2719 5391 re
2752 5342 2968 5405 cognita
2999 5340 3244 5400 habent,
3276 5337 3448 5390 tacito

1846 5417 2000 5482 quod
2036 5415 2162 5468 heic
2186 5413 2564 5478 subsequitur
2594 5413 2804 5474 fuerint
2832 5413 3023 5482 verbo,
3050 5410 3122 5482 ad
3144 5410 3297 5482 hunc
3321 5420 3446 5460 mo-

1845 5481 2002 5552 dum,
2029 5503 2087 5538 re
2121 5486 2356 5550 cognita,
2390 5491 2449 5534 ut
2471 5483 2823 5549 abjiciantur.
2853 5481 3130 5534 Credibile
3154 5485 3260 5552 est.
3285 5481 3366 5532 ita
3389 5483 3446 5531 et

1846 5562 1906 5613 in
1927 5561 2203 5612 Vaticano
2227 5557 2422 5621 aliquo
2446 5555 2662 5618 haberi,
2689 5555 2792 5607 sed
2815 5553 3137 5606 Cacciarius
3162 5551 3308 5604 silet.

1907 5639 1918 5670 ³
1955 5634 2229 5684 Notatum
2271 5631 2328 5680 et
2366 5630 2592 5680 Barrseo
2629 5626 2701 5678 ad
2741 5625 2870 5676 libri
2907 5637 3065 5677 oram
3099 5623 3170 5673 al.
3198 5623 3443 5687 triginta,

1846 5716 1945 5770 pro
1993 5703 2242 5752 tredecim
2286 5700 2398 5764 legi
2433 5716 2444 5748 :
2483 5702 2608 5750 tum
2657 5696 2891 5763 quidam
2921 5709 2952 5748 e
2977 5695 3269 5749 Vaticanis
3301 5706 3444 5747 mss.

1847 5790 2001 5838 agere
2023 5774 2240 5826 habent
2262 5783 2362 5837 pro
2386 5785 2580 5835 gerere.

1909 5849 2012 5898 ’In
2048 5844 2391 5897 Bononiensi
2430 5854 2540 5892 ms.
2572 5846 2729 5893 totus
2765 5841 2857 5892 hic
2891 5841 3085 5892 Canon
3115 5841 3262 5890 XVI.
3292 5837 3448 5890 desi-

1849 5918 2096 5968 deratur.
