3898 6400
454 310 559 370 475

1480 313 1727 367 RUFINI
1759 311 2248 374 AQUILEIENSIS
2279 312 2718 368 PRESBYTERI

3642 315 3748 371 476

514 426 692 477 XVII.
730 427 800 478 Et
834 437 910 478 ne
939 424 1069 490 quis
1098 424 1333 477 clericus
1368 423 1467 489 qui
1503 423 1771 477 derelicta
1798 423 2052 476 Ecclesia
2071 426 2129 502 Α
2152 424 2391 476 affixum
2406 426 2772 491 pependerat,
2789 426 2862 479 ab
2874 426 3080 479 incolis
3094 426 3386 493 perquirit.
3416 426 3523 489 Qui
3552 428 3745 477 idcirco

454 526 579 578 sua,
596 514 758 567 nulla
771 514 1056 567 existente
1072 525 1278 565 caussa
1292 512 1587 577 probabili,
1600 514 1840 577 vagatur
1855 520 1901 561 et
1915 515 2049 563 ober-

452 609 541 656 rat
570 616 673 669 per
694 604 835 656 alias
872 602 1172 665 Ecclesias,
1210 601 1556 665 suscipiatur
1589 601 1646 652 in
1682 603 2049 654 communio-

452 706 607 746 nem.

514 784 716 836 XVIII.
735 784 803 834 Et
815 786 881 834 ut
893 793 1061 833 nemo
1077 793 1211 833 eum
1228 780 1325 845 qui
1342 781 1414 833 ad
1437 781 1611 834 alium
1627 782 1890 849 pertinet,
1910 783 2048 835 sub-

451 872 679 938 ripiens,
700 871 759 923 in
775 884 882 923 sua
896 870 1149 924 Ecclesia
1162 870 1670 925 ordinetclericum
1684 873 1901 937 absque
1916 885 2049 926 con-

451 972 624 1013 sensu
646 960 799 1013 illius
827 961 899 1013 ad
925 973 1098 1024 quem
1122 961 1386 1025 pertinet.

509 1050 661 1102 XIX.
688 1053 757 1103 Et
775 1063 848 1103 ne
872 1050 1003 1116 quis
1021 1050 1264 1103 clericus
1292 1052 1393 1103 aut
1425 1064 1633 1104 usuras
1669 1053 1925 1118 accipiat,
1950 1060 2051 1107 aut

450 1139 719 1194 frumenti
737 1140 829 1194 vel
845 1140 966 1194 vini
980 1141 1427 1205 ampliationem,
1444 1142 1598 1206 quod
1624 1142 1769 1195 solet
1783 1143 1844 1196 in
1867 1157 2046 1196 novo-

451 1230 673 1295 datum,
687 1230 776 1283 vel
792 1231 1149 1297 sexcuplum,
1165 1230 1253 1283 vel
1270 1231 1440 1283 etiam
1456 1231 1698 1297 duplum
1726 1232 1775 1301 2
1787 1232 1836 1300 2
1848 1231 1897 1301 7
1927 1236 2056 1283 reci'

450 1320 507 1383 pi
539 1334 553 1373 :
575 1320 732 1384 quod
757 1320 805 1372 si
831 1320 1016 1383 faciat,
1042 1324 1321 1386 tanquam
1346 1321 1532 1384 turpis
1554 1320 1698 1376 lucri
1722 1335 1887 1375 reum
1908 1323 2052 1387 abji-

450 1408 738 1461 ciendum.

509 1499 638 1550 XX.
665 1499 734 1550 Et
755 1511 829 1551 ne
854 1498 1089 1551 Diaconi
1106 1499 1320 1565 Presby
1331 1500 1464 1551 teris
1488 1500 1879 1564 pmferantur,
1902 1512 2051 1553 neve

450 1587 687 1640 sedeant
713 1588 773 1640 in
802 1600 1085 1641 consessu
1115 1590 1606 1655 Presbyterorum,
1630 1594 1730 1642 aut
1768 1588 1879 1642 illis
1903 1603 2052 1655 prae-

451 1678 729 1739 sentibus,
756 1678 1174 1731 Eucharistiam
1197 1680 1475 1741 dividant,
1495 1680 1595 1733 sed
1617 1679 1727 1733 illis
1743 1680 2053 1745 agentibus

2150 514 2224 566 ad
2248 514 2659 568 inveniendum
2672 515 2917 567 difficilis
2932 520 3071 580 erat,
3097 515 3253 581 quod
3273 517 3345 567 ab
3365 516 3621 580 antiquis
3640 532 3748 579 per-

2149 603 2511 655 secutoribus
2550 604 2920 657 simulacrum
2950 605 3013 657 in
3049 617 3116 657 eo
3161 606 3403 657 Veneris
3436 605 3623 657 fuerat
3645 605 3745 658 de-

2148 691 2324 744 ﬁxum
2344 693 2447 757 [Αι.
2466 692 2772 758 adﬁxum],
2790 698 2855 745 ut
2871 694 2918 744 si
2940 694 3072 757 quis
3086 694 3537 746 Christianorum
3558 697 3612 744 in
3638 697 3747 744 loco

2146 776 2241 833 illo
2270 779 2442 848 228
2471 781 2762 833 Christum
2785 782 3022 835 adorare
3040 782 3335 845 voluisset,
3360 784 3644 835 Venerem
3662 782 3748 836 vi-

2146 870 2377 923 deretur
2401 871 2653 923 adorare.
2682 872 2750 923 Et
2773 872 2844 922 ob
2869 872 2977 925 hoc
3002 872 3335 937 infrequens
3365 878 3422 925 et
3442 885 3589 937 pene
3612 871 3750 924 obli-

2146 960 2304 1012 vioni
2329 960 2501 1013 datus
2534 960 2719 1012 fuerat
2747 960 2926 1012 locus.
2959 961 3069 1013 Sed
3098 975 3229 1013 cum
3254 964 3269 1024 (
3302 964 3365 1013 ut
3388 975 3561 1026 supra
3591 961 3748 1013 dixi-

2148 1052 2297 1114 mus)
2322 1050 2591 1115 religiosa
2607 1051 2839 1103 faemina
2860 1057 3223 1117 properasset
3245 1051 3319 1103 ad
3343 1051 3533 1103 locum
3556 1054 3747 1104 caelesti

2150 1140 2259 1191 sibi
2269 1140 2477 1192 indicio
2491 1140 2875 1206 designatum,
2894 1146 3104 1193 cuncta
3118 1156 3174 1189 ex
3191 1156 3248 1189 eo
3258 1143 3511 1202 prophana
3523 1148 3569 1189 et
3584 1143 3747 1203 pollu-

2151 1235 2208 1281 ta
2224 1229 2559 1293 deturbans,
2575 1231 2637 1284 in
2652 1230 2833 1283 altum
2850 1230 3107 1296 purgatis
3121 1232 3406 1294 ruderibus,
3424 1236 3520 1280 tres
3535 1232 3746 1281 confuso

2150 1319 2347 1373 ordine
2359 1321 2565 1384 reperit
2584 1320 2688 1386 [Αι.
2710 1320 3000 1385 comperit)
3027 1333 3245 1373 cruces.
3270 1320 3380 1373 Sed
3399 1320 3749 1374 obturbabat

2152 1409 2358 1475 reperti
2376 1410 2632 1462 muneris
2651 1410 2912 1462 laetitiam
2927 1410 3389 1475 uniuscujusque
3408 1413 3751 1462 crucisindis-

2150 1504 2304 1552 creta
2313 1500 2643 1565 proprietas.
2658 1498 3113 1563 Aderatquidem
3124 1504 3183 1552 et
3195 1502 3371 1551 titulus
3391 1501 3497 1565 ille,
3508 1502 3600 1563 qui
3611 1502 3751 1551 Gre-
3792 1504 3797 1507 ‘

2149 1589 2251 1650 cis,
2270 1592 2329 1641 et
2350 1588 2567 1641 Latinis
2583 1594 2755 1655 atque
2776 1588 3069 1642 Hebraicis
3086 1588 3291 1643 litteris
3312 1601 3347 1642 a
3362 1588 3539 1644 Pilato
3557 1590 3748 1644 fuerat

2150 1679 2511 1745 conscriptus
2525 1691 2537 1729 :
2556 1680 2657 1732 sed
2668 1693 2774 1732 nec
2784 1680 2908 1744 ipse
2920 1680 3060 1732 satis
3073 1680 3373 1735 evidenter
3382 1683 3625 1739 dominici
3635 1696 3749 1745 pro-

450 1767 635 1818 solum
676 1768 1021 1821 ministrent.
1062 1770 1119 1821 Si
1143 1782 1280 1822 vero
1310 1771 1615 1835 Presbyter
1645 1770 1840 1823 nullus
1878 1771 1953 1823 sit
1985 1771 2046 1823 in
2070 1749 2125 1824 B
2148 1770 2321 1822 debat
2345 1770 2510 1833 signa
2533 1769 2788 1833 patibuli.
2820 1769 2837 1798 ‘
2855 1770 3142 1835 Hincjam
3165 1770 3438 1826 humanae
3460 1772 3749 1838 ambigui-

450 1856 737 1919 praasenti,
756 1869 905 1908 nunc
930 1857 1167 1910 demum
1193 1859 1367 1912 etiam
1391 1860 1533 1924 ipsis
1554 1859 1724 1913 licere
1747 1859 2005 1913 dividere
2030 1874 2040 1908 :

449 1943 611 1996 aliter
634 1958 770 1997 vero
800 1952 1057 2011 agentes,
1083 1948 1250 2011 abjici
1267 1949 1491 2012 jubent.

512 2034 666 2086 XXI.
685 2037 754 2087 Et
777 2035 798 2064 δ
821 2040 884 2087 ut
908 2036 1290 2101 Paulianistte,
1317 2038 1415 2103 qui
1441 2042 1578 2091 sunt
1601 2038 1944 2101 Photiniani,
1967 2051 2051 2092 re-

451 2122 827 2186 baptizentur.

512 2212 689 2262 XXII.
719 2212 827 2265 Sed
845 2218 901 2266 et
923 2214 1308 2279 Diaconissas,
1327 2217 1601 2281 quoniam
1617 2217 1850 2282 quidem
1867 2233 2048 2268 manus

448 2299 876 2364 impositionem
891 2316 1008 2357 non
1022 2305 1325 2371 accipiunt,
1351 2306 1525 2359 etiam
1539 2307 1697 2372 ipsas
1713 2307 1862 2361 inter
1874 2306 2049 2359 laicos

449 2400 577 2442 esse
605 2389 811 2444 debere
836 2402 874 2445 ε.

515 2479 695 2543 Igitur
717 2495 849 2533 cum
882 2482 953 2535 de
976 2483 1083 2545 his,
1109 2489 1280 2548 prout
1303 2484 1630 2539 divinarum
1660 2486 1852 2551 legum
1886 2500 2049 2541 reve-

454 2570 637 2623 rentia
660 2577 1016 2635 poposcerat,
1042 2572 1455 2638 decrevissent,
1483 2574 1585 2627 sed
1609 2578 1668 2627 et
1692 2574 1762 2626 de
1778 2576 2053 2628 observa-

458 2657 610 2710 tione
626 2659 863 2711 Paschaa
885 2660 1189 2724 antiquum
1206 2674 1504 2726 canonem,
1522 2676 1624 2728 per
1640 2675 1812 2728 quem
1833 2667 1976 2714 nulla
1991 2667 2053 2714 de

456 2745 677 2812 reliquo
694 2748 943 2802 varietas
957 2749 1214 2808 oriretur,
1234 2751 1503 2804 Ecclesiis
1520 2752 1914 2819 tradidissent,
1931 2765 2053 2806 om-

456 2837 629 2889 nibus
660 2837 765 2890 rite
798 2837 1113 2903 dispositis,
1156 2839 1538 2892 Ecclesiarum
1568 2853 1682 2906 pax
1722 2843 1781 2893 et
1811 2842 1959 2895 ﬁdes
1994 2843 2055 2895 in

457 2926 699 2978 Orientis
715 2931 888 2991 atque
904 2929 1229 2981 Occidentis
1244 2930 1508 2994 partibus
1531 2942 1649 2983 una
1663 2936 1837 2996 atque
1855 2932 2054 2985 eadem

457 3016 813 3067 servabatur.

1003 3163 1293 3228 CAPUT
1333 3164 1483 3230 VII.

796 3323 870 3373 De
897 3324 1097 3376 Helena
1133 3327 1479 3378 Constantini
1514 3334 1703 3378 matre.

516 3472 619 3522 Per
638 3468 791 3523 idem
820 3474 1049 3535 tempus
1083 3470 1299 3524 Helena
1322 3473 1680 3525 Constantini
1716 3475 1917 3538 mater,
1944 3476 2049 3526 fm-

446 3560 605 3611 mina
627 3560 1090 3625 incomparabilis
1112 3562 1239 3625 [Ms.
1258 3560 1718 3627 incomparabili]
1748 3563 1860 3614 ﬁde
1884 3570 1939 3615 et
1964 3578 2049 3617 re-

444 3650 654 3714 ligione
666 3650 861 3712 animi,
879 3663 946 3702 ac
961 3646 1392 3715 magniﬁcentia
1407 3651 1632 3716 singula
1640 3652 1703 3715 ri,
1721 3653 1889 3717 cujus
1902 3654 1922 3683 ⁴
1934 3657 2048 3715 jure

446 3740 859 3793 Constantinus
879 3745 937 3793 et
953 3744 1110 3793 esset
1126 3740 1279 3792 ﬁlius
1294 3744 1350 3791 et
1362 3740 1707 3806 crederetur,
1729 3742 1943 3794 divinis
1955 3744 2050 3795 ad-

444 3831 663 3882 monita
698 3831 1037 3894 visionibus,
1070 3830 1492 3894 Jerosolymam
1527 3832 1668 3895 petit
1702 3840 1739 3896 θ,
1774 3837 1946 3897 atque
1968 3833 2047 3885 ibi

443 3920 633 3972 locum
654 3921 714 3973 in
738 3933 851 3985 quo
873 3926 1307 3974 sacrosanctum
1330 3933 1539 3987 corpus
1565 3922 1772 3975 Christi
1788 3922 2045 3988 patibulo

506 4105 523 4123 ·
536 4094 726 4147 Placet
738 4095 921 4161 magis
938 4094 1458 4167 Guarnerianicod.
1483 4094 1651 4147 lectio
1669 4094 1730 4144 in
1746 4110 1883 4145 novo
1899 4096 2044 4147 dato.

444 4168 547 4218 Pro
567 4167 901 4232 sexcuplum,
917 4167 1070 4231 quod
1096 4166 1490 4231 subsequitur,
1508 4167 1854 4219 Bononiens.
1872 4166 2047 4221 habet

442 4238 778 4302 sesquilium,
792 4237 908 4290 duo
918 4240 1074 4288 Valic.
1089 4238 1313 4303 septum,
1326 4240 1535 4299 quidam
1551 4241 1673 4288 editi
1690 4240 2039 4303 sesquiplu-m.

504 4308 526 4337 ¹²
562 4309 696 4361 Cod.
744 4310 1194 4374 Guarnerianus,
1231 4310 1567 4373 Paulinistw,
1613 4310 1711 4373 qui
1739 4316 1865 4358 sunt
1899 4311 2043 4361 Foti-

446 4380 622 4430 niam'.
652 4383 915 4434 Barraeus
938 4382 1009 4432 ad
1028 4394 1205 4445 oram,
1222 4381 1295 4431 αι.
1315 4381 1629 4431 Pholiniaci
1651 4381 1904 4433 adnotat.
1934 4383 2043 4434 Sed

444 4452 650 4504 mirum
691 4452 749 4505 id
786 4454 993 4518 magis,
1031 4452 1185 4517 quod
1228 4452 1403 4504 habet
1434 4452 1585 4506 idem
1620 4454 2048 4505 Guarnerianus

443 4525 725 4577 contrario
742 4539 938 4591 sensu,
963 4541 1075 4575 non
1090 4524 1501 4589 rebaplisenlur.
1522 4525 1780 4590 Negandi
1799 4527 2049 4591 particue

443 4595 555 4648 lam
600 4597 1021 4662 interpolatoris
1075 4609 1253 4650 manu
1293 4597 1570 4661 additam,
1611 4609 1727 4649 non
1779 4598 1903 4661 erit,
1948 4590 2049 4662 qui

443 4666 685 4721 dubitet.

507 4749 524 4767 ε
549 4740 850 4792 Crambem
873 4742 1081 4805 repetit
1096 4735 1417 4793 Cacciarius
1442 4740 1513 4793 de
1537 4739 1788 4793 Nicsenis
1814 4740 2055 4792 Canoni-

448 4815 573 4875 bus,
600 4812 699 4876 qui
714 4816 923 4876 praeter
946 4818 1205 4872 receptos
1225 4812 1351 4863 XX.
1369 4825 1403 4863 a
1426 4812 1633 4863 Ruﬁno
1663 4812 1724 4863 in
1747 4811 1931 4862 XXII.
1951 4814 2052 4859 dis-

444 4884 712 4946 tributos,
747 4883 918 4948 longe
949 4884 1143 4950 plures
1173 4884 1405 4945 fuerint,
1442 4889 1505 4935 ut
1528 4888 1794 4936 constare
1830 4883 1926 4942 ait,
1954 4884 2047 4935 SS.

444 4958 675 5008 Patrum
699 4957 1066 5021 testimoniis,
1088 4957 1189 5021 qui
1210 4957 1353 5009 alios
1377 4957 1705 5013 memorant
1727 4955 1967 5007 minime
1989 4955 2048 5006 in

443 5027 691 5091 vulgatis
716 5029 842 5081 XX.
865 5034 967 5081 aut
989 5030 1170 5081 XXII.
1195 5032 1520 5081 contentos.
1540 5027 1614 5078 Ut
1635 5027 1764 5091 ejus
1790 5038 1905 5078 non
1928 5031 2050 5079 erat

444 5100 634 5152 Ruﬁni
659 5101 970 5153 Historiam
995 5099 1321 5152 recudentis
1344 5098 1495 5150 hanc
1526 5097 1670 5150 inire
1707 5097 2049 5162 disputatio-

442 5185 594 5235 nem,
627 5173 707 5224 ita
742 5186 930 5236 neque
964 5185 1208 5235 errores,
1242 5183 1391 5233 quos
1422 5169 1641 5235 passim
1677 5176 1813 5230 erat,
1848 5174 2049 5222 notare

441 5248 768 5297 nostrarum
789 5249 879 5297 est
903 5244 1170 5307 partium.
1204 5242 1311 5295 Sed
1336 5242 1610 5305 quoniam
1637 5248 1695 5296 et
1716 5243 1822 5294 abs
1846 5243 2049 5294 Hiero-

442 5328 619 5379 nymo
641 5320 841 5369 nostro
858 5315 1199 5369 Prmfatione
1213 5314 1273 5365 in
1289 5313 1508 5376 Judith,
1526 5327 1649 5368 sum
1672 5314 2048 5378 patrocinium

442 5386 873 5441 hallucinationi
896 5388 1158 5446 advocat,
1182 5391 1447 5439 auctores
1472 5398 1695 5448 sumus,
1730 5388 1794 5437 ut
1816 5398 1948 5450 quae
1974 5385 2047 5437 ad

442 5473 575 5512 eum
600 5460 791 5513 locum
822 5462 984 5513 Tom.
1020 5461 1087 5511 Χ.
1123 5473 1250 5525 pag.
1285 5458 1370 5514 ‘2‘2-
1405 5459 1573 5513 nobis
1600 5458 1873 5511 adnotata
1911 5462 2047 5509 sunt

446 5531 613 5594 legat.
655 5534 802 5585 Nam
836 5531 992 5596 quod
1014 5537 1287 5595 praeterea
1321 5529 1541 5583 Julium
1577 5532 1792 5593 Papam
1832 5529 1894 5580 in
1924 5541 2044 5580 rem

445 5614 606 5655 suam
629 5603 919 5667 laudat,in
935 5603 1122 5668 cujus,
1149 5603 1246 5665 ait,
1265 5602 1518 5667 Epistola
1552 5602 1917 5653 Nicanorum
1942 5601 2048 5651 Ca-

448 5686 662 5726 nonum
681 5677 902 5739 primus
920 5676 1013 5727 hic
1034 5681 1141 5731 est,
1167 5676 1295 5725 Non.
1320 5674 1501 5723 debent
1516 5676 1706 5737 praeter
1728 5673 2045 5722 sententiam

445 5745 679 5794 Romani
711 5746 965 5810 Episcoipi
1001 5746 1232 5796 concilia
1270 5744 1542 5807 celebrari,
1586 5747 1749 5807 turpe
1772 5747 1879 5805 est,
1912 5756 2046 5795 eum

448 5816 615 5868 bona:
639 5828 867 5869 caussm
889 5816 1145 5870 falsarios
1167 5821 1440 5881 patronos
1464 5814 1804 5879 adsciscere,
1831 5814 2049 5867 scilicet

443 5885 517 5937 ad
540 5885 744 5939 Isidori
759 5887 1088 5941 Mercatoris
1119 5887 1237 5953 (qui
1252 5888 1529 5953 scriptum
1542 5886 1679 5941 illud
1700 5887 1771 5938 ad
1801 5887 2047 5939 Orienta-

2077 3149 2125 3224 C

2042 4648 2129 4731 Δ)

2148 1859 2280 1912 tatis
2293 1858 2597 1919 incertum,
2611 1858 2869 1911 divinum
2884 1860 3103 1923 flagitat
3118 1860 3533 1914 testimonium.
3553 1864 3747 1913 Accidit

2146 1950 2206 2001 in
2226 1949 2426 2001 eadem
2449 1950 2590 2001 urbe
2613 1949 2941 2014 primariam
2957 1950 3248 2015 quandam
3267 1950 3376 2003 loci
3396 1951 3549 2003 illius
3575 1953 3744 2002 Immi-

2146 2050 2280 2090 nam
2296 2038 2451 2103 gravi
2466 2038 2808 2103 mgritudine
2822 2039 3162 2104 confectam,
3192 2041 3537 2093 seminecem
3558 2045 3745 2103 jacere.

2148 2128 2428 2180 Macarius
2440 2141 2540 2193 per
2557 2128 2709 2180 idem
2732 2133 2961 2194 tempus
2974 2129 3244 2183 Ecclesiae
3261 2129 3413 2182 illius
3428 2131 3747 2197 Episcopus

2147 2222 2284 2269 erat.
2303 2219 2359 2269 Is
2372 2218 2472 2269 ubi
2488 2221 2855 2270 cunctantem
2874 2219 3142 2283 ,reginam
3162 2225 3336 2284 atque
3349 2232 3549 2272 omnes
3562 2221 3749 2282 pariter

2149 2306 2248 2371 qui
2270 2298 2527 2371 aderant,
2553 2307 2743 2360 videt:
2768 2308 3003 2361 Adferte
3024 2309 3248 2373 (inquit)
3279 2310 3393 2362 huc
3416 2313 3586 2368 totas,
3614 2321 3750 2374 qum

2148 2402 2390 2462 reperta
2416 2402 2552 2449 sunt
2574 2410 2794 2460 cruces,
2820 2400 2878 2450 et
2900 2410 3031 2463 quae
3052 2400 3129 2451 sit
3149 2411 3282 2463 quae
3303 2399 3613 2463 portaverit
3632 2401 3745 2451 Do-

2150 2487 2372 2539 min'um
2398 2486 2503 2552 [Αι.
2529 2488 2749 2551 Deum],
2780 2500 2939 2539 nunc
2960 2488 3128 2540 nobis
3158 2488 3452 2553 adaperiet
3480 2490 3650 2540 Deus.
3676 2490 3749 2540 Et

2152 2577 2447 2641 ingressus
2464 2590 2597 2630 cum
2612 2578 2811 2642 regina
2826 2578 3034 2643 pariter
3046 2582 3105 2631 et
3126 2576 3353 2642 populis
3370 2578 3443 2630 ad
3466 2589 3610 2639 eam,
3628 2592 3747 2639 quae

2152 2665 2552 2728 decumhebat,
2569 2666 2773 2757 deﬁxis
2790 2667 3035 2731 genibus
3050 2666 3452 2731 hujuscemodi
3466 2666 3539 2719 ad
3559 2668 3747 2719 Deum

2153 2768 2380 2821 precem
2402 2756 2672 2821 profudit.

2699 2897 2984 2962 CAPUT
3025 2897 3203 2962 VIII.

2153 3059 2226 3109 De
2253 3059 2417 3110 Cruce
2440 3058 2734 3109 Saluatoris
2756 3060 2817 3107 in
2839 3057 3186 3123 Jerosolymis
3205 3057 3272 3108 ab
3294 3057 3497 3108 Helena
3518 3062 3747 3122 reperta.

2214 3204 2321 3266 Tu,
2344 3202 2604 3259 Domine,
2623 3201 2723 3265 qui
2738 3214 2838 3267 per
2860 3200 3219 3266 unigenitum
3240 3200 3444 3255 Filium
3466 3204 3631 3253 tuum
3656 3187 3745 3252 sal

2146 3294 2328 3346 lutem
2348 3291 2544 3357 generi
2562 3292 2816 3343 humano
2829 3304 2929 3355 per
2940 3291 3270 3355 passionem
3292 3290 3477 3341 crucis
3487 3289 3746 3343 conferre

2148 3383 2421 3448 dignatus
2446 3395 2530 3445 es,
2546 3387 2604 3435 et
2618 3394 2774 3433 nunc
2791 3380 2852 3432 in
2870 3380 3200 3433 novissimis
3216 3379 3568 3444 temporibus
3582 3382 3749 3443 adspi-

2147 3472 2285 3524 rasti
2300 3472 2359 3523 in
2375 3472 2546 3524 corde
2564 3469 2787 3523 ancillae
2805 3472 2920 3522 tum
2942 3469 3267 3536 perquirere
3286 3469 3509 3532 lignum
3524 3472 3743 3529 beatum,

2147 3562 2207 3613 in
2224 3575 2337 3626 quo
2362 3561 2519 3613 salus
2549 3558 2721 3630 229
2747 3564 2944 3611 nostra
2967 3558 3252 3625 pependit,
3271 3557 3510 3611 ostende
3535 3559 3743 3607 eviden-

2149 3657 2235 3705 ter
2261 3665 2335 3705 cx
2368 3652 2459 3704 his
2494 3651 2698 3714 tribus,
2737 3663 2869 3714 quae
2908 3662 3052 3702 crux
3095 3648 3265 3700 fuerit
3297 3647 3369 3699 ad
3397 3646 3743 3700 dominicam

2146 3742 2405 3807 gloriam,
2432 3741 2526 3794 vel
2548 3753 2680 3805 quae
2703 3738 2957 3791 extiterit
2979 3738 3050 3789 ad
3073 3738 3278 3791 servile
3303 3736 3673 3801 supplicium,
3692 3742 3744 3785 ut

2147 3832 2271 3885 haec
2295 3830 2514 3889 mulier,
2542 3842 2675 3893 quae
2700 3828 2973 3881 semiviva
2997 3827 3309 3886 decumbit,
3331 3826 3528 3878 statim
3552 3830 3616 3878 ut
3632 3840 3739 3875 eam

2144 3921 2366 3987 lignum
2389 3921 2639 3974 salutare
2669 3917 2991 3983 contigerit,
3016 3930 3050 3971 a
3071 3917 3272 3970 mortis
3290 3916 3486 3981 januis
3508 3928 3740 3968 revoce-

2144 4094 2211 4143 les
2229 4090 2546 4157 supposuit)
2571 4089 2927 4154 proﬂigatam
2939 4086 3282 4153 jamdudum
3298 4085 3587 4137 ofﬁcinam
3609 4098 3743 4137 con-

2141 4166 2358 4228 fugere.
2385 4162 2705 4215 Laudasset
2732 4162 2924 4225 ipsum
2947 4159 3165 4211 Julium
3189 4158 3363 4222 Epist.
3389 4160 3429 4209 I.
3465 4157 3539 4210 ad
3564 4158 3745 4209 Euse—

2144 4237 2345 4288 bianos
2394 4247 2552 4286 num.
2598 4232 2685 4286 “2‘2.
2726 4245 2905 4296 eoque
2950 4231 3137 4296 magis
3176 4231 3464 4281 Socratem
3511 4228 3633 4279 Lib.
3676 4228 3741 4279 II.

2144 4320 2266 4372 cap.
2300 4306 2386 4361 17.
2422 4308 2478 4356 et
2506 4307 2886 4356 Sozomenum
2910 4304 3031 4354 Lib.
3063 4305 3157 4354 III.
3184 4314 3305 4365 cap.
3341 4300 3425 4355 10.
3451 4304 3553 4352 aut
3576 4301 3655 4348 his
3677 4302 3745 4347 si-

2146 4379 2311 4430 miles
2337 4390 2409 4429 ex
2449 4376 2717 4441 genuinis
2748 4375 3099 4436 auctoribus,
3124 4373 3354 4425 tametsi
3390 4383 3612 4438 parum,
3645 4374 3744 4422 aut

2148 4448 2292 4503 nihil
2314 4450 2387 4502 ad
2411 4447 2601 4500 Ruﬁni
2625 4448 2981 4514 propositum
3006 4446 3236 4499 faciant.

2210 4548 2231 4579 ⁴
2256 4547 2566 4613 Rescripsit
2582 4559 2614 4600 e
2637 4546 2819 4599 Vatic.
2841 4545 3140 4599 codicibus
3164 4542 3483 4596 Cacciarius
3508 4554 3623 4590 vere
3643 4552 3745 4613 pro

2143 4622 2286 4687 jure,
2306 4611 2471 4685 quod
2482 4626 2540 4672 et
2553 4619 2902 4684 reliquorum
2927 4617 3204 4670 librorum
3218 4620 3354 4675 erat,
3381 4614 3525 4666 etab
3540 4611 3745 4687 Ruﬁno

2152 4694 2424 4759 scriptum
2451 4694 2678 4745 videtur
2708 4692 2841 4744 data
2864 4702 3049 4756 opera.
3093 4690 3312 4754 Quippe
3338 4691 3499 4739 erant
3522 4685 3619 4750 qui
3644 4685 3746 4735 IIe-

2146 4765 2337 4818 lenam
2380 4765 2740 4817 Constantini
2778 4769 3023 4815 matrem
3059 4773 3177 4813 non
3220 4759 3472 4825 legitime
3503 4762 3742 4821 nuptam

2148 4839 2481 4890 Constantio
2493 4838 2764 4889 dicerent.
2778 4834 3087 4899 Eutropius
3106 4835 3211 4884 Lib.
3224 4835 3286 4884 X.
3299 4846 3407 4893 cap.
3419 4828 3472 4885 2.
3489 4830 3745 4881 Conslan-

2147 4911 2237 4968 tio,
2264 4910 2467 4974 inquit,
2495 4915 2727 4972 mortuo,
2755 4907 3225 4959 Constantinusex
3241 4902 3537 4974 obscuriori
3550 4901 3739 4974 matri-

2149 4973 2472 5045 monio'cjus
2503 4980 2668 5044 ﬁlius,
2694 4984 2799 5031 etc.
2835 4978 3022 5031 Facile
3045 4977 3179 5041 quia
3220 4988 3339 5028 non
3363 4979 3483 5027 erat
3504 4973 3600 5024 illa
3622 4975 3742 5025 Au-

2146 5053 2302 5116 gusti
2339 5052 2475 5111 ﬁlia,
2500 5051 2913 5116 repudiataque
2937 5052 3027 5102 est
3058 5050 3130 5101 ob
3162 5046 3469 5100 nobiliores
3492 5045 3739 5109 nuptias.

2208 5158 2227 5179 '
2251 5149 2410 5202 Idem
2433 5150 2600 5213 petiit,
2641 5154 2698 5201 et
2721 5161 2857 5201 mox
2886 5147 3245 5213 propenderat
3276 5157 3379 5211 pro
3404 5141 3740 5209 pependerat,

2148 5221 2307 5273 libris
2329 5222 2545 5274 nostris
2560 5234 2702 5273 mss.
2721 5222 3059 5284 cmtcrisque
3076 5218 3347 5271 omnibus
3362 5216 3528 5269 editis
3550 5220 3744 5265 contra-

2149 5293 2489 5346 dicentibus.
2511 5296 2593 5346 De
2615 5293 2853 5345 Veneris
2876 5292 3199 5365 simulacro,
3222 5288 3542 5365 quodinfra
3565 5300 3742 5365 memo—

2148 5368 2323 5427 ratur,
2356 5366 2572 5418 videsis
2595 5366 3007 5428 Hieronymum
3036 5364 3209 5427 Epist.
3238 5362 3427 5414 LVIII.
3463 5358 3536 5412 ad
3562 5356 3743 5409 Pauli-

2149 5449 2290 5489 num
2314 5449 2475 5489 num.
2503 5435 2551 5491 3.
2576 5442 2633 5489 et
2655 5449 2762 5488 nos
2786 5436 2879 5488 ibi.
3414 5434 3419 5443 ‘
3618 5458 3628 5467 -

2212 5527 2226 5555 τ
2251 5530 2334 5578 Ex
2360 5526 2703 5579 Bononiensi
2725 5540 2836 5578 ms.
2858 5529 2914 5577 et
2932 5525 3241 5577 vetustiore
3270 5522 3379 5573 alio
3403 5519 3585 5571 Vatic.
3612 5518 3741 5570 olim

2151 5601 2381 5663 Reginae
2402 5602 2720 5650 Succorum
2746 5598 2888 5647 Hinc
2912 5596 3311 5662 rescripsimus
3326 5605 3427 5658 pro
3451 5591 3566 5641 Hic.
3596 5594 3740 5643 Con—

2150 5671 2231 5723 fer
2264 5670 2569 5728 Sulpilium
2601 5672 2870 5722 Severum
2896 5682 3017 5722 rem
3043 5667 3211 5733 paulo
3230 5665 3392 5717 aliter
3416 5668 3737 5713 enarrantem.

2148 5756 2281 5795 nam
2306 5742 2403 5805 qui
2420 5741 2492 5793 ad
2514 5742 2763 5793 eundem
2781 5741 2951 5807 plane
2968 5739 3205 5791 modum
3224 5736 3496 5790 referunt.
3515 5746 3547 5785 a
3568 5738 3741 5807 Butiun

2144 5814 2453 5880 accepisse,
2478 5826 2595 5865 non
2619 5805 2863 5866 dubium
2887 5814 2992 5865 est.
3016 5814 3313 5864 Postremo
3336 5818 3505 5859 versu
3527 5805 3600 5855 ad
3623 5818 3739 5854 cum

2144 5891 2268 5942 erat
2288 5899 2390 5953 pro
2413 5886 2486 5938 ad
2517 5886 2703 5937 Deum.
