3898 6440
188 346 301 404 477

1092 361 1432 412 HISTORIA
1472 360 2033 413 ECCLESIASTICA.
2067 362 2277 415 LIBER
2323 361 2605 416 PRIMUS.

3392 366 3495 421 478

186 466 290 516 tur
312 464 389 517 ad
413 465 607 520 vitam.
635 467 700 519 Et
721 480 851 522 cum
888 470 1013 524 hmo
1037 469 1300 535 dixisset,
1326 472 1587 525 adhibuit
1608 473 1794 537 primo
1821 476 1880 548 Α
1904 475 2122 526 tutibus
2146 476 2271 541 ejus
2292 480 2463 540 atque
2487 458 2785 540 institutis,
2799 480 2857 529 et
2870 475 3178 529 sobrietate
3189 478 3428 542 mentis,
3443 478 3500 529 ut

185 564 373 606 unam
398 568 470 607 ex
494 556 695 622 tribus,
707 562 765 610 et
778 558 923 617 nihil
937 573 970 624 p
986 561 1199 613 refecit.
1216 562 1802 633 Adhibuitsecundam,

180 646 247 694 et
266 654 346 694 ne
372 642 454 695 sic
477 645 710 708 quidem
734 646 951 713 aliquid
981 654 1178 701 actum
1201 656 1305 703 est.
1334 654 1409 704 Ut
1441 665 1578 706 vero
1608 654 1802 707 admo-

226 731 274 783 it
324 732 569 799 tertiam,
615 742 850 800 repente
890 737 1182 803 adapertis
1218 740 1319 805 [Al.
1347 741 1578 808 apertis]
1619 745 1800 795 oculis

259 821 408 874 ulier
445 832 463 852 ·
507 826 887 889 consurrexit,
940 827 1251 882 stabilitate
1284 819 1505 883 'virium
1552 837 1798 898 recepta,

187 910 436 963 alacrior
480 913 684 978 multo,
733 927 908 979 quam
934 930 1069 969 cum
1096 930 1238 975 sana
1260 919 1463 983 fuerat,
1491 925 1610 974 tota
1626 922 1797 974 domo

189 995 521 1051 discurrere
538 1001 977 1064 etmagniﬁcare
996 1004 1093 1055 Dei
1113 1004 1217 1067 [AL
1234 1005 1462 1057 Domini
1479 1008 1796 1071 potentiam

182 1086 387 1150 cmpit.
431 1088 523 1140 Sic
547 1089 801 1144 evidenti
824 1091 1042 1144 indicio
1064 1094 1281 1159 Regina
1305 1096 1423 1148 voti
1454 1080 1689 1162 compos
1716 1098 1796 1151 ef—

181 1175 356 1238 fecta,
384 1177 667 1242 templum
680 1180 986 1233 miriﬁcum
1012 1183 1072 1234 in
1098 1196 1163 1236 eo
1187 1184 1310 1237 loco
1337 1186 1397 1237 in
1419 1199 1533 1250 quo
1568 1200 1795 1240 crucem

182 1272 493 1330 repererat,
518 1269 677 1333 regia
704 1271 1017 1324 ambitione
1041 1276 1386 1327 construxit.
1418 1276 1623 1329 Clavos
1649 1290 1792 1342 quo-

184 1367 324 1419 que,
351 1357 565 1421 quibus
589 1372 798 1424 corpus
822 1361 1188 1415 Dominicum
1202 1365 1388 1417 fuerat
1403 1366 1794 1430 afﬁxum,por-

185 1447 271 1496 tat
293 1444 369 1499 ad
394 1445 595 1499 illium.
622 1449 708 1500 Ex
732 1450 947 1514 quibus
971 1451 1064 1504 ille
1094 1453 1285 1507 frenos
1309 1458 1647 1520 composuit,
1666 1457 1794 1521 qui~

184 1533 303 1584 bus
326 1539 585 1589 uteretur
600 1537 671 1589 ad
697 1539 943 1591 bellum:
980 1546 1037 1593 et
1058 1555 1131 1593 ex
1161 1543 1262 1607 [Αι.
1287 1550 1388 1596 tac.
1425 1546 1516 1609 ex]
1540 1545 1664 1598 aliis
1686 1559 1791 1613 ga-

178 1621 338 1674 leam
360 1623 739 1678 nihilominus
755 1628 887 1680 belli
910 1631 1115 1683 usibus
1144 1638 1336 1697 aptam
1360 1634 1539 1687 fertur
1553 1652 1790 1688 armasse.

184 1712 353 1777 Ligni
374 1726 507 1766 vero
535 1714 720 1780 ipsius
745 1716 1015 1771 salutaris
1038 1726 1262 1784 partem
1288 1722 1497 1776 detulit
1520 1724 1657 1790 (Ilio,
1674 1739 1795 1792 par-

164 907 172 929 ἐ

180 1806 300 1855 tem
325 1816 459 1856 vero
472 1804 656 1857 thecis
679 1809 966 1871 argenteis
989 1810 1281 1863 conditam
1299 1813 1599 1879 dereliquit
1616 1819 1790 1866 inloco
1815 1802 1870 1876 B

178 1904 316 1956 qum
341 1894 517 1946 etiam
538 1908 695 1948 nunc
719 1897 791 1949 ad
816 1900 1155 1952 memoriam
1180 1902 1401 1956 solicita
1422 1907 1797 1985 veneratione

180 1985 470 2036 servatur.
488 1984 746 2049 Reliquit
761 1987 936 2039 etiam
951 1988 1061 2041 hoc
1076 1990 1350 2043 indicium
1370 1992 1618 2058 religiosi
1635 1984 1795 2044 animi

180 2070 402 2134 Regina
425 2071 446 2101 ¹³
469 2074 813 2127 venerabilis
837 2090 849 2127 :
881 2078 1151 2143 Virgines
1172 2092 1316 2143 quas
1341 2082 1417 2133 ibi
1444 2085 1655 2148 reperit
1679 2086 1796 2137 Deo

181 2164 466 2227 sacratas,
490 2161 773 2216 invitasse
797 2165 869 2228 ad
894 2168 1218 2233 prandium,
1250 2175 1307 2223 et
1326 2175 1487 2225 tanta
1508 2185 1607 2225 eas
1624 2173 1796 2226 devo-

139 2262 152 2272 ~
185 2249 341 2300 tione
358 2263 596 2304 curasse
621 2253 847 2317 dicitur,
868 2259 935 2307 ut
953 2257 1259 2322 indignum
1278 2261 1556 2322 crederet,
1574 2263 1620 2313 si
1639 2265 1791 2311 famu-

178 2336 370 2390 lorum
394 2343 695 2394 uterentur
716 2343 941 2408 ofﬁciis,
966 2346 1068 2398 sed
1098 2347 1225 2411 ipsa
1247 2351 1520 2402 manibus
1547 2352 1686 2415 suis,
1706 2352 1792 2404 fa-

179 2428 357 2480 mula
374 2428 576 2482 habitu
601 2432 917 2498 succincta,
939 2435 1133 2488 cibum
1159 2446 1490 2505 apponeret,
1519 2441 1788 2505 poculum

182 2518 515 2583 porrigeret,
550 2532 762 2584 aquam
796 2524 1068 2576 manibus
1101 2525 1449 2592 intunderet,
1488 2531 1545 2581 et
1571 2531 1792 2595 Regina

184 2606 343 2658 orbis
368 2620 435 2658 ac
455 2614 639 2660 mater
666 2611 906 2676 imperii,
931 2612 1283 2667 famularum
1296 2616 1503 2669 Christi
1530 2632 1592 2672 se
1609 2619 1787 2673 famu-

184 2694 297 2746 lam
326 2695 646 2760 deputaret.
687 2701 756 2751 Et
789 2700 917 2753 haec
946 2703 1181 2766 quidem
1199 2706 1573 2771 Jerosolymis
1602 2715 1780 2773 gesta.

180 2791 198 2811 '
224 2785 447 2838 Interea
476 2787 894 2843 Constantinus
921 2792 1134 2856 pietate
1147 2794 1344 2856 fretus,
1363 2797 1786 2858 Sarmatas,Go-

184 2873 339 2933 thos,
362 2873 616 2940 aliasque
638 2878 909 2931 barbaras
932 2882 1215 2947 nationes,
1233 2884 1346 2936 nisi
1369 2899 1503 2949 quae
1516 2884 1785 2940 velamici-

184 2970 298 3031 tiis,
325 2972 417 3026 vel
442 2972 729 3028 deditione
753 2977 1073 3044 sui.pacem
1090 2979 1261 3051 23o
1293 2991 1706 3052 praevenerant,
1724 2989 1781 3040 in

185 3068 309 3120 solo
333 3070 556 3136 proprio
575 3073 752 3125 armis
768 3074 1042 3130 edomuit.
1058 3078 1079 3108 ⁴¹
1091 3081 1160 3132 Et
1172 3087 1388 3145 quanto
1401 3084 1590 3149 magis
1606 3100 1659 3135 se
1672 3089 1785 3135 reli-

1899 565 1961 617 in
1984 564 2287 617 solitudine
2300 566 2476 618 vitam
2492 567 2728 631 degens,
2746 578 2892 619 usus
2909 565 3272 619 solummodo
3290 581 3496 619 conser-

1902 655 1978 708 tio
1999 655 2169 709 fuerit
2190 656 2522 717 bestiarum,
2540 660 2598 709 et
2619 655 2690 709 de
2705 655 3069 710 daemonibus
3088 658 3291 710 crebos
3318 669 3500 723 agens

1900 746 2241 812 triumphos,
2279 747 2556 811 placuerit
2590 748 2705 799 Deo
2729 759 2901 812 supra
2921 752 3163 800 cunctos
3195 747 3493 806 mortales.

1898 841 2077 900 utque
2092 836 2469 889 institutionis
2482 848 2605 889 sum
2620 836 2892 901 praeclara
2908 850 3096 901 usque
3112 838 3172 889 in
3186 840 3490 888 hodiernum

1896 926 2194 978 monachis
2236 926 2499 990 exempla
2529 925 2838 991 reliquerit,
2868 926 3157 982 volentem
3180 939 3273 978 me
3296 926 3493 993 aliqua

1894 1028 2181 1080 exponere
2202 1014 2295 1067 ille
2317 1014 2544 1069 libellus
2567 1015 2832 1080 exclusit,
2847 1017 2945 1081 qui
2957 1017 3028 1069 ab
3046 1016 3359 1070 Athanasio
3373 1019 3494 1066 seri-

1892 1109 2048 1169 ptus,
2080 1106 2257 1159 etiam
2294 1106 2497 1159 Latino
2524 1106 2538 1135 '
2575 1118 2839 1160 sermone
2862 1107 3057 1159 ‘editus
3080 1144 3094 1169 ,
3119 1113 3224 1160 est.
3263 1111 3498 1172 Propter

1891 1193 2045 1257 quod
2082 1207 2208 1260 nos,
2243 1197 2477 1248 omissis
2498 1197 2591 1250 his
2614 1212 2746 1263 quae
2768 1200 2839 1251 ab
2865 1200 2991 1251 aliis
3008 1202 3129 1265 jam
3153 1200 3306 1252 dicta
3333 1203 3485 1258 sunt,

1890 1295 1958 1334 ea
1974 1287 2435 1350 memorabimus,
2456 1300 2587 1352 quae
2602 1289 2870 1352 quamvis
2883 1294 3180 1354 gestorum
3196 1288 3488 1341 contineat

1890 1372 2052 1437 ﬁdes,
2082 1375 2156 1425 ab
2175 1374 2266 1427 his
2290 1380 2488 1430 tamen
2511 1378 2611 1442 qui
2633 1378 2801 1443 longe
2812 1379 2981 1444 positi
3007 1384 3163 1444 sunt,
3189 1378 3485 1430 obscurior

1891 1461 2041 1515 fama
2064 1465 2368 1518 subtraxit.

2463 1593 2749 1659 CAPUT
2790 1595 2908 1660 IX.

1894 1726 1967 1775 De
1991 1727 2295 1792 captivitate
2325 1730 2631 1780 Frumentii
2665 1736 2712 1781 et
2739 1731 2941 1797 Edesii,
2967 1738 3013 1781 et
3049 1732 3112 1782 de
3142 1733 3487 1784 conversione

2305 1819 2570 1869 Indorum
2606 1834 2701 1886 per
2732 1820 2874 1886 ipsos
2907 1827 3068 1887 gesta.

1956 1932 2020 1982 In
2044 1944 2112 1983 ea
2135 1932 2416 1987 divisione
2438 1935 2593 1987 orbis
2613 1940 2801 1997 terra),
2819 1949 2951 2000 quae
2966 1937 3039 1989 ad
3054 1934 3487 2003 praedicandum

1897 2019 2135 2071 verbum
2186 2021 2289 2073 Dei
2347 2027 2501 2075 sorte
2553 2036 2653 2088 per
2701 2025 3008 2090 Apostolos
3044 2025 3327 2079 celebrata
3371 2030 3481 2091 est,

1893 2120 2025 2159 cum
2079 2109 2206 2164 alim
2262 2111 2390 2164 aliis
2444 2114 2755 2178 provincias
2797 2115 3196 2180 obvenissent,
3250 2117 3487 2171 Thomaa

1892 2198 2135 2263 Parthia,
2190 2206 2249 2252 et
2299 2203 2570 2255 Matthaao
2614 2204 2917 2269 Ethiopia,
2966 2205 3132 2269 eique
3177 2206 3485 2259 adhaerens

1890 2289 2115 2341 citerior
2137 2291 2297 2343 India
2310 2292 2729 2346 Bartholomaao
2750 2294 2959 2346 dicitur
2975 2296 3129 2347 sorte
3148 2295 3395 2350 decreta.
3410 2300 3488 2345 In-

1891 2384 1975 2430 ter
1998 2392 2171 2443 quam
2197 2381 2600 2445 Parthiamque
2628 2384 2836 2445 media,
2865 2385 2966 2436 sed
2986 2385 3157 2449 longo
3174 2385 3275 2449 [AL
3292 2385 3483 2451 longe]

1887 2467 2122 2521 interior
2156 2473 2361 2531 tractu,
2400 2472 2561 2523 India
2592 2482 2609 2511 ε
2652 2473 2890 2525 ulterior
2932 2475 3102 2538 jacet,
3150 2474 3351 2527 multis
3382 2488 3478 2527 va-

1888 2557 2103 2622 riisque
2119 2558 2329 2624 linguis
2341 2566 2399 2614 et
2411 2562 2684 2626 gentibus
2695 2562 2970 2623 habitata,
2987 2575 3163 2627 quam
3179 2566 3317 2614 velut
3332 2566 3477 2625 longe

1884 2652 2181 2713 remotam,
2199 2649 2219 2677 δ
2246 2650 2442 2704 nullus
2466 2651 2812 2715 Apostolicaa
2838 2652 3263 2717 praedicationis
3279 2666 3480 2707 vomer
3578 2675 3587 2681 -

1889 2736 2000 2805 23
2018 2737 2037 2807 |
2068 2744 2454 2805 impresserat,
2473 2754 2601 2804 quiia
2620 2747 2817 2795 tamen
2836 2745 3146 2805 temporibus
3162 2738 3476 2793 Constantini

1887 2828 1982 2878 tali
2028 2830 2277 2892 quadam
2308 2844 2381 2883 ex
2415 2844 2624 2885 caussa
2668 2833 2888 2884 semina
2919 2832 3053 2885 fidei
3075 2836 3259 2899 prima
3283 2846 3483 2887 susce-

1882 2917 1981 2981 pit.
2011 2920 2366 2973 Metrodorus
2393 2922 2626 2986 quidam
2658 2922 3060 2986 philosophus,
3094 2922 3481 2988 insplciendo-

1881 3020 2009 3059 rum
2033 3007 2309 3073 locorum,
2341 3015 2400 3063 et
2422 3012 2575 3063 orbis
2598 3012 2999 3076 perscrutandi
3023 3013 3227 3076 gratia,
3248 3013 3484 3065 ulterio—

1880 3108 2000 3148 rem
2054 3097 2262 3150 dicitur
2306 3099 2525 3151 Indiam
2568 3102 2918 3164 penetrasse.
2979 3092 3154 3165 dujus
3209 3102 3476 3168 exemplo

181 3157 387 3222 giosus
413 3170 479 3212 ac
508 3160 787 3216 humilius
811 3166 930 3218 Deo
956 3168 1301 3235 subjecerat,
1324 3175 1483 3225 tanto
1497 3177 1720 3237 amplius
1736 3179 1778 3225 ei
1804 3175 1853 3250 ί]
1878 3186 2082 3237 etiami
2112 3187 2391 3240 invitatus
2422 3157 2706 3255 Meropius
2729 3189 2966 3254 quidam
2991 3157 3197 3255 'I‘vrius
3216 3157 3473 3258 philoso-

182 3248 342 3299 Deus
371 3248 645 3302 universa
665 3252 969 3308 subdebat.
986 3257 1074 3310 Ad
1090 3259 1411 3313 Antonium
1428 3276 1656 3328 quoque
1672 3269 1781 3327 pri-

178 3349 341 3389 mum
365 3340 542 3392 eremi
562 3340 969 3410 habitatorem,
989 3348 1227 3402 velutad
1246 3364 1427 3403 unum
1441 3348 1514 3404 e'x
1535 3355 1779 3418 prophe-

180 3426 257 3479 tis
282 3426 518 3493 litteras,
555 3432 885 3497 suppliciter
909 3435 1103 3502 mittit,
1130 3444 1195 3491 ut
1224 3448 1242 3469 ·
1273 3454 1375 3505 pro
1402 3455 1465 3495 se
1488 3456 1554 3495 ac
1584 3444 1777 3497 liberis

175 3517 422 3570 Domino
456 3520 783 3584 suplicaret.
828 3526 913 3577 Ita
944 3538 1065 3579 non
1085 3528 1274 3582 solum
1296 3532 1515 3584 meritis
1542 3534 1687 3596 suis,
1710 3547 1775 3587 ac

174 3605 445 3670 religione
492 3610 708 3672 matris,
756 3612 858 3665 sed
903 3619 962 3667 et
999 3616 1775 3677 intercessione'sanctorum

171 3697 693 3752 commendabilem
726 3715 788 3755 se
825 3704 943 3756 Deo
978 3705 1101 3758 ﬁeri
1124 3709 1426 3772 gestiebat.
1461 3714 1608 3766 Sane
1631 3726 1776 3778 quo-

174 3784 331 3836 niam
361 3788 502 3839 tanti
533 3788 637 3840 viri
659 3791 895 3845 Antonii
910 3791 1152 3848 fecimus
1172 3798 1544 3862 mentionem,
1570 3800 1642 3854 de
1669 3803 1777 3856 vir-

233 4020 249 4036 ο
275 4009 415 4086 Iflus
456 4010 650 4086 habet,
692 4016 750 4066 et
793 4015 973 4071 ferme
1018 4018 1361 4086 elegantius,
1396 4025 1766 4079 Guarnerian.

172 4080 369 4129 mulier
392 4083 649 4133 continuo
674 4090 928 4140 surrexit.

208 4170 249 4248 .f'
276 4171 676 4254 Bononiensis,
701 4176 971 4254 adposita»
994 4180 1122 4234 beic
1145 4185 1303 4254 τελείᾳ
1327 4190 1519 4254 στιγμῇ,
1538 4188 1773 4240 concin-

165 4240 299 4316 μείης]
324 4241 517 4316 habet,
553 4240 885 4299 Verterabﬁiles
913 4240 1322 4316 Virginesquas,
1341 4240 1447 4308 etc.
1470 4240 1600 4310 $.on
1613 4262 1772 4311 Guar-

169 4308 388 4389 nerian.
420 4314 775 4389 [amaturum
820 4308 1118 4389 habet'pro
1146 4308 1770 4388 famutommtﬂtdeinde

164 4384 277 4457 duo
302 4385 484 4436 Vatic.
506 4386 843 4440 ministraret
860 4405 960 4457 pro
978 4384 1303 4457 infundent.
1321 4399 1471 4452 infra
1483 4401 1582 4453 ubi
1600 4410 1769 4453 mater

166 4455 383 4516 imperii
407 4457 632 4522 dicitur,
670 4455 1235 4531 malim—Imperatoris
1264 4473 1521 4523 rescribi.

223 4553 241 4627 ς
265 4546 488 4627 Ab‘hins
525 4550 719 4627 verbis
749 4553 972 4619 Interea,
992 4561 1120 4622 etc.,
1153 4559 1400 4612 alterum
1425 4568 1615 4627 caput,
1641 4565 1766 4618 sive

166 4616 255 4696 vi,
281 4615 408 4697 cod.
434 4618 862 4675 Guarnerianus
888 4615 1186 4681 exorditur
1210 4646 1222 4680 :
1251 4644 1384 4695 quae
1406 4635 1463 4683 et
1487 4615 1658 4687 nobis
1674 4615 1765 4689 di;
1785 4655 1843 4728 D

166 4692 388 4728 stlnnhn
413 4691 698 4728 liprnlnnnt
745 4697 1104 4728 Wninnnnknn
1138 4716 1361 4728 "manu".
1388 4717 1597 4728 nn"...—
1622 4720 1736 4728 -..μ

160 4687 388 4771 stinctio
411 4691 720 4771 perplacet.
743 4697 1108 4771 Epigraphen
1137 4687 1363 4766 quoque
1387 4717 1602 4757 novam
1622 4687 1762 4771 prae—

160 4759 321 4839 ponit
348 4759 450 4839 _huj
463 4765 690 4839 ustnodi
726 4783 736 4813 :
766 4759 1219 4822 Βίσοτῖειαηιίἆιο
1245 4759 1442 4839 imper.
1474 4781 1520 4825 et
1554 4759 1760 4829 (16⁵Αῇ-

156 4830 312 4883 tonio
339 4832 615 4885 heremita.

222 4918 349 4998 “Ita
384 4926 441 4973 et
484 4925 669 4998 nostri
708 4939 847 4980 mss.
888 4935 946 4982 et
980 4932 1201 4998 vulgati
1222 4934 1351 4990 libri
1374 4952 1597 4993 omnes.
1623 4940 1761 4993 Cac-

156 4990 371 5044 ciarius
395 5006 469 5045 ex
494 4996 803 5050 Vaticanis.
825 5000 972 5050 Nam
997 4990 1215 5057 maluit.

224 5090 241 5109 ε
270 5081 643 5136 Guarnerian.
680 5088 762 5137 uti
807 5104 820 5139 :
868 5090 1070 5154 quinto
1109 5096 1182 5146 ab
1214 5096 1324 5149 hoc
1365 5111 1542 5153 versu
1577 5102 1762 5154 Bono-

155 5151 340 5236 niens.
371 5157 521 5236 tacet
542 5156 770 5236 Antonii
793 5151 1030 5236 nomen,
1057 5169 1112 5216 et
1135 5168 1304 5229 paulo
1318 5151 1557 5223 inferius
1578 5151 1763 5236 gela}..-

158 5236 258 5287 pro
280 5222 472 5297 degens
492 5225 654 5297 legit.
682 5232 863 5292 Quam
889 5232 1088 5286 laudat
1118 5222 1323 5292 Noster
1345 5243 1399 5293 S.
1418 5222 1660 5296 VAnto‘nii
1687 5222 1763 5297 vi-

157 5300 275 5377 tam
295 5293 476 5376 habes
493 5296 647 5350 inter
746 5302 1050 5357 Athanasii
1077 5308 1277 5377 Opera,
1300 5293 1763 5369 recensetis—[ont-

161 5366 422 5444 {anconio
445 5372 819 5444 recognitam.
840 5377 984 5429 Nota
997 5366 1200 5444 obiter,
1222 5366 1364 5436 illud
1388 5386 1457 5438 de
1481 5366 1763 5443 Constan-

152 5436 255 5516 tini
275 5436 501 5526 a‘d’eum
530 5439 739 5526 litteris
772 5436 1199 5526 testimonium,
1217 5467 1336 5507 non
1369 5436 1761 5526 caﬁiié’ﬁr’in}.

140 5508 472 5630 ejushvgtae,
510 5517 575 5562 ut
615 5514 691 5566 Ca
707 5516 953 5571 cciarius
979 5508 1197 5587 monet,
1222 5526 1326 5579 sed

142 5589 233 5630 mo
300 5590 333 5630 a
378 5593 475 5630 eri.

142 5589 233 5630 mo
258 5589 475 5632 haberi.

207 5666 229 5700 τ
247 5668 330 5759 ΕΞ
375 5670 866 5759 interpretatione
887 5682 1129 5759 scilicet
1150 5686 1390 5751 Evagrii
1421 5692 1767 5759 Presbyteri,

146 5753 332 5824 quam
386 5745 446 5792 et
482 5749 682 5824 noster
716 5748 855 5824 olim
887 5745 1461 5824 Hieronymus-(legit.
1488 5745 1767 5819 Vocula—ni,

146 5810 251 5871 his,
282 5823 417 5874 quae
441 5815 724 5884 seQuitur,
746 5810 1233 5879 Bononiensfms.
1257 5810 1425 5885 mea;

208 5910 225 5936 ι
265 5900 502 5955 Videtur
521 5906 692 5971 Pagio
709 5915 910 5963 contra
926 5916 1345 5980 Geographiam
1358 5924 1608 5979 Ruﬁnus
1624 5908 1757 5992 pec-

1878 3275 2028 3340 phus
2064 3275 2234 3328 simili
2259 3291 2330 3329 ex
2359 3290 2568 3330 caussa
2600 3278 2757 3332 adire
2778 3279 3001 3332 Indiam
3034 3279 3232 3345 voluit,
3255 3281 3475 3335 habens

1879 3378 2075 3417 secum
2099 3366 2248 3419 duos
2261 3368 2555 3433 puerulos,
2574 3382 2720 3433 quos
2738 3369 3070 3423 liberalibus
3085 3371 3290 3424 litteris
3308 3380 3475 3436 utpote

1877 3457 2230 3521 propinquos
2253 3458 2609 3511 instituebat.
2641 3462 2892 3522 Quorum
2920 3475 3077 3513 unus
3111 3462 3210 3526 qui
3238 3464 3480 3529 eratju-

1875 3545 2001 3597 nior
2046 3547 2309 3610 Edesius,
2356 3548 2501 3601 alter
2540 3551 2906 3603 Frumentius
2931 3552 3263 3605 vocabatur.
3296 3552 3477 3618 Igitur

1877 3636 2135 3698 pervisis,
2160 3641 2218 3689 et
2242 3638 2301 3690 in
2326 3640 2588 3693 notitiam
2606 3641 2790 3705 captis
2804 3641 2897 3694 his
2915 3642 3126 3706 quibus
3145 3642 3375 3697 animus
3386 3655 3479 3710 pa-

1878 3725 2163 3789 scebatur,
2197 3740 2331 3779 cum
2366 3729 2744 3797 philosophus
2769 3731 2951 3784 redire
2981 3732 3269 3798 caepisset,
3308 3744 3477 3797 aquae

1875 3813 1966 3866 vel
2010 3819 2353 3870 caeterorum
2400 3820 2859 3873 necessariorum
2896 3834 3102 3873 caussa
3137 3822 3211 3875 ad
3248 3827 3479 3893 portum

1873 4050 2024 4101 care;
2050 4038 2144 4091 hic
2167 4041 2323 4092 enim
2340 4054 2472 4093 cum
2490 4043 2800 4096 Historiam
2824 4056 2989 4097 suam
3012 4047 3071 4098 in
3088 4047 3246 4099 Italia
3261 4050 3470 4103 scribe-

1872 4113 1958 4163 ret
1978 4116 2109 4176 post
2128 4124 2221 4164 an.
2249 4113 2457 4165 Christi
2482 4114 2603 4171 400.
2631 4116 2875 4178 ideoque
2899 4130 3034 4170 cum
3054 4119 3283 4173 Parthia
3305 4122 3473 4175 limes

1872 4182 2042 4256 fuerit
2064 4185 2289 4248 imperii
2318 4187 2580 4251 Romani,
2604 4188 2909 4253 mediaque
2929 4190 3077 4244 inter
3090 4190 3239 4245 duas
3254 4193 3473 4256 Indias,

1873 4254 2074 4317 Media,
2103 4269 2277 4321 quam
2300 4258 2622 4311 citeriorem
2639 4260 2887 4324 appellat
2902 4262 3165 4321 Rufinus,
3183 4264 3343 4317 India
3356 4254 3475 4314 ulte;

1869 4326 1998 4401 rior_
2026 4327 2135 4379 fuit
2160 4342 2171 4378 :
2206 4331 2265 4401 et
2298 4341 2473 4394 quam
2498 4329 2826 4384 ulteriorem
2852 4332 3009 4392 dicit,
3036 4335 3259 4387 citerior
3282 4337 3476 4401 appel-

1868 4396 2041 4449 landa
2064 4402 2205 4451 erat.
2228 4400 2443 4454 Deiude
2468 4401 2526 4453 in
2552 4415 2619 4455 co
2643 4403 2775 4465 falli,
2802 4402 2952 4468 quod
2980 4396 3377 4459 Metrodorum
3383 4410 3475 4460 ln-

1868 4469 2041 4542 diam,
2066 4482 2240 4533 quam
2266 4471 2599 4526 ulteriorem
2622 4476 2890 4540 appellat,
2907 4489 3009 4528 seu
3023 4478 3362 4542 .Ethiopiam
3377 4479 3473 4531 ho-

1867 4540 2126 4593 diernam
2151 4547 2489 4604 penetrasse
2522 4547 2745 4608 scribit;
2784 4548 3146 4600 Metrodorus
3169 4540 3325 4603 enim
3353 4563 3469 4602 non

1865 4611 2226 4685 Ethiopiam,
2250 4626 2353 4667 seu
2376 4616 2597 4668 Indiam
2623 4623 2887 4681 respectu
2908 4624 3108 4672 nostro
3133 4621 3471 4685 citeriorem,

1864 4683 1967 4757 sed
1992 4697 2187 4757 veram
2217 4687 2458 4751 Indiam,
2475 4700 2578 4740 seu
2605 4689 2825 4741 Indiam
2838 4690 3163 4744 ulteriorem
3189 4694 3271 4757 (ut
3294 4708 3328 4745 a
3352 4683 3474 4747 viro

1861 4755 1960 4819 qui
2004 4756 2063 4808 in
2108 4759 2354 4823 Imperio
2398 4762 2654 4812 Romano
2697 4763 3011 4823 scribebat,
3040 4755 3232 4818 vocari
3257 4766 3473 4823 debuit)

1858 4826 2525 4903 perlu_stravit.__Videsis
2574 4834 2963 4887 Fontaninum
3005 4837 3065 4887 in
3118 4838 3248 4890 Vita
3294 4838 3389 4903 lib,
3430 4841 3471 4891 Ι.

1860 4910 1984 4962 cap.
2012 4898 2045 4953 4
2069 4912 2234 4952 num.
2261 4901 2312 4955 9.
2338 4905 2714 4957 continenter.

1930 5022 1951 5051 ιι
1976 5024 2042 5074 In
2066 5025 2431 5080 Bononiensi
2452 5040 2564 5080 ms.
2594 5029 2803 5081 nullius
2831 5045 2844 5082 :
2888 5036 3011 5084 tum
3034 5033 3185 5087 male
3209 5034 3269 5088 in
3292 5038 3472 5087 Guar-

1862 5105 1985 5146 ner.
2013 5111 2216 5145 nomen
2249 5111 2353 5162 pro
2377 5114 2573 5151 vomer.
3050 5142 3055 5145 ν

1928 5220 1937 5249 ί
1962 5218 2245 5293 Dicuntur
2269 5221 2385 5275 duo
2405 5225 2669 5278 Vaticani
2693 5226 2921 5279 codices
2950 5229 3257 5293 exemptum
3281 5233 3469 5283 imita-

1866 5292 1951 5338 tus
1976 5291 2137 5340 etiam
2162 5293 2446 5356 praeferre.
2468 5297 2761 5350 therum
2786 5291 3327 5352 contenditValesius
3345 5307 3471 5354 hanc

1865 5360 2139 5436 Indorum
2168 5366 2602 5418 conversionem
2628 5369 3151 5436 Frumentiiopera,
3182 5386 3299 5425 non
3321 5377 3469 5427 Con—

1866 5435 2140 5510 stantino,
2168 5440 2230 5486 ut
2254 5437 2497 5489 Ruﬁnus
2523 5439 2713 5498 tradit,
2746 5439 2847 5493 sed
2868 5440 3163 5506 aliquanto
3185 5451 3333 5510 post,
3349 5450 3473 5497 Con-

1867 5506 2077 5575 stantio
2122 5513 2401 5570 regnante
2433 5511 2770 5575 contigisse.
2803 5511 3138 5569 Econtrario
3161 5506 3278 5568 falli
3304 5506 3470 5571 Vale-

1868 5570 2040 5654 sium,
2066 5580 2336 5654 Ruﬁnum
2357 5595 2489 5634 vero
2503 5570 2718 5645 optime
2747 5589 2976 5651 tempus
3002 5589 3081 5641 rei
3104 5594 3288 5654 gestae
3300 5570 3475 5644 adno-

1869 5653 2068 5730 tasse,_
2079 5650 2437 5730 demonstrat
2461 5656 2667 5720 Pagius
2713 5657 2786 5709 ad
2818 5650 2910 5730 an.
2962 5660 3080 5714 3:27.
3106 5650 3275 5713 num.
3306 5663 3390 5718 15.
3416 5670 3473 5717 et.

1870 5734 1992 5783 seq.
2027 5723 2173 5800 Eum
2214 5724 2451 5800 videsis,
2487 5729 2552 5800 ut
2589 5731 2647 5800 et
2680 5723 2969 5784 Socratem
2999 5732 3097 5785 lib.
3137 5736 3179 5786 Ι.
3218 5747 3341 5800 cap.
3383 5736 3465 5792 19.

1868 5805 1994 5867 non
2019 5792 2102 5849 i3.
2130 5800 2195 5847 ut
2217 5795 2358 5849 falso
2385 5798 2699 5851 Cacciarius
2722 5804 2898 5861 notat,
2920 5805 3018 5867 qui
3036 5792 3472 5860 etaliain‘Notis

1870 5862 2001 5982 helic
2030 5872 2243 5988 peccat.
2286 5869 2415 5919 Mox
2453 5870 2580 5921 cod.
2620 5862 2969 5925 Guarneriaii
2996 5890 3188 5938 pueros
3212 5890 3313 5941 pro
3336 5894 3473 5943 pue-

1874 5950 1937 5981 ru
1961 5950 2017 5983 os
2062 5937 2197 5988 egit.
2384 5949 2400 5956 ‘
2967 5952 2975 5969 ⁴

1874 5937 2017 5983 ratos
2040 5937 2197 6000 legit.
2384 5949 2400 5956 ‘
2967 5952 2975 5969 ⁴
