3900 6384
441 349 545 406 479

1468 344 1711 396 RUFINI
1743 343 2239 405 AQUILEIENSIS
2282 344 2716 397 PRESBYTER!

3636 349 3741 405 580

439 462 732 529 quendam
752 460 935 520 navis,
962 471 1078 524 qua
1104 457 1417 511 vehebatur
1445 456 1718 522 applicuit
1738 454 1823 506 At.
1849 456 2039 522 Appli-
2066 464 2119 534 Α
2140 459 2256 510 ait:
2294 460 2362 510 Et
2405 471 2576 524 quem
2617 459 2794 511 alium
2834 458 3196 512 inveniemus
3232 460 3422 515 virum
3460 461 3656 526 talem,
3678 463 3739 518 in

439 553 611 619 cavit]
624 591 656 604 ..
675 551 850 605 Moris
874 554 962 602 est
986 549 1123 602 inibi
1138 548 1533 610 Barbarorum,
1554 551 1620 598 ut
1640 546 1926 612 siquando
1942 547 2039 601 fae-

440 642 552 695 dus
566 642 676 695 sibi
691 654 823 693 cum
837 637 1109 695 Romanis
1124 637 1418 689 turbatum
1431 636 1634 689 vicinae
1647 636 2040 688 nuntiaverint

445 731 570 795 μιν
596 728 1029 792 nuntiaverunt]
1060 728 1281 791 gentes,
1309 738 1512 778 omnes
1537 725 1634 789 qui
1657 725 1810 790 apud
1839 738 1939 778 eos
1962 739 2037 778 ex

440 819 713 872 Romanis
728 816 947 869 inventi
963 815 1175 867 fuerint
1184 814 1545 879 jugulentur.
1562 814 1855 866 Invaditur
1869 814 2036 866 navis

441 903 795 970 philoSOphi:
842 901 1035 955 cuncti
1071 914 1207 954 cum
1248 900 1374 966 ipso
1407 900 1618 965 pariter
1654 900 2031 966 perimuntur.

438 992 663 1046 Pueruli
694 992 902 1057 reperti
926 992 1035 1043 sub
1067 992 1268 1043 arbore
1290 989 1659 1054 meditantes,
1685 995 1742 1043 et
1763 989 2038 1043 lectiones

438 1095 574 1135 suas
590 1086 881 1148 parantes,
896 1081 1277 1133 Barbarorum
1293 1079 1663 1132 miseratione
1680 1080 1907 1141 servati,
1935 1079 2037 1130 du-

434 1175 645 1224 cuntur
667 1171 742 1224 ad
764 1183 980 1237 regem.
1007 1173 1227 1222 Horum
1254 1169 1347 1222 ille
1370 1169 1636 1233 alterum,
1661 1168 1720 1220 id
1750 1172 1859 1232 est,
1885 1168 2034 1221 Ede-

435 1262 587 1314 sium
625 1261 735 1313 sibi
758 1260 1087 1327 pincernam
1118 1260 1268 1312 fecit.
1304 1258 1640 1311 Frumentio
1672 1271 1824 1322 vero,
1860 1270 2034 1322 quem

435 1349 603 1415 quasi
614 1349 1002 1415 perspicacem
1018 1347 1471 1414 deprehenderat
1487 1351 1545 1399 et
1563 1346 1928 1413 prudentem,
1954 1360 2036 1399 ra-

439 1438 623 1492 tiones
648 1452 784 1491 suas
809 1438 1130 1503 scriniaque
1150 1437 1455 1490 commisit.
1487 1438 1573 1489 Ex
1594 1449 1707 1502 quo
1734 1446 1751 1466 ·
1777 1441 1833 1489 et
1855 1437 1915 1489 in
1937 1436 2034 1489 ho-

436 1527 571 1582 nore
592 1541 805 1594 magno
819 1527 975 1594 apud
989 1539 1184 1593 regem
1201 1526 1402 1590 habiti,
1419 1530 1478 1579 et
1498 1527 1560 1579 in
1574 1538 1786 1579 amore.
1803 1528 1878 1578 At
1899 1539 2031 1579 vero

436 1619 689 1672 moriens
704 1629 825 1681 rex,
842 1629 1086 1670 uxorem
1105 1629 1239 1669 cum
1255 1615 1498 1682 parvulo
1515 1615 1634 1668 ﬂlio
1654 1615 1816 1681 regni
1826 1615 2033 1669 dereli-

435 1708 559 1772 quit
582 1706 872 1760 haaredem
898 1721 909 1756 :
935 1706 1395 1758 adolescentibus
1418 1709 1615 1757 autem
1637 1704 1777 1770 quid
1800 1704 2029 1768 vellent,

433 1797 643 1862 agendi
658 1796 817 1850 dedit
831 1796 1069 1849 liberam
1088 1794 1436 1849 facultatem.
1456 1798 1610 1858 Quos
1627 1801 1821 1848 tamen
1835 1797 2032 1860 regina

435 1885 771 1953 suppliciter
802 1890 1021 1950 exorat,
1053 1887 1328 1951 tanquam
1359 1898 1491 1950 qum
1522 1885 1667 1937 nihil
1705 1885 1943 1938 haberet
1970 1886 2030 1937 in

434 1980 555 2029 toto
572 1989 750 2041 regno
767 1974 1018 2039 ﬁdelius,
1033 1980 1100 2027 ut
1121 1988 1338 2038 secum,
1358 1988 1662 2040 usquequo
1677 1974 2029 2028 adolesceret

431 2065 603 2130 illius,
638 2065 874 2130 regendi
896 2064 1059 2130 regni
1085 2064 1531 2117 sollicidutinem
1561 2065 1938 2130 partirentur:
1970 2070 2030 2118 et

433 2155 721 2221 praecipue
747 2154 1167 2216 Frumentium,
1193 2155 1360 2219 cujus
1390 2154 1694 2221 prudentia
1724 2154 1797 2206 ad
1829 2154 2029 2208 mode-

434 2244 676 2296 randum
695 2243 986 2296 sufficeret
998 2256 1263 2308 regnum.
1286 2245 1431 2295 Nam
1446 2243 1592 2295 alius
1608 2243 1781 2296 fidem
1801 2256 2026 2309 puram,

433 2339 489 2387 et
532 2333 783 2385 sobriam
825 2337 1078 2385 mentem
1126 2332 1459 2398 simpliciter
1494 2332 1821 2386 exhibebat.
1847 2333 2027 2398 quue

432 2424 571 2475 dum
595 2427 830 2488 agerent
848 2422 955 2486 [Αι.
967 2422 1200 2487 ageret],
1219 2427 1277 2475 et
1293 2423 1455 2487 regni
1482 2422 1877 2487 gubernacula
1895 2426 2028 2477 Fru-

434 2511 681 2564 mentius
712 2510 956 2563 haberet
987 2511 1048 2562 in
1080 2512 1366 2576 manibus,
1399 2513 1519 2564 Deo
1542 2516 1796 2565 mentem
1820 2512 1946 2578 ejus
1969 2515 2027 2566 et

429 2609 657 2675 animps
682 2608 997 2675 instigante
1024 2608 1195 2677 232
1218 2610 1507 2674 requirere
1531 2610 1831 2664 sollicitius
1854 2612 2029 2679 ccepit

432 2708 480 2761 si
495 2708 596 2772 qui
611 2708 760 2761 inter
778 2708 1172 2774 negociatores
1190 2710 1479 2761 Romanos
1491 2708 1798 2762 Christiani
1808 2716 2025 2775 essent,

428 2802 487 2851 et
528 2797 669 2863 ipsis
692 2800 1033 2864 potestatem
1056 2796 1371 2849 maximam
1392 2796 1527 2849 dare
1548 2834 1563 2861 ,
1587 2809 1655 2849 ac
1676 2811 1930 2862 monere,
1960 2805 2029 2853 ut

427 2886 823 2940 conventicula
864 2900 962 2952 per
1005 2886 1132 2939 loca
1159 2886 1389 2951 singula
1422 2886 1442 2915 δ
1476 2885 1746 2951 facerent,
1782 2887 1855 2940 ad
1892 2900 2027 2953 qua

2058 1736 2112 1810 Β

2137 563 2250 616 quo
2276 550 2350 602 sit
2373 548 2606 615 spiritus
2648 547 2749 599 Dei
2782 547 2841 599 in
2864 547 2990 612 ipso
3014 547 3164 599 sicut
3187 547 3247 599 in
3281 554 3355 614 te,
3386 550 3485 613 qui
3505 550 3636 603 haec
3658 553 3740 605 ita

2136 639 2318 705 possit
2341 637 2576 702 implere
2596 640 2620 685 ‘2
2643 638 2711 687 Et
2734 636 2943 688 tradito
2959 636 3011 688 ei
3037 636 3376 701 sacerdotio,
3393 638 3576 691 redire
3600 653 3739 694 eum

2133 741 2268 781 cum
2289 727 2519 780 Domini
2554 725 2756 791 gratia,
2801 725 2953 777 unde
2983 730 3221 777 venerat
3252 764 3266 791 ,
3292 727 3478 791 jubet.
3507 730 3733 795 Quique

2133 831 2266 869 cum
2297 816 2613 881 Episcopus
2627 814 2974 881 perrexisset
2995 814 3069 867 ad
3088 814 3327 878 Indiam,
3344 821 3504 868 tanta
3524 818 3576 869 ei
3600 818 3738 872 data
3788 838 3793 841 ν

2131 919 2262 959 esse
2276 918 2309 957 a
2324 907 2443 958 Deo
2462 905 2744 957 virtutum
2763 904 2945 970 gratia
2960 904 3189 967 dicitur,
3206 910 3274 957 ut
3294 905 3461 970 signa
3480 919 3582 971 per
3596 919 3737 961 eum

2133 995 2459 1061 Apostolica
2476 995 2695 1058 tierent,
2714 994 3042 1046 etintlnitus
3061 1006 3343 1046 numerus
3353 995 3734 1049 Barbarorum

2132 1087 2561 1137 converteretur
2576 1083 2649 1135 ad
2666 1083 2857 1135 tidem.
2882 1085 2967 1135 Ex
2989 1072 3101 1147 quo
3125 1083 3185 1135 in
3204 1083 3384 1137 India
3404 1086 3664 1148 partibus
3676 1089 3737 1138 et

2131 1174 2326 1241 populi
2347 1173 2800 1227 Christianorum
2816 1175 2872 1225 et
2887 1172 3158 1227 Ecclesia:
3180 1174 3348 1226 tactae
3374 1178 3529 1239 sunt,
3549 1179 3610 1228 et
3631 1176 3735 1228 Sa-

2131 1263 2451 1315 cerdotium
2474 1263 2659 1328 capit.
2686 1263 2827 1324 Quas
2856 1274 2965 1314 nos
2996 1262 3077 1313 ita
3112 1264 3296 1328 gesta,
3320 1274 3439 1315 non
3460 1263 3733 1328 opinione

2130 1352 2310 1419 vulgi,
2337 1352 2440 1406 sed
2462 1352 2589 1418 ipso
2610 1352 2816 1404 Edcsio
2839 1350 2972 1416 Tyri
2994 1352 3329 1416 presbytero
3360 1352 3731 1418 postmodum

2132 1442 2298 1507 facto,
2334 1442 2433 1507 qui
2456 1441 2769 1494 Frumentii
2803 1454 2998 1494 comes
3032 1442 3191 1507 prius
3214 1441 3415 1506 fuerat,
3450 1443 3730 1496 referente

2132 1535 2532 1597 cognovimus.
3212 1515 3223 1527 ’

2720 1664 3008 1730 CAPUT
3048 1665 3137 1729 X.

2137 1801 2208 1851 De
2235 1800 2575 1851 conversione
2614 1801 2785 1865 gentis
2818 1801 3095 1851 Iberorum
3122 1814 3221 1866 per
3252 1802 3524 1865 captivam
3563 1802 3727 1866 facta.

2214 1906 2385 1975 233
2414 1909 2517 1960 Per
2551 1907 2705 1961 idem
2731 1913 2960 1973 tempus
2982 1907 3157 1960 etiam
3185 1916 3205 1937 °
3227 1909 3523 1961 Iberorum
3561 1923 3726 1974 gens.

2129 2009 2261 2061 qum
2284 1998 2394 2049 sub
2419 2010 2527 2049 axe
2550 1996 2781 2049 Pontico
2799 1999 2970 2061 jacet,
2998 1997 3160 2049 verbi
3186 1996 3291 2049 Dei
3319 1996 3549 2063 taedere,
3574 1999 3632 2051 et
3658 1998 3730 2051 fl-

2128 2085 2258 2137 dem
2288 2086 2466 2139 futuri
2498 2091 2831 2151 susceperat
2861 2086 3040 2151 regni.
3079 2085 3189 2139 Sed
3221 2086 3405 2151 hujus
3427 2086 3572 2139 tanti
3590 2086 3727 2140 boni

2127 2175 2675 2240 prmstititcaussam
2690 2176 2895 2229 mulier
2905 2175 3173 2240 quadam
3186 2176 3428 2241 captiva,
3442 2188 3575 2241 quas
3589 2181 3724 2239 apud

2128 2278 2227 2322 eos
2250 2273 2492 2331 reperta,
2518 2279 2649 2319 cum
2692 2265 2919 2319 ﬁdelem
2953 2270 3012 2318 et
3034 2266 3283 2318 sobriam
3308 2266 3449 2318 satis
3471 2278 3539 2318 ac
3559 2266 3727 2332 pudi-

2127 2371 2254 2411 cam
2276 2358 2513 2411 duceret
2527 2356 2723 2417 vitam,
2746 2356 2997 2420 totisque
3012 2354 3219 2407 diebus
3239 2366 3306 2407 ac
3328 2354 3598 2407 noctibus
3620 2355 3724 2406 ob-

2127 2448 2474 2502 secrationes
2502 2447 2618 2498 Deo
2645 2444 2952 2510 pervigiles
2976 2444 3285 2505 exhiberet,
3318 2443 3377 2495 in
3397 2445 3723 2493 admiratione

2126 2551 2257 2591 esse
2269 2538 2396 2603 ipsa
2410 2536 2488 2588 rei
2508 2535 2740 2588 novitas
2761 2533 3026 2586 Barbaris
3046 2533 3235 2599 caapit,
3252 2536 3311 2584 et
3322 2531 3461 2597 quid
3478 2532 3588 2585 hoc
3612 2532 3721 2584 sibi

2125 2628 2142 2659 τ
2178 2627 2335 2687 velit,
2382 2625 2669 2678 curiosius
2713 2623 3135 2691 perquirebant.
3167 2622 3287 2686 Illa,
3332 2628 3398 2676 ut
3439 2635 3531 2674 res
3576 2626 3720 2685 erat,

2128 2715 2461 2782 simpliciter
2483 2714 2774 2785 Christum
2799 2727 2861 2766 se
2884 2715 3071 2765 Deum
3095 2713 3205 2765 hoc
3231 2713 3346 2766 ritu
3371 2710 3555 2765 colere
3576 2710 3717 2763 fate-

2125 2808 2310 2859 batur.
2337 2803 2491 2859 Nihil
2513 2817 2587 2857 ex
2609 2804 2719 2857 hoc
2742 2802 2990 2869 amplius
3011 2801 3243 2855 Barbari
3265 2806 3474 2867 praeter
3495 2800 3715 2854 novita-

2128 2901 2242 2949 tem
2271 2894 2522 2948 nominis
2538 2893 2910 2947 mirabantur.
2927 2892 3143 2944 Verum
3166 2891 3252 2954 (ut
3271 2890 3392 2943 tieri
3415 2888 3574 2952 solet)
3591 2888 3717 2954 ipsa

425 2978 680 3029 Romano
719 2975 833 3029 ritu
867 2975 1148 3028 orationis
1171 2986 1381 3027 caussa
1409 2975 1781 3029 confluerent.
1825 2978 1935 3031 Sed
1968 2983 2026 3032 et
2125 2983 2960 3051 perseverantiacuriositatem
2977 2977 3715 3046 quandammulierculisin-

423 3064 547 3131 ipse
583 3066 768 3119 multo
791 3065 980 3131 magis
1003 3063 1209 3117 eadem
1235 3064 1432 3126 facere,
1464 3067 1520 3117 et
1551 3065 1631 3118 ita
1658 3070 1900 3121 cmteros
1929 3080 2025 3121 co-
2122 3075 2357 3137 ferebat,
2386 3073 2434 3125 si
2457 3072 2594 3137 quid
2618 3070 2994 3125 emolumenti
3019 3083 3095 3123 ex
3119 3073 3280 3122 tanta
3298 3068 3596 3122 devotione
3617 3080 3716 3119 ca-

424 3155 653 3220 hortari,
679 3155 865 3207 favore
887 3158 945 3206 et
969 3152 1260 3205 beneﬂciis
1284 3155 1548 3220 invitare,
1575 3161 1847 3221 prastare
1869 3159 2022 3222 quic—
2048 3154 2097 3228 ρ
2123 3167 2369 3229 peretur.
2398 3162 2571 3214 Moris
2596 3160 2749 3227 apud
2765 3174 2864 3214 eos
2882 3171 3008 3213 esse
3031 3158 3257 3221 dicitur,
3282 3161 3351 3209 ut
3371 3157 3421 3209 si
3436 3154 3712 3222 parvulus

423 3243 562 3310 quid
587 3246 972 3309 Opportunum
992 3241 1217 3307 fuisset.
1234 3242 1360 3296 Ιοοᾶ
1380 3244 1655 3306 ωάἱῧοὶἱετ
1675 3245 1901 3312 aliaque
1924 3261 2018 3300 ne-
2120 3256 2380 3315 mgrotet,
2403 3251 2836 3305 circumferetur
2857 3254 3082 3302 amatre
3096 3261 3198 3314 per
3218 3246 3477 3313 singulas
3492 3246 3712 3308 domos,

422 3333 672 3386 cessaria
694 3332 964 3397 prasbere,
986 3336 1045 3384 et
1066 3332 1396 3385 omnimodo
1420 3333 1651 3399 gestire,
1669 3339 1735 3388 ut
1754 3336 2019 3390 Chrisua-
2119 3356 2235 3407 quo
2262 3342 2492 3395 scilicet
2516 3342 2565 3393 si
2587 3341 2719 3406 quis
2742 3339 2964 3406 experti
2991 3338 3208 3404 aliquid
3228 3337 3463 3391 remedii
3476 3336 3711 3395 noverit,

422 3434 629 3475 norum
644 3420 991 3474 inibisemen
1012 3425 1368 3487 exsurgeret.
1391 3422 1498 3475 Sed
1514 3435 1648 3476 cum
1667 3424 1859 3489 regius
1876 3439 2020 3492 puer
2117 3434 2372 3485 conterat
2390 3431 2701 3484 laboranti.
2724 3431 2982 3494 Cumque
3003 3427 3209 3481 mulier
3233 3426 3503 3492 quaedam
3519 3438 3713 3492 parvu-

421 3511 790 3574 adolevisset,
804 3510 914 3571 cui,
929 3518 948 3540 ο
964 3510 1418 3574 procurationem
1428 3513 1592 3577 regni
1606 3515 1899 3578 gerebant,
1914 3530 2018 3569 ex-

424 3600 590 3666 pletis
613 3599 881 3651 omnibus
902 3604 961 3652 et
975 3612 1047 3652 ex
1062 3599 1175 3652 fide
1193 3598 1432 3662 traditis,
1454 3602 1704 3655 multum
1725 3603 1859 3657 licet
1882 3605 2018 3658 deti-

420 3688 695 3742 nentibus
719 3693 777 3741 et
802 3689 1160 3754 rogantibus,
1186 3695 1251 3742 ut
1266 3694 1583 3756 manerent,
1614 3692 1812 3758 regina
1836 3694 1929 3747 vel
1952 3695 2013 3747 il-

420 3777 516 3842 lio,
541 3778 615 3829 ad
640 3778 837 3831 orbem
863 3783 1053 3832 tamen
1080 3784 1347 3832 nostrum
1371 3785 1752 3835 revertuntur.
1777 3784 1847 3836 Et
1870 3785 2017 3836 Ede-

422 3867 506 3920 sio
518 3867 825 3921 festinante
836 3868 1074 3933 Tyrum,
1091 3871 1359 3935 parentes
1381 3870 1852 3938 propinquosque
1864 3874 2014 3926 revi-

422 3971 561 4022 sere,
625 3958 992 4011 Frumentius
1056 3959 1467 4013 Alexandriam
1532 3961 1735 4026 pergit,
1793 3962 2011 4024 dicens,

419 4060 656 4112 aequum
688 4060 810 4101 non
832 4061 962 4101 esse
996 4049 1096 4113 [Αι.
1124 4050 1231 4115 est]
1271 4061 1419 4115 opus
1449 4050 1738 4104 occultare
1760 4052 2016 4104 Domini-

416 4149 571 4190 cum.
602 4136 785 4202 Igitur
804 4150 929 4191 rem
958 4150 1208 4200 omnem,
1248 4144 1311 4191 ut
1329 4142 1494 4204 gesta
1515 4143 1607 4193 est
1626 4139 1865 4205 exponit
1887 4141 2016 4206 Epi-

418 4239 610 4291 scopo,
624 4238 691 4277 ac
703 4231 915 4290 monet,
934 4231 1001 4278 ut
1012 4226 1312 4292 provideat
1323 4228 1516 4281 virum
1535 4231 1677 4293 aliqu
1688 4244 1766 4279 em
1782 4231 2012 4295 dignum,

420 4326 612 4380 quem,
648 4317 1009 4380 congregatis
1027 4316 1146 4380 jam
1170 4316 1429 4381 plurimis
1456 4317 1809 4378 Christianis,
1835 4322 1892 4372 et
1911 4322 2015 4372 Ec-

2115 3522 2239 3575 lum
2274 3535 2443 3574 suum
2473 3534 2572 3586 per
2591 3533 2795 3573 omnes
2829 3518 3282 3572 circumtulisset
3312 3529 3385 3569 ex
3407 3528 3585 3579 more,
3610 3527 3713 3568 nec

2115 3611 2330 3677 aliquid
2344 3610 2597 3676 remedii,
2616 3613 2856 3663 cunctas
2876 3608 3077 3661 domos
3092 3606 3409 3669 lustrando,
3430 3605 3713 3671 capisset,

2114 3701 2273 3754 venit
2307 3701 2481 3754 etiam
2512 3699 2587 3753 ad
2620 3699 2922 3765 captivam.
2936 3703 3003 3752 ut
3036 3696 3239 3763 siquid
3255 3694 3715 3760 sciret,ostende-

2115 3795 2216 3843 ret.
2243 3789 2344 3843 Illa
2368 3803 2430 3842 se
2450 3789 2690 3842 humani
2712 3788 2948 3853 quidem
2960 3786 3197 3840 remedii
3215 3783 3357 3838 nihil
3373 3784 3519 3837 scire
3537 3787 3713 3838 testa-

2113 3881 2222 3939 tur,
2240 3881 2424 3931 Deum
2443 3880 2634 3931 tamen
2649 3891 2819 3930 suum
2834 3876 3119 3930 Christum
3134 3886 3303 3939 quem
3318 3872 3565 3935 colebat,
3581 3872 3714 3925 dare

2112 3968 2165 4020 ei
2188 3967 2546 4032 desperatam
2574 3969 2646 4020 ab
2664 3966 2999 4020 hominibus
3022 3977 3195 4030 posse
3218 3962 3479 4025 salutem,
3504 3961 3713 4015 contir-

2114 4060 2250 4109 mat.
2266 4058 2525 4121 Cumque
2550 4055 2731 4109 cilicio
2753 4068 2858 4108 suo
2879 4054 3216 4121 parvulum!
3232 4052 3711 4120 superposuisset,

2112 4152 2287 4211 atque
2301 4146 2429 4211 ipsa
2441 4146 2688 4211 desuper
2698 4145 3018 4199 orationem
3033 4144 3280 4197 fudisset
3294 4143 3368 4195 ad
3379 4142 3711 4205 Dominum,

2113 4248 2323 4287 sanum
2344 4235 2513 4287 matri
2537 4235 2785 4287 reddidit
2809 4235 3106 4286 infantem.
3123 4235 3321 4286 Sermo
3342 4231 3612 4293 defertur,
3638 4230 3713 4283 ad

2112 4324 2325 4391 plures,
2354 4323 2605 4387 factique
2629 4324 2781 4376 fama
2811 4323 3104 4388 magniﬁci
3128 4334 3313 4387 usque
3335 4320 3411 4374 ad
3433 4332 3601 4373 aures
3633 4332 3714 4372 re-

421 4403 613 4457 clesiis
656 4406 1004 4459 constructis
1034 4406 1094 4458 in
1140 4406 1441 4459 Barbarico
1481 4407 1620 4470 solo,
1666 4408 2013 4474 Episcopum
2036 4474 2079 4481 ’
2117 4414 2270 4481 gina
2282 4413 2767 4479 perlabitur.Quaa
2779 4412 2972 4467 dolore
2984 4413 3232 4478 quodam
3249 4410 3595 4477 gravissimo
3613 4425 3716 4460 oor-

421 4494 629 4547 mittat.
649 4494 797 4547 Tum
816 4507 953 4547 vero
969 4495 1324 4548 Athanasius
1340 4495 1380 4559 (⁴ι
1396 4509 1533 4550 nam
1552 4497 1603 4550 is
1623 4510 1809 4565 nuper
1830 4511 2013 4552 sacer-
2036 4474 2094 4548 D
2119 4474 2524 4570 poris-amicta,
2551 4504 2610 4557 in
2642 4474 3042 4570 desperatione
3074 4474 3331 4555 maxime.
3359 4503 3498 4555 erat.
3530 4501 3717 4565 Rogat

421 4582 641 4635 dotium
653 4586 1002 4649 susceperat)
1016 4585 1296 4639 attentius
1311 4590 1368 4639 et
1378 4588 1722 4653 propensius
1739 4591 2017 4639 Frumentii

422 4670 576 4723 dicta
594 4677 873 4738 gestaque
896 4674 1288 4734 considerans,
1312 4675 1371 4728 in
1395 4676 1634 4732 concilio
1656 4677 2021 4733 sacerdotum

482 4915 498 4934 ⁸
529 4905 900 4958 Guarnerian.
943 4922 1067 4956 cum
1102 4908 1321 4974 honore,
1349 4914 1407 4962 et
1434 4912 1639 4976 juncto
1669 4912 2015 4966 Bononiensi

425 4975 685 5050 aliisque,
914 4985 1058 5040 sunt,
1084 4980 1335 5046 denique
1366 4975 1490 5032 cum
1520 4997 1690 5047 parvo
1714 4984 1836 5047 filio
1859 4985 2015 5050 regni

413 5047 632 5114 reliquit
667 5048 773 5114 (Al,
808 5049 1096 5116 relinquit)‘
1136 5052 1414 5104 heredem.
1452 5054 1627 5106 Paulo
1665 5058 1799 5120 post
1828 5047 2015 5109 Bono-

413 5120 597 5174 niens.
629 5121 946 5188 simpliciter
960 5132 1169 5189 exorat,
1193 5125 1535 5179 Guanerian.
1559 5126 1878 5192 suppliciter
1892 5142 2014 5179 exo-

414 5192 583 5258 rabat,
607 5196 734 5246 tum
753 5199 800 5244 et
818 5196 1088 5262 praecipue
1112 5196 1484 5261 Frumentius,
1504 5196 1662 5262 cujus
1688 5202 1793 5251 etc.

470 5291 492 5320 ”
523 5291 683 5345 Idem
713 5293 968 5360 facerent,
996 5299 1157 5361 atque
1184 5295 1450 5355 Romano,
1475 5298 1585 5349 etc.

469 5400 487 5420 ⁸
518 5390 678 5444 Idem
702 5398 1112 5455 procuratorem
1131 5394 1307 5457 regni,
1329 5399 1459 5458 etc.,
1489 5396 1589 5460 qui
1607 5400 1667 5449 et
1688 5396 1822 5461 plus
1840 5397 2018 5450 habet

421 5462 586 5533 paulo
615 5469 765 5529 post,
792 5465 968 5515 denuo
991 5469 1335 5516 revertuntur
1359 5484 1372 5516 :
1397 5467 1794 5531 Bononiensis,
1818 5468 1894 5518 ad
1909 5482 2017 5533 ,ωο-

411 5532 524 5583 bem
555 5540 735 5585 tamen
761 5541 1005 5586 nostram
1026 5537 1201 5586 demto
1223 5543 1587 5589 revertuntur.

467 5632 488 5661 ⁴
522 5635 663 5695 Quae
679 5635 1009 5698 parenthesi
1025 5637 1477 5700 concluduntur,
1500 5641 1741 5701 preaterea
1765 5639 2021 5689 attentius

431 5710 477 5753 et
510 5707 685 5757 verba
707 5706 908 5760 reticet
928 5708 1312 5762 Bononiensis
1333 5709 1495 5762 liber.

452 5846 455 5849 .
480 5811 498 5832 ο
532 5805 575 5853 Ν
584 5816 699 5855 unc
711 5803 971 5868 Georgia,
984 5806 1212 5858 notiore
1227 5806 1530 5861 vocabulo.
1549 5805 1690 5861 Vide
1700 5806 2020 5861 Cellarium.

419 5873 821 5926 Guanerianus
849 5886 958 5925 ms.
981 5888 1117 5927 cum
1138 5877 1485 5942 aspiratione
1510 5878 1866 5944 Hyberorum,
1896 5883 2021 5933 tum

2120 4592 2194 4645 ad
2218 4606 2280 4647 se
2291 4594 2581 4659 captivam
2592 4592 2817 4647 deduci.
2834 4592 2937 4646 Illa
2951 4592 3033 4646 ire
3048 4592 3269 4650 abnuit,
3282 4603 3355 4644 ne
3364 4602 3516 4657 prws
3524 4602 3713 4642 umere

2120 4682 2369 4749 amplius
2412 4682 2631 4748 aliquid
2671 4694 2847 4747 quam
2885 4683 3090 4735 sexus"
3125 4681 3357 4743 sineret,
3403 4679 3710 4732 videretur.

2109 4915 2316 4979 juncto
2367 4916 2505 4980 Reg.
2556 4915 2738 4967 Vatic.
2775 4914 3003 4979 suscepit
3036 4925 3138 4979 pro
3180 4918 3495 4978 susceperat.
3528 4911 3712 4962 Bono-

2115 4987 2300 5039 niens.
2325 4986 2567 5052 suscipit.
2586 4985 2809 5039 Confer'
2835 4987 3123 5039 Socratem
3141 4983 3240 5037 lib.
3265 4983 3315 5039 1.
3341 4995 3466 5048 cap.
3490 4980 3579 5037 20.
3600 4992 3714 5052 non

2114 5056 2203 5113 26.
2235 5062 2303 5183 ut:
2325 5057 2569 5110 Cacciar.
2594 5062 2780 5121 notat,
2804 5060 2863 5109 et
2885 5060 3275 5127 Sozomenum-
3294 5055 3391 5107 lib.
3420 5056 3489 5106 Ii.
3513 5064 3635 5116 cap.
3662 5051 3715 5105 7.

2119 5143 2239 5183 non
2301 5166 2314 5181 .

2177 5236 2562 5292 '-Guanerian.
2610 5237 2790 5288 vellet:
2825 5242 2951 5291 tum
3004 5235 3279 5289 Christum
3326 5249 3376 5283 se
3422 5231 3712 5303 Dominum

2119 5309 2233 5373 hoc,
2261 5313 2367 5361 etc.
2391 5309 2565 5361 Paulo
2583 5313 2713 5373 post
2728 5321 2882 5360 unus
2902 5308 3083 5369 Vatic,
3097 5312 3142 5356 et
3161 5307 3281 5372 ipsa
3302 5317 3609 5370 perseveran
3619 5303 3714 5364 tia,

2117 5380 2371 5445 denique
2407 5380 2757 5433 Bononiens.
2787 5379 3037 5444 aﬂ‘erebai
3060 5389 3159 5443 pro
3186 5375 3460 5440 inferebat.
3568 5444 3575 5447 _

2181 5498 2199 5527 ε
2233 5488 2391 5541 idem
2420 5488 2796 5553 supposuisset,
2822 5487 3019 5539 minus
3042 5498 3194 5538 vere.

2184 5596 2205 5626 "
2241 5596 2479 5647 Intrusit
2502 5595 2825 5646 Cacciarius
2852 5595 3087 5659 famine
3110 5606 3184 5646 ex
3206 5603 3324 5644 uno
3340 5590 3516 5654 Regio
3534 5588 3707 5638 Vatic.

2122 5679 2226 5719 ms.
2263 5667 2507 5723 caeteris.
2551 5666 2763 5730 quibus
2796 5679 2944 5718 usus
2988 5667 3111 5727 ipse
3142 5670 3249 5724 est,
3289 5667 3355 5715 ut
3387 5668 3445 5712 et
3478 5660 3710 5730 nostris,

2119 5739 2375 5801 itemque
2399 5729 2650 5798 vulgatis
2682 5738 2951 5790 omnibus
2978 5737 3157 5799 libris,
3183 5735 3281 5799 qui
3311 5733 3549 5785 verbum
3576 5729 3710 5782 illud

2121 5808 2358 5862 minime
2415 5809 2656 5869 addunt,
2711 5808 3182 5862 reclamantibus.
3220 5807 3353 5858 Mox
3386 5803 3709 5857 Bononiens

2123 5879 2438 5946 simpliciter
2462 5894 2563 5947 pro
2592 5880 2843 5932 similiter
2864 5879 3018 5946 legit.
3406 5916 3410 5920 ς
