3900 6414
234 377 337 432 681

1148 365 1480 431 HISTORIA
1521 378 2082 430 ECCLESIASTICA.
2118 377 2329 429 LIBER
2361 378 2641 430 PRIMUS.

3435 381 3538 436 £89

230 500 435 562 Ipsam
460 512 524 552 se
546 499 746 565 regina
774 498 949 568 234
975 500 1175 553 deferri
1201 501 1274 552 ad
1305 501 1550 565 captivae
1574 500 1840 552 cellulam
1861 497 1915 569 Α
1946 505 2090 553 rent.
2137 501 2395 564 Cumque
2437 505 2627 553 erecta
2669 499 2853 564 prima
2889 499 2982 552 vel
3007 500 3278 564 secunda,
3301 507 3538 554 ventum

224 589 414 652 jubet.
443 589 628 651 Quam
650 590 911 642 similiter
934 589 1367 655 supracilicium
1385 603 1557 641 suum
1570 591 1838 654 positam,

229 678 507 730 invocato
533 678 740 730 Christi
761 680 1302 743 nomine,continuo
1331 684 1460 743 post
1483 691 1728 743 precem,
1749 692 1841 729 sa-

231 777 377 817 nam
400 769 460 818 et
488 765 737 819 alacrem
766 768 898 820 fecit
919 780 1250 832 exsurgere.
1288 767 1691 830 Christumque
1711 780 1841 818 esse

233 856 444 919 Deum,
470 856 573 908 Dei
590 857 802 908 summi
823 857 1168 920 Filium,qui
1195 856 1441 908 salutem
1465 856 1617 907 hanc
1643 859 1842 907 contu-

234 943 387 1007 lerit,
413 945 607 998 docet:
623 959 871 1010 eumque
895 959 1066 1010 quem
1083 947 1192 996 sibi
1208 950 1503 997 auctorem
1527 957 1651 997 suae
1671 946 1843 996 sciret

236 1047 371 1085 esse
397 1034 806 1086 incolumitatis
830 1040 887 1086 et
910 1037 964 1087 vi
975 1041 1066 1096 tm,
1083 1041 1411 1087 commonet
1428 1034 1837 1085 invocantium.

238 1124 444 1186 Ipsum
479 1136 729 1186 namque
764 1137 912 1186 esse,
936 1124 1034 1188 qui
1059 1128 1117 1175 et
1141 1123 1371 1187 regibus
1397 1135 1572 1186 regna
1603 1134 1619 1151 ι·
1643 1122 1842 1174 distri-

237 1213 403 1275 buat,
442 1217 500 1264 et
530 1214 870 1264 mortalibus
907 1214 1104 1265 vitam.
1148 1217 1225 1264 At
1245 1212 1341 1264 illa
1363 1225 1497 1263 cum
1520 1211 1722 1264 latitia
1742 1211 1844 1262 do—

239 1313 404 1352 mum
428 1314 709 1366 regressa,
731 1302 936 1354 marito
958 1302 1316 1366 percontanti
1337 1313 1598 1352 caussam
1617 1306 1735 1352 tam
1747 1314 1846 1352 su-

240 1390 384 1443 bitas
409 1391 676 1443 sanitatis
699 1392 939 1458 aperuit,
960 1391 1175 1455 quique
1201 1404 1333 1442 cum
1349 1404 1452 1456 pro
1465 1389 1651 1442 salute
1665 1394 1845 1450 conju-

242 1481 336 1545 gis
375 1479 567 1540 laetus,
609 1485 668 1533 et
690 1481 914 1532 mulieri
935 1491 1178 1531 munera
1202 1480 1676 1544 deferrijuberet,
1711 1479 1838 1530 illa:

242 1571 486 1629 Horum,
511 1570 718 1633 inquit,
738 1583 772 1620 ο
796 1583 916 1630 rex,
930 1567 1074 1621 nihil
1099 1569 1328 1632 captiva
1348 1569 1620 1633 dignatur
1635 1585 1646 1619 :
1663 1583 1844 1616 aurum

244 1659 508 1724 deepicit,
533 1664 838 1723 argentum
860 1659 1098 1722 respuit,
1116 1659 1334 1722 jejunio
1351 1659 1515 1722 quasi
1534 1659 1660 1709 cibo
1678 1661 1845 1718 pasci-

244 1754 341 1801 tur
367 1767 377 1796 :
400 1748 511 1800 hoc
536 1748 725 1800 solum
748 1749 799 1801 ei
819 1749 1074 1800 muneris
1090 1748 1378 1811 dabimus,
1393 1749 1441 1799 si
1462 1757 1614 1806 eum,
1633 1747 1731 1811 qui
1747 1763 1842 1810 me,

1939 590 2146 641 fuisset
2168 589 2240 640 ad
2264 590 2510 650 tertiam,
2527 591 2850 641 consumtis
2874 589 3141 641 omnibus
3165 589 3465 654 machinis,
3483 593 3540 644 et

1939 679 2112 730 boum
2149 679 2564 742 hominumque
2602 679 2854 742 viribus,
2901 692 3033 730 cum
3074 679 3262 730 media
3300 678 3361 730 in
3399 679 3536 731 obli-

1941 780 2120 831 quum
2147 769 2350 820 fuisset
2379 772 2653 831 erecta,et
2679 781 2807 832 pars
2826 767 3044 832 reliqua
3066 767 3240 819 nullis
3256 768 3540 820 machinis

1941 857 2274 920 erigeretur,
2320 857 2577 920 repetitis
2603 857 2856 908 secundo
2877 861 2933 908 et
2957 856 3122 908 tertio
3151 868 3216 907 ac
3239 857 3542 920 saepiusvi-

1940 946 2122 1009 ribus,
2153 959 2226 996 ne
2255 945 2378 996 loco
2411 947 2642 1009 quidem
2666 945 2884 998 moveri
2906 946 3118 996 attritis
3143 946 3415 996 omnibus
3440 959 3540 1008 po-

1942 1036 2069 1086 tuit.
2098 1035 2416 1086 Admiratio
2441 1040 2564 1086 erat
2587 1035 2765 1087 totius
2789 1035 3000 1100 populi,
3025 1036 3177 1099 regis
3202 1036 3540 1086 animositas

1941 1124 2287 1176 hebescebat
2312 1140 2323 1174 :
2343 1123 2480 1186 quid
2503 1124 2625 1175 ﬁeri
2648 1124 2900 1188 deberet,
2934 1137 3137 1176 omnes
3155 1124 3326 1175 simul
3343 1126 3539 1174 latebat.

1944 1213 2054 1264 Sed
2092 1227 2222 1264 cum
2261 1213 2592 1266 interventu
2637 1213 2821 1264 noctis
2864 1225 3066 1264 omnes
3096 1213 3540 1273 abscessissent,

1943 1303 2250 1366 cunctique
2268 1304 2538 1355 mortales
2563 1307 2620 1353 et
2647 1302 2773 1367 ipsa
2798 1314 2970 1367 opera
2994 1306 3305 1366 cessarent,
3319 1302 3543 1366 captiva

1946 1391 2068 1442 sola
2090 1391 2150 1442 in
2175 1392 2431 1443 oratione
2444 1396 2789 1456 pernoctans
2801 1390 3378 1443 mansitintrinsecus
3398 1405 3410 1441 :
3429 1405 3542 1439 cum

1951 1480 2054 1544 [AL
2085 1481 2349 1545 cumque]
2367 1494 2498 1533 ecce
2513 1481 2838 1533 matutinus
2863 1485 2919 1532 et
2936 1479 3146 1533 anxius
3164 1493 3296 1533 cum
3313 1480 3435 1532 suis
3447 1495 3546 1529 om-

1945 1570 2118 1621 nibus
2162 1570 2488 1634 ingrediens
2525 1584 2646 1634 rex,
2682 1569 2840 1623 videt
2877 1568 3224 1632 columnam,
3259 1581 3433 1633 quam
3462 1573 3546 1620 tot

1945 1660 2231 1711 machinas
2255 1672 2322 1710 ac
2352 1664 2433 1711 tot
2463 1659 2655 1724 populi
2679 1673 2910 1711 movere
2933 1671 3051 1712 non
3064 1661 3384 1723 quiverant,
3403 1671 3544 1711 erec-

1947 1751 2082 1809 tam,
2110 1755 2167 1800 et
2193 1761 2367 1814 supra
2391 1750 2574 1801 basim
2604 1762 2770 1801 suam
2794 1749 2996 1801 librate
3033 1761 3402 1814 suspensam,
3439 1760 3546 1799 nec

241 1837 342 1888 illa
380 1838 708 1899 invocante,
734 1839 976 1902 sanavit,
1000 1838 1291 1889 Christum
1313 1837 1334 1866 δ
1356 1839 1541 1889 Deum
1563 1836 1839 1888 colamus.
1867 1818 1920 1891 B
1948 1842 2144 1890 tamen
2171 1847 2188 1868 ε
2230 1841 2678 1904 superpositam,
2727 1839 2827 1890 sed
2878 1845 3153 1902 quantum
3188 1839 3359 1890 unius
3383 1839 3548 1902 pedis

244 1928 334 1978 Ad
359 1929 468 1979 hoc
495 1930 632 1979 tunc
653 1939 755 1978 rex
784 1931 1015 1992 segnior
1040 1926 1164 1986 fuit,
1185 1931 1242 1978 et
1262 1927 1490 1979 interim
1511 1926 1735 1978 distulit
1749 1939 1851 1978 see-

243 2019 379 2082 pius
404 2018 536 2069 licet
558 2019 632 2068 ab
650 2030 830 2069 uxore
855 2020 1264 2076 commonitus,
1289 2016 1470 2068 donec
1487 2017 1695 2069 accidit
1717 2029 1852 2080 qua-

245 2107 379 2158 dam
414 2108 507 2160 die
541 2113 790 2159 venante
828 2121 894 2160 eo
933 2107 991 2158 in
1016 2107 1178 2158 silvis
1218 2120 1352 2158 cum
1375 2107 1683 2158 comitibus
1708 2107 1846 2168 suis,

243 2197 542 2249 obscurari
583 2196 947 2249 densissimis
979 2197 1230 2249 tenebris
1267 2196 1440 2260 diem,
1485 2198 1542 2248 et
1562 2208 1664 2260 per
1687 2199 1850 2247 tetraa

247 2288 439 2339 noctis
462 2287 758 2339 horrorem
779 2287 907 2338 luce
921 2286 1227 2349 subducta,
1243 2287 1412 2338 caecis
1430 2286 1536 2338 iter
1550 2285 1848 2349 gressibus

246 2376 537 2441 denegari.
564 2375 729 2428 Alius
749 2375 860 2428 alio
883 2376 1097 2428 diversi
1123 2390 1193 2428 ex
1218 2376 1529 2428 comitibus
1562 2377 1846 2436 oberrant,

244 2467 370 2532 ipse
397 2468 558 2518 solus
582 2466 928 2518 densissima
944 2466 1288 2518 obscuritate
1302 2465 1710 2525 circumdatus,
1723 2466 1846 2524 quid

245 2562 461 2620 ageret,
489 2569 602 2619 quo
627 2568 692 2607 se
717 2559 964 2608 verteret
988 2556 1313 2606 nesciebat:
1344 2568 1476 2606 cum
1505 2558 1739 2618 repente
1755 2565 1849 2605 an-

246 2646 379 2697 xios
397 2645 600 2697 salutis
615 2645 1011 2708 desperatione
1026 2646 1250 2696 animos
1272 2644 1539 2708 cogitatio
1557 2646 1671 2692 talis
1681 2658 1850 2692 ascen-

247 2735 354 2786 dit.
381 2734 440 2785 Si
463 2747 596 2786 vere
622 2734 728 2799 [Αι.
777 2734 927 2798 vero]
956 2736 1112 2786 Deus
1139 2739 1228 2785 est
1250 2733 1516 2784 Christus
1538 2731 1650 2796 ille,
1674 2745 1846 2795 quem

248 2824 418 2875 uxori
479 2834 606 2875 suae
652 2824 872 2888 captiva
914 2825 1280 2888 praedixerat,
1327 2836 1484 2874 nunc
1535 2836 1596 2874 se
1641 2822 1712 2873 de
1756 2821 1847 2873 his

252 2913 505 2965 tenebris
539 2913 758 2973 liberet,
781 2917 863 2978 {ut
883 2915 1071 2978 ipsum
1099 2927 1171 2965 ex
1195 2913 1304 2965 hoc
1328 2913 1557 2965 omissis
1576 2912 1848 2964 omnibus

249 3001 481 3055 coleret.
511 3003 664 3055 Illico
688 3007 754 3054 ut
773 3003 900 3056 haec
923 3004 1180 3055 nondum
1203 3004 1404 3067 verbo,
1422 3002 1524 3054 sed
1549 3003 1671 3054 sola
1693 3015 1849 3053 men-

1951 1930 2135 1992 spatio
2160 1932 2220 1979 in
2249 1941 2379 1981 aere
2403 1929 2771 1994 pendentem.
2788 1931 2947 1979 Tunc
2972 1942 3108 1981 vero
3133 1942 3334 1980 omnes
3356 1929 3547 1993 populi

1950 2022 2291 2069 contuentes
2315 2024 2371 2070 et
2385 2019 2825 2083 magniﬁcantes
2843 2020 3048 2083 Deum,
3067 2031 3262 2070 veram
3276 2030 3406 2070 esse
3417 2019 3547 2079 regis

1948 2107 2138 2171 ﬁdem,
2184 2114 2240 2159 et
2285 2109 2529 2172 captivae
2575 2109 2909 2173 religionem
2946 2108 3248 2172 praesentis
3289 2106 3550 2159 miraculi

1948 2197 2280 2248 testimonio
2305 2197 2702 2261 perhibebant.
2730 2201 2796 2248 Et
2827 2210 2959 2248 ecce
2989 2197 3333 2248 mirantibus
3357 2196 3550 2248 adhuc

1950 2290 2005 2336 et
2019 2287 2384 2349 stupentibus
2396 2287 2641 2345 cunctis,
2662 2287 2722 2336 in
2738 2286 2922 2338 oculis
2939 2299 3138 2337 eorum
3157 2286 3378 2358 sensim
3395 2300 3548 2347 supra

1948 2375 2135 2426 basim
2160 2388 2346 2439 suam,
2371 2373 2528 2425 nullo
2561 2375 2949 2439 contingente,
2975 2375 3243 2426 columna
3264 2361 3545 2439 deposita,

1950 2475 2179 2514 summa
2202 2475 2339 2514 cum
2359 2462 2661 2515 libratione
2688 2463 2964 2515 consedit.
2990 2465 3128 2514 Post
3145 2464 3250 2516 hoc
3268 2463 3372 2527 [Αι.
3396 2461 3545 2526 hac]

1946 2552 2206 2616 reliquus
2229 2565 2506 2605 numerus
2532 2552 2933 2605 columnarum
2955 2557 3116 2604 tanta
3128 2552 3397 2605 facilitate
3417 2564 3549 2604 sus-

1946 2655 2166 2708 pensus
2207 2647 2315 2704 est,
2345 2645 2410 2695 ut
2437 2656 2639 2696 omnes
2676 2655 2808 2708 quas
2833 2643 3252 2708 superfuerant,
3290 2643 3417 2708 ipsa
3457 2643 3549 2695 die

1946 2731 2288 2793 locarentur.
2325 2735 2530 2785 Postea
2560 2746 2696 2785 vero
2729 2745 2908 2796 quam
2944 2731 3198 2785 Ecclesia
3245 2731 3550 2797 magniﬁce

1947 2828 2280 2875 constructa
2317 2828 2425 2887 est,
2457 2826 2516 2875 et
2541 2823 2737 2888 populi
2765 2823 2938 2875 ﬁdem
2964 2822 3065 2874 Dei
3089 2823 3306 2886 majore
3351 2821 3550 2874 ardore

1950 2912 2241 2974 sitiebant,
2289 2913 2532 2976 captivae
2580 2908 2754 2978 236
2780 2911 3018 2965 monitis
3040 2911 3114 2963 ad
3139 2914 3549 2977 Imperatorem

1950 3002 2392 3052 Constantinum
2432 2999 2844 3064 totiusvgentis
2889 2999 3099 3063 legatio
3132 3000 3383 3052 mittitur
3417 3012 3549 3051 :res

255 3096 313 3144 te
345 3091 675 3153 devoverat,
712 3093 935 3144 reddita
978 3093 1197 3144 mundo
1244 3092 1389 3156 dies,
1431 3105 1624 3157 regem
1657 3090 1732 3143 ad
1757 3104 1853 3142 ur-
1877 3092 2109 3166 Cgesta
2153 3089 2456 3152 exponitur
2496 3104 2508 3140 :
2546 3089 2876 3140 sacerdotes
2897 3089 2914 3118 ¹
2941 3087 3170 3140 mittere
3203 3093 3418 3151 oratur,
3448 3089 3546 3152 qui

255 3183 389 3233 bern
451 3182 712 3246 perducit
765 3181 1132 3234 incolumem.
1175 3182 1397 3245 Quique
1454 3181 1672 3245 reginae
1724 3193 1846 3232 rem
1946 3183 2199 3242 ceeptum
2236 3191 2371 3242 erga
2409 3191 2470 3230 se
2497 3179 2600 3230 Dei
2619 3190 2837 3230 munus
2860 3175 3179 3243 explerent.
3205 3178 3424 3239 Quibus
3454 3176 3550 3231 illo

252 3271 516 3335 protinus
548 3277 616 3323 ut
649 3279 815 3335 gesta
850 3276 942 3322 est
973 3271 1188 3335 pandit.
1217 3272 1455 3323 Evocari
1475 3272 1595 3334 jam
1614 3273 1851 3335 jamque

253 3360 566 3424 captivam,
611 3368 664 3412 et
708 3359 934 3412 colendi
976 3361 1153 3412 ritum
1200 3365 1266 3412 ut
1305 3361 1413 3411 sibi
1441 3360 1645 3421 tradat,
1670 3373 1851 3425 expo—

253 3450 402 3500 scit:
449 3461 636 3512 neque
677 3450 782 3514 [Αι.
829 3450 954 3514 nec]
1000 3463 1062 3501 se
1101 3449 1251 3502 ultra
1272 3449 1448 3502 alium
1469 3452 1656 3502 Deum
1677 3461 1852 3514 quam

251 3538 548 3590 Christum
571 3545 978 3591 veneraturum
1007 3553 1138 3591 esse
1163 3540 1483 3592 conﬁrmat.
1501 3539 1852 3602 Adestcapti-

253 3639 344 3686 va,
370 3627 574 3678 edocet
590 3638 607 3657 ε
632 3630 816 3679 Deum
841 3630 1162 3680 Christum:
1185 3629 1539 3694 supplicandi
1555 3630 1729 3681 ritum
1745 3630 1850 3694 [Αἰ.

253 3715 420 3777 ritus]
481 3717 902 3780 venerandique
939 3717 1202 3780 modum,
1250 3719 1598 3782 inquantum
1649 3719 1719 3770 de
1764 3721 1854 3771 his

259 3803 311 3871 2
321 3802 434 3871 35
449 3805 667 3868 aperire
682 3805 913 3860 feminze
929 3807 1016 3857 fas
1029 3812 1170 3871 erat,
1187 3807 1404 3871 pandit.
1425 3810 1674 3856 Fabricari
1689 3814 1854 3859 tamen

255 3892 572 3946 Ecclesiam
587 3895 1172 3960 monet,formamque
1187 3896 1502 3948 describit.l
1509 3896 1662 3960 gitur
1678 3905 1857 3961 rex,to-

256 3983 375 4035 tius
397 3984 589 4048 gentis
610 3985 821 4049 populo
845 3990 1176 4049 convocato,
1190 3998 1311 4038 rem
1324 3986 1397 4038 ab
1412 3985 1575 4038 initio
1590 3998 1722 4050 quae
1739 4002 1856 4050 erga

259 4086 325 4126 se
346 4085 413 4125 ac
434 4073 696 4138 reginam
719 4079 886 4138 gesta
907 4075 1112 4138 fuerat,
1135 4076 1390 4140 exponit,
1407 4075 1580 4128 ﬁdem
1598 4089 1710 4140 que
1733 4075 1859 4129 edo-

259 4167 371 4226 cet,
417 4168 476 4215 et
511 4163 774 4216 nondum
797 4164 1061 4216 initiatus
1084 4164 1145 4215 in
1168 4165 1367 4225 sacris,
1411 4164 1477 4216 ﬁt
1509 4178 1632 4218 sum
1666 4166 1858 4230 gentis

255 4252 590 4317 Apostolus.
617 4253 869 4306 Credunt
892 4254 998 4307 viri
1024 4265 1124 4319 per
1145 4267 1342 4319 regem
1356 4293 1370 4319 ,
1391 4254 1620 4308 feminas
1649 4268 1750 4320 per
1772 4268 1860 4307 re-

255 4342 480 4406 ginam:
508 4343 848 4408 cunctisque
863 4343 1016 4396 idem
1041 4343 1366 4397 volentibus
1381 4343 1634 4398 Ecclesia
1647 4349 1861 4396 exstrui-

1949 3281 2083 3320 cum
2107 3269 2263 3320 omni
2287 3268 2497 3332 gaudio
2522 3273 2580 3320 et
2601 3268 2815 3320 honore
2839 3267 3214 3326 transmissis,
3237 3266 3420 3319 multo
3441 3283 3553 3316 am-

1951 3357 2102 3423 plius
2128 3371 2199 3410 ex
2221 3358 2333 3411 hoc
2355 3357 2589 3410 laetatus
2613 3363 2721 3421 est,
2740 3370 2916 3421 quam
2931 3357 3314 3422 siincognitas
3329 3358 3552 3404 Romano

1951 3447 2189 3512 imperio
2214 3452 2421 3511 gentes
2446 3451 2501 3498 et
2524 3460 2704 3511 regna
2717 3447 2917 3511 ignota
2927 3446 3243 3511 junxisset.
3258 3445 3396 3497 Haec
3409 3446 3554 3494 nobis

1951 3536 2034 3589 ita
2055 3542 2240 3602 gesta,
2261 3537 2639 3589 ﬁdelissimus
2661 3537 2749 3589 vir
2773 3547 2789 3574 ε
2815 3537 3110 3597 Bacurius,
3148 3535 3337 3601 gentis
3371 3535 3555 3599 ipsius

1953 3640 2076 3689 rex,
2102 3633 2160 3678 et
2185 3627 2340 3691 apud
2363 3641 2470 3678 nos
2498 3627 2950 3679 Domesticorum
2974 3627 3178 3678 Comes
3195 3626 3303 3688 (cui
3327 3635 3555 3676 summa

1954 3720 2078 3767 erat
2127 3729 2263 3767 cura
2308 3720 2364 3766 et
2401 3715 2692 3780 religionis
2730 3721 2788 3767 et
2814 3715 3093 3778 veritatis)
3119 3713 3404 3779 exposuit,
3422 3723 3555 3764 cum

1953 3805 2258 3856 nobiscum
2294 3805 2584 3858 Palaestini
2611 3811 2748 3858 tunc
2770 3805 2971 3858 limitis
3001 3806 3151 3867 Dux,
3176 3803 3237 3855 in
3252 3805 3301 3854 'J
3306 3803 3557 3866 erosoly-

1955 3893 2068 3944 mis
2113 3893 2258 3944 satis
2297 3894 2658 3960 unanimiter,
2677 3894 2926 3958 degeret.
2952 3891 3063 3945 Sed
3085 3891 3159 3944 ad
3183 3893 3444 3956 coeptum
3469 3903 3558 3942 re-

1957 3982 2215 4035 deamus.

2537 4081 2820 4146 CAPUT
2850 4080 2969 4143 ΧΙ.

1959 4189 2033 4238 De
2072 4189 2392 4239 Constantia
2429 4202 2610 4239 sorore
2646 4187 3011 4250 Constantini,
3048 4192 3094 4234 et
3127 4184 3434 4250 Presbytero
3465 4199 3561 4248 per

2427 4273 2548 4308 eam
2586 4259 2755 4323 fratri
2791 4259 3091 4308 insinuata.

2025 4352 2404 4414 Posteaquam
2436 4349 2687 4414 religiosi
2717 4348 2991 4413 Principis
3008 4351 3189 4399 mater
3209 4347 3397 4394 Helena
3419 4358 3561 4394 sum-

262 4437 357 4484 tur
377 4431 661 4485 instanter
687 4451 698 4482 :
727 4437 783 4486 et
806 4433 1020 4486 elevato
1040 4435 1164 4498 jam
1188 4433 1209 4462 ⁴
1233 4434 1538 4499 perniciter
1559 4447 1857 4488 murorum
1875 4422 1934 4496 D
1961 4439 2073 4490 mis
2097 4439 2342 4490 Romani
2353 4439 2515 4503 regni
2529 4438 2847 4490 honoribus
2860 4436 3083 4499 affecta,
3096 4447 3170 4487 ex
3181 4435 3290 4487 hac
3309 4433 3438 4485 luce
3453 4434 3557 4482 dis-

259 4522 519 4587 ambitu,
563 4528 792 4587 tempus
815 4529 938 4577 erat
960 4537 1076 4588 quo
1101 4525 1388 4578 columna:
1411 4525 1674 4578 collocari
1693 4525 1863 4578 debe-

325 4755 343 4775 ³
368 4725 737 4798 Guarnerian.
786 4745 1078 4809 distribuit,
1111 4753 1176 4800 ut
1207 4753 1265 4801 et
1301 4747 1640 4802 Bononiens.
1673 4749 1769 4813 qui
1805 4752 1862 4801 et

260 4829 401 4870 mox
431 4817 545 4869 duo
570 4819 746 4870 verba
767 4833 892 4868 cum
915 4818 1100 4871 laetitia
1125 4821 1340 4873 reticet.

323 4915 344 4960 ξ’
370 4918 578 4969 Denuo
604 4917 1278 4971 Guarnerian.Christum
1295 4919 1594 4969 Dominum
1605 4918 1860 4970 colamus.

325 5023 344 5045 ‘
375 5017 715 5068 Rectissime
731 5016 857 5069 heic
879 5017 1114 5070 demum
1137 5024 1194 5070 et
1217 5031 1360 5071 mss.
1386 5019 1570 5072 nostri
1586 5024 1644 5071 et
1666 5019 1862 5084 vulga-

263 5089 307 5141 ti
351 5087 482 5140 libri
500 5131 503 5133 .
522 5090 725 5140 Omnes
761 5089 936 5138 Deum
961 5089 1262 5152 Christum,
1287 5096 1486 5143 contra
1509 5097 1682 5154 atque
1707 5091 1865 5144 Vati-

261 5160 393 5211 cani
428 5159 581 5223 apud
613 5161 964 5213 Cacciarium
997 5162 1214 5214 habent
1234 5163 1418 5212 Jesum
1445 5162 1739 5214 Christum.
1766 5165 1866 5214 Di-

263 5233 411 5285 citur
452 5232 527 5283 in.
555 5235 746 5284 vetere
777 5232 1099 5284 Christiana
1140 5234 1516 5299 lnscriptione
1564 5234 1868 5288 domestici

262 5302 474 5356 mustei
499 5303 701 5366 nostri,
720 5304 934 5353 Licinia
950 5306 1044 5368 pia
1053 5304 1261 5368 femina
1274 5307 1404 5356 Deo
1422 5308 1686 5358 Cnnrsro
1701 5322 1832 5356 cara
1851 5323 1866 5356 :

263 5374 418 5438 quod
444 5379 535 5426 est
557 5375 628 5427 de
652 5373 859 5427 Divina
881 5375 1092 5428 Christi
1115 5381 1323 5428 natura
1346 5379 1606 5430 omnium
1630 5377 1745 5430 fere
1780 5377 1870 5430 lu-

263 5447 730 5498 culentissimum
783 5449 1200 5510 testimonium,
1250 5454 1446 5514 utpote
1490 5451 1780 5513 marmori,
1812 5456 1870 5502 et

259 5519 383 5581 jam
412 5518 549 5571 inde
575 5530 611 5570 a
640 5519 843 5584 primis
867 5521 1140 5572 Ecclesiae
1164 5521 1414 5586 saeculis,
1432 5521 1803 5587 insculptum.

327 5615 351 5645 ⁴
386 5617 451 5667 In
498 5618 894 5670 Guarneriano
924 5619 1292 5683 pertinaciter,
1327 5619 1496 5684 male,
1530 5625 1677 5672 utet
1697 5620 1868 5686 paulo

263 5693 400 5752 post
426 5695 607 5753 erepta
631 5701 732 5754 pro
760 5696 946 5740 erecta.
979 5690 1324 5756 Plerumque
1357 5692 1642 5756 ejusmodi
1664 5693 1874 5744 menda

249 5760 431 5812 taciti
453 5761 833 5824 praeterimus.

333 5865 352 5886 ⁶
373 5857 530 5910 Idem
554 5860 852 5924 supposita,
878 5864 936 5913 et
957 5861 1125 5912 unius
1145 5859 1297 5926 pedis
1317 5862 1558 5926 spatium
1583 5877 1596 5914 :
1621 5862 1872 5927 denique

276 5929 411 5980 Tum
435 5944 554 5981 vero
584 5943 687 5996 pro
722 5931 885 5997 Tunc,
910 5936 1018 5985 etc.

1962 4529 2166 4589 cessit,
2200 4527 2537 4581 Constantia
2561 4532 2698 4580 tunc
2721 4526 2919 4578 Licinii
2938 4525 2958 4554 ἰ
2982 4524 3195 4587 relicta,
3222 4522 3411 4576 fratris
3439 4525 3562 4575 Au-

2022 4754 2038 4783 '
2058 4753 2355 4806 Interserit
2377 4751 2698 4804 Cacciarius
2721 4750 2839 4814 Dei,
2864 4749 3020 4814 quod
3037 4748 3288 4802 otiosum
3313 4747 3441 4800 heic
3451 4751 3564 4812 est,

1958 4831 2018 4878 et
2055 4839 2197 4878 mss.
2232 4824 2435 4888 nostri,
2463 4823 2716 4888 editique
2739 4821 2868 4874 libri
2891 4834 3094 4874 omnes
3117 4821 3399 4887 ignorant.
3425 4820 3562 4872 Mox

1958 4903 2151 4947 oratur
2185 4896 2530 4950 Bononiens.
2555 4908 2666 4947 ms.
2692 4907 2824 4948 cum
2848 4895 3100 4959 vulgatis
3122 4893 3297 4946 habet
3320 4904 3420 4958 pro
3438 4906 3563 4940 eaco-

1959 4973 2138 5018 ratur.

2023 5104 2040 5131 ι
2063 5095 2234 5145 Hunc
2279 5093 2454 5152 etiam
2496 5092 2828 5158 insequenti
2865 5093 3010 5144 libro
3043 5102 3165 5154 cap.
3205 5087 3292 5142 33.
3319 5088 3564 5140 Ruﬁnus

1961 5167 2224 5230 impense
2247 5165 2462 5229 laudat,
2485 5165 2669 5215 virum
2692 5165 2824 5228 fide,
2845 5161 3056 5229 pietate,
3082 5162 3282 5210 virtute
3309 5164 3354 5208 et
3383 5159 3564 5230 animi

1961 5242 2006 5286 et
2030 5236 2273 5301 corporis
2297 5235 2592 5300 insignem,
2616 5248 2790 5300 quem
2813 5241 2872 5288 et
2893 5246 2995 5299 pro
3021 5235 3364 5296 Imperatore
3380 5229 3566 5282 Theo-

1965 5307 2127 5358 dosio
2149 5306 2370 5358 fortiter
2399 5306 2768 5359 dimicantem
2795 5311 2995 5358 contra
3016 5303 3338 5367 Eugenium
3358 5301 3567 5364 Tyran-

1964 5391 2107 5431 num
2144 5389 2238 5430 an.
2275 5376 2397 5432 394.
2440 5382 2684 5428 testatur
2720 5377 3015 5428 cecidisse.
3056 5374 3321 5424 Zosimus
3346 5369 3443 5423 lib.
3470 5373 3564 5422 IV.

1965 5456 2096 5503 ante
2135 5449 2308 5501 ﬁnem
2334 5460 2469 5500 eum
2503 5447 2642 5500 dicit
2677 5447 2987 5498 oriundum
3020 5456 3094 5496 ex
3119 5444 3410 5505 Armenia,
3434 5455 3568 5505 que

1966 5522 2168 5575 Iberia
2186 5520 2432 5573 conﬁnis
2455 5523 2564 5583 est,
2587 5519 2777 5571 virum
2801 5523 2858 5569 et
2888 5516 3124 5568 malitite
3149 5515 3338 5568 omnis
3365 5526 3568 5579 expet»

1966 5600 2105 5658 tem,
2143 5598 2200 5645 et
2243 5592 2446 5644 bellica
2479 5589 2649 5642 laude
2681 5593 3071 5655 praestantem.
3111 5589 3176 5638 In
3219 5585 3570 5638 Bononiensi

1966 5679 2076 5719 ms.
2125 5664 2399 5716 Bacurilt's
2436 5662 2723 5724 scribitur,
2770 5664 3050 5725 corrupte.
3088 5659 3234 5712 Vide
3279 5658 3570 5710 Socratem

1966 5737 2063 5791 lib.
2089 5739 2132 5789 Ι.
2159 5750 2282 5802 cap.
2310 5735 2395 5792 “20.

2030 5863 2054 5894 "
2073 5865 2140 5915 In
2168 5875 2307 5916 mss.
2339 5861 2554 5915 nostris
2593 5857 2861 5918 derelicta,
2885 5857 3093 5910 marito
3116 5856 3333 5910 scilicet
3355 5855 3572 5909 Licinio

1965 5935 2284 6001 interfecto,
2309 5947 2344 5988 a
2369 5935 2746 5988 Constantino
2781 5932 2954 5984 fratre
2977 5934 3249 5994 suscepta
3276 5935 3385 5982 est.
3411 5929 3571 5980 Pres-
