3900 6390
468 399 574 454 483

1492 391 1733 441 RUFINI
1767 390 2260 451 AQUILEIENSIS
2303 390 2733 441 PRESBYTER]
2768 428 2775 433 .

3657 394 3761 448 484

464 510 624 575 gusti
671 507 889 560 solatiis
934 508 1219 557 utebatur.
1259 502 1403 552 Huic
1428 499 1635 552 accidit
1667 499 2061 563 presbyterum
2086 504 2137 577 Α
2163 504 2324 553 tanta
2346 501 2514 552 fuerit
2532 501 2764 552 Concilii
2786 501 3121 563 moderatio,
3147 508 3212 553 ut
3229 503 3429 555 nonin
3452 515 3759 568 personam

463 597 754 662 quendam
799 595 989 647 venire
1011 594 1071 644 in
1093 590 1373 651 notitiam,
1397 587 1641 639 latenter
1661 587 1923 651 partibus
1941 586 2059 638 Arii

464 686 772 738 faventem.
817 680 925 734 Sed
958 680 1008 731 is
1041 679 1223 744 primo
1256 676 1399 729 nihil
1427 676 1662 727 omnino
1698 674 1769 726 de
1792 674 1882 725 his
1906 673 2059 737 apud

468 785 720 826 sororem
744 769 1018 833 Principis
1043 767 1262 832 aperire
1287 781 1299 817 :
1329 766 1427 817 ubi
1444 777 1580 817 vero
1600 765 1783 815 multa
1815 762 2059 814 familia-

465 864 603 914 ritas
655 860 875 924 copiam
923 857 1150 918 tribuit,
1190 854 1468 920 paulatim
1521 864 1846 904 sermonem
1887 851 2061 915 ccepit

460 960 764 1015 aspergere
812 946 916 1011 [Αι.
955 944 1223 1011 aperire],
1254 943 1535 996 invidiam
1575 942 1773 993 dicens
1796 941 1931 991 Ario
1961 953 2060 1003 ge-

460 1044 738 1098 neratam,
778 1041 836 1088 et
868 1048 969 1100 pro
1019 1034 1418 1086 simultatibus
1450 1031 1687 1098 privatis
1714 1032 2060 1094 Episcopum

460 1141 634 1180 suum
652 1139 774 1178 rem
800 1125 1160 1177 contentiose
1185 1122 1595 1187 exagitavisse,
1615 1119 1956 1169 aemulationis
1968 1120 2060 1166 sli-

459 1217 617 1269 mulo
640 1214 957 1273 conﬂxum,
980 1214 1137 1277 quod
1162 1212 1335 1263 Arius
1358 1211 1511 1275 apud
1535 1210 1760 1274 plebem
1777 1210 1897 1256 satis
1914 1222 2059 1255 carus

459 1305 785 1357 haberetur.
825 1306 962 1356 Hmc
996 1307 1169 1365 atque
1198 1298 1535 1364 hujusmodi
1570 1296 1679 1349 alia
1704 1295 2059 1359 frequentius

462 1407 800 1459 suggerens,
846 1394 1071 1444 animos
1105 1388 1455 1442 Constantia).
1490 1399 1627 1438 suos
1657 1396 1674 1415 ·
1698 1385 1891 1437 efficit.
1918 1386 2058 1446 Quae

461 1498 595 1536 cum
630 1484 781 1535 diem
802 1482 1046 1544 obitura,
1069 1481 1398 1533 visitaretur
1425 1489 1457 1528 a
1482 1477 1671 1539 fratre,
1695 1480 1867 1538 atque
1890 1475 1962 1524 ab
1990 1486 2058 1524 eo

459 1572 666 1625 blande
690 1570 1069 1636 religioseque
1096 1567 1549 1634 compellaretur,
1575 1570 1893 1618 extremam
1919 1562 2057 1613 dici-

462 1669 553 1716 tur
585 1663 659 1713 ab
693 1674 759 1714 eo
803 1661 1047 1725 gratiam
1092 1658 1408 1723 p0pocisse.
1447 1661 1513 1708 ut
1550 1655 1954 1718 presbyterum
1996 1652 2057 1702 in

463 1751 903 1803 familiaritatem
936 1749 1229 1813 reciperet,
1269 1752 1326 1799 et
1349 1758 1483 1810 quae
1513 1744 1621 1795 sibi
1650 1744 1722 1795 ab
1746 1756 1811 1793 eo
1838 1754 1935 1806 pro
1955 1753 2057 1804 spe

2159 590 2305 653 ejus,
2349 589 2451 641 sed
2472 590 2541 651 Iin
2569 590 2908 653 dogmatum
2930 591 3269 655 pravitatem
3294 591 3463 643 fuerit
3482 592 3604 644 lata
3625 604 3761 645 sea-

2161 679 2354 740 tentia)
2381 679 2429 728 si
2446 684 2639 730 tamen
2668 682 2723 731 et
2746 680 3009 743 EpiscOpi
3031 679 3051 708 ‘
3077 681 3201 744 ejus
3225 680 3537 732 Alexandri
3558 697 3759 729 aer-om-

2158 766 2487 818 modaretur
2530 781 2822 819 assensus.
2873 769 2982 820 Sed
3024 772 3083 820 et
3126 770 3199 820 ab
3247 768 3335 820 his
3380 769 3617 832 quidem
3663 772 3761 832 qui

2158 856 2341 920 primo
2374 857 2579 919 emptis
2604 858 2733 921 ejus
2757 857 3033 921 faventes,
3060 871 3193 908 cum
3221 857 3591 910 simulatione
3617 859 3760 910 sub-

2159 946 2525 1010 scripserant,
2566 945 2724 997 facile
2762 952 3025 1010 receptus
3049 951 3156 999 est.
3176 948 3320 997 Cum
3347 960 3481 998 vero
3501 946 3759 1000 Alexan-

2158 1033 2342 1085 driam
2381 1036 2747 1099 perrexissizt,
2774 1035 2851 1085 ibi
2884 1048 3055 1086 omne
3097 1038 3225 1099 ejus
3255 1036 3534 1088 frustatur
3558 1036 3755 1100 incep-

2160 1127 2307 1173 tum:
2328 1124 2601 1185 quoniam
2624 1124 2855 1186 quidem
2881 1124 3027 1175 dolis
3053 1124 3205 1188 apud
3230 1125 3561 1188 ignorantes
3590 1125 3758 1177 locus

2159 1214 2262 1262 est.
2291 1212 2607 1263 scientibus
2634 1226 2784 1274 vero,
2810 1212 3005 1264 dolum
3023 1212 3335 1275 intendere,
3356 1226 3471 1264 non
3494 1213 3651 1265 aliud
3668 1219 3760 1263 est

2159 1313 2335 1365 quam
2366 1309 2385 1330 °
2420 1302 2602 1353 risum
2655 1315 2903 1354 movere.
2961 1304 3185 1355 Interea
3236 1303 3374 1353 dum
3427 1303 3554 1355 haec
3597 1303 3757 1366 apud

2159 1389 2565 1442 Alexandriam
2583 1390 2793 1443 frustra
2816 1392 3127 1455 agitantur,
3142 1392 3482 1443 venerabilis
3500 1396 3759 1451 Augustus

2158 1480 2565 1531 Constantinus
2596 1478 2767 1546 238
2799 1481 2859 1531 in
2883 1481 3217 1532 suburbana
3244 1479 3380 1532 villa
3403 1480 3759 1532 Nicomedia!

2162 1569 2483 1633 trigesimor
2509 1573 2565 1620 et
2586 1569 2770 1632 primo
2795 1570 3017 1633 imperii
3041 1571 3131 1620 sui
3166 1581 3316 1621 anno
3347 1569 3498 1622 diem
3520 1569 3759 1621 functus

2157 1663 2265 1721 est,
2290 1658 2485 1709 liberis
2508 1658 2579 1709 de
2604 1659 2975 1710 successione
3011 1659 3256 1711 Romani
3285 1660 3438 1710 orbis
3464 1665 3760 1709 testamento

2158 1747 2487 1800 haeredibus
2512 1748 2757 1812 scriptis.
2776 1750 2898 1809 Quo
2911 1748 2973 1799 in
2988 1753 3242 1813 tempore
3259 1748 3531 1812 quoniam
3542 1749 3751 1810 quidem

460 1847 517 1894 et
563 1841 746 1892 εᾶιυῐθ
791 1843 1196 1904 suggerantur.
1235 1836 1465 1888 δυάὶτθι
1502 1850 1513 1885 ε
1566 1847 1627 1884 se
1668 1832 1898 1895 quidem
1939 1831 2060 1894 iam
2084 1818 2139 1893 Β
2162 1838 2554 1901 Constantius,
2580 1839 2673 1889 cui
2698 1838 2946 1890 Orientis
2970 1851 3214 1902 regnum
3236 1838 3589 1899 decreverat,
3606 1851 3760 1903 prae-

462 1943 535 1982 ex
561 1929 581 1958 ¹³
606 1930 714 1981 hac
740 1930 866 1981 luce
887 1926 1279 1980 discedentem
1310 1924 1452 1977 nihil
1475 1935 1674 1975 curare
1698 1935 1713 1985 ;
1747 1933 1848 1985 pro
1872 1918 2061 1970 fratris

467 2031 604 2071 vero
626 2022 783 2070 statu
812 2014 984 2085 237
1013 2030 1144 2070 esse
1169 2015 1489 2077 sollicitam,
1518 2026 1591 2064 ne
1616 2013 1759 2063 forte
1782 2023 1881 2075 pro
1904 2009 2062 2059 inno.

458 2109 717 2161 centium
754 2107 943 2172 pmnis
972 2106 1136 2170 regni
1172 2105 1261 2157 sui
1292 2108 1584 2169 pateretur
1607 2099 1917 2152 excidium.
1937 2097 2062 2159 Qui-

458 2199 568 2249 bus
593 2196 686 2249 ille
710 2197 943 2250 monitis
966 2209 1002 2247 a
1021 2207 1213 2247 sorore
1240 2193 1613 2256 susceptis,et
1636 2189 1861 2241 fidelem
1879 2200 1981 2252 pro
1998 2199 2061 2238 se

459 2298 751 2351 germana:
776 2285 1220 2338 sollicitudinem
1237 2278 1960 2343 credens,acc0mmodavit
1977 2292 2061 2325 au-

459 2389 583 2428 rem
605 2377 941 2441 presbytero
967 2389 979 2425 :
1007 2379 1066 2427 et
1091 2372 1323 2426 interim
1339 2370 1603 2423 accersiri
1622 2369 1693 2420 de
1717 2369 2057 2416 exilioArium

450 2467 633 2531 jubet,
661 2470 728 2516 ut
751 2464 1243 2529 quemadmodum
1259 2462 1329 2513 de
1344 2461 1458 2512 fide
1475 2459 1727 2522 sentiret,
1745 2459 2058 2522 exponeret

461 2557 609 2608 Tum
637 2554 731 2606 ille
752 2540 927 2606 ﬁdem
951 2552 1307 2617 conscripsit,
1321 2563 1452 2615 qua:
1468 2562 1586 2601 non
1609 2548 1842 2612 quidem
1853 2560 2056 2596 sensum

458 2650 744 2708 nostrum,
790 2649 986 2697 tamen
1020 2643 1193 2697 verba
1220 2646 1418 2694 nostra
1440 2639 1732 2691 continere
1750 2635 2058 2701 professio-

460 2746 714 2798 nemque
739 2733 1045 2786 videretur.
1080 2732 1320 2784 Miratus
1344 2729 1579 2793 quidem
1603 2731 1693 2779 est
1726 2728 2053 2790 Imperator.

459 2828 517 2877 et
553 2824 778 2889 putavit
822 2836 997 2875 unam
1034 2821 1394 2884 eandemque
1423 2819 1483 2869 in
1515 2817 1697 2881 ipsius
1735 2819 1794 2866 et
1824 2812 2057 2865 Concilii

461 2914 683 2966 dudum
708 2914 858 2977 gesti
891 2910 1250 2977 expositione
1271 2906 1615 2960 sententiam
1641 2903 1942 2957 contineri:
1970 2906 2056 2953 ta-

465 3016 603 3055 men
631 3003 692 3054 in
732 3002 892 3053 nullo
936 2999 1159 3052 relaxat
1179 2998 1357 3050 animi
1381 3007 1399 3027 °
1421 2997 1697 3060 vigorem,
1724 2994 1826 3046 sed
1853 3005 2054 3045 rursus

458 3105 595 3144 eum
619 3091 693 3144 ad
721 3089 945 3143 concilii
968 3088 1209 3140 remittit
1224 3098 1469 3139 examen
1489 3106 1499 3135 :
1520 3085 1793 3149 quoniam
1817 3082 2052 3147 quidem

2164 1941 2298 1980 sens
2321 1941 2438 1979 non
2462 1934 2600 1985 erat,
2628 1928 2839 1979 dicitur
2868 1934 3086 1980 secreto
3109 1928 3433 1980 accersiens
3458 1927 3757 1993 presbyte-

2161 2031 2308 2081 rum,
2334 2030 2504 2081 quem
2528 2032 2561 2068 a
2586 2030 2782 2069 sorore
2794 2017 3265 2069 commendatum
3283 2029 3458 2082 supra
3473 2016 3754 2068 diximus.

2159 2112 2217 2159 et
2252 2107 2459 2159 exinde
2506 2106 2855 2158 familiariter
2884 2107 3164 2168 habitum,
3197 2105 3499 2158 tradidisse
3518 2106 3568 2157 ei
3587 2110 3760 2158 testa-

2157 2200 2421 2248 mentum
2465 2196 2616 2259 quod
2651 2196 2975 2259 scripserat,
3001 2200 3058 2245 et
3081 2195 3403 2247 obtestatus
3427 2196 3536 2246 sub
3561 2207 3756 2246 sacra~

2160 2291 2373 2346 mento,
2400 2298 2474 2337 ne
2498 2284 2600 2336 ulli
2624 2285 2734 2336 nisi
2759 2285 3093 2337 Constantio
3118 2298 3252 2336 cum
3276 2284 3623 2345 venisset,in
3638 2296 3761 2335 ma-

2156 2390 2269 2428 nus
2295 2375 2559 2427 traderet.
2596 2376 2699 2426 Cui
2725 2376 2896 2426 etiam
2919 2375 3071 2437 quod
3102 2374 3352 2426 eunuchi
3378 2375 3479 2438 qui
3503 2374 3757 2425 erantin

2159 2466 2368 2517 Palatio
2401 2466 2690 2527 favebant,
2716 2469 2839 2515 arte
2862 2464 3073 2515 indicio
3097 2463 3169 2515 de
3193 2463 3557 2528 Imperatoris
3568 2469 3758 2514 morte

2160 2567 2471 2619 suppresso
2494 2566 2681 2617 usque
2703 2553 2775 2604 ad
2802 2553 3122 2605 Constantii
3141 2552 3527 2617 prtesentiam,
3549 2551 3755 2603 multis

2155 2656 2304 2697 nova
2348 2644 2709 2695 tentantibus
2744 2643 3056 2708 oppressis,
3074 2653 3091 2680 ι
3114 2655 3206 2694 res
3230 2645 3374 2695 tutas
3395 2642 3755 2706 integraque

2154 2746 2502 2787 remansere.
2531 2734 2676 2785 Cum
2693 2745 2828 2784 vero
2845 2732 3217 2784 Constantius
3233 2731 3512 2794 affuisset,
3528 2730 3756 2794 deposi-

2158 2830 2282 2876 tum
2312 2824 2611 2889 presbyter
2633 2822 2905 2874 restituit.
2931 2822 3109 2886 Cujus
3125 2820 3755 2885 beneﬂciigratiatmpe-

2157 2919 2311 2967 rator
2331 2912 2492 2977 regni
2510 2911 2772 2977 cupidus,
2799 2912 2877 2963 ita
2904 2911 2956 2962 ei
2979 2910 3284 2962 devinctus
3314 2914 3417 2970 est,
3431 2914 3497 2960 ut
3519 2910 3616 2972 qui
3642 2909 3753 2959 im-

2159 3015 2350 3070 perare
2374 3002 2599 3054 cunctis
2623 3000 2903 3058 ambierit.
2928 3012 3004 3052 an
3026 2999 3122 3052 ilio
3146 2997 3528 3064 sibiimperari
3550 3009 3754 3061 mqua-

2149 3093 2379 3146 nimiter
2398 3096 2704 3157 pateretur.
2731 3093 2816 3142 Ex
2835 3103 2970 3154 quo,
2996 3088 3261 3142 devincta
3286 3088 3394 3139 sibi
3405 3089 3752 3152 Imperatore

456 3182 530 3234 ad
555 3179 999 3232 dedicationiem
1020 3176 1508 3241 Jerosolymorum
1521 3190 1592 3227 ex
1605 3176 1760 3227 omni
1773 3175 1909 3227 orbe
1924 3181 2058 3229 Coire
2082 3188 2131 3265 ρ
2156 3183 2326 3247 οωρίι
2362 3181 2431 3233 de
2466 3181 2585 3233 Arii
2620 3180 2985 3231 restitutione
3021 3190 3361 3243 suggerere,
3393 3181 3451 3228 et
3484 3176 3751 3227 nolentes

463 3270 789 3322 sacerdotes
814 3267 1220 3329 imitabantur,
1240 3266 1365 3318 11330
1386 3266 1459 3318 ad
1483 3279 1581 3319 808
1598 3266 2053 3334 denomineejus
2154 3272 2524 3337 adquiescere
2575 3269 2919 3332 sacerdotes,
2975 3268 3057 3320 uti
3097 3271 3340 3332 cogeret,
3382 3265 3745 3331 persuadere.

456 3358 737 3422 scribens,
760 3360 822 3408 ut
845 3357 895 3407 si
917 3355 1338 3420 expositionem
1359 3354 1493 3407 ﬁdei
1516 3357 1642 3419 ejus
1659 3358 1984 3421 probarent,
1998 3363 2055 3410 et

454 3461 591 3501 eum
615 3448 704 3500 vel
730 3459 831 3511 per
852 3445 1152 3510 invidiam,
1178 3449 1242 3496 ut
1265 3446 1576 3506 asserebat,
1594 3449 1732 3497 tunc
1744 3449 2049 3499 circumven.

453 3544 576 3588 tum
602 3536 987 3601 dinoscerent,
1006 3534 1098 3588 vel
1121 3547 1277 3585 nunc
1301 3534 1373 3585 ab
1389 3545 1579 3587 errore
1595 3537 1933 3598 correctum,
1947 3536 2053 3589 cle-

416 3622 423 3627 ’
451 3627 633 3679 menti
656 3638 790 3690 erga
812 3625 1006 3689 ipsum
1024 3624 1239 3690 judicio
1264 3624 2050 3689 uterentur(quandoquidem

449 3824 622 3887 byter
645 3823 746 3887 qui
768 3827 995 3876 tantum
1018 3822 1203 3887 gratia
1218 3827 1395 3886 atque
1418 3822 1757 3874 auctoritate
1774 3821 1927 3887 apud
1939 3838 2047 3871 eam

452 3895 695 3959 valebat,
718 3896 768 3947 is
790 3897 1062 3957 creditur,
1081 3895 1182 3957 qui
1205 3895 1525 3944 Eustathius
1545 3895 1602 3946 in
1629 3894 1785 3946 Actis
1805 3894 2049 3958 Cplitani

451 3969 795 4021 Arianorum
818 3966 1020 4019 concili
1040 3966 1379 4031 appellatur.
1411 3969 1556 4019 Sane
1588 3967 1741 4029 quod
1775 3968 1897 4030 ejus
1922 3966 2049 4017 heic

447 4052 661 4092 nomen
684 4040 1081 4104 supprimitur,
1104 4051 1223 4089 non
1247 4040 1391 4090 satis
1412 4050 1640 4091 caussa
1663 4043 1784 4090 erat
1801 4039 2046 4101 Valesio,

450 4119 516 4166 ut
539 4117 871 4178 suspectam
892 4112 1044 4164 hanc
1066 4111 1305 4163 haberet
1326 4114 1387 4162 et
1407 4110 1792 4163 narrationem
1807 4114 1863 4162 et
1873 4110 2046 4161 ﬁdem

446 4179 657 4238 Rufini.

513 4294 531 4311 ε
561 4282 721 4334 Idem
761 4279 946 4345 effecit.
976 4280 1113 4332 Mox
1152 4292 1307 4332 unus
1329 4280 1468 4345 Reg.
1492 4277 1675 4330 Vatic.
1710 4277 1841 4342 plus
1873 4277 2047 4332 habet

446 4372 482 4405 α
502 4354 678 4418 fratre
704 4352 1076 4403 Constantino.

510 4455 530 4481 ι’
574 4455 827 4504 Rursum
853 4451 1028 4503 iidem
1053 4449 1259 4512 act-luce,
1272 4448 1445 4502 tacito
1478 4448 1578 4498 hac
1596 4448 1950 4514 pronomine.

508 4562 525 4581 ε
559 4552 933 4603 Guarnerian.
994 4550 1249 4613 rigorem.
1317 4546 1521 4599 Confer
1577 4547 1767 4599 denuo
1827 4550 2042 4613 Socrat,

445 4634 605 4685 capp.
631 4621 718 4675 25.
745 4626 805 4673 et
828 4634 947 4684 seq.
979 4625 1036 4671 et
1062 4622 1120 4672 in
1145 4632 1269 4684 cap.
1310 4618 1398 4673 37.
1433 4619 1645 4670 Valesii
1667 4620 1854 4670 notas.

508 4720 527 4748 "
558 4720 900 4772 Bononiens.
927 4718 1040 4783 ejus
1085 4730 1402 4781 pronomen
1445 4719 1634 4769 tacet:
1670 4729 1803 4781 qum
1847 4721 2041 4770 autem

448 4792 888 4853 subsequuntur
902 4791 944 4839 A
954 4789 1207 4838 texandri
1222 4790 1734 4849 accommodaretur,
1749 4788 1829 4841 ita
1842 4802 2045 4852 reprae-

444 4866 652 4925 sentat,
672 4867 734 4913 ut
751 4862 935 4924 magis
952 4861 1203 4912 referant
1222 4860 1571 4910 Alexandriae
1593 4861 2039 4913 commodaretur.

447 4938 516 4987 Et
541 4946 682 4986 sane
705 4948 815 4983 com
826 4933 1138 4982 modarctur
1160 4945 1260 4997 pro
1290 4934 1783 4981 accommodaretur
1816 4934 2043 4997 praafert

443 5008 566 5072 ipse
607 5007 780 5057 etiam
816 5006 1185 5056 Guarnerian.
1218 5016 1326 5054 ms.
1375 5005 1521 5055 Tum
1561 5016 1693 5056 vero
1718 5004 1780 5055 in
1811 5010 2042 5069 promtu

444 5084 604 5130 esset
636 5082 709 5142 (si
733 5076 1100 5141 Alexandriae,
1127 5076 1382 5139 inquam,
1409 5088 1513 5140 pro
1528 5076 1835 5126 Alexandri
1864 5076 2039 5141 legas)

445 5152 719 5203 Rufinum
741 5151 813 5200 ab
838 5150 1282 5201 anachronismo
1302 5148 1743 5213 liberare,quem
1766 5149 2042 5212 gravissi-

445 5235 604 5276 mum
641 5235 875 5288 peccare
912 5221 1153 5273 videtur.
1183 5222 1301 5271 Etsi
1325 5220 1626 5285 enim,non
1650 5225 1712 5271 ut
1734 5221 2042 5283 vulgoeru-

447 5295 551 5345 diti
576 5295 838 5348 sentiunt
860 5307 1013 5345 anno
1039 5292 1159 5348 3‘26.
1190 5292 1291 5343 sed
1320 5293 1545 5344 biennio
1567 5297 1717 5357 post,
1745 5292 1867 5341 sive
1888 5304 2039 5342 anno

448 5366 679 5419 demum
696 5366 820 5421 3‘28.
836 5367 1162 5417 Alexandro
1180 5365 1560 5417 Athanasium
1578 5368 1638 5414 in
1650 5362 2040 5414 Alexandrina

445 5441 713 5491 cathedra
739 5440 1095 5490 successisse
1128 5435 1726 5498 existimamus(idque
1751 5447 1823 5485 ex
1848 5440 2039 5486 vetere

450 5512 696 5563 llistoria
719 5510 992 5574 acephala
1014 5523 1194 5575 nuper
1215 5510 1367 5560 edita
1390 5508 1551 5558 Tom.
1579 5507 1673 5555 ΙΙΙ.
1696 5507 2035 5564 Observation,

448 5585 507 5633 Li
517 5588 677 5634 terar.
705 5582 1046 5647 colligimus,
1062 5596 1174 5646 quo
1199 5584 1321 5633 loco
1338 5581 1563 5642 dicitur,
1584 5578 1880 5629 Consulatu
1898 5580 2037 5629 Gra-

441 5655 583 5703 tiani
614 5660 659 5704 et
691 5654 928 5718 Dagtaiﬂ
965 5669 1136 5718 usque
1160 5654 1232 5702 ad
1255 5658 1560 5715 sepitemem
1596 5648 1852 5713 Lupicini
1874 5656 1920 5699 et
1940 5652 2037 5702 Jo-

439 5726 558 5773 vini
620 5727 959 5775 consulatum
1003 5732 1047 5774 et
1109 5723 1343 5775 Valentis
1393 5721 1621 5772 secundo
1664 5720 1851 5785 Payni
1892 5724 2031 5777 XIV.

434 5796 623 5861 '[Junii
666 5796 739 5861 8.]
776 5798 835 5847 in
876 5797 1173 5849 Consulatu
1202 5794 1481 5859 ﬁniuntur
1510 5795 1885 5845 Athanasiani
1923 5797 2036 5849 XL.

441 5870 596 5932 quod
608 5877 694 5921 εει
707 5882 843 5921 cum
857 5868 1066 5922 Christi
1077 5866 1198 5922 368.
1212 5867 1696 5933 quadragesimus
1706 5870 2036 5918 Athanasiani

439 5941 818 6006 EpiScopatus
846 5939 1151 6007 concurrit)
1176 5941 1545 5994 nihilosecius
1569 5953 1702 5993 cum
1737 5940 1809 5993 de
1830 5941 2036 5995 exsilio

2713 3384 2993 3451 CAPUT
3033 3382 3186 3448 XII.

2247 3523 2320 3572 De
2352 3520 2676 3579 Alexandri,
2711 3525 2757 3569 et
2788 3517 3030 3571 Eusebii.
3054 3523 3213 3581 atque
3235 3516 3359 3567 Arii
3382 3516 3652 3579 conﬂictu.

2216 3631 2291 3680 Ea
2315 3631 2662 3693 tempestate
2684 3625 2838 3691 apud
2864 3623 3273 3677 Alexandriam
3290 3621 3664 3686 Alexander,“
3685 3622 3746 3673 in

2148 3824 2556 3879 Alexandriam
2593 3823 2764 3873 Arius
2798 3820 3091 3884 remeavit,
3119 3820 3241 3884 jam
3262 3830 3379 3870 non
3402 3816 3743 3877 Alexander,

2150 3899 2249 3950 sed
2279 3895 2631 3949 Athanasius
2656 3893 2965 3945 Ecclesiam
2989 3892 3240 3954 regebat.
3259 3891 3460 3953 Itaque
3475 3888 3637 3941 salva
3650 3901 3744 3940 res

2147 3970 2270 4032 erit,
2308 3969 2358 4020 si
2383 3978 2696 4032 suppresso
2721 3963 2987 4029 Episcopi
3020 3962 3273 4027 nomine,
3299 3972 3561 4026 reponas,
3585 3960 3741 4013 haud

2144 4040 2419 4105 equidem
2442 4039 2642 4090 invitis
2669 4050 2778 4088 ms.
2793 4035 3159 4086 Alexandriae.
3184 4034 3452 4086 Dicemus
3466 4032 3578 4085 hac
3594 4032 3665 4084 de
3681 4044 3741 4083 re

2146 4112 2354 4164 iterum
2377 4110 2618 4162 inferius
2642 4113 2779 4161 nota
2804 4108 2860 4157 h.

2208 4221 2226 4242 "
2260 4214 2326 4263 In
2359 4207 2734 4262 Guarnerian.
2770 4219 2879 4258 ms.
2917 4220 3085 4270 quam
3124 4219 3346 4254 rursum
3380 4217 3602 4266 movere,
3628 4206 3738 4255 etc.

2207 4309 2223 4339 '
2244 4310 2403 4361 Idem
2447 4319 2585 4359 cum
2618 4305 2966 4357 Bononiensi
2989 4303 3253 4354 tricesimo
3286 4309 3332 4352 et
3352 4303 3584 4368 primo:
3616 4305 3740 4353 tum

2144 4384 2286 4435 diem
2301 4381 2581 4443 defunctus
2605 4383 2696 4427 est.
2721 4377 3004 4429 Eusebius
3027 4376 3089 4427 in
3111 4376 3243 4426 Vita
3265 4373 3359 4425 lib.
3386 4374 3478 4425 IV.
3504 4385 3627 4437 cap.
3651 4370 3741 4433 53,

2143 4452 2387 4519 Imperii,
2426 4450 2633 4512 inquit,
2667 4447 3001 4497 curriculum
3036 4446 3241 4496 duobus
3256 4452 3301 4495 et
3322 4445 3551 4519 triginta
3573 4444 3740 4519 annis

2143 4514 2387 4591 explevit,
2412 4520 2640 4587 exceptis
2663 4519 2946 4581 mensibus,
2972 4524 3017 4591 et
3033 4518 3213 4568 diebus
3234 4518 3443 4582 paucis,
3457 4520 3566 4568 etc.
3596 4514 3739 4566 Vide

2063 4610 2121 4682 D
2143 4590 2251 4650 nos
2274 4597 2333 4648 in
2355 4595 2636 4646 Chronico
2660 4590 3126 4654 Hieronymiano.

2205 4707 2221 4735 ε
2249 4694 2399 4748 Olim
2438 4692 2595 4754 editi,
2628 4696 2694 4743 ut
2715 4695 2772 4743 et
2807 4688 3177 4741 Guarnerian.
3214 4700 3324 4739 ms.
3347 4686 3596 4754 restitutae
3619 4697 3737 4736 uno

2143 4742 2459 4830 verbo—pro
2478 4742 2595 4813 33¢;
2611 4742 2746 4812 tutae.
2760 4742 2881 4812 Ms.
2910 4761 3004 4813 alii
3031 4759 3366 4830 emendant.
3382 4742 3529 4810 Tum
3554 4756 3736 4830 nostri

2141 4827 2388 4888 mansere
2438 4847 2540 4900 pro
2593 4847 2914 4883 remansere.
2963 4831 3136 4883 Paulo
3183 4832 3315 4896 post
3359 4827 3736 4881 Bononiensis

2140 4911 2315 4961 ferme
2359 4907 2572 4958 rectius
2608 4905 2923 4969 imperitare
2957 4902 3160 4953 cunctis
3184 4914 3287 4966 pro
3308 4901 3594 4966 imperare,
3621 4902 3730 4951 etc.

2142 4988 2268 5035 tum
2290 4994 2495 5042 semper
2512 4990 2611 5042 pro
2640 4976 2760 5041 sibi,
2782 4975 2937 5039 quod
2956 4976 3137 5040 primo
3153 4974 3419 5027 occurrit.
3439 4975 3504 5024 In
3530 4985 3737 5042 sequen-

2142 5056 2296 5106 tibus
2321 5041 2692 5103 GUarnerian.
2716 5048 2954 5098 devincto
2985 5046 3090 5096 sibi
3114 5044 3459 5111 Imperatori,
3483 5049 3657 5107 atque
3677 5041 3734 5093 id

2140 5126 2318 5178 ferme
2341 5122 2555 5176 rectius
2577 5134 2678 5186 pro
2701 5121 3046 5185 Imperatore.

2202 5224 2223 5253 ¹³
2254 5226 2417 5276 Unus
2445 5224 2581 5285 Reg.
2613 5220 2795 5271 Vatic.
2829 5217 2985 5283 apud
3009 5214 3422 5280 Jerosolymam.
3449 5215 3732 5285 Craterum

2139 5296 2514 5360 quantumvis
2533 5283 2665 5345 haec
2689 5291 2889 5354 late,ut
2909 5288 3232 5341 Cacciarius
3249 5290 3463 5345 monet,
3483 5283 3733 5348 accipias

2139 5365 2606 5431 quandoquidem
2630 5361 2937 5415 Alexandri
2950 5360 3732 5433 ,temporibusilliganturquse

2139 5428 2336 5490 solidis
2363 5428 2436 5488 ab
2461 5438 2591 5499 ejus
2611 5435 2771 5486 obitu
2793 5433 3055 5495 annis,et
3078 5432 3187 5482 sub
3212 5428 3530 5481 Athanasio
3555 5428 3734 5499 conti-

2136 5514 2363 5574 gerunt,
2381 5494 2594 5572 magno
2615 5506 2890 5558 Rufinum
2904 5502 3349 5556 anachronismo
3363 5500 3642 5574 labonire,
3654 5494 3730 5546 fa-

2138 5568 2376 5634 tendum
2411 5568 2518 5631 est.
2552 5578 2731 5641 quue
2763 5579 2973 5628 mirum
3012 5574 3217 5638 magis,
3243 5570 3401 5636 quod
3423 5570 3495 5623 ab
3516 5570 3587 5641 iis
3608 5568 3729 5630 ipse

2138 5653 2495 5717 temporibus
2518 5655 2636 5701 tam
2668 5650 2926 5714 proxime
2949 5649 3166 5710 aberat,
3184 5652 3249 5698 ut
3270 5648 3465 5717 ipsum
3478 5642 3728 5695 Athana-

2139 5714 2309 5785 sium,
2336 5729 2395 5775 et
2409 5723 2509 5786 qui
2534 5722 2693 5774 hisce
2714 5720 3074 5774 rebusinterf
3074 5724 3284 5771 uerunt
3298 5714 3512 5768 multos
3528 5727 3728 5786 noscere

2137 5784 2404 5864 potuerit,
2428 5784 2523 5847 vel
2545 5795 2719 5846 etiam
2742 5794 2814 5845 de
2835 5793 2976 5844 facie
2998 5792 3243 5864 noverit.
3262 5789 3371 5841 Sed
3387 5790 3508 5840 erat
3530 5784 3727 5864 utique

2136 5861 2273 5924 olim
2296 5867 2693 5931 Chronologiaa
2726 5866 2958 5929 quidam
2980 5862 3160 5915 veluti
3182 5866 3536 5936 conterritus,
3555 5861 3725 5936 atque

2134 5939 2418 6007 ignoratio
2445 5954 2458 5992 :
2486 5941 2547 5991 in
2577 5930 2966 5991 Alexandrina
2994 5940 3195 5988 autem
3224 5930 3480 5986 Ecclesia
3510 5930 3720 5987 Ariani,
