  <div class='ocr_page' id='page_1' title='image "/cluster/home/n/w/nwhite01/storage/ocr_20150623/21/umn.319510024773153/246.png"; bbox 0 0 3900 6416; ppageno 0'>
   <div class='ocr_carea' id='block_1_1' title="bbox 166 438 271 493">
    <p class='ocr_par' dir='ltr' id='par_1_1' title="bbox 166 438 271 493">
     <span class='ocr_line' id='line_1_1' title="bbox 166 438 271 493; baseline 0 0"><span class='ocrx_word' id='word_1_1' title='bbox 166 438 271 493; x_wconf 65' lang='grc'><strong>485</strong></span> 
     </span>
    </p>
   </div>
   <div class='ocr_carea' id='block_1_2' title="bbox 1069 433 2559 486">
    <p class='ocr_par' dir='ltr' id='par_1_2' title="bbox 1069 433 2559 486">
     <span class='ocr_line' id='line_1_2' title="bbox 1069 433 2559 486; baseline 0.001 -3"><span class='ocrx_word' id='word_1_2' title='bbox 1069 433 1409 486; x_wconf 85' lang='lat' dir='ltr'><strong>HISTORIA</strong></span> <span class='ocrx_word' id='word_1_3' title='bbox 1445 433 2007 486; x_wconf 87' lang='lat' dir='ltr'><strong>ECCLESIASTICA.</strong></span> <span class='ocrx_word' id='word_1_4' title='bbox 2050 434 2259 486; x_wconf 85' lang='lat' dir='ltr'><strong>LIBER</strong></span> <span class='ocrx_word' id='word_1_5' title='bbox 2294 434 2559 486; x_wconf 82' lang='lat' dir='ltr'><strong>PRIMUS</strong></span> 
     </span>
    </p>
   </div>
   <div class='ocr_carea' id='block_1_3' title="bbox 3366 440 3470 493">
    <p class='ocr_par' dir='ltr' id='par_1_3' title="bbox 3366 440 3470 493">
     <span class='ocr_line' id='line_1_3' title="bbox 3366 440 3470 493; baseline 0.019 -2"><span class='ocrx_word' id='word_1_6' title='bbox 3366 440 3470 493; x_wconf 66' lang='grc'><strong>486</strong></span> 
     </span>
    </p>
   </div>
   <div class='ocr_carea' id='block_1_4' title="bbox 162 543 3467 623">
    <p class='ocr_par' dir='ltr' id='par_1_4' title="bbox 162 543 3467 623">
     <span class='ocr_line' id='line_1_4' title="bbox 162 543 3467 623; baseline -0.001 -19"><span class='ocrx_word' id='word_1_7' title='bbox 162 548 541 615; x_wconf 85' lang='lat' dir='ltr'><strong>Jerosolymis</strong></span> <span class='ocrx_word' id='word_1_8' title='bbox 561 546 849 600; x_wconf 77' lang='lat' dir='ltr'><strong>Maximus</strong></span> <span class='ocrx_word' id='word_1_9' title='bbox 865 544 1178 607; x_wconf 86' lang='lat' dir='ltr'><strong>confessor,</strong></span> <span class='ocrx_word' id='word_1_10' title='bbox 1202 543 1355 609; x_wconf 90' lang='lat' dir='ltr'><strong>apud</strong></span> <span class='ocrx_word' id='word_1_11' title='bbox 1371 544 1767 597; x_wconf 86' lang='lat' dir='ltr'><strong>Constantino-</strong></span> <span class='ocrx_word' id='word_1_12' title='bbox 1789 549 1845 623; x_wconf 73' lang='grc' dir='ltr'>Α</span> <span class='ocrx_word' id='word_1_13' title='bbox 1870 544 1991 597; x_wconf 93' lang='lat' dir='ltr'><strong>lum</strong></span> <span class='ocrx_word' id='word_1_14' title='bbox 2034 545 2365 598; x_wconf 83' lang='lat' dir='ltr'><strong>deﬂuxere:</strong></span> <span class='ocrx_word' id='word_1_15' title='bbox 2406 546 2488 597; x_wconf 89' lang='lat' dir='ltr'><strong>ita</strong></span> <span class='ocrx_word' id='word_1_16' title='bbox 2539 545 2634 598; x_wconf 89' lang='lat' dir='ltr'><strong>tali</strong></span> <span class='ocrx_word' id='word_1_17' title='bbox 2672 545 2732 597; x_wconf 89' lang='lat' dir='ltr'><strong>in</strong></span> <span class='ocrx_word' id='word_1_18' title='bbox 2766 545 2892 599; x_wconf 93' lang='lat' dir='ltr'><strong>loco</strong></span> <span class='ocrx_word' id='word_1_19' title='bbox 2947 546 3183 612; x_wconf 77' lang='lat' dir='ltr'><strong>dignam</strong></span> <span class='ocrx_word' id='word_1_20' title='bbox 3226 553 3467 601; x_wconf 83' lang='lat' dir='ltr'><strong>mortem</strong></span> 
     </span>
    </p>
   </div>
   <div class='ocr_carea' id='block_1_5' title="bbox 160 634 1765 707">
    <p class='ocr_par' dir='ltr' id='par_1_5' title="bbox 160 634 1765 707">
     <span class='ocr_line' id='line_1_5' title="bbox 160 634 1765 707; baseline -0.006 -13"><span class='ocrx_word' id='word_1_21' title='bbox 160 640 341 707; x_wconf 91' lang='lat' dir='ltr'><strong>polim</strong></span> <span class='ocrx_word' id='word_1_22' title='bbox 384 651 550 705; x_wconf 61' lang='lat' dir='ltr'><strong>atque</strong></span> <span class='ocrx_word' id='word_1_23' title='bbox 584 635 930 701; x_wconf 82' lang='lat' dir='ltr'><strong>Alexander,</strong></span> <span class='ocrx_word' id='word_1_24' title='bbox 968 639 1033 687; x_wconf 91' lang='lat' dir='ltr'><strong>ut</strong></span> <span class='ocrx_word' id='word_1_25' title='bbox 1075 648 1150 687; x_wconf 87' lang='lat' dir='ltr'><strong>ex</strong></span> <span class='ocrx_word' id='word_1_26' title='bbox 1192 634 1495 687; x_wconf 83' lang='lat' dir='ltr'><strong>Athanasii</strong></span> <span class='ocrx_word' id='word_1_27' title='bbox 1536 634 1765 700; x_wconf 81' lang='lat' dir='ltr'><strong>scriptis</strong></span> 
     </span>
    </p>
   </div>
   <div class='ocr_carea' id='block_1_6' title="bbox 162 723 1768 795">
    <p class='ocr_par' dir='ltr' id='par_1_6' title="bbox 162 723 1768 795">
     <span class='ocr_line' id='line_1_6' title="bbox 162 723 1768 795; baseline -0.006 -12"><span class='ocrx_word' id='word_1_28' title='bbox 162 729 571 795; x_wconf 87' lang='lat' dir='ltr'><strong>comperimus,</strong></span> <span class='ocrx_word' id='word_1_29' title='bbox 589 725 905 779; x_wconf 88' lang='lat' dir='ltr'><strong>sacerdotio</strong></span> <span class='ocrx_word' id='word_1_30' title='bbox 927 724 1333 787; x_wconf 78' lang='lat' dir='ltr'><strong>fungebantur.</strong></span> <span class='ocrx_word' id='word_1_31' title='bbox 1353 723 1462 774; x_wconf 90' lang='lat' dir='ltr'><strong>Sed</strong></span> <span class='ocrx_word' id='word_1_32' title='bbox 1486 724 1768 775; x_wconf 88' lang='lat' dir='ltr'><strong>Eusebius</strong></span> 
     </span>
    </p>
   </div>
   <div class='ocr_carea' id='block_1_7' title="bbox 162 812 1770 885">
    <p class='ocr_par' dir='ltr' id='par_1_7' title="bbox 162 812 1770 885">
     <span class='ocr_line' id='line_1_7' title="bbox 162 812 1770 885; baseline -0.005 -13"><span class='ocrx_word' id='word_1_33' title='bbox 162 820 268 885; x_wconf 86' lang='lat' dir='ltr'><strong>qui</strong></span> <span class='ocrx_word' id='word_1_34' title='bbox 297 819 449 885; x_wconf 90' lang='lat' dir='ltr'><strong>apud</strong></span> <span class='ocrx_word' id='word_1_35' title='bbox 489 815 879 870; x_wconf 86' lang='lat' dir='ltr'><strong>Nicomediam</strong></span> <span class='ocrx_word' id='word_1_36' title='bbox 915 819 1054 877; x_wconf 91' lang='lat' dir='ltr'><strong>erat,</strong></span> <span class='ocrx_word' id='word_1_37' title='bbox 1091 812 1162 864; x_wconf 92' lang='lat' dir='ltr'><strong>de</strong></span> <span class='ocrx_word' id='word_1_38' title='bbox 1200 814 1369 878; x_wconf 82' lang='lat' dir='ltr'><strong>cujus</strong></span> <span class='ocrx_word' id='word_1_39' title='bbox 1406 813 1770 865; x_wconf 72' lang='lat' dir='ltr'><strong>srmulatione</strong></span> 
     </span>
    </p>
   </div>
   <div class='ocr_carea' id='block_1_8' title="bbox 170 900 1772 976">
    <p class='ocr_par' dir='ltr' id='par_1_8' title="bbox 170 900 1772 976">
     <span class='ocr_line' id='line_1_8' title="bbox 170 900 1772 976; baseline -0.008 -15"><span class='ocrx_word' id='word_1_40' title='bbox 170 904 348 976; x_wconf 80' lang='lat'><strong>239</strong></span> <span class='ocrx_word' id='word_1_41' title='bbox 364 907 426 959; x_wconf 91' lang='lat' dir='ltr'><strong>in</strong></span> <span class='ocrx_word' id='word_1_42' title='bbox 446 903 866 959; x_wconf 84' lang='lat' dir='ltr'><strong>subscribendo</strong></span> <span class='ocrx_word' id='word_1_43' title='bbox 886 914 1060 967; x_wconf 88' lang='lat' dir='ltr'><strong>supra</strong></span> <span class='ocrx_word' id='word_1_44' title='bbox 1083 901 1360 965; x_wconf 80' lang='lat' dir='ltr'><strong>diximus,</strong></span> <span class='ocrx_word' id='word_1_45' title='bbox 1376 900 1627 965; x_wconf 86' lang='lat' dir='ltr'><strong>amplam</strong></span> <span class='ocrx_word' id='word_1_46' title='bbox 1651 907 1772 949; x_wconf 84' lang='lat' dir='ltr'><strong>tem-</strong></span> 
     </span>
    </p>
   </div>
   <div class='ocr_carea' id='block_1_9' title="bbox 165 990 1772 1063">
    <p class='ocr_par' dir='ltr' id='par_1_9' title="bbox 165 990 1772 1063">
     <span class='ocr_line' id='line_1_9' title="bbox 165 990 1772 1063; baseline -0.006 -13"><span class='ocrx_word' id='word_1_47' title='bbox 165 998 322 1063; x_wconf 90' lang='lat' dir='ltr'><strong>poris</strong></span> <span class='ocrx_word' id='word_1_48' title='bbox 352 1001 562 1049; x_wconf 89' lang='lat' dir='ltr'><strong>nactus</strong></span> <span class='ocrx_word' id='word_1_49' title='bbox 591 994 972 1055; x_wconf 83' lang='lat' dir='ltr'><strong>occasionem,</strong></span> <span class='ocrx_word' id='word_1_50' title='bbox 1001 995 1060 1043; x_wconf 93' lang='lat' dir='ltr'><strong>et</strong></span> <span class='ocrx_word' id='word_1_51' title='bbox 1084 990 1326 1055; x_wconf 88' lang='lat' dir='ltr'><strong>Principi</strong></span> <span class='ocrx_word' id='word_1_52' title='bbox 1349 1003 1451 1055; x_wconf 91' lang='lat' dir='ltr'><strong>per</strong></span> <span class='ocrx_word' id='word_1_53' title='bbox 1472 991 1772 1055; x_wconf 84' lang='lat' dir='ltr'><strong>presbyte-</strong></span> 
     </span>
    </p>
   </div>
   <div class='ocr_carea' id='block_1_10' title="bbox 164 1080 1773 1147">
    <p class='ocr_par' dir='ltr' id='par_1_10' title="bbox 164 1080 1773 1147">
     <span class='ocr_line' id='line_1_10' title="bbox 164 1080 1773 1147; baseline -0.006 -7"><span class='ocrx_word' id='word_1_54' title='bbox 164 1100 299 1139; x_wconf 87' lang='lat' dir='ltr'><strong>rum</strong></span> <span class='ocrx_word' id='word_1_55' title='bbox 320 1084 616 1139; x_wconf 81' lang='lat' dir='ltr'><strong>familiaris</strong></span> <span class='ocrx_word' id='word_1_56' title='bbox 639 1084 901 1147; x_wconf 81' lang='lat' dir='ltr'><strong>eﬂ&#39;ectus,</strong></span> <span class='ocrx_word' id='word_1_57' title='bbox 939 1080 1236 1134; x_wconf 89' lang='lat' dir='ltr'><strong>revolvere</strong></span> <span class='ocrx_word' id='word_1_58' title='bbox 1269 1080 1480 1144; x_wconf 88' lang='lat' dir='ltr'><strong>omnia,</strong></span> <span class='ocrx_word' id='word_1_59' title='bbox 1516 1084 1690 1144; x_wconf 90' lang='lat' dir='ltr'><strong>atque</strong></span> <span class='ocrx_word' id='word_1_60' title='bbox 1714 1080 1773 1131; x_wconf 92' lang='lat' dir='ltr'><strong>in</strong></span> 
     </span>
    </p>
   </div>
   <div class='ocr_carea' id='block_1_11' title="bbox 166 1170 1771 1235">
    <p class='ocr_par' dir='ltr' id='par_1_11' title="bbox 166 1170 1771 1235">
     <span class='ocr_line' id='line_1_11' title="bbox 166 1170 1771 1235; baseline -0.006 -6"><span class='ocrx_word' id='word_1_61' title='bbox 166 1177 395 1229; x_wconf 88' lang='lat' dir='ltr'><strong>irritum</strong></span> <span class='ocrx_word' id='word_1_62' title='bbox 423 1186 693 1228; x_wconf 87' lang='lat' dir='ltr'><strong>revocare</strong></span> <span class='ocrx_word' id='word_1_63' title='bbox 719 1171 951 1225; x_wconf 86' lang='lat' dir='ltr'><strong>Concilii</strong></span> <span class='ocrx_word' id='word_1_64' title='bbox 973 1173 1135 1235; x_wconf 86' lang='lat' dir='ltr'><strong>gesta</strong></span> <span class='ocrx_word' id='word_1_65' title='bbox 1159 1170 1407 1221; x_wconf 88' lang='lat' dir='ltr'><strong>molitur.</strong></span> <span class='ocrx_word' id='word_1_66' title='bbox 1442 1170 1647 1221; x_wconf 91' lang='lat' dir='ltr'><strong>Arium</strong></span> <span class='ocrx_word' id='word_1_67' title='bbox 1674 1182 1771 1220; x_wconf 85' lang='lat' dir='ltr'><strong>ne-</strong></span> 
     </span>
    </p>
   </div>
   <div class='ocr_carea' id='block_1_12' title="bbox 168 1257 1771 1331">
    <p class='ocr_par' dir='ltr' id='par_1_12' title="bbox 168 1257 1771 1331">
     <span class='ocr_line' id='line_1_12' title="bbox 168 1257 1771 1331; baseline -0.006 -13"><span class='ocrx_word' id='word_1_68' title='bbox 168 1266 485 1331; x_wconf 88' lang='lat' dir='ltr'><strong>quicquam</strong></span> <span class='ocrx_word' id='word_1_69' title='bbox 497 1261 652 1328; x_wconf 90' lang='lat' dir='ltr'><strong>apud</strong></span> <span class='ocrx_word' id='word_1_70' title='bbox 664 1260 1073 1313; x_wconf 82' lang='lat' dir='ltr'><strong>Alexandriam</strong></span> <span class='ocrx_word' id='word_1_71' title='bbox 1084 1263 1536 1311; x_wconf 90' lang='lat' dir='ltr'><strong>commorantem</strong></span> <span class='ocrx_word' id='word_1_72' title='bbox 1547 1257 1736 1310; x_wconf 90' lang='lat' dir='ltr'><strong>venire</strong></span> <span class='ocrx_word' id='word_1_73' title='bbox 1753 1266 1771 1285; x_wconf 74' lang='grc'><strong><em>³</em></strong></span> 
     </span>
    </p>
   </div>
   <div class='ocr_carea' id='block_1_13' title="bbox 167 1347 1771 1419">
    <p class='ocr_par' dir='ltr' id='par_1_13' title="bbox 167 1347 1771 1419">
     <span class='ocr_line' id='line_1_13' title="bbox 167 1347 1771 1419; baseline -0.005 -13"><span class='ocrx_word' id='word_1_74' title='bbox 167 1355 327 1419; x_wconf 88' lang='lat' dir='ltr'><strong>facit,</strong></span> <span class='ocrx_word' id='word_1_75' title='bbox 352 1358 409 1405; x_wconf 88' lang='lat' dir='ltr'><strong>et</strong></span> <span class='ocrx_word' id='word_1_76' title='bbox 430 1349 831 1417; x_wconf 88' lang='lat' dir='ltr'><strong>Imperialibus</strong></span> <span class='ocrx_word' id='word_1_77' title='bbox 856 1348 1057 1402; x_wconf 91' lang='lat' dir='ltr'><strong>edictis</strong></span> <span class='ocrx_word' id='word_1_78' title='bbox 1081 1347 1390 1400; x_wconf 89' lang='lat' dir='ltr'><strong>concilium</strong></span> <span class='ocrx_word' id='word_1_79' title='bbox 1412 1348 1603 1400; x_wconf 90' lang='lat' dir='ltr'><strong>denuo</strong></span> <span class='ocrx_word' id='word_1_80' title='bbox 1625 1349 1771 1398; x_wconf 89' lang='lat' dir='ltr'><strong>Con-</strong></span> 
     </span>
    </p>
   </div>
   <div class='ocr_carea' id='block_1_14' title="bbox 169 1436 1771 1506">
    <p class='ocr_par' dir='ltr' id='par_1_14' title="bbox 169 1436 1771 1506">
     <span class='ocr_line' id='line_1_14' title="bbox 169 1436 1771 1506; baseline -0.008 -10"><span class='ocrx_word' id='word_1_81' title='bbox 169 1440 605 1506; x_wconf 82' lang='lat' dir='ltr'><strong>stantinopolim</strong></span> <span class='ocrx_word' id='word_1_82' title='bbox 621 1438 942 1492; x_wconf 85' lang='lat' dir='ltr'><strong>convocari.</strong></span> <span class='ocrx_word' id='word_1_83' title='bbox 961 1438 1084 1498; x_wconf 90' lang='lat' dir='ltr'><strong>Quo</strong></span> <span class='ocrx_word' id='word_1_84' title='bbox 1104 1448 1417 1489; x_wconf 89' lang='lat' dir='ltr'><strong>convenere</strong></span> <span class='ocrx_word' id='word_1_85' title='bbox 1433 1436 1511 1488; x_wconf 90' lang='lat' dir='ltr'><strong>illi</strong></span> <span class='ocrx_word' id='word_1_86' title='bbox 1534 1438 1771 1497; x_wconf 83' lang='lat' dir='ltr'><strong>maxime,</strong></span> 
     </span>
    </p>
   </div>
   <div class='ocr_carea' id='block_1_15' title="bbox 167 1526 1771 1596">
    <p class='ocr_par' dir='ltr' id='par_1_15' title="bbox 167 1526 1771 1596">
     <span class='ocr_line' id='line_1_15' title="bbox 167 1526 1771 1596; baseline -0.004 -13"><span class='ocrx_word' id='word_1_87' title='bbox 167 1531 273 1596; x_wconf 87' lang='lat' dir='ltr'><strong>qui</strong></span> <span class='ocrx_word' id='word_1_88' title='bbox 307 1531 510 1582; x_wconf 89' lang='lat' dir='ltr'><strong>Arium</strong></span> <span class='ocrx_word' id='word_1_89' title='bbox 553 1533 730 1592; x_wconf 89' lang='lat' dir='ltr'><strong>atque</strong></span> <span class='ocrx_word' id='word_1_90' title='bbox 766 1526 1080 1578; x_wconf 88' lang='lat' dir='ltr'><strong>Eusebium</strong></span> <span class='ocrx_word' id='word_1_91' title='bbox 1118 1527 1502 1589; x_wconf 87' lang='lat' dir='ltr'><strong>sectabantur,</strong></span> <span class='ocrx_word' id='word_1_92' title='bbox 1558 1526 1771 1588; x_wconf 88' lang='lat' dir='ltr'><strong>quique</strong></span> 
     </span>
    </p>
   </div>
   <div class='ocr_carea' id='block_1_16' title="bbox 171 1612 1773 1684">
    <p class='ocr_par' dir='ltr' id='par_1_16' title="bbox 171 1612 1773 1684">
     <span class='ocr_line' id='line_1_16' title="bbox 171 1612 1773 1684; baseline -0.006 -12"><span class='ocrx_word' id='word_1_93' title='bbox 171 1631 328 1684; x_wconf 65' lang='lat' dir='ltr'><strong>sepe</strong></span> <span class='ocrx_word' id='word_1_94' title='bbox 349 1630 484 1670; x_wconf 91' lang='lat' dir='ltr'><strong>cum</strong></span> <span class='ocrx_word' id='word_1_95' title='bbox 510 1614 836 1668; x_wconf 87' lang='lat' dir='ltr'><strong>Alexandro</strong></span> <span class='ocrx_word' id='word_1_96' title='bbox 867 1615 1182 1679; x_wconf 87' lang='lat' dir='ltr'><strong>congressi,</strong></span> <span class='ocrx_word' id='word_1_97' title='bbox 1206 1618 1272 1666; x_wconf 91' lang='lat' dir='ltr'><strong>ut</strong></span> <span class='ocrx_word' id='word_1_98' title='bbox 1299 1613 1500 1665; x_wconf 87' lang='lat' dir='ltr'><strong>Arium</strong></span> <span class='ocrx_word' id='word_1_99' title='bbox 1525 1612 1773 1677; x_wconf 83' lang='lat' dir='ltr'><strong>suscipe-</strong></span> 
     </span>
    </p>
   </div>
   <div class='ocr_carea' id='block_1_17' title="bbox 170 1702 1773 1772">
    <p class='ocr_par' dir='ltr' id='par_1_17' title="bbox 170 1702 1773 1772">
     <span class='ocr_line' id='line_1_17' title="bbox 170 1702 1773 1772; baseline -0.006 -11"><span class='ocrx_word' id='word_1_100' title='bbox 170 1712 279 1772; x_wconf 88' lang='lat' dir='ltr'><strong>ret,</strong></span> <span class='ocrx_word' id='word_1_101' title='bbox 317 1719 424 1759; x_wconf 89' lang='lat' dir='ltr'><strong>nec</strong></span> <span class='ocrx_word' id='word_1_102' title='bbox 460 1710 657 1758; x_wconf 88' lang='lat' dir='ltr'><strong>tamen</strong></span> <span class='ocrx_word' id='word_1_103' title='bbox 700 1703 918 1769; x_wconf 89' lang='lat' dir='ltr'><strong>aliquid</strong></span> <span class='ocrx_word' id='word_1_104' title='bbox 950 1703 972 1733; x_wconf 75' lang='grc'><em>’³</em></span> <span class='ocrx_word' id='word_1_105' title='bbox 994 1704 1385 1769; x_wconf 83' lang='lat' dir='ltr'><strong>proﬂigantes,</strong></span> <span class='ocrx_word' id='word_1_106' title='bbox 1429 1703 1501 1754; x_wconf 90' lang='lat' dir='ltr'><strong>ab</strong></span> <span class='ocrx_word' id='word_1_107' title='bbox 1545 1702 1773 1766; x_wconf 76' lang='lat' dir='ltr'><strong>injuriis</strong></span> 
     </span>
    </p>
   </div>
   <div class='ocr_carea' id='block_1_18' title="bbox 168 1791 1774 1862">
    <p class='ocr_par' dir='ltr' id='par_1_18' title="bbox 168 1791 1774 1862">
     <span class='ocr_line' id='line_1_18' title="bbox 168 1791 1774 1862; baseline -0.005 -13"><span class='ocrx_word' id='word_1_108' title='bbox 168 1796 404 1862; x_wconf 86' lang='lat' dir='ltr'><strong>quidem</strong></span> <span class='ocrx_word' id='word_1_109' title='bbox 426 1796 554 1861; x_wconf 90' lang='lat' dir='ltr'><strong>ejus</strong></span> <span class='ocrx_word' id='word_1_110' title='bbox 577 1795 990 1860; x_wconf 88' lang='lat' dir='ltr'><strong>temperabant.</strong></span> <span class='ocrx_word' id='word_1_111' title='bbox 1021 1792 1113 1845; x_wconf 90' lang='lat' dir='ltr'><strong>Ad</strong></span> <span class='ocrx_word' id='word_1_112' title='bbox 1136 1793 1405 1844; x_wconf 75' lang='lat' dir='ltr'><strong>ultimum</strong></span> <span class='ocrx_word' id='word_1_113' title='bbox 1441 1796 1656 1843; x_wconf 88' lang='lat' dir='ltr'><strong>certam</strong></span> <span class='ocrx_word' id='word_1_114' title='bbox 1681 1802 1697 1821; x_wconf 72' lang='grc' dir='ltr'><strong>ο</strong></span> <span class='ocrx_word' id='word_1_115' title='bbox 1723 1791 1774 1842; x_wconf 91' lang='lat' dir='ltr'><strong>ei</strong></span> 
     </span>
    </p>
   </div>
   <div class='ocr_carea' id='block_1_19' title="bbox 1866 634 3470 701">
    <p class='ocr_par' dir='ltr' id='par_1_19' title="bbox 1866 634 3470 701">
     <span class='ocr_line' id='line_1_19' title="bbox 1866 634 3470 701; baseline -0.001 -15"><span class='ocrx_word' id='word_1_116' title='bbox 1866 634 1883 663; x_wconf 68' lang='grc' dir='ltr'>ί</span> <span class='ocrx_word' id='word_1_117' title='bbox 1899 634 2253 698; x_wconf 63' lang='lat' dir='ltr'><strong>blasphemia</strong></span> <span class='ocrx_word' id='word_1_118' title='bbox 2267 646 2334 687; x_wconf 89' lang='lat' dir='ltr'><strong>ac</strong></span> <span class='ocrx_word' id='word_1_119' title='bbox 2356 634 2574 688; x_wconf 71' lang='lat' dir='ltr'><strong>fmtidee</strong></span> <span class='ocrx_word' id='word_1_120' title='bbox 2590 637 2803 686; x_wconf 90' lang='lat' dir='ltr'><strong>mentis</strong></span> <span class='ocrx_word' id='word_1_121' title='bbox 2819 634 3083 701; x_wconf 82' lang='lat' dir='ltr'><strong>exsolvit,</strong></span> <span class='ocrx_word' id='word_1_122' title='bbox 3114 636 3277 698; x_wconf 89' lang='lat' dir='ltr'><strong>Quod</strong></span> <span class='ocrx_word' id='word_1_123' title='bbox 3307 643 3470 699; x_wconf 84' lang='lat' dir='ltr'><strong>postea</strong></span> 
     </span>
    </p>
   </div>
   <div class='ocr_carea' id='block_1_20' title="bbox 1870 723 3471 790">
    <p class='ocr_par' dir='ltr' id='par_1_20' title="bbox 1870 723 3471 790">
     <span class='ocr_line' id='line_1_20' title="bbox 1870 723 3471 790; baseline 0.001 -15"><span class='ocrx_word' id='word_1_124' title='bbox 1870 735 2044 788; x_wconf 90' lang='lat' dir='ltr'><strong>quam</strong></span> <span class='ocrx_word' id='word_1_125' title='bbox 2067 724 2129 776; x_wconf 91' lang='lat' dir='ltr'><strong>in</strong></span> <span class='ocrx_word' id='word_1_126' title='bbox 2150 723 2402 776; x_wconf 86' lang='lat' dir='ltr'><strong>Ecclesia</strong></span> <span class='ocrx_word' id='word_1_127' title='bbox 2423 724 2751 776; x_wconf 89' lang='lat' dir='ltr'><strong>nuntiatum</strong></span> <span class='ocrx_word' id='word_1_128' title='bbox 2777 728 2868 776; x_wconf 90' lang='lat' dir='ltr'><strong>est</strong></span> <span class='ocrx_word' id='word_1_129' title='bbox 2890 725 3158 786; x_wconf 90' lang='lat' dir='ltr'><strong>Eusebio,</strong></span> <span class='ocrx_word' id='word_1_130' title='bbox 3183 731 3359 790; x_wconf 90' lang='lat' dir='ltr'><strong>atque</strong></span> <span class='ocrx_word' id='word_1_131' title='bbox 3383 726 3471 778; x_wconf 90' lang='lat' dir='ltr'><strong>his</strong></span> 
     </span>
    </p>
   </div>
   <div class='ocr_carea' id='block_1_21' title="bbox 1868 812 3476 876">
    <p class='ocr_par' dir='ltr' id='par_1_21' title="bbox 1868 812 3476 876">
     <span class='ocr_line' id='line_1_21' title="bbox 1868 812 3476 876; baseline 0 -12"><span class='ocrx_word' id='word_1_132' title='bbox 1868 813 1971 876; x_wconf 90' lang='lat' dir='ltr'><strong>qui</strong></span> <span class='ocrx_word' id='word_1_133' title='bbox 1986 826 2101 866; x_wconf 90' lang='lat' dir='ltr'><strong>una</strong></span> <span class='ocrx_word' id='word_1_134' title='bbox 2115 826 2313 865; x_wconf 90' lang='lat' dir='ltr'><strong>secum</strong></span> <span class='ocrx_word' id='word_1_135' title='bbox 2331 818 2599 865; x_wconf 89' lang='lat' dir='ltr'><strong>sanctum</strong></span> <span class='ocrx_word' id='word_1_136' title='bbox 2611 812 3048 865; x_wconf 89' lang='lat' dir='ltr'><strong>etinnocentem</strong></span> <span class='ocrx_word' id='word_1_137' title='bbox 3063 814 3251 866; x_wconf 85' lang='lat' dir='ltr'><strong>virum</strong></span> <span class='ocrx_word' id='word_1_138' title='bbox 3263 818 3476 864; x_wconf 82' lang='lat' dir='ltr'><strong>Alexan-</strong></span> 
     </span>
    </p>
   </div>
   <div class='ocr_carea' id='block_1_22' title="bbox 1869 898 3477 969">
    <p class='ocr_par' dir='ltr' id='par_1_22' title="bbox 1869 898 3477 969">
     <span class='ocr_line' id='line_1_22' title="bbox 1869 898 3477 969; baseline 0.002 -20"><span class='ocrx_word' id='word_1_139' title='bbox 1869 898 2037 950; x_wconf 89' lang='lat' dir='ltr'><strong>drum</strong></span> <span class='ocrx_word' id='word_1_140' title='bbox 2062 899 2134 950; x_wconf 90' lang='lat' dir='ltr'><strong>de</strong></span> <span class='ocrx_word' id='word_1_141' title='bbox 2148 900 2282 951; x_wconf 86' lang='lat' dir='ltr'><strong>Ario</strong></span> <span class='ocrx_word' id='word_1_142' title='bbox 2297 900 2619 965; x_wconf 89' lang='lat' dir='ltr'><strong>recipiendo</strong></span> <span class='ocrx_word' id='word_1_143' title='bbox 2638 902 2970 967; x_wconf 80' lang='lat' dir='ltr'><strong>fatigabant,</strong></span> <span class='ocrx_word' id='word_1_144' title='bbox 2991 903 3244 966; x_wconf 87' lang='lat' dir='ltr'><strong>superati</strong></span> <span class='ocrx_word' id='word_1_145' title='bbox 3268 906 3477 969; x_wconf 86' lang='lat' dir='ltr'><strong>pudore,</strong></span> 
     </span>
    </p>
   </div>
   <div class='ocr_carea' id='block_1_23' title="bbox 1870 989 3475 1055">
    <p class='ocr_par' dir='ltr' id='par_1_23' title="bbox 1870 989 3475 1055">
     <span class='ocr_line' id='line_1_23' title="bbox 1870 989 3475 1055; baseline 0.003 -16"><span class='ocrx_word' id='word_1_146' title='bbox 1870 992 1928 1039; x_wconf 91' lang='lat' dir='ltr'><strong>et</strong></span> <span class='ocrx_word' id='word_1_147' title='bbox 1955 989 2211 1053; x_wconf 91' lang='lat' dir='ltr'><strong>adoperti</strong></span> <span class='ocrx_word' id='word_1_148' title='bbox 2243 989 2580 1042; x_wconf 89' lang='lat' dir='ltr'><strong>confusione</strong></span> <span class='ocrx_word' id='word_1_149' title='bbox 2603 990 2929 1043; x_wconf 83' lang='lat' dir='ltr'><strong>discedunt.</strong></span> <span class='ocrx_word' id='word_1_150' title='bbox 2958 993 3120 1044; x_wconf 89' lang='lat' dir='ltr'><strong>Tunc</strong></span> <span class='ocrx_word' id='word_1_151' title='bbox 3150 991 3475 1055; x_wconf 90' lang='lat' dir='ltr'><strong>completus</strong></span> 
     </span>
    </p>
   </div>
   <div class='ocr_carea' id='block_1_24' title="bbox 1870 1079 3475 1144">
    <p class='ocr_par' dir='ltr' id='par_1_24' title="bbox 1870 1079 3475 1144">
     <span class='ocr_line' id='line_1_24' title="bbox 1870 1079 3475 1144; baseline 0.002 -16"><span class='ocrx_word' id='word_1_152' title='bbox 1870 1081 1961 1129; x_wconf 91' lang='lat' dir='ltr'><strong>est</strong></span> <span class='ocrx_word' id='word_1_153' title='bbox 1985 1090 2174 1131; x_wconf 88' lang='lat' dir='ltr'><strong>sermo</strong></span> <span class='ocrx_word' id='word_1_154' title='bbox 2198 1079 2271 1130; x_wconf 90' lang='lat' dir='ltr'><strong>ad</strong></span> <span class='ocrx_word' id='word_1_155' title='bbox 2307 1079 2547 1143; x_wconf 87' lang='lat' dir='ltr'><strong>gloriam</strong></span> <span class='ocrx_word' id='word_1_156' title='bbox 2580 1080 2825 1142; x_wconf 89' lang='lat' dir='ltr'><strong>Domini,</strong></span> <span class='ocrx_word' id='word_1_157' title='bbox 2851 1093 3029 1144; x_wconf 92' lang='lat' dir='ltr'><strong>quem</strong></span> <span class='ocrx_word' id='word_1_158' title='bbox 3060 1080 3388 1133; x_wconf 84' lang='lat' dir='ltr'><strong>Alexander</strong></span> <span class='ocrx_word' id='word_1_159' title='bbox 3416 1082 3475 1132; x_wconf 90' lang='lat' dir='ltr'><strong>in</strong></span> 
     </span>
    </p>
   </div>
   <div class='ocr_carea' id='block_1_25' title="bbox 1870 1168 3475 1235">
    <p class='ocr_par' dir='ltr' id='par_1_25' title="bbox 1870 1168 3475 1235">
     <span class='ocr_line' id='line_1_25' title="bbox 1870 1168 3475 1235; baseline 0.004 -17"><span class='ocrx_word' id='word_1_160' title='bbox 1870 1168 2127 1220; x_wconf 89' lang='lat' dir='ltr'><strong>oratione</strong></span> <span class='ocrx_word' id='word_1_161' title='bbox 2161 1181 2269 1220; x_wconf 89' lang='lat' dir='ltr'><strong>sua</strong></span> <span class='ocrx_word' id='word_1_162' title='bbox 2289 1168 2364 1220; x_wconf 86' lang='lat' dir='ltr'><strong>ad</strong></span> <span class='ocrx_word' id='word_1_163' title='bbox 2382 1171 2568 1221; x_wconf 91' lang='lat' dir='ltr'><strong>Deum</strong></span> <span class='ocrx_word' id='word_1_164' title='bbox 2594 1169 2697 1235; x_wconf 79' lang='grc' dir='ltr'><strong>[Αἰ.</strong></span> <span class='ocrx_word' id='word_1_165' title='bbox 2724 1170 3054 1235; x_wconf 91' lang='lat' dir='ltr'><strong>Dominum]</strong></span> <span class='ocrx_word' id='word_1_166' title='bbox 3085 1170 3475 1235; x_wconf 87' lang='lat' dir='ltr'><strong>proclamave-</strong></span> 
     </span>
    </p>
   </div>
   <div class='ocr_carea' id='block_1_26' title="bbox 1870 1258 3476 1324">
    <p class='ocr_par' dir='ltr' id='par_1_26' title="bbox 1870 1258 3476 1324">
     <span class='ocr_line' id='line_1_26' title="bbox 1870 1258 3476 1324; baseline 0.002 -16"><span class='ocrx_word' id='word_1_167' title='bbox 1870 1262 1976 1321; x_wconf 90' lang='lat' dir='ltr'><strong>rat,</strong></span> <span class='ocrx_word' id='word_1_168' title='bbox 2010 1258 2246 1311; x_wconf 90' lang='lat' dir='ltr'><strong>dicens:</strong></span> <span class='ocrx_word' id='word_1_169' title='bbox 2277 1259 2503 1323; x_wconf 87' lang='lat' dir='ltr'><strong>Judica,</strong></span> <span class='ocrx_word' id='word_1_170' title='bbox 2541 1260 2803 1324; x_wconf 89' lang='lat' dir='ltr'><strong>Domine,</strong></span> <span class='ocrx_word' id='word_1_171' title='bbox 2841 1260 2990 1313; x_wconf 90' lang='lat' dir='ltr'><strong>inter</strong></span> <span class='ocrx_word' id='word_1_172' title='bbox 3026 1273 3117 1312; x_wconf 91' lang='lat' dir='ltr'><strong>me</strong></span> <span class='ocrx_word' id='word_1_173' title='bbox 3142 1266 3200 1313; x_wconf 90' lang='lat' dir='ltr'><strong>et</strong></span> <span class='ocrx_word' id='word_1_174' title='bbox 3246 1261 3476 1314; x_wconf 89' lang='lat' dir='ltr'><strong>Eusebii</strong></span> 
     </span>
    </p>
   </div>
   <div class='ocr_carea' id='block_1_27' title="bbox 1868 1346 3476 1414">
    <p class='ocr_par' dir='ltr' id='par_1_27' title="bbox 1868 1346 3476 1414">
     <span class='ocr_line' id='line_1_27' title="bbox 1868 1346 3476 1414; baseline 0.002 -16"><span class='ocrx_word' id='word_1_175' title='bbox 1868 1346 2058 1399; x_wconf 90' lang='lat' dir='ltr'><strong>minas</strong></span> <span class='ocrx_word' id='word_1_176' title='bbox 2074 1352 2248 1411; x_wconf 89' lang='lat' dir='ltr'><strong>atque</strong></span> <span class='ocrx_word' id='word_1_177' title='bbox 2263 1349 2383 1400; x_wconf 90' lang='lat' dir='ltr'><strong>Arii</strong></span> <span class='ocrx_word' id='word_1_178' title='bbox 2398 1358 2415 1388; x_wconf 77' lang='grc' dir='ltr'>ι</span> <span class='ocrx_word' id='word_1_179' title='bbox 2434 1348 2573 1402; x_wconf 87' lang='lat' dir='ltr'><strong>vim.</strong></span> <span class='ocrx_word' id='word_1_180' title='bbox 2590 1349 2702 1403; x_wconf 90' lang='lat' dir='ltr'><strong>Sed</strong></span> <span class='ocrx_word' id='word_1_181' title='bbox 2725 1350 2854 1403; x_wconf 66' lang='lat' dir='ltr'><strong>haac</strong></span> <span class='ocrx_word' id='word_1_182' title='bbox 2875 1349 2950 1402; x_wconf 90' lang='lat' dir='ltr'><strong>ad</strong></span> <span class='ocrx_word' id='word_1_183' title='bbox 2969 1361 3231 1414; x_wconf 61' lang='lat' dir='ltr'><strong>prassens</strong></span> <span class='ocrx_word' id='word_1_184' title='bbox 3246 1350 3476 1414; x_wconf 86' lang='lat' dir='ltr'><strong>quidem</strong></span> 
     </span>
    </p>
   </div>
   <div class='ocr_carea' id='block_1_28' title="bbox 1870 1436 3478 1503">
    <p class='ocr_par' dir='ltr' id='par_1_28' title="bbox 1870 1436 3478 1503">
     <span class='ocr_line' id='line_1_28' title="bbox 1870 1436 3478 1503; baseline 0.002 -15"><span class='ocrx_word' id='word_1_185' title='bbox 1870 1436 2167 1500; x_wconf 88' lang='lat' dir='ltr'><strong>paululum</strong></span> <span class='ocrx_word' id='word_1_186' title='bbox 2191 1437 2423 1503; x_wconf 92' lang='lat' dir='ltr'><strong>pudoris</strong></span> <span class='ocrx_word' id='word_1_187' title='bbox 2438 1438 2711 1491; x_wconf 87' lang='lat' dir='ltr'><strong>habuere.</strong></span> <span class='ocrx_word' id='word_1_188' title='bbox 2732 1439 3154 1492; x_wconf 90' lang='lat' dir='ltr'><strong>Convenientes</strong></span> <span class='ocrx_word' id='word_1_189' title='bbox 3179 1452 3313 1493; x_wconf 92' lang='lat' dir='ltr'><strong>vero</strong></span> <span class='ocrx_word' id='word_1_190' title='bbox 3330 1440 3478 1493; x_wconf 90' lang='lat' dir='ltr'><strong>inter</strong></span> 
     </span>
    </p>
   </div>
   <div class='ocr_carea' id='block_1_29' title="bbox 1873 1525 3476 1596">
    <p class='ocr_par' dir='ltr' id='par_1_29' title="bbox 1873 1525 3476 1596">
     <span class='ocr_line' id='line_1_29' title="bbox 1873 1525 3476 1596; baseline 0.002 -19"><span class='ocrx_word' id='word_1_191' title='bbox 1873 1537 1935 1578; x_wconf 91' lang='lat' dir='ltr'><strong>se</strong></span> <span class='ocrx_word' id='word_1_192' title='bbox 1962 1525 2237 1592; x_wconf 63' lang='lat' dir='ltr'><strong>haeretici,</strong></span> <span class='ocrx_word' id='word_1_193' title='bbox 2276 1527 2444 1581; x_wconf 89' lang='lat' dir='ltr'><strong>veriti</strong></span> <span class='ocrx_word' id='word_1_194' title='bbox 2466 1540 2541 1579; x_wconf 91' lang='lat' dir='ltr'><strong>ne</strong></span> <span class='ocrx_word' id='word_1_195' title='bbox 2579 1528 2727 1581; x_wconf 84' lang='lat' dir='ltr'><strong>forte</strong></span> <span class='ocrx_word' id='word_1_196' title='bbox 2765 1529 2832 1589; x_wconf 90' lang='lat' dir='ltr'><strong>si,</strong></span> <span class='ocrx_word' id='word_1_197' title='bbox 2868 1528 3020 1581; x_wconf 89' lang='lat' dir='ltr'><strong>slcut</strong></span> <span class='ocrx_word' id='word_1_198' title='bbox 3041 1542 3134 1581; x_wconf 91' lang='lat' dir='ltr'><strong>res</strong></span> <span class='ocrx_word' id='word_1_199' title='bbox 3157 1533 3325 1596; x_wconf 90' lang='lat' dir='ltr'><strong>gesta</strong></span> <span class='ocrx_word' id='word_1_200' title='bbox 3366 1533 3476 1592; x_wconf 90' lang='lat' dir='ltr'><strong>est,</strong></span> 
     </span>
    </p>
   </div>
   <div class='ocr_carea' id='block_1_30' title="bbox 1869 1614 3476 1684">
    <p class='ocr_par' dir='ltr' id='par_1_30' title="bbox 1869 1614 3476 1684">
     <span class='ocr_line' id='line_1_30' title="bbox 1869 1614 3476 1684; baseline 0.003 -19"><span class='ocrx_word' id='word_1_201' title='bbox 1869 1614 2089 1680; x_wconf 84' lang='lat' dir='ltr'><strong>integre</strong></span> <span class='ocrx_word' id='word_1_202' title='bbox 2122 1616 2196 1668; x_wconf 90' lang='lat' dir='ltr'><strong>ad</strong></span> <span class='ocrx_word' id='word_1_203' title='bbox 2226 1618 2637 1683; x_wconf 87' lang='lat' dir='ltr'><strong>Imperatorem</strong></span> <span class='ocrx_word' id='word_1_204' title='bbox 2661 1618 3064 1670; x_wconf 88' lang='lat' dir='ltr'><strong>Constantium</strong></span> <span class='ocrx_word' id='word_1_205' title='bbox 3093 1618 3476 1684; x_wconf 78' lang='lat' dir='ltr'><strong>pervenisset,</strong></span> 
     </span>
    </p>
   </div>
   <div class='ocr_carea' id='block_1_31' title="bbox 1870 1705 3476 1772">
    <p class='ocr_par' dir='ltr' id='par_1_31' title="bbox 1870 1705 3476 1772">
     <span class='ocr_line' id='line_1_31' title="bbox 1870 1705 3476 1772; baseline 0.001 -16"><span class='ocrx_word' id='word_1_206' title='bbox 1870 1717 1989 1756; x_wconf 90' lang='lat' dir='ltr'><strong>non</strong></span> <span class='ocrx_word' id='word_1_207' title='bbox 2012 1705 2202 1757; x_wconf 90' lang='lat' dir='ltr'><strong>solum</strong></span> <span class='ocrx_word' id='word_1_208' title='bbox 2229 1719 2265 1759; x_wconf 92' lang='lat' dir='ltr'><strong>a</strong></span> <span class='ocrx_word' id='word_1_209' title='bbox 2293 1706 2529 1771; x_wconf 80' lang='lat' dir='ltr'><strong>perfidia</strong></span> <span class='ocrx_word' id='word_1_210' title='bbox 2551 1719 2772 1772; x_wconf 89' lang='lat' dir='ltr'><strong>eorum,</strong></span> <span class='ocrx_word' id='word_1_211' title='bbox 2799 1707 2821 1737; x_wconf 72' lang='grc'><strong>’³</strong></span> <span class='ocrx_word' id='word_1_212' title='bbox 2844 1707 2903 1759; x_wconf 91' lang='lat' dir='ltr'><strong>in</strong></span> <span class='ocrx_word' id='word_1_213' title='bbox 2926 1720 3043 1771; x_wconf 89' lang='lat' dir='ltr'><strong>qua</strong></span> <span class='ocrx_word' id='word_1_214' title='bbox 3065 1707 3266 1761; x_wconf 90' lang='lat' dir='ltr'><strong>callide</strong></span> <span class='ocrx_word' id='word_1_215' title='bbox 3289 1708 3476 1761; x_wconf 90' lang='lat' dir='ltr'><strong>irreti-</strong></span> 
     </span>
    </p>
   </div>
   <div class='ocr_carea' id='block_1_32' title="bbox 1874 1796 3478 1857">
    <p class='ocr_par' dir='ltr' id='par_1_32' title="bbox 1874 1796 3478 1857">
     <span class='ocr_line' id='line_1_32' title="bbox 1874 1796 3478 1857; baseline 0.003 -13"><span class='ocrx_word' id='word_1_216' title='bbox 1874 1799 1968 1845; x_wconf 89' lang='lat' dir='ltr'><strong>tus</strong></span> <span class='ocrx_word' id='word_1_217' title='bbox 1996 1796 2315 1857; x_wconf 88' lang='lat' dir='ltr'><strong>tenebatur,</strong></span> <span class='ocrx_word' id='word_1_218' title='bbox 2338 1797 2702 1850; x_wconf 88' lang='lat' dir='ltr'><strong>abscederet:</strong></span> <span class='ocrx_word' id='word_1_219' title='bbox 2722 1810 2926 1850; x_wconf 89' lang='lat' dir='ltr'><strong>verum</strong></span> <span class='ocrx_word' id='word_1_220' title='bbox 2942 1803 2999 1850; x_wconf 90' lang='lat' dir='ltr'><strong>et</strong></span> <span class='ocrx_word' id='word_1_221' title='bbox 3021 1799 3083 1849; x_wconf 91' lang='lat' dir='ltr'><strong>in</strong></span> <span class='ocrx_word' id='word_1_222' title='bbox 3101 1802 3364 1850; x_wconf 87' lang='lat' dir='ltr'><strong>auctores</strong></span> <span class='ocrx_word' id='word_1_223' title='bbox 3387 1797 3478 1849; x_wconf 65' lang='lat' dir='ltr'><strong>de</strong></span> 
     </span>
    </p>
   </div>
   <div class='ocr_carea' id='block_1_33' title="bbox 171 1872 3475 1951">
    <p class='ocr_par' dir='ltr' id='par_1_33' title="bbox 171 1872 3475 1951">
     <span class='ocr_line' id='line_1_33' title="bbox 171 1872 3475 1951; baseline -0.001 -12"><span class='ocrx_word' id='word_1_224' title='bbox 171 1887 327 1939; x_wconf 88' lang='lat' dir='ltr'><strong>diem</strong></span> <span class='ocrx_word' id='word_1_225' title='bbox 343 1888 666 1938; x_wconf 87' lang='lat' dir='ltr'><strong>statuentes</strong></span> <span class='ocrx_word' id='word_1_226' title='bbox 687 1883 1054 1947; x_wconf 89' lang='lat' dir='ltr'><strong>denuntiant,</strong></span> <span class='ocrx_word' id='word_1_227' title='bbox 1080 1885 1144 1934; x_wconf 88' lang='lat' dir='ltr'><strong>ut</strong></span> <span class='ocrx_word' id='word_1_228' title='bbox 1157 1882 1395 1947; x_wconf 88' lang='lat' dir='ltr'><strong>autipse</strong></span> <span class='ocrx_word' id='word_1_229' title='bbox 1413 1881 1616 1933; x_wconf 86' lang='lat' dir='ltr'><strong>Arium</strong></span> <span class='ocrx_word' id='word_1_230' title='bbox 1643 1893 1770 1933; x_wconf 86' lang='lat' dir='ltr'><strong>sus-</strong></span> <span class='ocrx_word' id='word_1_231' title='bbox 1796 1872 1851 1946; x_wconf 90' lang='lat' dir='ltr'><strong>B</strong></span> <span class='ocrx_word' id='word_1_232' title='bbox 1875 1884 2152 1948; x_wconf 90' lang='lat' dir='ltr'><strong>ceptionis</strong></span> <span class='ocrx_word' id='word_1_233' title='bbox 2181 1897 2307 1937; x_wconf 77' lang='lat' dir='ltr'><strong>suae</strong></span> <span class='ocrx_word' id='word_1_234' title='bbox 2336 1886 2599 1939; x_wconf 89' lang='lat' dir='ltr'><strong>severius</strong></span> <span class='ocrx_word' id='word_1_235' title='bbox 2621 1886 2841 1950; x_wconf 88' lang='lat' dir='ltr'><strong>aliquid</strong></span> <span class='ocrx_word' id='word_1_236' title='bbox 2863 1898 2936 1938; x_wconf 92' lang='lat' dir='ltr'><strong>ex</strong></span> <span class='ocrx_word' id='word_1_237' title='bbox 2958 1886 3118 1951; x_wconf 85' lang='lat' dir='ltr'><strong>regia</strong></span> <span class='ocrx_word' id='word_1_238' title='bbox 3139 1886 3475 1938; x_wconf 86' lang='lat' dir='ltr'><strong>auctoritate</strong></span> 
     </span>
    </p>
   </div>
   <div class='ocr_carea' id='block_1_34' title="bbox 172 1970 1775 2042">
    <p class='ocr_par' dir='ltr' id='par_1_34' title="bbox 172 1970 1775 2042">
     <span class='ocr_line' id='line_1_34' title="bbox 172 1970 1775 2042; baseline -0.004 -13"><span class='ocrx_word' id='word_1_239' title='bbox 172 1976 405 2042; x_wconf 89' lang='lat' dir='ltr'><strong>ciperet,</strong></span> <span class='ocrx_word' id='word_1_240' title='bbox 440 1979 542 2027; x_wconf 89' lang='lat' dir='ltr'><strong>aut</strong></span> <span class='ocrx_word' id='word_1_241' title='bbox 582 1978 631 2025; x_wconf 89' lang='lat' dir='ltr'><strong>si</strong></span> <span class='ocrx_word' id='word_1_242' title='bbox 666 1973 1025 2036; x_wconf 87' lang='lat' dir='ltr'><strong>reniteretur,</strong></span> <span class='ocrx_word' id='word_1_243' title='bbox 1060 1985 1122 2023; x_wconf 90' lang='lat' dir='ltr'><strong>se</strong></span> <span class='ocrx_word' id='word_1_244' title='bbox 1158 1972 1409 2023; x_wconf 87' lang='lat' dir='ltr'><strong>Ecclesia</strong></span> <span class='ocrx_word' id='word_1_245' title='bbox 1440 1970 1611 2035; x_wconf 90' lang='lat' dir='ltr'><strong>pulso</strong></span> <span class='ocrx_word' id='word_1_246' title='bbox 1635 1971 1775 2023; x_wconf 89' lang='lat' dir='ltr'><strong>etin</strong></span> 
     </span>
    </p>
   </div>
   <div class='ocr_carea' id='block_1_35' title="bbox 172 2061 1770 2127">
    <p class='ocr_par' dir='ltr' id='par_1_35' title="bbox 172 2061 1770 2127">
     <span class='ocr_line' id='line_1_35' title="bbox 172 2061 1770 2127; baseline -0.007 -8"><span class='ocrx_word' id='word_1_247' title='bbox 172 2066 413 2119; x_wconf 82' lang='lat' dir='ltr'><strong>exilium</strong></span> <span class='ocrx_word' id='word_1_248' title='bbox 429 2070 611 2127; x_wconf 74' lang='lat' dir='ltr'><strong>truso,</strong></span> <span class='ocrx_word' id='word_1_249' title='bbox 626 2065 701 2116; x_wconf 89' lang='lat' dir='ltr'><strong>ab</strong></span> <span class='ocrx_word' id='word_1_250' title='bbox 716 2063 827 2115; x_wconf 87' lang='lat' dir='ltr'><strong>alio</strong></span> <span class='ocrx_word' id='word_1_251' title='bbox 842 2075 978 2115; x_wconf 90' lang='lat' dir='ltr'><strong>eum</strong></span> <span class='ocrx_word' id='word_1_252' title='bbox 990 2062 1426 2126; x_wconf 89' lang='lat' dir='ltr'><strong>suscipiendum</strong></span> <span class='ocrx_word' id='word_1_253' title='bbox 1443 2061 1631 2113; x_wconf 90' lang='lat' dir='ltr'><strong>sciret.</strong></span> <span class='ocrx_word' id='word_1_254' title='bbox 1649 2063 1770 2109; x_wconf 90' lang='lat' dir='ltr'><strong>Tum</strong></span> 
     </span>
    </p>
   </div>
   <div class='ocr_carea' id='block_1_36' title="bbox 171 2151 1774 2218">
    <p class='ocr_par' dir='ltr' id='par_1_36' title="bbox 171 2151 1774 2218">
     <span class='ocr_line' id='line_1_36' title="bbox 171 2151 1774 2218; baseline -0.005 -9"><span class='ocrx_word' id='word_1_255' title='bbox 171 2155 267 2209; x_wconf 91' lang='lat' dir='ltr'><strong>ille</strong></span> <span class='ocrx_word' id='word_1_256' title='bbox 287 2156 487 2218; x_wconf 90' lang='lat' dir='ltr'><strong>nocte[</strong></span> <span class='ocrx_word' id='word_1_257' title='bbox 512 2154 598 2204; x_wconf 82' lang='lat' dir='ltr'><strong>Al.</strong></span> <span class='ocrx_word' id='word_1_258' title='bbox 615 2151 904 2217; x_wconf 87' lang='lat' dir='ltr'><strong>noctem],</strong></span> <span class='ocrx_word' id='word_1_259' title='bbox 923 2164 1057 2216; x_wconf 64' lang='lat' dir='ltr'><strong>qua:</strong></span> <span class='ocrx_word' id='word_1_260' title='bbox 1072 2152 1147 2203; x_wconf 88' lang='lat' dir='ltr'><strong>ad</strong></span> <span class='ocrx_word' id='word_1_261' title='bbox 1162 2153 1542 2203; x_wconf 82' lang='lat' dir='ltr'><strong>constitutam</strong></span> <span class='ocrx_word' id='word_1_262' title='bbox 1564 2151 1774 2202; x_wconf 87' lang='lat' dir='ltr'><strong>intere-</strong></span> 
     </span>
    </p>
   </div>
   <div class='ocr_carea' id='block_1_37' title="bbox 174 2240 1773 2308">
    <p class='ocr_par' dir='ltr' id='par_1_37' title="bbox 174 2240 1773 2308">
     <span class='ocr_line' id='line_1_37' title="bbox 174 2240 1773 2308; baseline -0.003 -11"><span class='ocrx_word' id='word_1_263' title='bbox 174 2251 267 2297; x_wconf 88' lang='lat' dir='ltr'><strong>rat</strong></span> <span class='ocrx_word' id='word_1_264' title='bbox 288 2244 459 2308; x_wconf 92' lang='lat' dir='ltr'><strong>diem,</strong></span> <span class='ocrx_word' id='word_1_265' title='bbox 486 2245 597 2295; x_wconf 89' lang='lat' dir='ltr'><strong>sub</strong></span> <span class='ocrx_word' id='word_1_266' title='bbox 622 2243 788 2295; x_wconf 89' lang='lat' dir='ltr'><strong>altari</strong></span> <span class='ocrx_word' id='word_1_267' title='bbox 811 2244 1032 2307; x_wconf 91' lang='lat' dir='ltr'><strong>jacens,</strong></span> <span class='ocrx_word' id='word_1_268' title='bbox 1056 2246 1228 2305; x_wconf 89' lang='lat' dir='ltr'><strong>atque</strong></span> <span class='ocrx_word' id='word_1_269' title='bbox 1253 2242 1313 2292; x_wconf 90' lang='lat' dir='ltr'><strong>in</strong></span> <span class='ocrx_word' id='word_1_270' title='bbox 1330 2241 1592 2307; x_wconf 36' lang='lat' dir='ltr'><strong>oratione.</strong></span> <span class='ocrx_word' id='word_1_271' title='bbox 1611 2245 1668 2293; x_wconf 92' lang='lat' dir='ltr'><strong>et</strong></span> <span class='ocrx_word' id='word_1_272' title='bbox 1687 2240 1773 2292; x_wconf 90' lang='lat' dir='ltr'><strong>la-</strong></span> 
     </span>
    </p>
   </div>
   <div class='ocr_carea' id='block_1_38' title="bbox 172 2330 1774 2400">
    <p class='ocr_par' dir='ltr' id='par_1_38' title="bbox 172 2330 1774 2400">
     <span class='ocr_line' id='line_1_38' title="bbox 172 2330 1774 2400; baseline -0.004 -13"><span class='ocrx_word' id='word_1_273' title='bbox 172 2335 386 2400; x_wconf 82' lang='lat' dir='ltr'><strong>crymis</strong></span> <span class='ocrx_word' id='word_1_274' title='bbox 402 2339 583 2387; x_wconf 89' lang='lat' dir='ltr'><strong>totam</strong></span> <span class='ocrx_word' id='word_1_275' title='bbox 603 2332 942 2400; x_wconf 87' lang='lat' dir='ltr'><strong>pervigilem</strong></span> <span class='ocrx_word' id='word_1_276' title='bbox 957 2333 1199 2395; x_wconf 87' lang='lat' dir='ltr'><strong>ducens,</strong></span> <span class='ocrx_word' id='word_1_277' title='bbox 1216 2330 1490 2383; x_wconf 75' lang='lat' dir='ltr'><strong>Ecclesiae</strong></span> <span class='ocrx_word' id='word_1_278' title='bbox 1505 2342 1774 2382; x_wconf 88' lang='lat' dir='ltr'><strong>caussam</strong></span> 
     </span>
    </p>
   </div>
   <div class='ocr_carea' id='block_1_39' title="bbox 174 2420 1773 2485">
    <p class='ocr_par' dir='ltr' id='par_1_39' title="bbox 174 2420 1773 2485">
     <span class='ocr_line' id='line_1_39' title="bbox 174 2420 1773 2485; baseline -0.003 -8"><span class='ocrx_word' id='word_1_279' title='bbox 174 2425 421 2477; x_wconf 90' lang='lat' dir='ltr'><strong>Domino</strong></span> <span class='ocrx_word' id='word_1_280' title='bbox 444 2423 901 2476; x_wconf 90' lang='lat' dir='ltr'><strong>commendabat.</strong></span> <span class='ocrx_word' id='word_1_281' title='bbox 928 2424 1190 2485; x_wconf 88' lang='lat' dir='ltr'><strong>Cumque</strong></span> <span class='ocrx_word' id='word_1_282' title='bbox 1217 2422 1319 2472; x_wconf 89' lang='lat' dir='ltr'><strong>lux</strong></span> <span class='ocrx_word' id='word_1_283' title='bbox 1332 2420 1541 2473; x_wconf 87' lang='lat' dir='ltr'><strong>fuisset</strong></span> <span class='ocrx_word' id='word_1_284' title='bbox 1555 2424 1773 2484; x_wconf 85' lang='lat' dir='ltr'><strong>exorta,</strong></span> 
     </span>
    </p>
   </div>
   <div class='ocr_carea' id='block_1_40' title="bbox 173 2509 1775 2572">
    <p class='ocr_par' dir='ltr' id='par_1_40' title="bbox 173 2509 1775 2572">
     <span class='ocr_line' id='line_1_40' title="bbox 173 2509 1775 2572; baseline -0.004 -5"><span class='ocrx_word' id='word_1_285' title='bbox 173 2526 284 2567; x_wconf 86' lang='lat' dir='ltr'><strong>nec</strong></span> <span class='ocrx_word' id='word_1_286' title='bbox 300 2520 492 2567; x_wconf 84' lang='lat' dir='ltr'><strong>tamen</strong></span> <span class='ocrx_word' id='word_1_287' title='bbox 506 2514 580 2566; x_wconf 89' lang='lat' dir='ltr'><strong>ab</strong></span> <span class='ocrx_word' id='word_1_288' title='bbox 597 2513 851 2566; x_wconf 89' lang='lat' dir='ltr'><strong>oratione</strong></span> <span class='ocrx_word' id='word_1_289' title='bbox 866 2511 1194 2564; x_wconf 86' lang='lat' dir='ltr'><strong>Alexander</strong></span> <span class='ocrx_word' id='word_1_290' title='bbox 1207 2512 1475 2572; x_wconf 89' lang='lat' dir='ltr'><strong>cessaret,</strong></span> <span class='ocrx_word' id='word_1_291' title='bbox 1491 2509 1775 2562; x_wconf 89' lang='lat' dir='ltr'><strong>Eusebius</strong></span> 
     </span>
    </p>
   </div>
   <div class='ocr_carea' id='block_1_41' title="bbox 172 2598 1776 2664">
    <p class='ocr_par' dir='ltr' id='par_1_41' title="bbox 172 2598 1776 2664">
     <span class='ocr_line' id='line_1_41' title="bbox 172 2598 1776 2664; baseline -0.004 -7"><span class='ocrx_word' id='word_1_292' title='bbox 172 2616 309 2657; x_wconf 89' lang='lat' dir='ltr'><strong>cum</strong></span> <span class='ocrx_word' id='word_1_293' title='bbox 332 2604 457 2655; x_wconf 89' lang='lat' dir='ltr'><strong>suis</strong></span> <span class='ocrx_word' id='word_1_294' title='bbox 477 2603 749 2655; x_wconf 89' lang='lat' dir='ltr'><strong>omnibus</strong></span> <span class='ocrx_word' id='word_1_295' title='bbox 773 2600 937 2656; x_wconf 90' lang='lat' dir='ltr'><strong>velut</strong></span> <span class='ocrx_word' id='word_1_296' title='bbox 956 2601 1212 2654; x_wconf 60' lang='lat' dir='ltr'><strong>haeretici</strong></span> <span class='ocrx_word' id='word_1_297' title='bbox 1232 2599 1365 2652; x_wconf 88' lang='lat' dir='ltr'><strong>belli</strong></span> <span class='ocrx_word' id='word_1_298' title='bbox 1392 2599 1647 2664; x_wconf 84' lang='lat' dir='ltr'><strong>signifer,</strong></span> <span class='ocrx_word' id='word_1_299' title='bbox 1673 2598 1776 2651; x_wconf 94' lang='lat' dir='ltr'><strong>do-</strong></span> 
     </span>
    </p>
   </div>
   <div class='ocr_carea' id='block_1_42' title="bbox 172 2688 1850 2756">
    <p class='ocr_par' dir='ltr' id='par_1_42' title="bbox 172 2688 1850 2756">
     <span class='ocr_line' id='line_1_42' title="bbox 172 2688 1850 2756; baseline -0.004 -10"><span class='ocrx_word' id='word_1_300' title='bbox 172 2705 337 2746; x_wconf 89' lang='lat' dir='ltr'><strong>mum</strong></span> <span class='ocrx_word' id='word_1_301' title='bbox 347 2692 467 2746; x_wconf 88' lang='lat' dir='ltr'><strong>Arii</strong></span> <span class='ocrx_word' id='word_1_302' title='bbox 477 2695 802 2745; x_wconf 90' lang='lat' dir='ltr'><strong>matutinus</strong></span> <span class='ocrx_word' id='word_1_303' title='bbox 814 2692 1093 2756; x_wconf 90' lang='lat' dir='ltr'><strong>ascendit,</strong></span> <span class='ocrx_word' id='word_1_304' title='bbox 1106 2702 1356 2754; x_wconf 90' lang='lat' dir='ltr'><strong>eumque</strong></span> <span class='ocrx_word' id='word_1_305' title='bbox 1370 2703 1579 2751; x_wconf 87' lang='lat' dir='ltr'><strong>propere</strong></span> <span class='ocrx_word' id='word_1_306' title='bbox 1594 2688 1616 2718; x_wconf 73' lang='grc' dir='ltr'><em>δ</em></span> <span class='ocrx_word' id='word_1_307' title='bbox 1631 2691 1775 2750; x_wconf 83' lang='lat' dir='ltr'><strong>sequi</strong></span> <span class='ocrx_word' id='word_1_308' title='bbox 1837 2727 1850 2739; x_wconf 94' lang='lat'><strong>.</strong></span> 
     </span>
    </p>
   </div>
   <div class='ocr_carea' id='block_1_43' title="bbox 173 2777 1774 2847">
    <p class='ocr_par' dir='ltr' id='par_1_43' title="bbox 173 2777 1774 2847">
     <span class='ocr_line' id='line_1_43' title="bbox 173 2777 1774 2847; baseline -0.004 -11"><span class='ocrx_word' id='word_1_309' title='bbox 173 2783 251 2836; x_wconf 88' lang='lat' dir='ltr'><strong>ad</strong></span> <span class='ocrx_word' id='word_1_310' title='bbox 281 2783 595 2836; x_wconf 89' lang='lat' dir='ltr'><strong>Ecclesiam</strong></span> <span class='ocrx_word' id='word_1_311' title='bbox 620 2783 805 2847; x_wconf 87' lang='lat' dir='ltr'><strong>jubet,</strong></span> <span class='ocrx_word' id='word_1_312' title='bbox 845 2786 1199 2847; x_wconf 88' lang='lat' dir='ltr'><strong>protestatus</strong></span> <span class='ocrx_word' id='word_1_313' title='bbox 1235 2779 1394 2843; x_wconf 90' lang='lat' dir='ltr'><strong>quod</strong></span> <span class='ocrx_word' id='word_1_314' title='bbox 1429 2777 1774 2841; x_wconf 86' lang='lat' dir='ltr'><strong>Alexander,</strong></span> 
     </span>
    </p>
   </div>
   <div class='ocr_carea' id='block_1_44' title="bbox 173 2866 1773 2938">
    <p class='ocr_par' dir='ltr' id='par_1_44' title="bbox 173 2866 1773 2938">
     <span class='ocr_line' id='line_1_44' title="bbox 173 2866 1773 2938; baseline -0.005 -12"><span class='ocrx_word' id='word_1_315' title='bbox 173 2873 295 2926; x_wconf 85' lang='lat' dir='ltr'><strong>nisi</strong></span> <span class='ocrx_word' id='word_1_316' title='bbox 326 2883 592 2938; x_wconf 72' lang='lat' dir='ltr'><strong>pmsens</strong></span> <span class='ocrx_word' id='word_1_317' title='bbox 623 2873 1041 2937; x_wconf 89' lang='lat' dir='ltr'><strong>adquiesceret,</strong></span> <span class='ocrx_word' id='word_1_318' title='bbox 1066 2869 1348 2934; x_wconf 90' lang='lat' dir='ltr'><strong>expulsus</strong></span> <span class='ocrx_word' id='word_1_319' title='bbox 1375 2868 1600 2922; x_wconf 88' lang='lat' dir='ltr'><strong>cederet</strong></span> <span class='ocrx_word' id='word_1_320' title='bbox 1629 2866 1773 2920; x_wconf 90' lang='lat' dir='ltr'><strong>loco.</strong></span> 
     </span>
    </p>
   </div>
   <div class='ocr_carea' id='block_1_45' title="bbox 717 3012 1230 3080">
    <p class='ocr_par' dir='ltr' id='par_1_45' title="bbox 717 3012 1230 3080">
     <span class='ocr_line' id='line_1_45' title="bbox 717 3012 1230 3080; baseline 0 -2"><span class='ocrx_word' id='word_1_321' title='bbox 717 3013 1003 3080; x_wconf 89' lang='lat' dir='ltr'>CAPUT</span> <span class='ocrx_word' id='word_1_322' title='bbox 1044 3012 1230 3078; x_wconf 90' lang='lat' dir='ltr'><strong>XIII.</strong></span> 
     </span>
    </p>
   </div>
   <div class='ocr_carea' id='block_1_46' title="bbox 620 3157 1367 3224">
    <p class='ocr_par' dir='ltr' id='par_1_46' title="bbox 620 3157 1367 3224">
     <span class='ocr_line' id='line_1_46' title="bbox 620 3157 1367 3224; baseline -0.003 -15"><span class='ocrx_word' id='word_1_323' title='bbox 620 3158 695 3209; x_wconf 86' lang='lat' dir='ltr'><strong>De</strong></span> <span class='ocrx_word' id='word_1_324' title='bbox 711 3157 965 3224; x_wconf 77' lang='lat' dir='ltr'><strong>probroso</strong></span> <span class='ocrx_word' id='word_1_325' title='bbox 978 3157 1105 3207; x_wconf 78' lang='lat' dir='ltr'><strong>Arii</strong></span> <span class='ocrx_word' id='word_1_326' title='bbox 1126 3157 1367 3208; x_wconf 77' lang='lat' dir='ltr'><strong>interitu.</strong></span> 
     </span>
    </p>
   </div>
   <div class='ocr_carea' id='block_1_47' title="bbox 1872 1972 3474 2041">
    <p class='ocr_par' dir='ltr' id='par_1_47' title="bbox 1872 1972 3474 2041">
     <span class='ocr_line' id='line_1_47' title="bbox 1872 1972 3474 2041; baseline 0.001 -17"><span class='ocrx_word' id='word_1_327' title='bbox 1872 1972 2224 2036; x_wconf 90' lang='lat' dir='ltr'><strong>decerneret,</strong></span> <span class='ocrx_word' id='word_1_328' title='bbox 2251 1980 2608 2040; x_wconf 88' lang='lat' dir='ltr'><strong>componunt</strong></span> <span class='ocrx_word' id='word_1_329' title='bbox 2631 1975 2753 2040; x_wconf 85' lang='grc' dir='ltr'><strong>[Αι.</strong></span> <span class='ocrx_word' id='word_1_330' title='bbox 2770 1981 2996 2040; x_wconf 89' lang='lat' dir='ltr'><strong>ponunt</strong></span> <span class='ocrx_word' id='word_1_331' title='bbox 3020 1974 3038 2040; x_wconf 92' lang='lat'>]</span> <span class='ocrx_word' id='word_1_332' title='bbox 3059 1988 3159 2041; x_wconf 87' lang='lat' dir='ltr'><strong>per</strong></span> <span class='ocrx_word' id='word_1_333' title='bbox 3175 1974 3474 2027; x_wconf 82' lang='lat' dir='ltr'><strong>eunuchos</strong></span> 
     </span>
    </p>
   </div>
   <div class='ocr_carea' id='block_1_48' title="bbox 1873 2063 3468 2130">
    <p class='ocr_par' dir='ltr' id='par_1_48' title="bbox 1873 2063 3468 2130">
     <span class='ocr_line' id='line_1_48' title="bbox 1873 2063 3468 2130; baseline 0 -16"><span class='ocrx_word' id='word_1_334' title='bbox 1873 2075 2021 2126; x_wconf 89' lang='lat' dir='ltr'><strong>quos</strong></span> <span class='ocrx_word' id='word_1_335' title='bbox 2053 2066 2173 2125; x_wconf 90' lang='lat' dir='ltr'><strong>jam</strong></span> <span class='ocrx_word' id='word_1_336' title='bbox 2197 2065 2209 2094; x_wconf 74' lang='grc' dir='ltr'><strong>ί</strong></span> <span class='ocrx_word' id='word_1_337' title='bbox 2232 2065 2468 2130; x_wconf 79' lang='lat' dir='ltr'><strong>perfidia</strong></span> <span class='ocrx_word' id='word_1_338' title='bbox 2493 2064 2772 2130; x_wconf 89' lang='lat' dir='ltr'><strong>deceptus</strong></span> <span class='ocrx_word' id='word_1_339' title='bbox 2796 2066 3091 2124; x_wconf 89' lang='lat' dir='ltr'><strong>tenebant,</strong></span> <span class='ocrx_word' id='word_1_340' title='bbox 3126 2064 3213 2117; x_wconf 91' lang='lat' dir='ltr'><strong>uti</strong></span> <span class='ocrx_word' id='word_1_341' title='bbox 3249 2063 3321 2116; x_wconf 91' lang='lat' dir='ltr'><strong>de</strong></span> <span class='ocrx_word' id='word_1_342' title='bbox 3354 2063 3468 2115; x_wconf 89' lang='lat' dir='ltr'><strong>Arii</strong></span> 
     </span>
    </p>
   </div>
   <div class='ocr_carea' id='block_1_49' title="bbox 1872 2153 3473 2220">
    <p class='ocr_par' dir='ltr' id='par_1_49' title="bbox 1872 2153 3473 2220">
     <span class='ocr_line' id='line_1_49' title="bbox 1872 2153 3473 2220; baseline -0.001 -15"><span class='ocrx_word' id='word_1_343' title='bbox 1872 2159 2058 2207; x_wconf 91' lang='lat' dir='ltr'><strong>morte</strong></span> <span class='ocrx_word' id='word_1_344' title='bbox 2102 2156 2418 2220; x_wconf 87' lang='lat' dir='ltr'><strong>Imperator</strong></span> <span class='ocrx_word' id='word_1_345' title='bbox 2461 2167 2637 2220; x_wconf 89' lang='lat' dir='ltr'><strong>quam</strong></span> <span class='ocrx_word' id='word_1_346' title='bbox 2667 2156 2791 2208; x_wconf 83' lang='lat' dir='ltr'><strong>fieri</strong></span> <span class='ocrx_word' id='word_1_347' title='bbox 2831 2159 3030 2220; x_wconf 88' lang='lat' dir='ltr'><strong>posset</strong></span> <span class='ocrx_word' id='word_1_348' title='bbox 3075 2153 3392 2219; x_wconf 86' lang='lat' dir='ltr'><strong>composite</strong></span> <span class='ocrx_word' id='word_1_349' title='bbox 3421 2158 3473 2205; x_wconf 85' lang='lat' dir='ltr'><strong>et</strong></span> 
     </span>
    </p>
   </div>
   <div class='ocr_carea' id='block_1_50' title="bbox 1873 2241 3479 2309">
    <p class='ocr_par' dir='ltr' id='par_1_50' title="bbox 1873 2241 3479 2309">
     <span class='ocr_line' id='line_1_50' title="bbox 1873 2241 3479 2309; baseline 0 -14"><span class='ocrx_word' id='word_1_350' title='bbox 1873 2245 2259 2296; x_wconf 87' lang='lat' dir='ltr'><strong>communiter</strong></span> <span class='ocrx_word' id='word_1_351' title='bbox 2281 2250 2566 2309; x_wconf 85' lang='lat' dir='ltr'><strong>nosceret,</strong></span> <span class='ocrx_word' id='word_1_352' title='bbox 2590 2257 2781 2308; x_wconf 88' lang='lat' dir='ltr'><strong>neque</strong></span> <span class='ocrx_word' id='word_1_353' title='bbox 2809 2242 3026 2308; x_wconf 85' lang='lat' dir='ltr'><strong>aliquid</strong></span> <span class='ocrx_word' id='word_1_354' title='bbox 3050 2243 3207 2308; x_wconf 91' lang='lat' dir='ltr'><strong>quod</strong></span> <span class='ocrx_word' id='word_1_355' title='bbox 3230 2244 3333 2294; x_wconf 92' lang='lat' dir='ltr'><strong>Dei</strong></span> <span class='ocrx_word' id='word_1_356' title='bbox 3357 2241 3479 2297; x_wconf 86' lang='lat' dir='ltr'><strong>vin-</strong></span> 
     </span>
    </p>
   </div>
   <div class='ocr_carea' id='block_1_51' title="bbox 1874 2331 3480 2399">
    <p class='ocr_par' dir='ltr' id='par_1_51' title="bbox 1874 2331 3480 2399">
     <span class='ocr_line' id='line_1_51' title="bbox 1874 2331 3480 2399; baseline -0.001 -14"><span class='ocrx_word' id='word_1_357' title='bbox 1874 2333 2088 2385; x_wconf 89' lang='lat' dir='ltr'><strong>dictam</strong></span> <span class='ocrx_word' id='word_1_358' title='bbox 2141 2333 2394 2386; x_wconf 89' lang='lat' dir='ltr'><strong>indicare</strong></span> <span class='ocrx_word' id='word_1_359' title='bbox 2454 2334 2764 2399; x_wconf 87' lang='lat' dir='ltr'><strong>videretur,</strong></span> <span class='ocrx_word' id='word_1_360' title='bbox 2820 2333 3064 2386; x_wconf 90' lang='lat' dir='ltr'><strong>audiret.</strong></span> <span class='ocrx_word' id='word_1_361' title='bbox 3128 2332 3345 2394; x_wconf 86' lang='lat' dir='ltr'><strong>Quibus</strong></span> <span class='ocrx_word' id='word_1_362' title='bbox 3398 2331 3480 2384; x_wconf 83' lang='lat' dir='ltr'><strong>ita</strong></span> 
     </span>
    </p>
   </div>
   <div class='ocr_carea' id='block_1_52' title="bbox 1874 2422 3474 2488">
    <p class='ocr_par' dir='ltr' id='par_1_52' title="bbox 1874 2422 3474 2488">
     <span class='ocr_line' id='line_1_52' title="bbox 1874 2422 3474 2488; baseline -0.002 -12"><span class='ocrx_word' id='word_1_363' title='bbox 1874 2422 2076 2488; x_wconf 86' lang='lat' dir='ltr'><strong>gestis,</strong></span> <span class='ocrx_word' id='word_1_364' title='bbox 2098 2423 2169 2476; x_wconf 90' lang='lat' dir='ltr'><strong>de</strong></span> <span class='ocrx_word' id='word_1_365' title='bbox 2188 2434 2398 2476; x_wconf 86' lang='lat' dir='ltr'><strong>caussa</strong></span> <span class='ocrx_word' id='word_1_366' title='bbox 2428 2423 2562 2476; x_wconf 84' lang='lat' dir='ltr'><strong>ﬁdei</strong></span> <span class='ocrx_word' id='word_1_367' title='bbox 2588 2428 2655 2476; x_wconf 92' lang='lat' dir='ltr'><strong>ut</strong></span> <span class='ocrx_word' id='word_1_368' title='bbox 2679 2426 2992 2488; x_wconf 70' lang='lat' dir='ltr'><strong>cmperant,</strong></span> <span class='ocrx_word' id='word_1_369' title='bbox 3029 2423 3474 2486; x_wconf 91' lang='lat' dir='ltr'><strong>prosequuntur.</strong></span> 
     </span>
    </p>
   </div>
   <div class='ocr_carea' id='block_1_53' title="bbox 2415 2564 2929 2631">
    <p class='ocr_par' dir='ltr' id='par_1_53' title="bbox 2415 2564 2929 2631">
     <span class='ocr_line' id='line_1_53' title="bbox 2415 2564 2929 2631; baseline -0.004 0"><span class='ocrx_word' id='word_1_370' title='bbox 2415 2565 2582 2631; x_wconf 85' lang='lat' dir='ltr'><strong>CAP</strong></span> <span class='ocrx_word' id='word_1_371' title='bbox 2595 2566 2702 2630; x_wconf 91' lang='lat' dir='ltr'><strong>UT</strong></span> <span class='ocrx_word' id='word_1_372' title='bbox 2742 2564 2929 2630; x_wconf 87' lang='lat' dir='ltr'><strong>XIV.</strong></span> 
     </span>
    </p>
   </div>
   <div class='ocr_carea' id='block_1_54' title="bbox 2177 2715 3185 2783">
    <p class='ocr_par' dir='ltr' id='par_1_54' title="bbox 2177 2715 3185 2783">
     <span class='ocr_line' id='line_1_54' title="bbox 2177 2715 3185 2783; baseline 0.002 -15"><span class='ocrx_word' id='word_1_373' title='bbox 2177 2718 2253 2768; x_wconf 85' lang='lat' dir='ltr'><strong>De</strong></span> <span class='ocrx_word' id='word_1_374' title='bbox 2272 2717 2572 2769; x_wconf 77' lang='lat' dir='ltr'><strong>Athanasii</strong></span> <span class='ocrx_word' id='word_1_375' title='bbox 2592 2717 2849 2783; x_wconf 82' lang='lat' dir='ltr'><strong>Episcopi</strong></span> <span class='ocrx_word' id='word_1_376' title='bbox 2867 2715 3185 2782; x_wconf 74' lang='lat' dir='ltr'><strong>principiis.</strong></span> 
     </span>
    </p>
   </div>
   <div class='ocr_carea' id='block_1_55' title="bbox 1938 2856 3476 2927">
    <p class='ocr_par' dir='ltr' id='par_1_55' title="bbox 1938 2856 3476 2927">
     <span class='ocr_line' id='line_1_55' title="bbox 1938 2856 3476 2927; baseline 0.001 -14"><span class='ocrx_word' id='word_1_377' title='bbox 1938 2860 2120 2926; x_wconf 85' lang='lat' dir='ltr'><strong>Igitur</strong></span> <span class='ocrx_word' id='word_1_378' title='bbox 2148 2860 2306 2927; x_wconf 90' lang='lat' dir='ltr'><strong>apud</strong></span> <span class='ocrx_word' id='word_1_379' title='bbox 2347 2860 2784 2926; x_wconf 87' lang='lat' dir='ltr'><strong>Alexandrium,</strong></span> <span class='ocrx_word' id='word_1_380' title='bbox 2821 2859 3093 2913; x_wconf 83' lang='lat' dir='ltr'><strong>defuncto</strong></span> <span class='ocrx_word' id='word_1_381' title='bbox 3125 2856 3476 2922; x_wconf 78' lang='lat' dir='ltr'><strong>Alexandro,</strong></span> 
     </span>
    </p>
   </div>
   <div class='ocr_carea' id='block_1_56' title="bbox 1874 2940 3479 3016">
    <p class='ocr_par' dir='ltr' id='par_1_56' title="bbox 1874 2940 3479 3016">
     <span class='ocr_line' id='line_1_56' title="bbox 1874 2940 3479 3016; baseline -0.002 -14"><span class='ocrx_word' id='word_1_382' title='bbox 1874 2951 2228 3003; x_wconf 88' lang='lat' dir='ltr'><strong>Athanasius</strong></span> <span class='ocrx_word' id='word_1_383' title='bbox 2258 2950 2271 2989; x_wconf 71' lang='grc'><strong><em>³</em></strong></span> <span class='ocrx_word' id='word_1_384' title='bbox 2298 2940 2631 3016; x_wconf 51' lang='lat' dir='ltr'><strong>susceperat</strong></span> <span class='ocrx_word' id='word_1_385' title='bbox 2658 2949 2873 3002; x_wconf 89' lang='lat' dir='ltr'><strong>sedem.</strong></span> <span class='ocrx_word' id='word_1_386' title='bbox 2909 2948 3071 3011; x_wconf 92' lang='lat' dir='ltr'><strong>Quod</strong></span> <span class='ocrx_word' id='word_1_387' title='bbox 3095 2960 3234 3002; x_wconf 90' lang='lat' dir='ltr'><strong>vero</strong></span> <span class='ocrx_word' id='word_1_388' title='bbox 3263 2948 3290 2982; x_wconf 75' lang='grc' dir='ltr'><strong>ι</strong></span> <span class='ocrx_word' id='word_1_389' title='bbox 3322 2950 3479 2999; x_wconf 87' lang='lat' dir='ltr'><strong>esset</strong></span> 
     </span>
    </p>
   </div>
   <div class='ocr_carea' id='block_1_57' title="bbox 1874 3035 3478 3104">
    <p class='ocr_par' dir='ltr' id='par_1_57' title="bbox 1874 3035 3478 3104">
     <span class='ocr_line' id='line_1_57' title="bbox 1874 3035 3478 3104; baseline -0.002 -13"><span class='ocrx_word' id='word_1_390' title='bbox 1874 3039 2028 3091; x_wconf 91' lang='lat' dir='ltr'><strong>idem</strong></span> <span class='ocrx_word' id='word_1_391' title='bbox 2061 3039 2145 3091; x_wconf 90' lang='lat' dir='ltr'><strong>vir</strong></span> <span class='ocrx_word' id='word_1_392' title='bbox 2165 3040 2315 3091; x_wconf 88' lang='lat' dir='ltr'><strong>acris</strong></span> <span class='ocrx_word' id='word_1_393' title='bbox 2337 3039 2575 3104; x_wconf 87' lang='lat' dir='ltr'><strong>ingenii,</strong></span> <span class='ocrx_word' id='word_1_394' title='bbox 2608 3044 2666 3091; x_wconf 91' lang='lat' dir='ltr'><strong>et</strong></span> <span class='ocrx_word' id='word_1_395' title='bbox 2695 3040 2756 3092; x_wconf 92' lang='lat' dir='ltr'><strong>in</strong></span> <span class='ocrx_word' id='word_1_396' title='bbox 2785 3036 3192 3091; x_wconf 88' lang='lat' dir='ltr'><strong>ecclesiasticis</strong></span> <span class='ocrx_word' id='word_1_397' title='bbox 3228 3035 3478 3102; x_wconf 87' lang='lat' dir='ltr'><strong>negotiis</strong></span> 
     </span>
    </p>
   </div>
   <div class='ocr_carea' id='block_1_58' title="bbox 1875 3122 3483 3193">
    <p class='ocr_par' dir='ltr' id='par_1_58' title="bbox 1875 3122 3483 3193">
     <span class='ocr_line' id='line_1_58' title="bbox 1875 3122 3483 3193; baseline -0.003 -12"><span class='ocrx_word' id='word_1_398' title='bbox 1875 3128 2133 3193; x_wconf 88' lang='lat' dir='ltr'><strong>apprime</strong></span> <span class='ocrx_word' id='word_1_399' title='bbox 2148 3125 2416 3193; x_wconf 85' lang='lat' dir='ltr'><strong>vigilans,</strong></span> <span class='ocrx_word' id='word_1_400' title='bbox 2438 3128 2580 3179; x_wconf 89' lang='lat' dir='ltr'><strong>satis</strong></span> <span class='ocrx_word' id='word_1_401' title='bbox 2595 3128 2717 3193; x_wconf 87' lang='lat' dir='ltr'><strong>jam</strong></span> <span class='ocrx_word' id='word_1_402' title='bbox 2742 3132 2882 3179; x_wconf 91' lang='lat' dir='ltr'><strong>tunc</strong></span> <span class='ocrx_word' id='word_1_403' title='bbox 2903 3126 3193 3179; x_wconf 64' lang='lat' dir='ltr'><strong>haereticis</strong></span> <span class='ocrx_word' id='word_1_404' title='bbox 3220 3122 3367 3193; x_wconf 73' lang='lat'><strong>24]</strong></span> <span class='ocrx_word' id='word_1_405' title='bbox 3400 3125 3483 3176; x_wconf 87' lang='lat' dir='ltr'><strong>in-</strong></span> 
     </span>
    </p>
   </div>
   <div class='ocr_carea' id='block_1_59' title="bbox 1873 3213 3482 3281">
    <p class='ocr_par' dir='ltr' id='par_1_59' title="bbox 1873 3213 3482 3281">
     <span class='ocr_line' id='line_1_59' title="bbox 1873 3213 3482 3281; baseline -0.003 -12"><span class='ocrx_word' id='word_1_406' title='bbox 1873 3222 2159 3281; x_wconf 86' lang='lat' dir='ltr'><strong>notuerat,</strong></span> <span class='ocrx_word' id='word_1_407' title='bbox 2192 3230 2327 3269; x_wconf 92' lang='lat' dir='ltr'><strong>cum</strong></span> <span class='ocrx_word' id='word_1_408' title='bbox 2355 3217 2429 3269; x_wconf 92' lang='lat' dir='ltr'><strong>ad</strong></span> <span class='ocrx_word' id='word_1_409' title='bbox 2453 3216 2770 3270; x_wconf 89' lang='lat' dir='ltr'><strong>Concilium</strong></span> <span class='ocrx_word' id='word_1_410' title='bbox 2806 3218 2817 3246; x_wconf 90' lang='grc'><strong>¹</strong></span> <span class='ocrx_word' id='word_1_411' title='bbox 2843 3216 3146 3270; x_wconf 74' lang='lat' dir='ltr'><strong>Nicaanum</strong></span> <span class='ocrx_word' id='word_1_412' title='bbox 3190 3228 3324 3267; x_wconf 91' lang='lat' dir='ltr'><strong>cum</strong></span> <span class='ocrx_word' id='word_1_413' title='bbox 3347 3213 3482 3279; x_wconf 89' lang='lat' dir='ltr'><strong>Epi-</strong></span> 
     </span>
    </p>
   </div>
   <div class='ocr_carea' id='block_1_60' title="bbox 234 3292 3478 3371">
    <p class='ocr_par' dir='ltr' id='par_1_60' title="bbox 234 3292 3478 3371">
     <span class='ocr_line' id='line_1_60' title="bbox 234 3292 3478 3371; baseline -0.004 -3"><span class='ocrx_word' id='word_1_414' title='bbox 234 3303 418 3368; x_wconf 69' lang='lat' dir='ltr'><strong>lgiml‘</strong></span> <span class='ocrx_word' id='word_1_415' title='bbox 431 3304 695 3355; x_wconf 68' lang='lat' dir='ltr'><strong>omnium</strong></span> <span class='ocrx_word' id='word_1_416' title='bbox 707 3314 940 3355; x_wconf 74' lang='lat' dir='ltr'><strong>summa</strong></span> <span class='ocrx_word' id='word_1_417' title='bbox 948 3301 1291 3367; x_wconf 73' lang='grc' dir='ltr'><strong>θΧΡθοῐᾶιίον</strong></span> <span class='ocrx_word' id='word_1_418' title='bbox 1305 3300 1460 3365; x_wconf 76' lang='grc' dir='ltr'><strong>(Ιιιοά</strong></span> <span class='ocrx_word' id='word_1_419' title='bbox 1475 3301 1774 3351; x_wconf 50' lang='lat' dir='ltr'><strong>While“!!-</strong></span> <span class='ocrx_word' id='word_1_420' title='bbox 1796 3292 1846 3369; x_wconf 86' lang='lat' dir='ltr'><strong>C</strong></span> <span class='ocrx_word' id='word_1_421' title='bbox 1877 3321 2050 3370; x_wconf 80' lang='lat' dir='ltr'><strong>scopo</strong></span> <span class='ocrx_word' id='word_1_422' title='bbox 2067 3320 2173 3360; x_wconf 89' lang='lat' dir='ltr'><strong>suo</strong></span> <span class='ocrx_word' id='word_1_423' title='bbox 2189 3320 2330 3361; x_wconf 90' lang='lat' dir='ltr'><strong>sene</strong></span> <span class='ocrx_word' id='word_1_424' title='bbox 2344 3307 2675 3361; x_wconf 87' lang='lat' dir='ltr'><strong>Alexandro</strong></span> <span class='ocrx_word' id='word_1_425' title='bbox 2694 3311 2949 3371; x_wconf 86' lang='lat' dir='ltr'><strong>venerat,</strong></span> <span class='ocrx_word' id='word_1_426' title='bbox 2970 3307 3137 3370; x_wconf 91' lang='lat' dir='ltr'><strong>cujus</strong></span> <span class='ocrx_word' id='word_1_427' title='bbox 3153 3303 3478 3368; x_wconf 86' lang='lat' dir='ltr'><strong>suggestio-</strong></span> 
     </span>
    </p>
   </div>
   <div class='ocr_carea' id='block_1_61' title="bbox 172 3388 1783 3457">
    <p class='ocr_par' dir='ltr' id='par_1_61' title="bbox 172 3388 1783 3457">
     <span class='ocr_line' id='line_1_61' title="bbox 172 3388 1783 3457; baseline -0.002 -12"><span class='ocrx_word' id='word_1_428' title='bbox 172 3393 263 3446; x_wconf 89' lang='lat' dir='ltr'><strong>dri</strong></span> <span class='ocrx_word' id='word_1_429' title='bbox 292 3392 735 3457; x_wconf 86' lang='lat' dir='ltr'><strong>perseverantia,</strong></span> <span class='ocrx_word' id='word_1_430' title='bbox 758 3394 848 3444; x_wconf 88' lang='lat' dir='ltr'><strong>vel</strong></span> <span class='ocrx_word' id='word_1_431' title='bbox 872 3392 1104 3443; x_wconf 89' lang='lat' dir='ltr'><strong>Eusebii</strong></span> <span class='ocrx_word' id='word_1_432' title='bbox 1124 3391 1358 3454; x_wconf 82' lang='lat' dir='ltr'><strong>Ariique</strong></span> <span class='ocrx_word' id='word_1_433' title='bbox 1380 3390 1658 3442; x_wconf 86' lang='lat' dir='ltr'><strong>instantia</strong></span> <span class='ocrx_word' id='word_1_434' title='bbox 1679 3388 1783 3442; x_wconf 85' lang='lat' dir='ltr'><strong>de—</strong></span> 
     </span>
    </p>
   </div>
   <div class='ocr_carea' id='block_1_62' title="bbox 170 3480 1781 3545">
    <p class='ocr_par' dir='ltr' id='par_1_62' title="bbox 170 3480 1781 3545">
     <span class='ocr_line' id='line_1_62' title="bbox 170 3480 1781 3545; baseline -0.004 -10"><span class='ocrx_word' id='word_1_435' title='bbox 170 3482 426 3535; x_wconf 90' lang='lat' dir='ltr'><strong>clinaret.</strong></span> <span class='ocrx_word' id='word_1_436' title='bbox 445 3483 707 3545; x_wconf 89' lang='lat' dir='ltr'><strong>Cumque</strong></span> <span class='ocrx_word' id='word_1_437' title='bbox 727 3484 1069 3534; x_wconf 89' lang='lat' dir='ltr'><strong>cunctorum</strong></span> <span class='ocrx_word' id='word_1_438' title='bbox 1093 3480 1273 3532; x_wconf 89' lang='lat' dir='ltr'><strong>animi</strong></span> <span class='ocrx_word' id='word_1_439' title='bbox 1289 3484 1507 3544; x_wconf 87' lang='lat' dir='ltr'><strong>essent,</strong></span> <span class='ocrx_word' id='word_1_440' title='bbox 1532 3483 1596 3531; x_wconf 88' lang='lat' dir='ltr'><strong>ut</strong></span> <span class='ocrx_word' id='word_1_441' title='bbox 1616 3480 1677 3532; x_wconf 90' lang='lat' dir='ltr'><strong>in</strong></span> <span class='ocrx_word' id='word_1_442' title='bbox 1693 3483 1781 3529; x_wconf 84' lang='lat' dir='ltr'><strong>tali</strong></span> 
     </span>
    </p>
   </div>
   <div class='ocr_carea' id='block_1_63' title="bbox 170 3568 1784 3636">
    <p class='ocr_par' dir='ltr' id='par_1_63' title="bbox 170 3568 1784 3636">
     <span class='ocr_line' id='line_1_63' title="bbox 170 3568 1784 3636; baseline -0.004 -11"><span class='ocrx_word' id='word_1_443' title='bbox 170 3585 255 3632; x_wconf 88' lang='lat' dir='ltr'><strong>re,</strong></span> <span class='ocrx_word' id='word_1_444' title='bbox 281 3579 300 3600; x_wconf 84' lang='lat'><strong><em>°</em></strong></span> <span class='ocrx_word' id='word_1_445' title='bbox 314 3571 714 3636; x_wconf 86' lang='lat' dir='ltr'><strong>expectatione</strong></span> <span class='ocrx_word' id='word_1_446' title='bbox 736 3572 1025 3636; x_wconf 86' lang='lat' dir='ltr'><strong>suspensi,</strong></span> <span class='ocrx_word' id='word_1_447' title='bbox 1042 3571 1217 3622; x_wconf 89' lang='lat' dir='ltr'><strong>Arius</strong></span> <span class='ocrx_word' id='word_1_448' title='bbox 1239 3569 1314 3622; x_wconf 89' lang='lat' dir='ltr'><strong>ad</strong></span> <span class='ocrx_word' id='word_1_449' title='bbox 1335 3568 1647 3622; x_wconf 88' lang='lat' dir='ltr'><strong>Ecclesiam</strong></span> <span class='ocrx_word' id='word_1_450' title='bbox 1676 3585 1784 3632; x_wconf 88' lang='lat' dir='ltr'><strong>per-</strong></span> 
     </span>
    </p>
   </div>
   <div class='ocr_carea' id='block_1_64' title="bbox 169 3658 1782 3727">
    <p class='ocr_par' dir='ltr' id='par_1_64' title="bbox 169 3658 1782 3727">
     <span class='ocr_line' id='line_1_64' title="bbox 169 3658 1782 3727; baseline -0.002 -14"><span class='ocrx_word' id='word_1_451' title='bbox 169 3674 340 3727; x_wconf 89' lang='lat' dir='ltr'><strong>gens,</strong></span> <span class='ocrx_word' id='word_1_452' title='bbox 356 3662 758 3726; x_wconf 89' lang='lat' dir='ltr'><strong>episcoporum</strong></span> <span class='ocrx_word' id='word_1_453' title='bbox 781 3666 843 3713; x_wconf 91' lang='lat' dir='ltr'><strong>et</strong></span> <span class='ocrx_word' id='word_1_454' title='bbox 854 3658 1200 3726; x_wconf 89' lang='lat' dir='ltr'><strong>populorum</strong></span> <span class='ocrx_word' id='word_1_455' title='bbox 1215 3659 1540 3723; x_wconf 89' lang='lat' dir='ltr'><strong>frequentia</strong></span> <span class='ocrx_word' id='word_1_456' title='bbox 1565 3659 1782 3713; x_wconf 89' lang='lat' dir='ltr'><strong>consti-</strong></span> 
     </span>
    </p>
   </div>
   <div class='ocr_carea' id='block_1_65' title="bbox 167 3747 1783 3818">
    <p class='ocr_par' dir='ltr' id='par_1_65' title="bbox 167 3747 1783 3818">
     <span class='ocr_line' id='line_1_65' title="bbox 167 3747 1783 3818; baseline -0.004 -15"><span class='ocrx_word' id='word_1_457' title='bbox 167 3755 365 3817; x_wconf 87' lang='lat' dir='ltr'><strong>patus,</strong></span> <span class='ocrx_word' id='word_1_458' title='bbox 396 3748 567 3818; x_wconf 70' lang='lat'><strong>240</strong></span> <span class='ocrx_word' id='word_1_459' title='bbox 597 3749 873 3802; x_wconf 63' lang='lat' dir='ltr'><strong>humana:</strong></span> <span class='ocrx_word' id='word_1_460' title='bbox 895 3749 1259 3801; x_wconf 88' lang='lat' dir='ltr'><strong>necessitatis</strong></span> <span class='ocrx_word' id='word_1_461' title='bbox 1276 3760 1485 3800; x_wconf 89' lang='lat' dir='ltr'><strong>caussa</strong></span> <span class='ocrx_word' id='word_1_462' title='bbox 1497 3747 1572 3800; x_wconf 91' lang='lat' dir='ltr'><strong>ad</strong></span> <span class='ocrx_word' id='word_1_463' title='bbox 1592 3748 1783 3813; x_wconf 77' lang='lat' dir='ltr'><strong>publi.</strong></span> 
     </span>
    </p>
   </div>
   <div class='ocr_carea' id='block_1_66' title="bbox 171 3837 1782 3904">
    <p class='ocr_par' dir='ltr' id='par_1_66' title="bbox 171 3837 1782 3904">
     <span class='ocr_line' id='line_1_66' title="bbox 171 3837 1782 3904; baseline -0.002 -12"><span class='ocrx_word' id='word_1_464' title='bbox 171 3852 313 3893; x_wconf 91' lang='lat' dir='ltr'><strong>cum</strong></span> <span class='ocrx_word' id='word_1_465' title='bbox 331 3841 521 3893; x_wconf 87' lang='lat' dir='ltr'><strong>locum</strong></span> <span class='ocrx_word' id='word_1_466' title='bbox 544 3840 810 3893; x_wconf 88' lang='lat' dir='ltr'><strong>declinat.</strong></span> <span class='ocrx_word' id='word_1_467' title='bbox 834 3838 943 3891; x_wconf 91' lang='lat' dir='ltr'><strong>Ubi</strong></span> <span class='ocrx_word' id='word_1_468' title='bbox 966 3840 983 3904; x_wconf 96' lang='lat'>[</span> <span class='ocrx_word' id='word_1_469' title='bbox 1003 3838 1092 3890; x_wconf 79' lang='grc' dir='ltr'><strong>Αι.</strong></span> <span class='ocrx_word' id='word_1_470' title='bbox 1115 3837 1236 3903; x_wconf 90' lang='lat' dir='ltr'><strong>Ibi]</strong></span> <span class='ocrx_word' id='word_1_471' title='bbox 1264 3851 1398 3890; x_wconf 91' lang='lat' dir='ltr'><strong>cum</strong></span> <span class='ocrx_word' id='word_1_472' title='bbox 1427 3838 1668 3899; x_wconf 86' lang='lat' dir='ltr'><strong>sederet,</strong></span> <span class='ocrx_word' id='word_1_473' title='bbox 1693 3838 1782 3889; x_wconf 85' lang='lat' dir='ltr'><strong>in-</strong></span> 
     </span>
    </p>
   </div>
   <div class='ocr_carea' id='block_1_67' title="bbox 170 3928 1784 3995">
    <p class='ocr_par' dir='ltr' id='par_1_67' title="bbox 170 3928 1784 3995">
     <span class='ocr_line' id='line_1_67' title="bbox 170 3928 1784 3995; baseline -0.005 -12"><span class='ocrx_word' id='word_1_474' title='bbox 170 3929 393 3983; x_wconf 87' lang='lat' dir='ltr'><strong>testina</strong></span> <span class='ocrx_word' id='word_1_475' title='bbox 407 3931 532 3995; x_wconf 88' lang='lat' dir='ltr'><strong>ejus</strong></span> <span class='ocrx_word' id='word_1_476' title='bbox 555 3932 731 3995; x_wconf 87' lang='lat' dir='ltr'><strong>atque</strong></span> <span class='ocrx_word' id='word_1_477' title='bbox 746 3928 940 3982; x_wconf 90' lang='lat' dir='ltr'><strong>omnia</strong></span> <span class='ocrx_word' id='word_1_478' title='bbox 959 3928 1184 3982; x_wconf 84' lang='lat' dir='ltr'><strong>viscera</strong></span> <span class='ocrx_word' id='word_1_479' title='bbox 1201 3928 1261 3978; x_wconf 91' lang='lat' dir='ltr'><strong>in</strong></span> <span class='ocrx_word' id='word_1_480' title='bbox 1277 3939 1549 3979; x_wconf 89' lang='lat' dir='ltr'><strong>secessus</strong></span> <span class='ocrx_word' id='word_1_481' title='bbox 1572 3929 1784 3976; x_wconf 89' lang='lat' dir='ltr'><strong>cunicu-</strong></span> 
     </span>
    </p>
   </div>
   <div class='ocr_carea' id='block_1_68' title="bbox 176 4126 1785 4193">
    <p class='ocr_par' dir='ltr' id='par_1_68' title="bbox 176 4126 1785 4193">
     <span class='ocr_line' id='line_1_68' title="bbox 176 4126 1785 4193; baseline -0.009 -6"><span class='ocrx_word' id='word_1_482' title='bbox 176 4127 490 4193; x_wconf 82' lang='lat' dir='ltr'><strong>Meletiani,</strong></span> <span class='ocrx_word' id='word_1_483' title='bbox 513 4127 724 4193; x_wconf 90' lang='lat' dir='ltr'><strong>aliique</strong></span> <span class='ocrx_word' id='word_1_484' title='bbox 739 4127 935 4180; x_wconf 91' lang='lat' dir='ltr'><strong>omnia</strong></span> <span class='ocrx_word' id='word_1_485' title='bbox 948 4126 1284 4185; x_wconf 90' lang='lat' dir='ltr'><strong>miscebant,</strong></span> <span class='ocrx_word' id='word_1_486' title='bbox 1307 4129 1372 4177; x_wconf 92' lang='lat' dir='ltr'><strong>ut</strong></span> <span class='ocrx_word' id='word_1_487' title='bbox 1397 4129 1553 4178; x_wconf 88' lang='lat' dir='ltr'><strong>recte</strong></span> <span class='ocrx_word' id='word_1_488' title='bbox 1580 4127 1785 4186; x_wconf 80' lang='lat' dir='ltr'><strong>singula</strong></span> 
     </span>
    </p>
   </div>
   <div class='ocr_carea' id='block_1_69' title="bbox 172 4198 1781 4266">
    <p class='ocr_par' dir='ltr' id='par_1_69' title="bbox 172 4198 1781 4266">
     <span class='ocr_line' id='line_1_69' title="bbox 172 4198 1781 4266; baseline -0.006 -7"><span class='ocrx_word' id='word_1_489' title='bbox 172 4205 251 4259; x_wconf 88' lang='lat' dir='ltr'><strong>ad</strong></span> <span class='ocrx_word' id='word_1_490' title='bbox 296 4208 622 4266; x_wconf 89' lang='lat' dir='ltr'><strong>temporum</strong></span> <span class='ocrx_word' id='word_1_491' title='bbox 657 4200 941 4252; x_wconf 86' lang='lat' dir='ltr'><strong>amussim</strong></span> <span class='ocrx_word' id='word_1_492' title='bbox 976 4198 1225 4252; x_wconf 89' lang='lat' dir='ltr'><strong>describi</strong></span> <span class='ocrx_word' id='word_1_493' title='bbox 1261 4209 1393 4262; x_wconf 60' lang='lat' dir='ltr'><strong>quae</strong></span> <span class='ocrx_word' id='word_1_494' title='bbox 1433 4201 1598 4262; x_wconf 87' lang='lat' dir='ltr'><strong>gesta</strong></span> <span class='ocrx_word' id='word_1_495' title='bbox 1626 4202 1781 4262; x_wconf 90' lang='lat' dir='ltr'><strong>sunt,</strong></span> 
     </span>
    </p>
   </div>
   <div class='ocr_carea' id='block_1_70' title="bbox 175 4272 689 4337">
    <p class='ocr_par' dir='ltr' id='par_1_70' title="bbox 175 4272 689 4337">
     <span class='ocr_line' id='line_1_70' title="bbox 175 4272 689 4337; baseline -0.008 -8"><span class='ocrx_word' id='word_1_496' title='bbox 175 4272 413 4328; x_wconf 84' lang='lat' dir='ltr'><strong>difficile</strong></span> <span class='ocrx_word' id='word_1_497' title='bbox 432 4276 689 4337; x_wconf 89' lang='lat' dir='ltr'><strong>possent.</strong></span> 
     </span>
    </p>
   </div>
   <div class='ocr_carea' id='block_1_71' title="bbox 242 4340 1781 4408">
    <p class='ocr_par' dir='ltr' id='par_1_71' title="bbox 242 4340 1781 4408">
     <span class='ocr_line' id='line_1_71' title="bbox 242 4340 1781 4408; baseline -0.003 -10"><span class='ocrx_word' id='word_1_498' title='bbox 242 4358 261 4378; x_wconf 74' lang='grc'>³</span> <span class='ocrx_word' id='word_1_499' title='bbox 285 4346 635 4398; x_wconf 90' lang='lat' dir='ltr'><strong>Bononiens.</strong></span> <span class='ocrx_word' id='word_1_500' title='bbox 668 4344 795 4408; x_wconf 75' lang='lat' dir='ltr'><strong>fecit</strong></span> <span class='ocrx_word' id='word_1_501' title='bbox 815 4348 875 4396; x_wconf 89' lang='lat' dir='ltr'><strong>et</strong></span> <span class='ocrx_word' id='word_1_502' title='bbox 908 4355 1050 4396; x_wconf 89' lang='lat' dir='ltr'><strong>mox</strong></span> <span class='ocrx_word' id='word_1_503' title='bbox 1068 4341 1327 4392; x_wconf 73' lang='lat' dir='ltr'><strong>reuocari.</strong></span> <span class='ocrx_word' id='word_1_504' title='bbox 1353 4341 1569 4406; x_wconf 86' lang='lat' dir='ltr'><strong>Pagius</strong></span> <span class='ocrx_word' id='word_1_505' title='bbox 1596 4340 1781 4405; x_wconf 90' lang='lat' dir='ltr'><strong>docet,</strong></span> 
     </span>
    </p>
   </div>
   <div class='ocr_carea' id='block_1_72' title="bbox 174 4414 1784 4474">
    <p class='ocr_par' dir='ltr' id='par_1_72' title="bbox 174 4414 1784 4474">
     <span class='ocr_line' id='line_1_72' title="bbox 174 4414 1784 4474; baseline -0.006 0"><span class='ocrx_word' id='word_1_506' title='bbox 174 4430 334 4474; x_wconf 89' lang='lat' dir='ltr'><strong>anno</strong></span> <span class='ocrx_word' id='word_1_507' title='bbox 358 4416 485 4473; x_wconf 88' lang='lat'><strong>336.</strong></span> <span class='ocrx_word' id='word_1_508' title='bbox 523 4428 725 4469; x_wconf 90' lang='lat' dir='ltr'><strong>mense</strong></span> <span class='ocrx_word' id='word_1_509' title='bbox 761 4415 986 4468; x_wconf 90' lang='lat' dir='ltr'><strong>circiter</strong></span> <span class='ocrx_word' id='word_1_510' title='bbox 1010 4414 1320 4467; x_wconf 85' lang='lat' dir='ltr'><strong>Februario</strong></span> <span class='ocrx_word' id='word_1_511' title='bbox 1342 4422 1601 4466; x_wconf 88' lang='lat' dir='ltr'><strong>coactam</strong></span> <span class='ocrx_word' id='word_1_512' title='bbox 1634 4414 1784 4465; x_wconf 89' lang='lat' dir='ltr'><strong>hanc</strong></span> 
     </span>
    </p>
   </div>
   <div class='ocr_carea' id='block_1_73' title="bbox 175 4486 1784 4558">
    <p class='ocr_par' dir='ltr' id='par_1_73' title="bbox 175 4486 1784 4558">
     <span class='ocr_line' id='line_1_73' title="bbox 175 4486 1784 4558; baseline -0.004 -14"><span class='ocrx_word' id='word_1_513' title='bbox 175 4489 471 4558; x_wconf 87' lang='lat' dir='ltr'><strong>synodum</strong></span> <span class='ocrx_word' id='word_1_514' title='bbox 493 4487 630 4553; x_wconf 89' lang='lat' dir='ltr'><strong>Cpli,</strong></span> <span class='ocrx_word' id='word_1_515' title='bbox 654 4492 714 4540; x_wconf 87' lang='lat' dir='ltr'><strong>et</strong></span> <span class='ocrx_word' id='word_1_516' title='bbox 733 4488 1136 4551; x_wconf 84' lang='lat' dir='ltr'><strong>Athanasium,</strong></span> <span class='ocrx_word' id='word_1_517' title='bbox 1164 4498 1292 4558; x_wconf 87' lang='lat' dir='ltr'><strong>non</strong></span> <span class='ocrx_word' id='word_1_518' title='bbox 1321 4486 1660 4547; x_wconf 88' lang='lat' dir='ltr'><strong>Constantii,</strong></span> <span class='ocrx_word' id='word_1_519' title='bbox 1683 4486 1784 4537; x_wconf 91' lang='lat' dir='ltr'><strong>sed</strong></span> 
     </span>
    </p>
   </div>
   <div class='ocr_carea' id='block_1_74' title="bbox 175 4556 1655 4624">
    <p class='ocr_par' dir='ltr' id='par_1_74' title="bbox 175 4556 1655 4624">
     <span class='ocr_line' id='line_1_74' title="bbox 175 4556 1655 4624; baseline -0.004 -8"><span class='ocrx_word' id='word_1_520' title='bbox 175 4556 543 4616; x_wconf 77' lang='lat' dir='ltr'><strong>Constantini</strong></span> <span class='ocrx_word' id='word_1_521' title='bbox 562 4560 759 4624; x_wconf 87' lang='lat' dir='ltr'><strong>magni</strong></span> <span class='ocrx_word' id='word_1_522' title='bbox 776 4561 949 4624; x_wconf 89' lang='lat' dir='ltr'><strong>jussu</strong></span> <span class='ocrx_word' id='word_1_523' title='bbox 971 4560 1033 4611; x_wconf 89' lang='lat' dir='ltr'><strong>in</strong></span> <span class='ocrx_word' id='word_1_524' title='bbox 1056 4556 1296 4609; x_wconf 82' lang='lat' dir='ltr'><strong>Galliam</strong></span> <span class='ocrx_word' id='word_1_525' title='bbox 1320 4558 1655 4623; x_wconf 86' lang='lat' dir='ltr'><strong>relegatum.</strong></span> 
     </span>
    </p>
   </div>
   <div class='ocr_carea' id='block_1_75' title="bbox 242 4632 1780 4697">
    <p class='ocr_par' dir='ltr' id='par_1_75' title="bbox 242 4632 1780 4697">
     <span class='ocr_line' id='line_1_75' title="bbox 242 4632 1780 4697; baseline -0.002 -11"><span class='ocrx_word' id='word_1_526' title='bbox 242 4636 263 4664; x_wconf 73' lang='grc' dir='ltr'><strong>ι’</strong></span> <span class='ocrx_word' id='word_1_527' title='bbox 302 4634 630 4697; x_wconf 88' lang='lat' dir='ltr'><strong>Corrumpit</strong></span> <span class='ocrx_word' id='word_1_528' title='bbox 663 4632 983 4683; x_wconf 87' lang='lat' dir='ltr'><strong>Cacciarius</strong></span> <span class='ocrx_word' id='word_1_529' title='bbox 1023 4642 1198 4694; x_wconf 90' lang='lat' dir='ltr'><strong>quem</strong></span> <span class='ocrx_word' id='word_1_530' title='bbox 1233 4643 1295 4681; x_wconf 91' lang='lat' dir='ltr'><strong>se</strong></span> <span class='ocrx_word' id='word_1_531' title='bbox 1334 4632 1516 4694; x_wconf 86' lang='lat' dir='ltr'><strong>jactat</strong></span> <span class='ocrx_word' id='word_1_532' title='bbox 1550 4635 1780 4684; x_wconf 84' lang='lat' dir='ltr'><strong>textum</strong></span> 
     </span>
    </p>
   </div>
   <div class='ocr_carea' id='block_1_76' title="bbox 175 4702 1780 4768">
    <p class='ocr_par' dir='ltr' id='par_1_76' title="bbox 175 4702 1780 4768">
     <span class='ocr_line' id='line_1_76' title="bbox 175 4702 1780 4768; baseline -0.006 -7"><span class='ocrx_word' id='word_1_533' title='bbox 175 4705 543 4761; x_wconf 84' lang='lat' dir='ltr'><strong>emendasse.</strong></span> <span class='ocrx_word' id='word_1_534' title='bbox 569 4703 902 4756; x_wconf 87' lang='lat' dir='ltr'><strong>Lectionem</strong></span> <span class='ocrx_word' id='word_1_535' title='bbox 925 4703 1141 4754; x_wconf 90' lang='lat' dir='ltr'><strong>scilicet</strong></span> <span class='ocrx_word' id='word_1_536' title='bbox 1174 4702 1342 4754; x_wconf 92' lang='lat' dir='ltr'><strong>unice</strong></span> <span class='ocrx_word' id='word_1_537' title='bbox 1372 4715 1567 4754; x_wconf 85' lang='lat' dir='ltr'><strong>veram</strong></span> <span class='ocrx_word' id='word_1_538' title='bbox 1587 4704 1780 4768; x_wconf 75' lang='lat' dir='ltr'><strong>proﬂi-</strong></span> 
     </span>
    </p>
   </div>
   <div class='ocr_carea' id='block_1_77' title="bbox 174 4770 1866 4844">
    <p class='ocr_par' dir='ltr' id='par_1_77' title="bbox 174 4770 1866 4844">
     <span class='ocr_line' id='line_1_77' title="bbox 174 4770 1866 4844; baseline -0.002 -15"><span class='ocrx_word' id='word_1_539' title='bbox 174 4784 386 4843; x_wconf 80' lang='lat' dir='ltr'><strong>ganlcs,</strong></span> <span class='ocrx_word' id='word_1_540' title='bbox 411 4788 584 4841; x_wconf 89' lang='lat' dir='ltr'><strong>quam</strong></span> <span class='ocrx_word' id='word_1_541' title='bbox 602 4779 661 4826; x_wconf 92' lang='lat' dir='ltr'><strong>et</strong></span> <span class='ocrx_word' id='word_1_542' title='bbox 680 4775 860 4826; x_wconf 88' lang='lat' dir='ltr'><strong>nostri</strong></span> <span class='ocrx_word' id='word_1_543' title='bbox 875 4786 1014 4826; x_wconf 89' lang='lat' dir='ltr'><strong>mss.</strong></span> <span class='ocrx_word' id='word_1_544' title='bbox 1032 4778 1089 4825; x_wconf 90' lang='lat' dir='ltr'><strong>et</strong></span> <span class='ocrx_word' id='word_1_545' title='bbox 1111 4773 1368 4838; x_wconf 88' lang='lat' dir='ltr'><strong>plerique</strong></span> <span class='ocrx_word' id='word_1_546' title='bbox 1384 4786 1582 4826; x_wconf 90' lang='lat' dir='ltr'><strong>eorum</strong></span> <span class='ocrx_word' id='word_1_547' title='bbox 1598 4778 1787 4836; x_wconf 83' lang='lat' dir='ltr'><strong>quibus</strong></span> <span class='ocrx_word' id='word_1_548' title='bbox 1807 4770 1866 4844; x_wconf 88' lang='lat' dir='ltr'><strong>D</strong></span> 
     </span>
    </p>
   </div>
   <div class='ocr_carea' id='block_1_78' title="bbox 176 4846 1786 4914">
    <p class='ocr_par' dir='ltr' id='par_1_78' title="bbox 176 4846 1786 4914">
     <span class='ocr_line' id='line_1_78' title="bbox 176 4846 1786 4914; baseline -0.004 -11"><span class='ocrx_word' id='word_1_549' title='bbox 176 4849 466 4914; x_wconf 85' lang='lat' dir='ltr'><strong>ususipse</strong></span> <span class='ocrx_word' id='word_1_550' title='bbox 479 4852 586 4911; x_wconf 90' lang='lat' dir='ltr'><strong>est,</strong></span> <span class='ocrx_word' id='word_1_551' title='bbox 605 4847 852 4910; x_wconf 86' lang='lat' dir='ltr'><strong>denique</strong></span> <span class='ocrx_word' id='word_1_552' title='bbox 872 4846 1087 4908; x_wconf 80' lang='lat' dir='ltr'><strong>vulgati</strong></span> <span class='ocrx_word' id='word_1_553' title='bbox 1107 4858 1311 4897; x_wconf 89' lang='lat' dir='ltr'><strong>omnes</strong></span> <span class='ocrx_word' id='word_1_554' title='bbox 1334 4847 1662 4910; x_wconf 56' lang='lat' dir='ltr'><strong>praeierunt,</strong></span> <span class='ocrx_word' id='word_1_555' title='bbox 1680 4863 1786 4897; x_wconf 87' lang='lat' dir='ltr'><strong>mu-</strong></span> 
     </span>
    </p>
   </div>
   <div class='ocr_carea' id='block_1_79' title="bbox 177 4917 1786 4984">
    <p class='ocr_par' dir='ltr' id='par_1_79' title="bbox 177 4917 1786 4984">
     <span class='ocr_line' id='line_1_79' title="bbox 177 4917 1786 4984; baseline -0.001 -12"><span class='ocrx_word' id='word_1_556' title='bbox 177 4928 241 4975; x_wconf 84' lang='lat' dir='ltr'><strong>ta</strong></span> <span class='ocrx_word' id='word_1_557' title='bbox 260 4924 326 4973; x_wconf 87' lang='lat' dir='ltr'><strong>in</strong></span> <span class='ocrx_word' id='word_1_558' title='bbox 346 4921 681 4984; x_wconf 74' lang='lat' dir='ltr'><strong>proﬁcientes</strong></span> <span class='ocrx_word' id='word_1_559' title='bbox 704 4930 778 4970; x_wconf 87' lang='lat' dir='ltr'><strong>ex</strong></span> <span class='ocrx_word' id='word_1_560' title='bbox 807 4917 1037 4970; x_wconf 89' lang='lat' dir='ltr'><strong>duobus</strong></span> <span class='ocrx_word' id='word_1_561' title='bbox 1068 4918 1376 4981; x_wconf 73' lang='lat' dir='ltr'><strong>Vaticanis,</strong></span> <span class='ocrx_word' id='word_1_562' title='bbox 1407 4931 1555 4981; x_wconf 89' lang='lat' dir='ltr'><strong>quos</strong></span> <span class='ocrx_word' id='word_1_563' title='bbox 1579 4930 1635 4970; x_wconf 78' lang='lat' dir='ltr'><strong>et</strong></span> <span class='ocrx_word' id='word_1_564' title='bbox 1664 4931 1786 4970; x_wconf 90' lang='lat' dir='ltr'><strong>ma-</strong></span> 
     </span>
    </p>
   </div>
   <div class='ocr_carea' id='block_1_80' title="bbox 174 4988 1785 5057">
    <p class='ocr_par' dir='ltr' id='par_1_80' title="bbox 174 4988 1785 5057">
     <span class='ocr_line' id='line_1_80' title="bbox 174 4988 1785 5057; baseline -0.004 -9"><span class='ocrx_word' id='word_1_565' title='bbox 174 4996 329 5048; x_wconf 81' lang='lat' dir='ltr'><strong>num</strong></span> <span class='ocrx_word' id='word_1_566' title='bbox 357 4992 519 5043; x_wconf 85' lang='lat' dir='ltr'><strong>scioli</strong></span> <span class='ocrx_word' id='word_1_567' title='bbox 540 4992 883 5054; x_wconf 84' lang='lat' dir='ltr'><strong>interpolato</strong></span> <span class='ocrx_word' id='word_1_568' title='bbox 919 4990 970 5040; x_wconf 89' lang='lat' dir='ltr'><strong>is</strong></span> <span class='ocrx_word' id='word_1_569' title='bbox 1010 4988 1190 5040; x_wconf 78' lang='lat' dir='ltr'><strong>fuisse</strong></span> <span class='ocrx_word' id='word_1_570' title='bbox 1218 5002 1544 5054; x_wconf 81' lang='lat' dir='ltr'><strong>perpessos,</strong></span> <span class='ocrx_word' id='word_1_571' title='bbox 1565 4992 1785 5057; x_wconf 89' lang='lat' dir='ltr'><strong>perspi-</strong></span> 
     </span>
    </p>
   </div>
   <div class='ocr_carea' id='block_1_81' title="bbox 178 5061 1787 5126">
    <p class='ocr_par' dir='ltr' id='par_1_81' title="bbox 178 5061 1787 5126">
     <span class='ocr_line' id='line_1_81' title="bbox 178 5061 1787 5126; baseline -0.003 -7"><span class='ocrx_word' id='word_1_572' title='bbox 178 5078 361 5120; x_wconf 86' lang='lat' dir='ltr'><strong>cuum</strong></span> <span class='ocrx_word' id='word_1_573' title='bbox 403 5070 509 5114; x_wconf 87' lang='lat' dir='ltr'><strong>est.</strong></span> <span class='ocrx_word' id='word_1_574' title='bbox 534 5063 820 5112; x_wconf 84' lang='lat' dir='ltr'><strong>Nimirum</strong></span> <span class='ocrx_word' id='word_1_575' title='bbox 857 5061 1149 5126; x_wconf 81' lang='lat' dir='ltr'><strong>pro/ligare</strong></span> <span class='ocrx_word' id='word_1_576' title='bbox 1180 5061 1239 5111; x_wconf 92' lang='lat' dir='ltr'><strong>id</strong></span> <span class='ocrx_word' id='word_1_577' title='bbox 1274 5066 1460 5125; x_wconf 86' lang='lat' dir='ltr'><strong>sonat,</strong></span> <span class='ocrx_word' id='word_1_578' title='bbox 1492 5062 1645 5126; x_wconf 90' lang='lat' dir='ltr'><strong>quod</strong></span> <span class='ocrx_word' id='word_1_579' title='bbox 1669 5066 1787 5115; x_wconf 84' lang='lat' dir='ltr'><strong>Ru-</strong></span> 
     </span>
    </p>
   </div>
   <div class='ocr_carea' id='block_1_82' title="bbox 179 5133 1789 5196">
    <p class='ocr_par' dir='ltr' id='par_1_82' title="bbox 179 5133 1789 5196">
     <span class='ocr_line' id='line_1_82' title="bbox 179 5133 1789 5196; baseline -0.002 -5"><span class='ocrx_word' id='word_1_580' title='bbox 179 5139 339 5191; x_wconf 78' lang='lat' dir='ltr'><strong>finus</strong></span> <span class='ocrx_word' id='word_1_581' title='bbox 374 5133 640 5196; x_wconf 88' lang='lat' dir='ltr'><strong>intendit,</strong></span> <span class='ocrx_word' id='word_1_582' title='bbox 667 5136 723 5184; x_wconf 90' lang='lat' dir='ltr'><strong>et</strong></span> <span class='ocrx_word' id='word_1_583' title='bbox 756 5134 1126 5184; x_wconf 79' lang='lat' dir='ltr'><strong>Grammatici</strong></span> <span class='ocrx_word' id='word_1_584' title='bbox 1150 5137 1381 5195; x_wconf 89' lang='lat' dir='ltr'><strong>norunt,</strong></span> <span class='ocrx_word' id='word_1_585' title='bbox 1417 5146 1539 5185; x_wconf 88' lang='lat' dir='ltr'><strong>rem</strong></span> <span class='ocrx_word' id='word_1_586' title='bbox 1573 5135 1789 5189; x_wconf 90' lang='lat' dir='ltr'><strong>scilicet</strong></span> 
     </span>
    </p>
   </div>
   <div class='ocr_carea' id='block_1_83' title="bbox 180 5203 1790 5276">
    <p class='ocr_par' dir='ltr' id='par_1_83' title="bbox 180 5203 1790 5276">
     <span class='ocr_line' id='line_1_83' title="bbox 180 5203 1790 5276; baseline -0.003 -15"><span class='ocrx_word' id='word_1_587' title='bbox 180 5221 365 5276; x_wconf 89' lang='lat' dir='ltr'><strong>quam</strong></span> <span class='ocrx_word' id='word_1_588' title='bbox 396 5211 748 5270; x_wconf 90' lang='lat' dir='ltr'><strong>tentaveras,</strong></span> <span class='ocrx_word' id='word_1_589' title='bbox 774 5208 1085 5269; x_wconf 85' lang='lat' dir='ltr'><strong>perducere</strong></span> <span class='ocrx_word' id='word_1_590' title='bbox 1111 5203 1183 5255; x_wconf 90' lang='lat' dir='ltr'><strong>ad</strong></span> <span class='ocrx_word' id='word_1_591' title='bbox 1207 5204 1449 5256; x_wconf 86' lang='lat' dir='ltr'><strong>exitum.</strong></span> <span class='ocrx_word' id='word_1_592' title='bbox 1477 5209 1790 5268; x_wconf 83' lang='lat' dir='ltr'><strong>Consequen-</strong></span> 
     </span>
    </p>
   </div>
   <div class='ocr_carea' id='block_1_84' title="bbox 182 5277 1788 5340">
    <p class='ocr_par' dir='ltr' id='par_1_84' title="bbox 182 5277 1788 5340">
     <span class='ocr_line' id='line_1_84' title="bbox 182 5277 1788 5340; baseline -0.004 -5"><span class='ocrx_word' id='word_1_593' title='bbox 182 5288 273 5335; x_wconf 89' lang='lat' dir='ltr'><strong>ter</strong></span> <span class='ocrx_word' id='word_1_594' title='bbox 293 5280 450 5331; x_wconf 88' lang='lat' dir='ltr'><strong>idem</strong></span> <span class='ocrx_word' id='word_1_595' title='bbox 466 5278 652 5329; x_wconf 83' lang='lat' dir='ltr'><strong>editor</strong></span> <span class='ocrx_word' id='word_1_596' title='bbox 673 5282 732 5328; x_wconf 88' lang='lat' dir='ltr'><strong>et</strong></span> <span class='ocrx_word' id='word_1_597' title='bbox 748 5289 989 5329; x_wconf 90' lang='lat' dir='ltr'><strong>sensum</strong></span> <span class='ocrx_word' id='word_1_598' title='bbox 1014 5282 1216 5338; x_wconf 90' lang='lat' dir='ltr'><strong>mutat,</strong></span> <span class='ocrx_word' id='word_1_599' title='bbox 1234 5277 1451 5340; x_wconf 88' lang='lat' dir='ltr'><strong>legens,</strong></span> <span class='ocrx_word' id='word_1_600' title='bbox 1469 5277 1665 5328; x_wconf 80' lang='lat' dir='ltr'><strong>addita</strong></span> <span class='ocrx_word' id='word_1_601' title='bbox 1687 5292 1788 5330; x_wconf 82' lang='lat' dir='ltr'><strong>ne-</strong></span> 
     </span>
    </p>
   </div>
   <div class='ocr_carea' id='block_1_85' title="bbox 180 5350 1783 5423">
    <p class='ocr_par' dir='ltr' id='par_1_85' title="bbox 180 5350 1783 5423">
     <span class='ocr_line' id='line_1_85' title="bbox 180 5350 1783 5423; baseline -0.003 -17"><span class='ocrx_word' id='word_1_602' title='bbox 180 5354 363 5423; x_wconf 84' lang='lat' dir='ltr'><strong>gandi</strong></span> <span class='ocrx_word' id='word_1_603' title='bbox 382 5352 678 5417; x_wconf 89' lang='lat' dir='ltr'><strong>particula,</strong></span> <span class='ocrx_word' id='word_1_604' title='bbox 694 5366 761 5400; x_wconf 84' lang='lat' dir='ltr'><strong>ne</strong></span> <span class='ocrx_word' id='word_1_605' title='bbox 774 5351 840 5399; x_wconf 78' lang='lat' dir='ltr'><strong>ab</strong></span> <span class='ocrx_word' id='word_1_606' title='bbox 856 5350 1086 5414; x_wconf 80' lang='lat' dir='ltr'><strong>injuriis</strong></span> <span class='ocrx_word' id='word_1_607' title='bbox 1099 5351 1334 5423; x_wconf 69' lang='lat' dir='ltr'><strong>quidem,</strong></span> <span class='ocrx_word' id='word_1_608' title='bbox 1352 5355 1458 5402; x_wconf 86' lang='lat' dir='ltr'><strong>etc.</strong></span> <span class='ocrx_word' id='word_1_609' title='bbox 1477 5352 1569 5402; x_wconf 92' lang='lat' dir='ltr'><strong>cui</strong></span> <span class='ocrx_word' id='word_1_610' title='bbox 1582 5354 1783 5401; x_wconf 87' lang='lat' dir='ltr'><strong>leclioui</strong></span> 
     </span>
    </p>
   </div>
   <div class='ocr_carea' id='block_1_86' title="bbox 177 5422 1785 5487">
    <p class='ocr_par' dir='ltr' id='par_1_86' title="bbox 177 5422 1785 5487">
     <span class='ocr_line' id='line_1_86' title="bbox 177 5422 1785 5487; baseline -0.004 -6"><span class='ocrx_word' id='word_1_611' title='bbox 177 5422 505 5481; x_wconf 86' lang='lat' dir='ltr'><strong>eorundem</strong></span> <span class='ocrx_word' id='word_1_612' title='bbox 518 5423 811 5487; x_wconf 90' lang='lat' dir='ltr'><strong>librorum,</strong></span> <span class='ocrx_word' id='word_1_613' title='bbox 825 5435 971 5487; x_wconf 90' lang='lat' dir='ltr'><strong>quos</strong></span> <span class='ocrx_word' id='word_1_614' title='bbox 982 5422 1367 5485; x_wconf 88' lang='lat' dir='ltr'><strong>laudavimus,</strong></span> <span class='ocrx_word' id='word_1_615' title='bbox 1380 5428 1621 5475; x_wconf 85' lang='lat' dir='ltr'><strong>omnium</strong></span> <span class='ocrx_word' id='word_1_616' title='bbox 1636 5430 1699 5474; x_wconf 78' lang='lat' dir='ltr'><strong>nd</strong></span> <span class='ocrx_word' id='word_1_617' title='bbox 1707 5440 1785 5474; x_wconf 89' lang='lat' dir='ltr'><strong>em</strong></span> 
     </span>
    </p>
   </div>
   <div class='ocr_carea' id='block_1_87' title="bbox 178 5499 1038 5562">
    <p class='ocr_par' dir='ltr' id='par_1_87' title="bbox 178 5499 1038 5562">
     <span class='ocr_line' id='line_1_87' title="bbox 178 5499 1038 5562; baseline -0.005 -9"><span class='ocrx_word' id='word_1_618' title='bbox 178 5508 655 5562; x_wconf 89' lang='lat' dir='ltr'><strong>consensumque</strong></span> <span class='ocrx_word' id='word_1_619' title='bbox 675 5499 1038 5562; x_wconf 87' lang='lat' dir='ltr'><strong>opponimus.</strong></span> 
     </span>
    </p>
   </div>
   <div class='ocr_carea' id='block_1_88' title="bbox 244 5570 1725 5637">
    <p class='ocr_par' dir='ltr' id='par_1_88' title="bbox 244 5570 1725 5637">
     <span class='ocr_line' id='line_1_88' title="bbox 244 5570 1725 5637; baseline 0.002 -14"><span class='ocrx_word' id='word_1_620' title='bbox 244 5582 265 5603; x_wconf 73' lang='grc' dir='ltr'><strong><em>ο</em></strong></span> <span class='ocrx_word' id='word_1_621' title='bbox 290 5574 358 5623; x_wconf 88' lang='lat' dir='ltr'><strong>In</strong></span> <span class='ocrx_word' id='word_1_622' title='bbox 382 5570 731 5621; x_wconf 88' lang='lat' dir='ltr'><strong>Bononiensi</strong></span> <span class='ocrx_word' id='word_1_623' title='bbox 759 5575 1027 5619; x_wconf 72' lang='lat' dir='ltr'><strong>certamen</strong></span> <span class='ocrx_word' id='word_1_624' title='bbox 1049 5576 1095 5620; x_wconf 79' lang='grc' dir='ltr'><strong>ει</strong></span> <span class='ocrx_word' id='word_1_625' title='bbox 1123 5571 1268 5620; x_wconf 85' lang='lat' dir='ltr'><strong>diem</strong></span> <span class='ocrx_word' id='word_1_626' title='bbox 1287 5576 1590 5637; x_wconf 75' lang='lat' dir='ltr'><strong>statuentes,</strong></span> <span class='ocrx_word' id='word_1_627' title='bbox 1614 5576 1725 5626; x_wconf 86' lang='lat' dir='ltr'><strong>etc.</strong></span> 
     </span>
    </p>
   </div>
   <div class='ocr_carea' id='block_1_89' title="bbox 247 5646 1788 5707">
    <p class='ocr_par' dir='ltr' id='par_1_89' title="bbox 247 5646 1788 5707">
     <span class='ocr_line' id='line_1_89' title="bbox 247 5646 1788 5707; baseline 0.003 -11"><span class='ocrx_word' id='word_1_628' title='bbox 247 5647 269 5677; x_wconf 81' lang='grc'><em>⁴</em></span> <span class='ocrx_word' id='word_1_629' title='bbox 303 5646 601 5698; x_wconf 89' lang='lat' dir='ltr'><strong>Interserit</strong></span> <span class='ocrx_word' id='word_1_630' title='bbox 635 5646 1005 5699; x_wconf 86' lang='lat' dir='ltr'><strong>Guarnerian.</strong></span> <span class='ocrx_word' id='word_1_631' title='bbox 1042 5658 1152 5697; x_wconf 91' lang='lat' dir='ltr'><strong>ms.</strong></span> <span class='ocrx_word' id='word_1_632' title='bbox 1191 5660 1243 5695; x_wconf 78' lang='lat' dir='ltr'><strong>se</strong></span> <span class='ocrx_word' id='word_1_633' title='bbox 1266 5646 1533 5699; x_wconf 87' lang='lat' dir='ltr'><strong>voculam</strong></span> <span class='ocrx_word' id='word_1_634' title='bbox 1566 5661 1579 5697; x_wconf 86' lang='lat'><strong>:</strong></span> <span class='ocrx_word' id='word_1_635' title='bbox 1618 5646 1788 5707; x_wconf 87' lang='lat' dir='ltr'><strong>idest,</strong></span> 
     </span>
    </p>
   </div>
   <div class='ocr_carea' id='block_1_90' title="bbox 175 5719 665 5787">
    <p class='ocr_par' dir='ltr' id='par_1_90' title="bbox 175 5719 665 5787">
     <span class='ocr_line' id='line_1_90' title="bbox 175 5719 665 5787; baseline 0 -17"><span class='ocrx_word' id='word_1_636' title='bbox 175 5734 411 5787; x_wconf 81' lang='lat' dir='ltr'><strong>propere</strong></span> <span class='ocrx_word' id='word_1_637' title='bbox 424 5733 476 5768; x_wconf 83' lang='lat' dir='ltr'><strong>se</strong></span> <span class='ocrx_word' id='word_1_638' title='bbox 497 5719 665 5783; x_wconf 79' lang='lat' dir='ltr'><strong>sequi.</strong></span> 
     </span>
    </p>
   </div>
   <div class='ocr_carea' id='block_1_91' title="bbox 246 5790 1790 5857">
    <p class='ocr_par' dir='ltr' id='par_1_91' title="bbox 246 5790 1790 5857">
     <span class='ocr_line' id='line_1_91' title="bbox 246 5790 1790 5857; baseline -0.001 -13"><span class='ocrx_word' id='word_1_639' title='bbox 246 5800 267 5823; x_wconf 81' lang='grc'><strong><em>⁸</em></strong></span> <span class='ocrx_word' id='word_1_640' title='bbox 296 5792 457 5844; x_wconf 88' lang='lat' dir='ltr'><strong>Idem</strong></span> <span class='ocrx_word' id='word_1_641' title='bbox 499 5791 631 5856; x_wconf 86' lang='lat' dir='ltr'><strong>plus</strong></span> <span class='ocrx_word' id='word_1_642' title='bbox 674 5790 866 5855; x_wconf 86' lang='lat' dir='ltr'><strong>habet,</strong></span> <span class='ocrx_word' id='word_1_643' title='bbox 916 5790 1059 5841; x_wconf 78' lang='lat' dir='ltr'><strong>utin</strong></span> <span class='ocrx_word' id='word_1_644' title='bbox 1102 5790 1199 5841; x_wconf 76' lang='lat' dir='ltr'><strong>tali</strong></span> <span class='ocrx_word' id='word_1_645' title='bbox 1230 5807 1296 5840; x_wconf 80' lang='lat' dir='ltr'><strong>.re</strong></span> <span class='ocrx_word' id='word_1_646' title='bbox 1342 5792 1486 5855; x_wconf 72' lang='lat' dir='ltr'><strong>solet,</strong></span> <span class='ocrx_word' id='word_1_647' title='bbox 1543 5797 1790 5857; x_wconf 62' lang='lat' dir='ltr'><strong>expecta-</strong></span> 
     </span>
    </p>
   </div>
   <div class='ocr_carea' id='block_1_92' title="bbox 182 5865 485 5930">
    <p class='ocr_par' dir='ltr' id='par_1_92' title="bbox 182 5865 485 5930">
     <span class='ocr_line' id='line_1_92' title="bbox 182 5865 485 5930; baseline -0.01 -15"><span class='ocrx_word' id='word_1_648' title='bbox 182 5865 349 5930; x_wconf 78' lang='lat' dir='ltr'><strong>tione,</strong></span> <span class='ocrx_word' id='word_1_649' title='bbox 375 5867 485 5916; x_wconf 82' lang='lat' dir='ltr'><strong>etc.</strong></span> 
     </span>
    </p>
   </div>
   <div class='ocr_carea' id='block_1_93' title="bbox 250 5933 1791 6001">
    <p class='ocr_par' dir='ltr' id='par_1_93' title="bbox 250 5933 1791 6001">
     <span class='ocr_line' id='line_1_93' title="bbox 250 5933 1791 6001; baseline -0.001 -13"><span class='ocrx_word' id='word_1_650' title='bbox 250 5936 268 5965; x_wconf 76' lang='lat'><strong><em>‘</em></strong></span> <span class='ocrx_word' id='word_1_651' title='bbox 289 5937 494 5990; x_wconf 87' lang='lat' dir='ltr'><strong>Denuo</strong></span> <span class='ocrx_word' id='word_1_652' title='bbox 517 5935 691 6001; x_wconf 83' lang='lat' dir='ltr'><strong>idem,</strong></span> <span class='ocrx_word' id='word_1_653' title='bbox 713 5939 921 6001; x_wconf 80' lang='lat' dir='ltr'><strong>juncto</strong></span> <span class='ocrx_word' id='word_1_654' title='bbox 952 5935 1125 5987; x_wconf 84' lang='lat' dir='ltr'><strong>etiam</strong></span> <span class='ocrx_word' id='word_1_655' title='bbox 1147 5933 1516 5999; x_wconf 87' lang='lat' dir='ltr'><strong>Bononiensi,</strong></span> <span class='ocrx_word' id='word_1_656' title='bbox 1546 5934 1791 6000; x_wconf 79' lang='lat' dir='ltr'><strong>blasphe-</strong></span> 
     </span>
    </p>
   </div>
   <div class='ocr_carea' id='block_1_94' title="bbox 186 6006 1791 6073">
    <p class='ocr_par' dir='ltr' id='par_1_94' title="bbox 186 6006 1791 6073">
     <span class='ocr_line' id='line_1_94' title="bbox 186 6006 1791 6073; baseline -0.002 -13"><span class='ocrx_word' id='word_1_657' title='bbox 186 6009 313 6060; x_wconf 76' lang='lat' dir='ltr'><strong>miae</strong></span> <span class='ocrx_word' id='word_1_658' title='bbox 336 6023 349 6060; x_wconf 89' lang='lat'><strong>:</strong></span> <span class='ocrx_word' id='word_1_659' title='bbox 377 6007 514 6061; x_wconf 88' lang='lat' dir='ltr'><strong>olim</strong></span> <span class='ocrx_word' id='word_1_660' title='bbox 537 6006 761 6073; x_wconf 76' lang='lat' dir='ltr'><strong>vulgati</strong></span> <span class='ocrx_word' id='word_1_661' title='bbox 782 6006 1095 6071; x_wconf 66' lang='lat' dir='ltr'><strong>blasphemi;</strong></span> <span class='ocrx_word' id='word_1_662' title='bbox 1117 6021 1179 6057; x_wconf 88' lang='lat' dir='ltr'><strong>ac</strong></span> <span class='ocrx_word' id='word_1_663' title='bbox 1201 6006 1385 6069; x_wconf 73' lang='lat' dir='ltr'><strong>faetida</strong></span> <span class='ocrx_word' id='word_1_664' title='bbox 1410 6012 1598 6068; x_wconf 71' lang='lat' dir='ltr'><strong>mente,</strong></span> <span class='ocrx_word' id='word_1_665' title='bbox 1625 6020 1791 6072; x_wconf 64' lang='lat' dir='ltr'><strong>usque</strong></span> 
     </span>
    </p>
   </div>
   <div class='ocr_carea' id='block_1_95' title="bbox 1880 3393 3484 3461">
    <p class='ocr_par' dir='ltr' id='par_1_95' title="bbox 1880 3393 3484 3461">
     <span class='ocr_line' id='line_1_95' title="bbox 1880 3393 3484 3461; baseline -0.002 -10"><span class='ocrx_word' id='word_1_666' title='bbox 1880 3399 2054 3451; x_wconf 91' lang='lat' dir='ltr'><strong>nibus</strong></span> <span class='ocrx_word' id='word_1_667' title='bbox 2076 3399 2481 3452; x_wconf 59' lang='lat' dir='ltr'><strong>hereticorum</strong></span> <span class='ocrx_word' id='word_1_668' title='bbox 2503 3397 2620 3450; x_wconf 92' lang='lat' dir='ltr'><strong>doli</strong></span> <span class='ocrx_word' id='word_1_669' title='bbox 2641 3409 2708 3450; x_wconf 91' lang='lat' dir='ltr'><strong>ac</strong></span> <span class='ocrx_word' id='word_1_670' title='bbox 2732 3396 2973 3450; x_wconf 60' lang='lat' dir='ltr'><strong>fallacia</strong></span> <span class='ocrx_word' id='word_1_671' title='bbox 2995 3394 3302 3461; x_wconf 90' lang='lat' dir='ltr'><strong>vigilanter</strong></span> <span class='ocrx_word' id='word_1_672' title='bbox 3323 3393 3484 3447; x_wconf 86' lang='lat' dir='ltr'><strong>dete-</strong></span> 
     </span>
    </p>
   </div>
   <div class='ocr_carea' id='block_1_96' title="bbox 1880 3484 3484 3555">
    <p class='ocr_par' dir='ltr' id='par_1_96' title="bbox 1880 3484 3484 3555">
     <span class='ocr_line' id='line_1_96' title="bbox 1880 3484 3484 3555; baseline -0.004 -13"><span class='ocrx_word' id='word_1_673' title='bbox 1880 3489 2182 3555; x_wconf 88' lang='lat' dir='ltr'><strong>gebantur.</strong></span> <span class='ocrx_word' id='word_1_674' title='bbox 2225 3487 2431 3542; x_wconf 87' lang='lat' dir='ltr'><strong>Statim</strong></span> <span class='ocrx_word' id='word_1_675' title='bbox 2453 3500 2590 3552; x_wconf 90' lang='lat' dir='ltr'><strong>ergo</strong></span> <span class='ocrx_word' id='word_1_676' title='bbox 2621 3492 2686 3540; x_wconf 90' lang='lat' dir='ltr'><strong>ut</strong></span> <span class='ocrx_word' id='word_1_677' title='bbox 2723 3499 2858 3539; x_wconf 92' lang='lat' dir='ltr'><strong>eum</strong></span> <span class='ocrx_word' id='word_1_678' title='bbox 2903 3486 3236 3551; x_wconf 90' lang='lat' dir='ltr'><strong>episcopum</strong></span> <span class='ocrx_word' id='word_1_679' title='bbox 3267 3484 3484 3537; x_wconf 87' lang='lat' dir='ltr'><strong>factum</strong></span> 
     </span>
    </p>
   </div>
   <div class='ocr_carea' id='block_1_97' title="bbox 1880 3573 3484 3644">
    <p class='ocr_par' dir='ltr' id='par_1_97' title="bbox 1880 3573 3484 3644">
     <span class='ocr_line' id='line_1_97' title="bbox 1880 3573 3484 3644; baseline -0.004 -13"><span class='ocrx_word' id='word_1_680' title='bbox 1880 3583 2276 3644; x_wconf 90' lang='lat' dir='ltr'><strong>cognoverunt</strong></span> <span class='ocrx_word' id='word_1_681' title='bbox 2302 3577 2408 3643; x_wconf 82' lang='grc' dir='ltr'><strong>[Αι.</strong></span> <span class='ocrx_word' id='word_1_682' title='bbox 2434 3576 2863 3643; x_wconf 86' lang='lat' dir='ltr'><strong>cognoverant],</strong></span> <span class='ocrx_word' id='word_1_683' title='bbox 2893 3574 3074 3627; x_wconf 85' lang='lat' dir='ltr'><strong>ratiid</strong></span> <span class='ocrx_word' id='word_1_684' title='bbox 3097 3573 3252 3640; x_wconf 92' lang='lat' dir='ltr'><strong>quod</strong></span> <span class='ocrx_word' id='word_1_685' title='bbox 3274 3586 3368 3627; x_wconf 89' lang='lat' dir='ltr'><strong>res</strong></span> <span class='ocrx_word' id='word_1_686' title='bbox 3390 3573 3484 3625; x_wconf 90' lang='lat' dir='ltr'><strong>in-</strong></span> 
     </span>
    </p>
   </div>
   <div class='ocr_carea' id='block_1_98' title="bbox 1882 3664 3487 3735">
    <p class='ocr_par' dir='ltr' id='par_1_98' title="bbox 1882 3664 3487 3735">
     <span class='ocr_line' id='line_1_98' title="bbox 1882 3664 3487 3735; baseline -0.004 -14"><span class='ocrx_word' id='word_1_687' title='bbox 1882 3668 2129 3735; x_wconf 86' lang='lat' dir='ltr'><strong>dicabat,</strong></span> <span class='ocrx_word' id='word_1_688' title='bbox 2162 3680 2269 3721; x_wconf 89' lang='lat' dir='ltr'><strong>sua</strong></span> <span class='ocrx_word' id='word_1_689' title='bbox 2298 3667 2532 3732; x_wconf 87' lang='lat' dir='ltr'><strong>negotia</strong></span> <span class='ocrx_word' id='word_1_690' title='bbox 2563 3678 2665 3732; x_wconf 90' lang='lat' dir='ltr'><strong>per</strong></span> <span class='ocrx_word' id='word_1_691' title='bbox 2698 3664 2853 3719; x_wconf 90' lang='lat' dir='ltr'><strong>illius</strong></span> <span class='ocrx_word' id='word_1_692' title='bbox 2888 3664 3332 3718; x_wconf 90' lang='lat' dir='ltr'><strong>sollicitudinem</strong></span> <span class='ocrx_word' id='word_1_693' title='bbox 3368 3674 3487 3716; x_wconf 91' lang='lat' dir='ltr'><strong>non</strong></span> 
     </span>
    </p>
   </div>
   <div class='ocr_carea' id='block_1_99' title="bbox 1881 3754 3488 3822">
    <p class='ocr_par' dir='ltr' id='par_1_99' title="bbox 1881 3754 3488 3822">
     <span class='ocr_line' id='line_1_99' title="bbox 1881 3754 3488 3822; baseline -0.004 -12"><span class='ocrx_word' id='word_1_694' title='bbox 1881 3757 2043 3810; x_wconf 89' lang='lat' dir='ltr'><strong>facile</strong></span> <span class='ocrx_word' id='word_1_695' title='bbox 2057 3769 2417 3822; x_wconf 90' lang='lat' dir='ltr'><strong>processura,</strong></span> <span class='ocrx_word' id='word_1_696' title='bbox 2434 3756 2708 3808; x_wconf 90' lang='lat' dir='ltr'><strong>omnibus</strong></span> <span class='ocrx_word' id='word_1_697' title='bbox 2723 3755 2912 3808; x_wconf 90' lang='lat' dir='ltr'><strong>modis</strong></span> <span class='ocrx_word' id='word_1_698' title='bbox 2929 3767 3189 3819; x_wconf 66' lang='lat' dir='ltr'><strong>quaarere</strong></span> <span class='ocrx_word' id='word_1_699' title='bbox 3204 3754 3488 3807; x_wconf 88' lang='lat' dir='ltr'><strong>adversus</strong></span> 
     </span>
    </p>
   </div>
   <div class='ocr_carea' id='block_1_100' title="bbox 1882 3844 3488 3910">
    <p class='ocr_par' dir='ltr' id='par_1_100' title="bbox 1882 3844 3488 3910">
     <span class='ocr_line' id='line_1_100' title="bbox 1882 3844 3488 3910; baseline -0.004 -11"><span class='ocrx_word' id='word_1_700' title='bbox 1882 3859 2017 3899; x_wconf 91' lang='lat' dir='ltr'><strong>eum</strong></span> <span class='ocrx_word' id='word_1_701' title='bbox 2038 3845 2340 3899; x_wconf 87' lang='lat' dir='ltr'><strong>machinas</strong></span> <span class='ocrx_word' id='word_1_702' title='bbox 2363 3846 2770 3910; x_wconf 84' lang='lat' dir='ltr'><strong>deceptionum</strong></span> <span class='ocrx_word' id='word_1_703' title='bbox 2800 3847 3099 3909; x_wconf 90' lang='lat' dir='ltr'><strong>parabant.</strong></span> <span class='ocrx_word' id='word_1_704' title='bbox 3131 3844 3348 3895; x_wconf 88' lang='lat' dir='ltr'><strong>Verum</strong></span> <span class='ocrx_word' id='word_1_705' title='bbox 3369 3855 3488 3894; x_wconf 90' lang='lat' dir='ltr'><strong>non</strong></span> 
     </span>
    </p>
   </div>
   <div class='ocr_carea' id='block_1_101' title="bbox 1882 3930 3489 4000">
    <p class='ocr_par' dir='ltr' id='par_1_101' title="bbox 1882 3930 3489 4000">
     <span class='ocr_line' id='line_1_101' title="bbox 1882 3930 3489 4000; baseline -0.004 -11"><span class='ocrx_word' id='word_1_706' title='bbox 1882 3937 2026 3989; x_wconf 90' lang='lat' dir='ltr'><strong>mihi</strong></span> <span class='ocrx_word' id='word_1_707' title='bbox 2062 3937 2285 4000; x_wconf 88' lang='lat' dir='ltr'><strong>absque</strong></span> <span class='ocrx_word' id='word_1_708' title='bbox 2320 3935 2522 3988; x_wconf 91' lang='lat' dir='ltr'><strong>ordine</strong></span> <span class='ocrx_word' id='word_1_709' title='bbox 2564 3934 2810 3995; x_wconf 88' lang='lat' dir='ltr'><strong>videtur,</strong></span> <span class='ocrx_word' id='word_1_710' title='bbox 2844 3944 3030 3998; x_wconf 88' lang='lat' dir='ltr'><strong>pauca</strong></span> <span class='ocrx_word' id='word_1_711' title='bbox 3061 3931 3133 3984; x_wconf 92' lang='lat' dir='ltr'><strong>de</strong></span> <span class='ocrx_word' id='word_1_712' title='bbox 3166 3931 3345 3997; x_wconf 89' lang='lat' dir='ltr'><strong>hujus</strong></span> <span class='ocrx_word' id='word_1_713' title='bbox 3382 3930 3489 3983; x_wconf 90' lang='lat' dir='ltr'><strong>viri</strong></span> 
     </span>
    </p>
   </div>
   <div class='ocr_carea' id='block_1_102' title="bbox 1882 4126 3487 4197">
    <p class='ocr_par' dir='ltr' id='par_1_102' title="bbox 1882 4126 3487 4197">
     <span class='ocr_line' id='line_1_102' title="bbox 1882 4126 3487 4197; baseline -0.004 -11"><span class='ocrx_word' id='word_1_714' title='bbox 1882 4134 2046 4186; x_wconf 91' lang='lat' dir='ltr'><strong>bene.</strong></span> <span class='ocrx_word' id='word_1_715' title='bbox 2072 4133 2127 4185; x_wconf 91' lang='lat' dir='ltr'><strong>S.</strong></span> <span class='ocrx_word' id='word_1_716' title='bbox 2154 4130 2460 4197; x_wconf 88' lang='lat' dir='ltr'><strong>Gregorius</strong></span> <span class='ocrx_word' id='word_1_717' title='bbox 2486 4128 2840 4182; x_wconf 90' lang='lat' dir='ltr'><strong>Turonensis</strong></span> <span class='ocrx_word' id='word_1_718' title='bbox 2864 4128 3012 4182; x_wconf 85' lang='lat' dir='ltr'><strong>Hist.</strong></span> <span class='ocrx_word' id='word_1_719' title='bbox 3038 4129 3239 4181; x_wconf 89' lang='lat' dir='ltr'><strong>Franc.</strong></span> <span class='ocrx_word' id='word_1_720' title='bbox 3261 4126 3360 4179; x_wconf 88' lang='lat' dir='ltr'><strong>lib.</strong></span> <span class='ocrx_word' id='word_1_721' title='bbox 3386 4127 3487 4179; x_wconf 85' lang='lat' dir='ltr'><strong>IX.</strong></span> 
     </span>
    </p>
   </div>
   <div class='ocr_carea' id='block_1_103' title="bbox 1883 4198 3486 4271">
    <p class='ocr_par' dir='ltr' id='par_1_103' title="bbox 1883 4198 3486 4271">
     <span class='ocr_line' id='line_1_103' title="bbox 1883 4198 3486 4271; baseline -0.005 -13"><span class='ocrx_word' id='word_1_722' title='bbox 1883 4218 2007 4271; x_wconf 90' lang='lat' dir='ltr'><strong>cap.</strong></span> <span class='ocrx_word' id='word_1_723' title='bbox 2034 4204 2120 4260; x_wconf 87' lang='grc'><strong>15.</strong></span> <span class='ocrx_word' id='word_1_724' title='bbox 2146 4205 2305 4257; x_wconf 90' lang='lat' dir='ltr'><strong>hunc</strong></span> <span class='ocrx_word' id='word_1_725' title='bbox 2336 4203 2447 4255; x_wconf 89' lang='lat' dir='ltr'><strong>sub</strong></span> <span class='ocrx_word' id='word_1_726' title='bbox 2479 4201 2712 4255; x_wconf 89' lang='lat' dir='ltr'><strong>Eusebii</strong></span> <span class='ocrx_word' id='word_1_727' title='bbox 2746 4201 2983 4253; x_wconf 90' lang='lat' dir='ltr'><strong>nomine</strong></span> <span class='ocrx_word' id='word_1_728' title='bbox 3005 4198 3196 4252; x_wconf 90' lang='lat' dir='ltr'><strong>locum</strong></span> <span class='ocrx_word' id='word_1_729' title='bbox 3221 4198 3486 4261; x_wconf 88' lang='lat' dir='ltr'><strong>laudans,</strong></span> 
     </span>
    </p>
   </div>
   <div class='ocr_carea' id='block_1_104' title="bbox 1881 4270 3487 4341">
    <p class='ocr_par' dir='ltr' id='par_1_104' title="bbox 1881 4270 3487 4341">
     <span class='ocr_line' id='line_1_104' title="bbox 1881 4270 3487 4341; baseline -0.005 -13"><span class='ocrx_word' id='word_1_730' title='bbox 1881 4270 2068 4340; x_wconf 54' lang='lat' dir='ltr'><strong>Arius,</strong></span> <span class='ocrx_word' id='word_1_731' title='bbox 2086 4276 2294 4341; x_wconf 83' lang='lat' dir='ltr'><strong>inquit,</strong></span> <span class='ocrx_word' id='word_1_732' title='bbox 2307 4289 2467 4341; x_wconf 82' lang='lat' dir='ltr'><strong>quem</strong></span> <span class='ocrx_word' id='word_1_733' title='bbox 2483 4273 2765 4339; x_wconf 81' lang='lat' dir='ltr'><strong>projecisse</strong></span> <span class='ocrx_word' id='word_1_734' title='bbox 2779 4272 2843 4323; x_wconf 79' lang='lat' dir='ltr'><strong>in</strong></span> <span class='ocrx_word' id='word_1_735' title='bbox 2856 4286 3053 4323; x_wconf 85' lang='lat' dir='ltr'><strong>secessu</strong></span> <span class='ocrx_word' id='word_1_736' title='bbox 3067 4276 3208 4336; x_wconf 71' lang='lat' dir='ltr'><strong>emta,</strong></span> <span class='ocrx_word' id='word_1_737' title='bbox 3227 4270 3487 4321; x_wconf 78' lang='lat' dir='ltr'><strong>Historia-</strong></span> 
     </span>
    </p>
   </div>
   <div class='ocr_carea' id='block_1_105' title="bbox 1881 4346 3175 4415">
    <p class='ocr_par' dir='ltr' id='par_1_105' title="bbox 1881 4346 3175 4415">
     <span class='ocr_line' id='line_1_105' title="bbox 1881 4346 3175 4415; baseline -0.004 -16"><span class='ocrx_word' id='word_1_738' title='bbox 1881 4350 2129 4415; x_wconf 82' lang='lat' dir='ltr'><strong>graphus</strong></span> <span class='ocrx_word' id='word_1_739' title='bbox 2152 4348 2405 4399; x_wconf 78' lang='lat' dir='ltr'><strong>narravit</strong></span> <span class='ocrx_word' id='word_1_740' title='bbox 2423 4346 2701 4397; x_wconf 80' lang='lat' dir='ltr'><strong>Eusebius.</strong></span> <span class='ocrx_word' id='word_1_741' title='bbox 3172 4364 3175 4369; x_wconf 90' lang='grc'>·</span> 
     </span>
    </p>
   </div>
   <div class='ocr_carea' id='block_1_106' title="bbox 1947 4423 3487 4492">
    <p class='ocr_par' dir='ltr' id='par_1_106' title="bbox 1947 4423 3487 4492">
     <span class='ocr_line' id='line_1_106' title="bbox 1947 4423 3487 4492; baseline -0.006 -10"><span class='ocrx_word' id='word_1_742' title='bbox 1947 4439 1966 4468; x_wconf 75' lang='grc' dir='ltr'>ι</span> <span class='ocrx_word' id='word_1_743' title='bbox 2004 4427 2388 4481; x_wconf 89' lang='lat' dir='ltr'><strong>Bononiensis</strong></span> <span class='ocrx_word' id='word_1_744' title='bbox 2428 4431 2587 4492; x_wconf 74' lang='lat' dir='ltr'><strong>atque</strong></span> <span class='ocrx_word' id='word_1_745' title='bbox 2626 4426 2828 4475; x_wconf 79' lang='lat' dir='ltr'><strong>Arium</strong></span> <span class='ocrx_word' id='word_1_746' title='bbox 2868 4436 2971 4490; x_wconf 85' lang='lat' dir='ltr'><strong>pro</strong></span> <span class='ocrx_word' id='word_1_747' title='bbox 3014 4424 3141 4474; x_wconf 79' lang='lat' dir='ltr'><strong>Arii</strong></span> <span class='ocrx_word' id='word_1_748' title='bbox 3186 4423 3315 4473; x_wconf 81' lang='lat' dir='ltr'><strong>vim.</strong></span> <span class='ocrx_word' id='word_1_749' title='bbox 3352 4424 3487 4475; x_wconf 87' lang='lat' dir='ltr'><strong>Mox</strong></span> 
     </span>
    </p>
   </div>
   <div class='ocr_carea' id='block_1_107' title="bbox 1884 4499 2831 4562">
    <p class='ocr_par' dir='ltr' id='par_1_107' title="bbox 1884 4499 2831 4562">
     <span class='ocr_line' id='line_1_107' title="bbox 1884 4499 2831 4562; baseline -0.007 -10"><span class='ocrx_word' id='word_1_750' title='bbox 1884 4499 2256 4553; x_wconf 88' lang='lat' dir='ltr'><strong>Guarnerian.</strong></span> <span class='ocrx_word' id='word_1_751' title='bbox 2283 4499 2331 4548; x_wconf 85' lang='lat' dir='ltr'><strong>si</strong></span> <span class='ocrx_word' id='word_1_752' title='bbox 2354 4503 2414 4548; x_wconf 75' lang='lat' dir='ltr'><strong>ut</strong></span> <span class='ocrx_word' id='word_1_753' title='bbox 2435 4512 2519 4547; x_wconf 78' lang='lat' dir='ltr'><strong>res</strong></span> <span class='ocrx_word' id='word_1_754' title='bbox 2539 4502 2702 4562; x_wconf 78' lang='lat' dir='ltr'><strong>gesta,</strong></span> <span class='ocrx_word' id='word_1_755' title='bbox 2726 4500 2831 4548; x_wconf 91' lang='lat' dir='ltr'><strong>etc.</strong></span> 
     </span>
    </p>
   </div>
   <div class='ocr_carea' id='block_1_108' title="bbox 1950 4573 3489 4640">
    <p class='ocr_par' dir='ltr' id='par_1_108' title="bbox 1950 4573 3489 4640">
     <span class='ocr_line' id='line_1_108' title="bbox 1950 4573 3489 4640; baseline -0.006 -7"><span class='ocrx_word' id='word_1_756' title='bbox 1950 4580 1970 4610; x_wconf 66' lang='grc' dir='ltr'><strong>ἰ</strong></span> <span class='ocrx_word' id='word_1_757' title='bbox 1996 4583 2082 4633; x_wconf 90' lang='lat' dir='ltr'><strong>Ita</strong></span> <span class='ocrx_word' id='word_1_758' title='bbox 2112 4586 2171 4632; x_wconf 91' lang='lat' dir='ltr'><strong>et</strong></span> <span class='ocrx_word' id='word_1_759' title='bbox 2194 4581 2460 4631; x_wconf 68' lang='lat' dir='ltr'><strong>Barrmus</strong></span> <span class='ocrx_word' id='word_1_760' title='bbox 2490 4578 2664 4630; x_wconf 89' lang='lat' dir='ltr'><strong>habet</strong></span> <span class='ocrx_word' id='word_1_761' title='bbox 2691 4592 2702 4626; x_wconf 88' lang='lat'><strong>:</strong></span> <span class='ocrx_word' id='word_1_762' title='bbox 2730 4576 3059 4640; x_wconf 88' lang='lat' dir='ltr'><strong>falliturque</strong></span> <span class='ocrx_word' id='word_1_763' title='bbox 3088 4574 3230 4627; x_wconf 88' lang='lat' dir='ltr'><strong>adeo</strong></span> <span class='ocrx_word' id='word_1_764' title='bbox 3263 4573 3489 4626; x_wconf 90' lang='lat' dir='ltr'><strong>Caccia-</strong></span> 
     </span>
    </p>
   </div>
   <div class='ocr_carea' id='block_1_109' title="bbox 1887 4645 3490 4778">
    <p class='ocr_par' dir='ltr' id='par_1_109' title="bbox 1887 4645 3490 4778">
     <span class='ocr_line' id='line_1_109' title="bbox 1887 4645 3490 4717; baseline -0.008 -11"><span class='ocrx_word' id='word_1_765' title='bbox 1887 4654 2029 4717; x_wconf 91' lang='lat' dir='ltr'><strong>rius,</strong></span> <span class='ocrx_word' id='word_1_766' title='bbox 2046 4654 2148 4716; x_wconf 91' lang='lat' dir='ltr'><strong>qui</strong></span> <span class='ocrx_word' id='word_1_767' title='bbox 2164 4650 2430 4715; x_wconf 86' lang='lat' dir='ltr'><strong>vulgatos</strong></span> <span class='ocrx_word' id='word_1_768' title='bbox 2450 4650 2532 4702; x_wconf 89' lang='lat' dir='ltr'><strong>ait</strong></span> <span class='ocrx_word' id='word_1_769' title='bbox 2544 4650 2720 4702; x_wconf 90' lang='lat' dir='ltr'><strong>libros</strong></span> <span class='ocrx_word' id='word_1_770' title='bbox 2735 4650 2797 4697; x_wconf 82' lang='lat' dir='ltr'><strong>in</strong></span> <span class='ocrx_word' id='word_1_771' title='bbox 2809 4647 3150 4713; x_wconf 89' lang='lat' dir='ltr'><strong>particulam</strong></span> <span class='ocrx_word' id='word_1_772' title='bbox 3164 4645 3352 4698; x_wconf 90' lang='lat' dir='ltr'><strong>delere</strong></span> <span class='ocrx_word' id='word_1_773' title='bbox 3367 4659 3490 4694; x_wconf 89' lang='lat' dir='ltr'><strong>con-</strong></span> 
     </span>
     <span class='ocr_line' id='line_1_110' title="bbox 1889 4722 2363 4778; baseline -0.015 1"><span class='ocrx_word' id='word_1_774' title='bbox 1889 4731 1978 4778; x_wconf 90' lang='lat' dir='ltr'><strong>tra</strong></span> <span class='ocrx_word' id='word_1_775' title='bbox 1996 4736 2140 4777; x_wconf 89' lang='lat' dir='ltr'><strong>mss.</strong></span> <span class='ocrx_word' id='word_1_776' title='bbox 2168 4722 2363 4775; x_wconf 88' lang='lat' dir='ltr'><strong>ﬁdem.</strong></span> 
     </span>
    </p>
   </div>
   <div class='ocr_carea' id='block_1_110' title="bbox 1951 4800 3487 4870">
    <p class='ocr_par' dir='ltr' id='par_1_110' title="bbox 1951 4800 3487 4870">
     <span class='ocr_line' id='line_1_111' title="bbox 1951 4800 3487 4870; baseline -0.007 -10"><span class='ocrx_word' id='word_1_777' title='bbox 1951 4810 1963 4841; x_wconf 76' lang='grc' dir='ltr'><strong>ί</strong></span> <span class='ocrx_word' id='word_1_778' title='bbox 1989 4807 2166 4861; x_wconf 85' lang='lat' dir='ltr'><strong>Addit</strong></span> <span class='ocrx_word' id='word_1_779' title='bbox 2186 4805 2371 4857; x_wconf 89' lang='lat' dir='ltr'><strong>codex</strong></span> <span class='ocrx_word' id='word_1_780' title='bbox 2392 4807 2639 4868; x_wconf 90' lang='lat' dir='ltr'><strong>uterque</strong></span> <span class='ocrx_word' id='word_1_781' title='bbox 2660 4804 2722 4853; x_wconf 82' lang='lat' dir='ltr'><strong>in</strong></span> <span class='ocrx_word' id='word_1_782' title='bbox 2736 4802 3156 4870; x_wconf 86' lang='lat' dir='ltr'><strong>voculam,jam</strong></span> <span class='ocrx_word' id='word_1_783' title='bbox 3169 4800 3487 4866; x_wconf 72' lang='lat' dir='ltr'><strong>in’perﬁdia.</strong></span> 
     </span>
    </p>
   </div>
   <div class='ocr_carea' id='block_1_111' title="bbox 1886 4874 3491 4941">
    <p class='ocr_par' dir='ltr' id='par_1_111' title="bbox 1886 4874 3491 4941">
     <span class='ocr_line' id='line_1_112' title="bbox 1886 4874 3491 4941; baseline -0.006 -8"><span class='ocrx_word' id='word_1_784' title='bbox 1886 4882 2023 4933; x_wconf 81' lang='lat' dir='ltr'><strong>Mox</strong></span> <span class='ocrx_word' id='word_1_785' title='bbox 2044 4876 2424 4932; x_wconf 78' lang='lat' dir='ltr'><strong>Bononiensis</strong></span> <span class='ocrx_word' id='word_1_786' title='bbox 2449 4891 2573 4925; x_wconf 80' lang='lat' dir='ltr'><strong>cum</strong></span> <span class='ocrx_word' id='word_1_787' title='bbox 2595 4876 2738 4938; x_wconf 69' lang='grc' dir='ltr'><strong>Ῑὶεντ,</strong></span> <span class='ocrx_word' id='word_1_788' title='bbox 2756 4888 2860 4941; x_wconf 90' lang='lat' dir='ltr'><strong>pro</strong></span> <span class='ocrx_word' id='word_1_789' title='bbox 2885 4890 3072 4940; x_wconf 83' lang='lat' dir='ltr'><strong>quam,</strong></span> <span class='ocrx_word' id='word_1_790' title='bbox 3097 4881 3206 4927; x_wconf 91' lang='lat' dir='ltr'><strong>etc.</strong></span> <span class='ocrx_word' id='word_1_791' title='bbox 3232 4874 3491 4937; x_wconf 88' lang='lat' dir='ltr'><strong>Denique</strong></span> 
     </span>
    </p>
   </div>
   <div class='ocr_carea' id='block_1_112' title="bbox 1883 4946 3492 5012">
    <p class='ocr_par' dir='ltr' id='par_1_112' title="bbox 1883 4946 3492 5012">
     <span class='ocr_line' id='line_1_113' title="bbox 1883 4946 3492 5012; baseline -0.006 -6"><span class='ocrx_word' id='word_1_792' title='bbox 1883 4954 2035 5006; x_wconf 89' lang='lat' dir='ltr'><strong>male</strong></span> <span class='ocrx_word' id='word_1_793' title='bbox 2065 4952 2180 5003; x_wconf 92' lang='lat' dir='ltr'><strong>duo</strong></span> <span class='ocrx_word' id='word_1_794' title='bbox 2205 4949 2391 5001; x_wconf 86' lang='lat' dir='ltr'><strong>Vatic.</strong></span> <span class='ocrx_word' id='word_1_795' title='bbox 2428 4946 2584 5012; x_wconf 90' lang='lat' dir='ltr'><strong>apud</strong></span> <span class='ocrx_word' id='word_1_796' title='bbox 2617 4948 2972 5000; x_wconf 89' lang='lat' dir='ltr'><strong>Cacciarium</strong></span> <span class='ocrx_word' id='word_1_797' title='bbox 3004 4947 3127 5012; x_wconf 86' lang='lat' dir='ltr'><strong>jam</strong></span> <span class='ocrx_word' id='word_1_798' title='bbox 3152 4946 3369 5012; x_wconf 81' lang='lat' dir='ltr'><strong>aliquid</strong></span> <span class='ocrx_word' id='word_1_799' title='bbox 3391 4958 3492 5011; x_wconf 93' lang='lat' dir='ltr'><strong>pro</strong></span> 
     </span>
    </p>
   </div>
   <div class='ocr_carea' id='block_1_113' title="bbox 1884 5023 2316 5091">
    <p class='ocr_par' dir='ltr' id='par_1_113' title="bbox 1884 5023 2316 5091">
     <span class='ocr_line' id='line_1_114' title="bbox 1884 5023 2316 5091; baseline -0.005 -14"><span class='ocrx_word' id='word_1_800' title='bbox 1884 5040 2055 5091; x_wconf 79' lang='lat' dir='ltr'><strong>neque</strong></span> <span class='ocrx_word' id='word_1_801' title='bbox 2084 5023 2316 5088; x_wconf 82' lang='lat' dir='ltr'><strong>aliquid.</strong></span> 
     </span>
    </p>
   </div>
   <div class='ocr_carea' id='block_1_114' title="bbox 1947 5097 3493 5158">
    <p class='ocr_par' dir='ltr' id='par_1_114' title="bbox 1947 5097 3493 5158">
     <span class='ocr_line' id='line_1_115' title="bbox 1947 5097 3493 5158; baseline -0.005 0"><span class='ocrx_word' id='word_1_802' title='bbox 1947 5114 1958 5145; x_wconf 74' lang='grc' dir='ltr'><strong><em>ι</em></strong></span> <span class='ocrx_word' id='word_1_803' title='bbox 1984 5106 2251 5158; x_wconf 86' lang='lat' dir='ltr'><strong>Diximus</strong></span> <span class='ocrx_word' id='word_1_804' title='bbox 2264 5103 2443 5156; x_wconf 90' lang='lat' dir='ltr'><strong>videri</strong></span> <span class='ocrx_word' id='word_1_805' title='bbox 2465 5100 2850 5154; x_wconf 89' lang='lat' dir='ltr'><strong>Athanasium</strong></span> <span class='ocrx_word' id='word_1_806' title='bbox 2868 5112 3021 5153; x_wconf 89' lang='lat' dir='ltr'><strong>anno</strong></span> <span class='ocrx_word' id='word_1_807' title='bbox 3044 5097 3167 5155; x_wconf 67' lang='lat'><strong>328.</strong></span> <span class='ocrx_word' id='word_1_808' title='bbox 3186 5099 3493 5153; x_wconf 79' lang='lat' dir='ltr'><strong>suffectum</strong></span> 
     </span>
    </p>
   </div>
   <div class='ocr_carea' id='block_1_115' title="bbox 1887 5172 3493 5236">
    <p class='ocr_par' dir='ltr' id='par_1_115' title="bbox 1887 5172 3493 5236">
     <span class='ocr_line' id='line_1_116' title="bbox 1887 5172 3493 5236; baseline -0.008 -4"><span class='ocrx_word' id='word_1_809' title='bbox 1887 5178 2216 5232; x_wconf 89' lang='lat' dir='ltr'><strong>Alexandro</strong></span> <span class='ocrx_word' id='word_1_810' title='bbox 2231 5177 2290 5226; x_wconf 91' lang='lat' dir='ltr'><strong>in</strong></span> <span class='ocrx_word' id='word_1_811' title='bbox 2307 5174 2580 5226; x_wconf 73' lang='lat' dir='ltr'><strong>Ecclesiaa</strong></span> <span class='ocrx_word' id='word_1_812' title='bbox 2602 5172 3010 5226; x_wconf 57' lang='lat' dir='ltr'><strong>Alexandrinis</strong></span> <span class='ocrx_word' id='word_1_813' title='bbox 3031 5172 3331 5236; x_wconf 87' lang='lat' dir='ltr'><strong>regimine,</strong></span> <span class='ocrx_word' id='word_1_814' title='bbox 3348 5186 3493 5220; x_wconf 88' lang='lat' dir='ltr'><strong>secus</strong></span> 
     </span>
    </p>
   </div>
   <div class='ocr_carea' id='block_1_116' title="bbox 1887 5241 3489 5315">
    <p class='ocr_par' dir='ltr' id='par_1_116' title="bbox 1887 5241 3489 5315">
     <span class='ocr_line' id='line_1_117' title="bbox 1887 5241 3489 5315; baseline -0.006 -11"><span class='ocrx_word' id='word_1_815' title='bbox 1887 5256 2061 5315; x_wconf 89' lang='lat' dir='ltr'><strong>atque</strong></span> <span class='ocrx_word' id='word_1_816' title='bbox 2094 5249 2188 5300; x_wconf 88' lang='lat' dir='ltr'><strong>alii</strong></span> <span class='ocrx_word' id='word_1_817' title='bbox 2216 5247 2494 5309; x_wconf 88' lang='lat' dir='ltr'><strong>sentiunt,</strong></span> <span class='ocrx_word' id='word_1_818' title='bbox 2535 5245 2632 5309; x_wconf 92' lang='lat' dir='ltr'><strong>qui</strong></span> <span class='ocrx_word' id='word_1_819' title='bbox 2671 5245 2744 5297; x_wconf 89' lang='lat' dir='ltr'><strong>ad</strong></span> <span class='ocrx_word' id='word_1_820' title='bbox 2794 5241 2915 5297; x_wconf 70' lang='lat'><strong>326.</strong></span> <span class='ocrx_word' id='word_1_821' title='bbox 2965 5244 3240 5295; x_wconf 82' lang='lat' dir='ltr'><strong>referunt.</strong></span> <span class='ocrx_word' id='word_1_822' title='bbox 3282 5243 3489 5295; x_wconf 87' lang='lat' dir='ltr'><strong>Recole</strong></span> 
     </span>
    </p>
   </div>
   <div class='ocr_carea' id='block_1_117' title="bbox 1888 5315 3495 5389">
    <p class='ocr_par' dir='ltr' id='par_1_117' title="bbox 1888 5315 3495 5389">
     <span class='ocr_line' id='line_1_118' title="bbox 1888 5315 3495 5389; baseline -0.007 -14"><span class='ocrx_word' id='word_1_823' title='bbox 1888 5336 2061 5389; x_wconf 90' lang='lat' dir='ltr'><strong>quem</strong></span> <span class='ocrx_word' id='word_1_824' title='bbox 2081 5320 2390 5389; x_wconf 88' lang='lat' dir='ltr'><strong>laudamus</strong></span> <span class='ocrx_word' id='word_1_825' title='bbox 2406 5319 2601 5389; x_wconf 91' lang='lat' dir='ltr'><strong>locum</strong></span> <span class='ocrx_word' id='word_1_826' title='bbox 2614 5329 2686 5368; x_wconf 86' lang='lat' dir='ltr'><strong>ex</strong></span> <span class='ocrx_word' id='word_1_827' title='bbox 2709 5315 2951 5389; x_wconf 81' lang='lat' dir='ltr'><strong>historia</strong></span> <span class='ocrx_word' id='word_1_828' title='bbox 2964 5315 3235 5389; x_wconf 85' lang='lat' dir='ltr'><strong>acephala</strong></span> <span class='ocrx_word' id='word_1_829' title='bbox 3259 5317 3495 5389; x_wconf 77' lang='lat' dir='ltr'><strong>superius</strong></span> 
     </span>
    </p>
   </div>
   <div class='ocr_carea' id='block_1_118' title="bbox 1892 5385 3493 5463">
    <p class='ocr_par' dir='ltr' id='par_1_118' title="bbox 1892 5385 3493 5463">
     <span class='ocr_line' id='line_1_119' title="bbox 1892 5385 3493 5463; baseline -0.007 -17"><span class='ocrx_word' id='word_1_830' title='bbox 1892 5385 2028 5463; x_wconf 73' lang='lat' dir='ltr'><strong>(huj.</strong></span> <span class='ocrx_word' id='word_1_831' title='bbox 2047 5394 2127 5443; x_wconf 83' lang='lat' dir='ltr'><strong>ed.</strong></span> <span class='ocrx_word' id='word_1_832' title='bbox 2153 5390 2249 5442; x_wconf 78' lang='lat' dir='ltr'><strong>col.</strong></span> <span class='ocrx_word' id='word_1_833' title='bbox 2269 5388 2395 5452; x_wconf 76' lang='grc'><strong>483,</strong></span> <span class='ocrx_word' id='word_1_834' title='bbox 2418 5395 2530 5463; x_wconf 72' lang='lat' dir='ltr'><strong>not.</strong></span> <span class='ocrx_word' id='word_1_835' title='bbox 2556 5388 2628 5451; x_wconf 85' lang='lat' dir='ltr'><strong>d).</strong></span> <span class='ocrx_word' id='word_1_836' title='bbox 2647 5388 2869 5448; x_wconf 91' lang='lat' dir='ltr'><strong>Quibus</strong></span> <span class='ocrx_word' id='word_1_837' title='bbox 2893 5387 3018 5463; x_wconf 69' lang='lat' dir='ltr'><strong>haec</strong></span> <span class='ocrx_word' id='word_1_838' title='bbox 3034 5385 3181 5438; x_wconf 86' lang='lat' dir='ltr'><strong>adde</strong></span> <span class='ocrx_word' id='word_1_839' title='bbox 3201 5386 3391 5463; x_wconf 53' lang='lat' dir='ltr'><strong>inulto</strong></span> <span class='ocrx_word' id='word_1_840' title='bbox 3409 5389 3493 5435; x_wconf 87' lang='lat' dir='ltr'><strong>lu-</strong></span> 
     </span>
    </p>
   </div>
   <div class='ocr_carea' id='block_1_119' title="bbox 1891 5458 3495 5525">
    <p class='ocr_par' dir='ltr' id='par_1_119' title="bbox 1891 5458 3495 5525">
     <span class='ocr_line' id='line_1_120' title="bbox 1891 5458 3495 5525; baseline -0.01 -4"><span class='ocrx_word' id='word_1_841' title='bbox 1891 5458 2209 5522; x_wconf 86' lang='lat' dir='ltr'><strong>culentiora</strong></span> <span class='ocrx_word' id='word_1_842' title='bbox 2233 5464 2344 5515; x_wconf 90' lang='lat' dir='ltr'><strong>sub</strong></span> <span class='ocrx_word' id='word_1_843' title='bbox 2360 5461 2618 5525; x_wconf 85' lang='lat' dir='ltr'><strong>ejusdem</strong></span> <span class='ocrx_word' id='word_1_844' title='bbox 2638 5458 2975 5524; x_wconf 86' lang='lat' dir='ltr'><strong>paragraphi</strong></span> <span class='ocrx_word' id='word_1_845' title='bbox 2996 5460 3144 5506; x_wconf 84' lang='lat' dir='ltr'><strong>ﬁnem</strong></span> <span class='ocrx_word' id='word_1_846' title='bbox 3162 5476 3173 5507; x_wconf 85' lang='lat'><strong>:</strong></span> <span class='ocrx_word' id='word_1_847' title='bbox 3190 5458 3355 5507; x_wconf 79' lang='lat' dir='ltr'><strong>Fiunt</strong></span> <span class='ocrx_word' id='word_1_848' title='bbox 3370 5472 3495 5521; x_wconf 77' lang='lat' dir='ltr'><strong>ergo</strong></span> 
     </span>
    </p>
   </div>
   <div class='ocr_carea' id='block_1_120' title="bbox 1892 5529 3496 5610">
    <p class='ocr_par' dir='ltr' id='par_1_120' title="bbox 1892 5529 3496 5610">
     <span class='ocr_line' id='line_1_121' title="bbox 1892 5529 3496 5610; baseline -0.023 -14"><span class='ocrx_word' id='word_1_849' title='bbox 1892 5534 2575 5610; x_wconf 60' lang='lat' dir='ltr'><strong>EpiscopatusAthapasii,</strong></span> <span class='ocrx_word' id='word_1_850' title='bbox 2588 5538 2652 5610; x_wconf 59' lang='grc' dir='ltr'><strong>μί</strong></span> <span class='ocrx_word' id='word_1_851' title='bbox 2669 5531 2933 5610; x_wconf 44' lang='lat' dir='ltr'><strong>praefringi1</strong></span> <span class='ocrx_word' id='word_1_852' title='bbox 2943 5544 3118 5610; x_wconf 32' lang='grc' dir='ltr'><strong>,μξᾳλιιε</strong></span> <span class='ocrx_word' id='word_1_853' title='bbox 3139 5529 3212 5580; x_wconf 70' lang='grc' dir='ltr'><strong>αα</strong></span> <span class='ocrx_word' id='word_1_854' title='bbox 3235 5529 3496 5610; x_wconf 29' lang='grc' dir='ltr'><strong>ριῖἢυιᾳ,</strong></span> 
     </span>
    </p>
   </div>
   <div class='ocr_carea' id='block_1_121' title="bbox 1893 5601 3493 5669">
    <p class='ocr_par' dir='ltr' id='par_1_121' title="bbox 1893 5601 3493 5669">
     <span class='ocr_line' id='line_1_122' title="bbox 1893 5601 3493 5669; baseline -0.013 -1"><span class='ocrx_word' id='word_1_855' title='bbox 1893 5601 2008 5668; x_wconf 59' lang='lat' dir='ltr'><strong>tum</strong></span> <span class='ocrx_word' id='word_1_856' title='bbox 2040 5601 2416 5667; x_wconf 69' lang='lat' dir='ltr'><strong>Valentiniani</strong></span> <span class='ocrx_word' id='word_1_857' title='bbox 2433 5612 2480 5657; x_wconf 76' lang='lat' dir='ltr'><strong>et</strong></span> <span class='ocrx_word' id='word_1_858' title='bbox 2502 5605 2737 5657; x_wconf 77' lang='lat' dir='ltr'><strong>Valentis</strong></span> <span class='ocrx_word' id='word_1_859' title='bbox 2755 5604 2844 5669; x_wconf 86' lang='lat' dir='ltr'><strong>(an</strong></span> <span class='ocrx_word' id='word_1_860' title='bbox 2868 5601 3009 5666; x_wconf 84' lang='grc'>368.)</span> <span class='ocrx_word' id='word_1_861' title='bbox 3028 5603 3209 5667; x_wconf 81' lang='lat' dir='ltr'><strong>Payni</strong></span> <span class='ocrx_word' id='word_1_862' title='bbox 3228 5601 3319 5653; x_wconf 86' lang='lat' dir='ltr'><strong>IV.</strong></span> <span class='ocrx_word' id='word_1_863' title='bbox 3339 5601 3493 5666; x_wconf 85' lang='lat' dir='ltr'><strong>(Junii</strong></span> 
     </span>
    </p>
   </div>
   <div class='ocr_carea' id='block_1_122' title="bbox 1891 5674 3495 5753">
    <p class='ocr_par' dir='ltr' id='par_1_122' title="bbox 1891 5674 3495 5753">
     <span class='ocr_line' id='line_1_123' title="bbox 1891 5674 3495 5753; baseline -0.014 -8"><span class='ocrx_word' id='word_1_864' title='bbox 1891 5691 1962 5753; x_wconf 83' lang='lat'><strong>8.)</strong></span> <span class='ocrx_word' id='word_1_865' title='bbox 1990 5687 2129 5739; x_wconf 85' lang='lat' dir='ltr'><strong>anni</strong></span> <span class='ocrx_word' id='word_1_866' title='bbox 2152 5685 2259 5736; x_wconf 84' lang='lat' dir='ltr'><strong>XL.</strong></span> <span class='ocrx_word' id='word_1_867' title='bbox 2283 5680 2545 5733; x_wconf 85' lang='lat' dir='ltr'><strong>Recurrit</strong></span> <span class='ocrx_word' id='word_1_868' title='bbox 2565 5678 2762 5753; x_wconf 83' lang='lat' dir='ltr'><strong>itaque</strong></span> <span class='ocrx_word' id='word_1_869' title='bbox 2780 5674 3039 5753; x_wconf 79' lang='lat' dir='ltr'><strong>Rufinus</strong></span> <span class='ocrx_word' id='word_1_870' title='bbox 3055 5675 3136 5753; x_wconf 74' lang='lat' dir='ltr'><strong>ad</strong></span> <span class='ocrx_word' id='word_1_871' title='bbox 3163 5674 3388 5753; x_wconf 79' lang='lat' dir='ltr'><strong>prio_ra,_</strong></span> <span class='ocrx_word' id='word_1_872' title='bbox 3404 5685 3495 5753; x_wconf 81' lang='lat' dir='ltr'><strong>se-</strong></span> 
     </span>
    </p>
   </div>
   <div class='ocr_carea' id='block_1_123' title="bbox 1893 5744 3490 5824">
    <p class='ocr_par' dir='ltr' id='par_1_123' title="bbox 1893 5744 3490 5824">
     <span class='ocr_line' id='line_1_124' title="bbox 1893 5744 3490 5824; baseline -0.011 -10"><span class='ocrx_word' id='word_1_873' title='bbox 1893 5744 2153 5824; x_wconf 79' lang='lat' dir='ltr'><strong>riemque</strong></span> <span class='ocrx_word' id='word_1_874' title='bbox 2172 5752 2446 5820; x_wconf 89' lang='lat' dir='ltr'><strong>temporis</strong></span> <span class='ocrx_word' id='word_1_875' title='bbox 2468 5748 2814 5813; x_wconf 87' lang='lat' dir='ltr'><strong>intermittit,</strong></span> <span class='ocrx_word' id='word_1_876' title='bbox 2836 5751 2938 5799; x_wconf 89' lang='lat' dir='ltr'><strong>aut</strong></span> <span class='ocrx_word' id='word_1_877' title='bbox 2953 5747 3146 5812; x_wconf 89' lang='lat' dir='ltr'><strong>potius</strong></span> <span class='ocrx_word' id='word_1_878' title='bbox 3168 5744 3490 5799; x_wconf 88' lang='lat' dir='ltr'><strong>conturbat.</strong></span> 
     </span>
    </p>
   </div>
   <div class='ocr_carea' id='block_1_124' title="bbox 1952 5836 3346 5905">
    <p class='ocr_par' dir='ltr' id='par_1_124' title="bbox 1952 5836 3346 5905">
     <span class='ocr_line' id='line_1_125' title="bbox 1952 5836 3346 5905; baseline -0.011 -2"><span class='ocrx_word' id='word_1_879' title='bbox 1952 5852 1977 5887; x_wconf 75' lang='grc' dir='ltr'>ι</span> <span class='ocrx_word' id='word_1_880' title='bbox 1999 5848 2262 5901; x_wconf 86' lang='lat' dir='ltr'><strong>Reticent</strong></span> <span class='ocrx_word' id='word_1_881' title='bbox 2283 5844 2427 5893; x_wconf 82' lang='lat' dir='ltr'><strong>idem</strong></span> <span class='ocrx_word' id='word_1_882' title='bbox 2456 5839 2674 5905; x_wconf 88' lang='lat' dir='ltr'><strong>vulgati</strong></span> <span class='ocrx_word' id='word_1_883' title='bbox 2696 5837 2824 5891; x_wconf 92' lang='lat' dir='ltr'><strong>libri</strong></span> <span class='ocrx_word' id='word_1_884' title='bbox 2846 5836 3102 5902; x_wconf 89' lang='lat' dir='ltr'><strong>plerique</strong></span> <span class='ocrx_word' id='word_1_885' title='bbox 3123 5848 3346 5890; x_wconf 91' lang='lat' dir='ltr'><strong>omnes.</strong></span> 
     </span>
    </p>
   </div>
   <div class='ocr_carea' id='block_1_125' title="bbox 1958 5919 3495 5986">
    <p class='ocr_par' dir='ltr' id='par_1_125' title="bbox 1958 5919 3495 5986">
     <span class='ocr_line' id='line_1_126' title="bbox 1958 5919 3495 5986; baseline -0.01 -3"><span class='ocrx_word' id='word_1_886' title='bbox 1958 5934 1975 5967; x_wconf 87' lang='grc' dir='ltr'>ι</span> <span class='ocrx_word' id='word_1_887' title='bbox 2015 5931 2156 5982; x_wconf 85' lang='lat' dir='ltr'><strong>Mss.</strong></span> <span class='ocrx_word' id='word_1_888' title='bbox 2194 5925 2379 5979; x_wconf 88' lang='lat' dir='ltr'><strong>nostri</strong></span> <span class='ocrx_word' id='word_1_889' title='bbox 2411 5923 2652 5976; x_wconf 78' lang='lat' dir='ltr'><strong>Nicaeam</strong></span> <span class='ocrx_word' id='word_1_890' title='bbox 2684 5919 3031 5986; x_wconf 71' lang='lat' dir='ltr'><strong>praeferunt:</strong></span> <span class='ocrx_word' id='word_1_891' title='bbox 3068 5931 3206 5972; x_wconf 87' lang='lat' dir='ltr'><strong>mox</strong></span> <span class='ocrx_word' id='word_1_892' title='bbox 3243 5920 3495 5970; x_wconf 74' lang='lat' dir='ltr'><strong>Guar-ne-</strong></span> 
     </span>
    </p>
   </div>
   <div class='ocr_carea' id='block_1_126' title="bbox 1894 5998 2385 6063">
    <p class='ocr_par' dir='ltr' id='par_1_126' title="bbox 1894 5998 2385 6063">
     <span class='ocr_line' id='line_1_127' title="bbox 1894 5998 2385 6063; baseline -0.022 -4"><span class='ocrx_word' id='word_1_893' title='bbox 1894 6007 2035 6059; x_wconf 84' lang='lat' dir='ltr'><strong>rian.</strong></span> <span class='ocrx_word' id='word_1_894' title='bbox 2052 5998 2385 6063; x_wconf 79' lang='lat' dir='ltr'><strong>evigilanler.</strong></span> 
     </span>
    </p>
   </div>
  </div>
