3900 6386
486 346 586 401 487

1527 343 1770 396 RUFINI
1801 343 2293 405 AQUILEIENSIS
2325 344 2761 396 PRESBYTER!

3692 346 3796 402 488

479 457 702 522 origine
739 467 918 520 supra
953 459 1224 519 repetere,
1251 457 1310 504 et
1332 453 1498 515 cujus
1521 465 1556 504 a
1578 465 1754 517 puero
1780 453 2090 506 institutio—
2108 460 2164 530 Α
2191 453 2333 508 illud
2376 456 2761 507 conservabat
2793 455 3108 518 eloquium,
3147 454 3347 506 dicens
3373 471 3385 506 :
3413 456 3474 505 Si
3497 457 3794 507 consistant

478 545 572 596 nis
584 545 771 606 fuerit,
805 543 974 595 sicuti
998 543 1069 594 ab
1093 542 1184 594 his
1201 541 1299 605 qui
1318 552 1451 591 cum
1469 541 1594 605 ipso
1614 542 1794 594 vitam
1811 545 2084 606 duxerant,

478 634 826 699 accepimus,
853 643 1191 684 memorare.
1221 630 1497 692 Tempore
1522 641 1639 692 quo
1660 630 1812 694 apud
1833 631 2084 682 Alexan-

483 721 669 774 driam
717 720 864 772 Petri
911 719 1180 781 martyris
1215 718 1368 770 diem
1406 717 1736 769 Alexander
1765 718 2083 783 Episcopus

480 811 705 875 agebat,
730 821 862 860 cum
884 812 1019 872 post
1033 808 1264 870 expleta
1282 807 1560 858 solemnia
1573 816 1590 836 ·
1611 811 2005 859 conventurus
2021 810 2081 854 ad

480 898 807 949 convivium
833 909 1009 948 suum
1034 895 1274 947 clericos
1299 901 1681 960 exspectaret,
1707 897 1766 947 in
1789 895 1914 947 loco
1940 895 2083 946 mari

480 987 681 1046 vicino,
729 985 884 1037 videt
918 985 1147 1036 eminus
1181 997 1488 1048 puerorum
1531 997 1706 1048 supra
1727 997 1888 1036 oram
1907 984 2082 1035 maris

479 1075 683 1127 ludum
706 1075 1078 1138 imitantium,
1104 1078 1170 1125 ut
1201 1074 1323 1124 fieri
1352 1073 1515 1137 solet,
1540 1074 1884 1138 Episcopum
1907 1079 2083 1136 atque

479 1177 546 1214 ea
567 1176 699 1227 quae
720 1165 783 1215 in
802 1163 1071 1215 Ecclesiis
1089 1163 1210 1228 geri
1240 1176 1367 1214 mos
1379 1167 1487 1214 est.
1517 1162 1626 1213 Sed
1653 1175 1784 1213 cum
1800 1163 1822 1190 ιι
1839 1165 2084 1210 intentius

479 1253 701 1304 diutine
721 1265 931 1316 pueros
952 1253 1045 1304 ins
1056 1255 1322 1316 pectaret,
1344 1251 1586 1302 videtab
1602 1250 1693 1302 his
1708 1251 1828 1314 geri
1839 1252 2081 1311 quaedam

479 1341 654 1394 etiam
679 1341 986 1393 secretiora
1009 1346 1066 1392 et
1092 1341 1356 1404 mystica.
1379 1340 1756 1391 Perturbatus
1782 1338 1954 1397 illico,
1985 1351 2082 1392 vo-

483 1431 600 1482 cari
622 1430 696 1481 ad
717 1443 778 1482 se
803 1431 1039 1482 clericos
1049 1430 1232 1493 jubet,
1266 1433 1442 1492 atque
1467 1429 1551 1480 eis
1569 1427 1710 1492 quid
1725 1428 1952 1480 eminus
1975 1430 2083 1488 ipse

487 1521 725 1584 videret,
750 1519 1020 1572 ostendit.
1048 1519 1194 1570 Tum
1218 1519 1375 1570 abire
1398 1531 1516 1580 eos,
1562 1522 1619 1569 et
1641 1518 2088 1582 comprehensos

483 1609 556 1660 ad
591 1622 654 1661 se
692 1609 1004 1673 perducere
1039 1620 1244 1660 omnes
1292 1619 1502 1672 pueros
1531 1607 1792 1670 imperat.
1832 1607 2091 1670 Cumque

484 1699 774 1759 adessent,
797 1699 926 1762 quis
948 1698 1033 1750 eis
1059 1697 1252 1760 ludus,
1277 1702 1334 1748 et
1356 1696 1494 1760 quid
1526 1697 1799 1760 egissent,
1826 1696 1918 1748 vel
1941 1708 2086 1759 quo-

488 1786 660 1839 modo
684 1790 1108 1851 percunctatur.
1138 1784 1240 1847 Illi,
1267 1790 1333 1836 ut
1361 1785 1488 1836 talis
1510 1784 1684 1836 habet
1706 1790 1869 1844 mtas,
1894 1783 2087 1848 pavidi
2118 1776 2171 1848 Β

490 1888 702 1940 negare
727 1875 929 1940 primo,
943 1875 1151 1926 deinde
1172 1887 1293 1926 rem
1313 1879 1538 1938 gestam
1561 1887 1662 1938 per
1685 1873 1945 1926 ordinem
1963 1886 2094 1937 pan-

489 1965 654 2028 dunt,
681 1970 735 2017 et
759 1965 1078 2029 baptizatos
1099 1976 1134 2015 a
1159 1977 1221 2016 se
1239 1973 1254 1993 τ
1274 1975 1401 2014 esse
1415 1963 1698 2026 quosdam
1716 1965 2094 2012 catechumenos

491 2052 837 2104 confitentur
861 2065 959 2115 per
982 2050 1388 2114 Athanasium,
1407 2051 1506 2114 qui
1528 2049 1650 2102 ludi
1685 2049 1837 2102 illius
1859 2050 2094 2113 puerilis

489 2141 795 2206 episcopus
811 2141 998 2193 fuerat
1012 2141 1494 2193 simulatus.Tum
1505 2140 1597 2192 ille
1611 2139 2096 2204 diligenterinqui-

488 2244 620 2283 rens
639 2233 712 2282 ab
735 2231 827 2282 his
846 2232 944 2294 qui
964 2231 1234 2295 baptizati
1272 2231 1629 2290 dicebantur,
1649 2228 1789 2294 quid
1807 2231 2094 2289 interrogati

489 2321 720 2384 fuerint,
740 2321 950 2385 quidve
976 2320 1399 2384 responderint,
1425 2318 1598 2371 simul
1615 2325 1674 2372 et
1695 2320 1768 2370 ab
1798 2331 1866 2371 eo
1893 2319 1991 2381 qui
2009 2319 2096 2370 in-

493 2415 900 2474 terrogaverat.
923 2409 1030 2461 Ubi
1046 2410 1221 2472 videt,
1238 2409 1562 2460 secundum
1579 2407 2096 2472 religionisnostraa

491 2500 667 2551 ritum
691 2505 901 2550 cuncta
925 2505 1212 2561 constare,
1225 2497 1565 2550 conlocutus
1583 2510 1717 2549 cum
1735 2496 1973 2548 concilio
1986 2497 2098 2549 cle-

494 2588 762 2648 ricorum,
801 2587 1078 2638 statuisse
1124 2585 1386 2650 traditur,
1431 2585 1563 2645 illis,
1609 2586 1821 2649 quibus
1856 2585 2096 2649 integris

496 2676 1044 2740 interrogationibus
1066 2678 1120 2726 et
1142 2675 1618 2740 responsionibus
1643 2686 1791 2738 aqua
1807 2674 1993 2726 fuerat
2007 2675 2096 2726 in-

499 2765 656 2828 fusa,
680 2765 871 2817 iterari
898 2765 1253 2828 baptismum
1276 2777 1393 2816 non
1419 2763 1645 2827 debere,
1672 2763 1772 2816 sed
1801 2763 2099 2827 adimpleri

507 2852 677 2921 242
714 2844 818 2907 [AL
857 2854 1185 2918 adimplere]
1228 2867 1295 2906 ea
1316 2867 1462 2928 .quae
1495 2865 1528 2904 a
1553 2853 1946 2905 sacerdotibus
1969 2865 2097 2904 mos

503 2950 607 2996 est.
631 2944 1016 2996 Athanasium
1038 2957 1170 2996 vero
1193 2948 1368 3008 atque
1396 2956 1494 2994 eos
1519 2956 1663 3006 quos
1693 2942 1866 2993 ludus
1889 2943 1982 2994 ille
2008 2941 2098 2994 vel

501 3034 869 3098 presbyteros
892 3033 1104 3085 habere
1130 3033 1293 3085 visus
1320 3033 1520 3095 fuerat,
1538 3033 1628 3084 vel
1657 3032 2099 3095 ministros,con-

503 3123 721 3176 vocatis
758 3123 1093 3188 parentibus
1121 3125 1230 3174 sub
1255 3123 1360 3175 Dei
1384 3122 1767 3175 obtestatione
1791 3121 1961 3173 tradit
1994 3123 2099 3174 Ec-

498 3214 693 3265 clesiae
717 3213 738 3241 ⁴
764 3226 889 3266 sum
907 3214 1268 3266 nutriendos.
1292 3214 1472 3264 Parvo
1495 3216 1689 3264 autem
1707 3215 2099 3277 tempore,cum

500 3315 535 3354 a
581 3303 810 3354 Notario
853 3303 1088 3366 integre,
1137 3305 1194 3354 et
1240 3315 1274 3351 a
1318 3301 1702 3352 Grammatice
1753 3300 2102 3352 sufﬁcienter

499 3392 858 3444 Athanasius
903 3391 1106 3442 fuisset
1151 3391 1492 3454 instructus,
1531 3390 1803 3442 continuo
1830 3395 2101 3454 tanquam

503 3479 671 3531 fidele
692 3478 919 3530 Domini
941 3477 1409 3531 commendatum
1431 3490 1464 3529 a
1486 3477 1840 3542 parentibus,
1854 3479 2103 3530 restitui-

502 3572 594 3620 tnr
635 3567 930 3630 sacerdoti,
967 3582 1033 3619 ac
1071 3553 1228 3620 velut
1269 3566 1499 3619 Samuel
1523 3566 1760 3630 quidam
1792 3568 1853 3619 in
1889 3569 2100 3633 templo

505 3657 733 3708 Domini
773 3657 1046 3716 nutritur,
1088 3662 1146 3707 et
1187 3657 1260 3707 ab
1297 3669 1362 3708 eo
1392 3661 1663 3720 pergente
1699 3656 1772 3708 ad
1809 3661 2002 3720 patres
2040 3657 2100 3707 in

508 3750 805 3798 senectute
835 3747 1003 3810 bona,
1031 3745 1104 3797 ad
1125 3744 1468 3812 portandum
1491 3751 1620 3811 post
1640 3759 1701 3798 se
1717 3745 1904 3810 ephod
1921 3758 2102 3798 sacer-

504 3834 693 3888 dotale
729 3835 1014 3900 deligitur.
1058 3836 1164 3888 Sed
1208 3836 1386 3901 hujus
1430 3835 1575 3888 tanti
1613 3835 1675 3888 in
1711 3835 1966 3888 Ecclesia
1999 3848 2100 3900 pro

504 3925 637 3976 fidei
681 3925 1009 3991 integritate
1055 3939 1270 3988 agones
1314 3925 1564 3988 fuerunt,
1599 3932 1664 3977 ut
1702 3926 1874 3977 etiam
1897 3925 1967 3975 de
1991 3925 2099 3976 hoc

502 4011 770 4066 videatur
790 4011 1012 4064 dictum
1035 4024 1164 4065 esse
1187 4011 1326 4064 illud
1351 4012 1506 4075 quod
1531 4013 1804 4076 scriptum
1831 4017 1946 4062 est:
1984 4011 2098 4075 Ego

502 4103 649 4152 enim
682 4104 962 4153 ostendam
996 4104 1064 4164 ei,
1102 4108 1311 4167 quanta
1333 4117 1456 4152 eum
1475 4103 1596 4165 pati
1615 4107 1852 4166 oporteat
1871 4116 1974 4166 pro
2000 4117 2100 4152 no-

507 4193 652 4240 mine
685 4207 800 4241 meo
825 4194 955 4254 (Act.
980 4193 1031 4246 9.
1060 4191 1185 4254 15.).
1211 4193 1277 4244 In
1299 4191 1475 4255 hujus
1498 4191 1710 4243 etenim
1746 4191 2100 4255 persecutio-

507 4295 612 4333 nes
649 4282 954 4333 universus
991 4283 1328 4346 conjuratus
1367 4280 1540 4340 orbis,
1571 4283 1630 4331 et
1659 4280 1929 4332 commoti
1963 4284 2100 4332 sunt

506 4371 793 4437 principes
816 4377 984 4424 terra:
1015 4387 1027 4423 :
1063 4375 1285 4436 gentes,
1312 4382 1506 4436 regna,
1530 4370 1819 4422 exercitus
1841 4371 2103 4422 coierunt

475 4456 612 4524 ’[Αι.
637 4460 915 4526 coierant]
955 4461 1239 4516 adversus
1280 4472 1434 4514 eum.
1480 4459 1578 4512 Ille
1605 4464 1802 4513 autem
1837 4459 2101 4513 divinum

573 4696 588 4712 '
613 4685 985 4737 Guarnerian.
1011 4698 1122 4737 ms.
1151 4692 1518 4747 conventuros,
1541 4685 1710 4749 idest,
1744 4685 1972 4735 clericos.

571 4776 592 4803 ε’
615 4774 776 4826 Idem
799 4775 1036 4823 intentus
1057 4774 1292 4835 diutino,
1315 4775 1431 4828 duo
1457 4775 1638 4827 Vatic.
1663 4774 1894 4825 intentu.
1918 4773 2019 4825 sed
2042 4777 2100 4825 et

509 4845 859 4898 Bononiensi
883 4845 1093 4896 diutine
1116 4845 1290 4898 habet
1311 4859 1412 4911 pro
1433 4847 1666 4898 diutino.

571 4945 589 4964 °
615 4935 788 4988 Tacet
819 4936 1188 4988 Guarnerian.
1224 4951 1341 4986 esse.
1382 4938 1667 4988 Caeterum
1697 4947 1770 4986 an
1802 4934 1930 4986 hinc
1963 4947 2102 4986 vera

507 5008 756 5059 narratio
779 5007 854 5058 sit
877 5007 948 5059 de
973 5008 1040 5059 ba
1048 5009 1273 5073 ptizatis
1297 5009 1488 5072 pueris
1499 5007 1572 5058 ab
1592 5005 1910 5058 Athanasio
1925 5019 2100 5071 puero

507 5086 674 5132 vetus
697 5092 763 5132 ac
788 5080 1060 5131 tralatitia
1083 5085 1174 5132 est
1206 5079 1470 5142 qumstio.
1505 5077 1712 5128 Confer
1733 5077 1882 5129 inter
1906 5091 2102 5131 recen-

508 5153 682 5204 tiores
707 5152 946 5215 Pagium
981 5151 1054 5202 ad
1090 5164 1182 5201 an.
1224 5149 1344 5202 311.
1386 5148 1789 5200 Bollandianos
1819 5149 2006 5201 socios
2029 5151 2099 5201 ad

507 5223 661 5274 diem
686 5222 738 5275 2.
767 5224 896 5274 Maii
919 5235 1040 5286 cap.
1069 5221 1115 5275 1.
1143 5233 1491 5283 rursumque
1515 5221 1572 5270 in
1592 5221 1838 5272 liistoria
1861 5222 2102 5274 Patriar-

507 5296 660 5347 char.
697 5293 1068 5346 Alexandrin.
1099 5299 1233 5344 tom.
1279 5293 1342 5341 V.
1368 5293 1542 5342 Junii.
1569 5294 1820 5344 vicissim
1845 5295 2104 5345 Monfau-

508 5368 732 5417 conium
774 5369 831 5417 in
863 5367 994 5416 Vita
1031 5366 1084 5416 S.
1111 5363 1432 5427 Athanasxi,
1459 5369 1518 5415 et
1540 5366 1809 5429 peculiari
1829 5365 2103 5416 disserta-

512 5440 662 5489 tione
692 5438 919 5488 ilarisiis
943 5436 1098 5488 edita
1119 5449 1194 5486 an
1219 5435 1372 5489 1710.
1392 5436 1494 5486 His
1517 5437 1661 5488 adde
1682 5450 1814 5500 quae
1831 5437 2104 5488 Fontani-

510 5523 622 5560 nus
653 5511 713 5560 in
738 5510 871 5561 Vita
892 5507 1085 5560 Ruﬁni
1113 5508 1208 5558 lib.
1238 5510 1304 5560 II.
1331 5521 1452 5574 cap.
1490 5507 1542 5562 5.
1580 5522 1740 5560 num.
1766 5507 1818 5562 ‘2.
1842 5509 2099 5560 adnotat.

571 5599 590 5626 "
617 5599 774 5650 Idem
798 5610 934 5650 cum
956 5597 1305 5651 Bononiensi
1323 5614 1451 5661 suae,
1467 5597 1721 5650 vicissim
1739 5597 1954 5660 vulgati
1973 5601 2102 5658 quod

511 5683 646 5723 mox
670 5671 932 5734 sequitur
953 5675 1138 5721 exacto
1162 5673 1419 5723 reticent.
1449 5673 1552 5721 Pro
1572 5669 1802 5718 Notario
1818 5669 1971 5732 quod
1987 5684 2102 5718 cum

515 5743 766 5806 vulgatis
791 5743 1005 5795 habent
1025 5756 1168 5795 mss.
1193 5743 1396 5804 nostri,
1420 5741 1738 5792 Cacciarius
1755 5739 2002 5790 Notariis
2017 5754 2101 5793 re-

513 5815 761 5878 scripsit.
804 5815 1062 5877 Denique
1093 5813 1470 5865 Bononiensis
1503 5812 1672 5876 paulo
1707 5816 1837 5875 post
1860 5811 1972 5875 fide
1993 5813 2102 5863 Do-

508 5886 651 5935 mini
671 5885 809 5948 legit
832 5898 932 5947 pro
951 5885 1128 5948 fidele,
1159 5890 1266 5936 etc.

2188 544 2472 593 adversum
2494 559 2577 592 me
2596 549 2789 605 vestra,
2816 559 2924 592 non
2950 541 3149 592 timebit
3174 559 3264 592 cor
3286 559 3467 592 meum
3486 560 3502 593 :
3527 545 3576 594 si
3604 546 3792 595 insur-
3879 547 3881 549 ’

2185 638 2275 695 gat
2299 634 2358 681 in
2384 647 2467 683 me
2485 632 2756 696 praetium,
2799 633 2860 680 in
2897 632 2993 681 hoc
3025 647 3117 695 ego
3147 632 3367 696 sperabo
3393 633 3556 694 (Peal.
3580 632 3668 688 26.
3696 634 3788 696 3.).

2187 723 2403 772 Verum
2439 721 2713 784 quoniam
2747 723 2905 772 tanta
2932 734 3000 772 ac
3038 721 3170 773 talia
3193 722 3322 785 ejus
3353 726 3518 785 gesta
3544 728 3704 786 sunt,
3731 729 3794 775 ut

2188 809 2526 873 magnitudo
2543 809 2776 873 quidem
2796 822 2989 861 rerum
3013 809 3155 860 nihil
3183 822 3276 861 me
3297 811 3590 874 praeterire
3616 811 3794 875 patia-

2188 903 2316 950 tur:
2347 897 2656 950 multitudo
2682 908 2698 926 °
2734 911 2868 950 vero
2907 903 3201 962 gestorum
3227 911 3399 962 quam
3425 899 3673 963 plurima
3700 912 3796 951 co-

2189 991 2288 1051 gat
2321 988 2603 1049 omittere,
2627 987 2883 1037 incertus
2914 990 3125 1038 aestuat
3147 987 3553 1045 animus,dum
3578 988 3795 1040 delibe-

2189 1088 2313 1126 rare
2357 1087 2474 1126 non
2502 1076 2650 1126 valet
2674 1074 2814 1137 quid
2843 1081 3070 1136 teneat,
3103 1075 3243 1138 quid
3277 1076 3520 1127 omittat.
3562 1079 3632 1127 Et
3659 1077 3788 1128 ideo

2191 1176 2372 1228 pauca
2415 1176 2522 1216 nos
2560 1176 2690 1226 quae
2727 1163 2799 1213 ad
2832 1176 2953 1215 rem
2990 1165 3278 1228 pertinent
3321 1166 3792 1222 memorabimus.

2191 1253 2411 1316 reliqua
2433 1255 2564 1316 ejus
2589 1253 2740 1304 fama
2763 1253 3018 1304 narrabit
3043 1255 3167 1306 sine
3192 1253 3368 1305 dubio
3391 1254 3616 1306 minora
3657 1267 3794 1306 vero

2193 1342 2543 1394 nuntiatura.
2595 1343 2738 1393 Nam
2784 1341 2923 1394 nihil
2959 1343 3115 1406 quod
3151 1342 3359 1396 addere
3396 1343 3598 1408 possit,
3635 1344 3797 1395 inve-

2191 1431 2330 1483 niet.

2754 1519 3040 1585 CAPUT
3081 1520 3229 1585 XV.

2470 1637 2542 1685 De
2571 1635 2918 1686 Constantini
2943 1635 3292 1698 Imperatoris
3313 1651 3507 1687 errore.

2260 1751 2437 1816 Igitur
2480 1751 2579 1802 ubi
2625 1751 2995 1803 Constantius
3039 1751 3286 1803 Orientis
3332 1763 3571 1816 regnum
3630 1752 3797 1802 solus

2192 1839 2458 1903 obtinuit,
2506 1839 2883 1893 Constantino
2921 1840 3092 1892 fratre
3136 1852 3256 1891 non
3292 1838 3462 1904 longe
3500 1840 3572 1891 ab
3615 1843 3799 1904 Aqui-

2191 1930 2300 1982 leia
2343 1929 2497 1994 apud
2543 1929 2562 1962 ί
2616 1929 2813 1980 Alsam
2859 1929 3103 1980 fluvium
3144 1942 3178 1980 a
3224 1928 3504 1980 militibus
3555 1929 3793 1981 interfe-

2189 2023 2301 2079 cto,
2347 2021 2632 2071 Constans
2684 2018 2986 2081 utriusque
3030 2029 3367 2082 germanus,
3423 2017 3793 2070 Occidentem

2193 2107 2336 2159 satis
2385 2107 2666 2158 industrie
2705 2106 3080 2170 gubernabat.
3106 2107 3253 2157 Nam
3283 2103 3455 2173 243
3509 2107 3796 2158 Constan-

2193 2197 2308 2248 tius
2375 2201 2584 2248 natura
2640 2200 2698 2246 et
2747 2196 2944 2247 animo
3003 2195 3182 2259 regio,
3239 2195 3380 2246 dum
3425 2195 3625 2259 primis
3680 2195 3797 2246 illis

2193 2285 2355 2349 regni
2419 2285 2509 2336 sui
2572 2284 2890 2336 fautoribus
2946 2285 3088 2336 satis
3157 2283 3432 2349 indulget,
3473 2297 3572 2349 per
3609 2297 3798 2336 ennu—

2193 2375 2335 2426 chos
2357 2379 2478 2426 arte
2513 2374 2574 2425 in
2597 2373 2892 2438 perfidiam
2916 2372 3196 2437 decipitur
3228 2385 3262 2425 a
3294 2373 3573 2438 perversis
3597 2384 3795 2425 sacer-

2195 2463 2428 2515 dotibus
2475 2479 2488 2514 :
2537 2468 2595 2514 et
2638 2463 2860 2514 intento
2899 2462 3040 2514 satis
3088 2461 3310 2524 studio,
3350 2463 3545 2526 pravis
3592 2474 3796 2514 eorum

2195 2563 2211 2591 κ
2241 2552 2709 2605 contentionibus
2730 2551 3104 2604 obsecundat.
3143 2551 3251 2602 Sed
3291 2550 3371 2602 illi
3405 2555 3690 2613 verentes,
3719 2563 3797 2603 ne

2195 2643 2337 2695 forte
2360 2641 2610 2694 adeundi
2636 2641 2789 2705 regis
2810 2640 2973 2705 copia
2994 2639 3338 2704 quandoque
3360 2639 3519 2692 ﬂeret
3533 2639 3798 2692 Athana-

2197 2732 2306 2792 sio,
2337 2734 2394 2783 et
2410 2743 2510 2795 per
2534 2742 2667 2782 eum
2695 2729 2764 2782 de
2791 2730 3029 2781 veritate
3054 2728 3186 2781 fidei
3202 2740 3375 2793 quam
3392 2729 3798 2793 pervertebant

2197 2819 2515 2872 secundum
2541 2820 2865 2884 Scripturas
2891 2817 3242 2880 edoceretur,
3284 2817 3628 2869 omnimodis
3651 2817 3796 2868 insi-

2195 2909 2415 2961 mulare
2463 2921 2596 2960 eum
2635 2907 2787 2972 apud
2837 2907 3169 2972 principem,
3213 2911 3269 2958 et
3301 2907 3460 2959 velut
3492 2906 3540 2957 si
3573 2905 3594 2934 "
3629 2919 3794 2957 reum

2196 2999 2458 3051 omnium
2483 2997 2760 3050 scelerum
2783 3009 2850 3048 ac
2878 2996 3225 3059 flagitiorum
3249 2995 3663 3060 adgrediuntur
3698 3009 3798 3048 ex-

2127 3098 2175 3172 C
2200 3101 2428 3154 ponere,
2453 3100 2755 3151 usquequo
2778 3086 3019 3139 humani
3040 3086 3291 3151 corporis
3316 3085 3795 3138 brachiumloculo

2201 3177 2454 3229 delatum
2478 3176 2811 3242 Imperatori
2834 3175 3178 3227 ostendunt:
3207 3175 3356 3239 quod
3381 3175 3453 3226 ab
3475 3175 3796 3226 Athanasio

2200 3268 2463 3319 excisum
2491 3267 2732 3330 magicae
2767 3265 2909 3316 artis
2943 3265 3126 3326 gratia
3149 3264 3219 3316 de
3241 3264 3462 3316 Arsenii
3485 3262 3792 3327 cujusdam

2200 3370 2432 3422 corpore
2477 3357 2911 3408 confirmabant.
2943 3354 3053 3406 Sed
3097 3360 3154 3406 et
3195 3354 3305 3406 alia
3335 3366 3510 3418 quam
3547 3353 3796 3418 plurima

2199 3447 2506 3500 criminosa
2535 3444 2708 3496 simul
2730 3449 2788 3498 et
2811 3443 3096 3508 ﬂagitiosa
3123 3448 3490 3510 componunt.

2735 3559 3020 3625 CAPUT
3075 3559 3255 3622 XVI.

2201 3671 2274 3721 De
2296 3669 2517 3720 concilio
2545 3669 2912 3718 haereticorum
2938 3667 3088 3731 apud
3106 3670 3304 3731 Tyrum
3324 3665 3509 3716 contra
3538 3667 3795 3716 Athana-

2732 3740 2778 3787 si
2785 3754 2875 3787 um
2914 3744 3248 3802 congregato.

2261 3839 2480 3900 Quibus
2504 3851 2577 3891 ex
2601 3837 2824 3889 caussis
2841 3836 3321 3900 Imperatorjubet
3334 3839 3648 3888 convocato
3665 3837 3792 3886 Cou-

2199 3927 2325 3980 cilio
2349 3927 2735 3980 Athanasium
2757 3925 3145 3978 condemnari.
3177 3925 3354 3988 quue
3374 3924 3551 3989 apud"
3576 3925 3790 3987 Tyrum

2202 4017 2397 4081 (misso
2435 4029 2465 4069 e
2507 4017 2684 4068 latere
2729 4028 2836 4067 suo
2872 4027 2990 4068 uno
3025 4027 3099 4066 ex
3136 4013 3473 4078 Comitibus,
3495 4012 3793 4066 adnitente

2199 4118 2430 4171 quoque
2456 4104 2735 4157 Archelao
2758 4108 2899 4157 tunc
2919 4103 3136 4156 Comite
3173 4103 3440 4161 Orientis,
3465 4115 3572 4154 nec
3595 4115 3714 4154 non
3737 4110 3796 4153 et

2198 4209 2264 4248 eo
2293 4195 2393 4260 qui
2416 4194 2746 4248 Phcenicem
2768 4193 3123 4259 provinciam
3147 4193 3521 4258 gubernabat)
3549 4205 3793 4257 congre-

2197 4285 2320 4350 gari
2339 4286 2520 4346 jubet.
2550 4285 2629 4336 Eo
2654 4283 2958 4336 deducitur
2991 4283 3346 4336 Athanasius
3371 4303 3382 4331 :
3415 4281 3640 4335 loculus
3661 4296 3793 4334 cum

2200 4375 2458 4427 humano
2503 4372 2736 4425 brachio
2780 4372 3180 4425 circumfertur
3211 4371 3489 4424 :invidial
3515 4377 3572 4423 et
3592 4370 3796 4422 horror

2199 4477 2315 4518 non
2339 4462 2528 4516 solum
2553 4462 2864 4528 religiosas,
2899 4462 3000 4514 sed
3025 4466 3085 4514 et
3114 4462 3254 4515 viles
3273 4461 3497 4514 animas
3516 4459 3790 4524 pervadit.

2263 4703 2288 4800 ;
2289 4691 2535 4804 £11313:
2575 4688 2919 4742 Bononiens.
2959 4703 3024 4739 ac
3066 4687 3220 4754 talia,
3265 4694 3323 4740 et
3361 4697 3497 4740 mox
3520 4687 3664 4737 enim
3691 4699 3789 4751 pro

2199 4769 2319 4803 vero
2341 4765 2534 4804 nabet.

2261 4834 2280 4868 τ
2297 4833 2642 4958 Bononiens.
2687 4831 2877 4883 Αιεαη.
2926 4831 3132 4883 Confer
3168 4831 3404 4895 Pagium
3441 4830 3514 4883 ad
3549 4842 3641 4882 an.
3666 4828 3788 4884 337.

2261 4919 2358 4958 tm.
2420 4945 2432 4956 .

2197 4919 2358 4958 num.
2383 4919 2432 4958 'l.

2260 4999 2277 5026 ι
2301 4990 2427 5040 Duo
2451 4985 2633 5038 Vatic.
2664 4984 3014 5037 recentiores
3035 4983 3440 5034 intentionibus.

2265 5078 2284 5106 ἰ
2308 5075 2526 5127 Placuit
2567 5074 2821 5125 clarioris
2865 5078 3174 5126 contextus
3225 5074 3424 5138 gratia,
3469 5087 3623 5121 reum
3664 5071 3790 5124 heic

2201 5148 2462 5200 sufficere
2485 5159 2556 5198 ex
2580 5145 2954 5198 Guarneriani
2982 5146 3214 5210 eptimm
3238 5150 3393 5197 notas
3422 5143 3632 5195 codicis
3655 5155 3788 5194 auc-

2200 5220 2444 5271 toritate.
2487 5219 2570 5269 De
2613 5217 2854 5270 Arsenio
2901 5216 3161 5269 Valesius
3194 5217 3254 5268 in
3291 5217 3444 5267 notis
3468 5215 3542 5266 ad
3577 5215 3788 5268 Socrat.

2201 5289 2433 5354 cap.27.
2913 5321 2920 5326 -

2264 5373 2274 5401 ί
2301 5373 2520 5422 Passim
2543 5370 2955 5423 admonuimus
2975 5369 3046 5420 de
3069 5369 3303 5426 inversa
3319 5369 3424 5421 abs
3439 5367 3647 5420 Rufino
3676 5375 3788 5414 lem-

2202 5455 2403 5508 porum
2420 5443 2582 5494 serie.
2608 5442 2871 5493 Recurrit
2885 5442 3035 5492 idem
3049 5441 3174 5492 heic
3191 5453 3359 5498 error,
3377 5439 3625 5502 Tyriana
3638 5439 3786 5490 enim

2203 5513 2470 5578 Synodus
2492 5517 2621 5564 acta
2641 5517 2732 5564 est
2752 5524 2904 5564 anno
2917 5510 3232 5576 335.Cpina
3253 5515 3446 5563 autem
3462 5511 3532 5562 de
3556 5521 3672 5572 qua
3699 5522 3784 5559 su-

2203 5586 2393 5650 perius
2419 5596 2538 5648 cap.
2581 5582 2665 5638 12.
2704 5583 2979 5647 loquitur,
3009 5595 3162 5635 anno
3188 5581 3533 5646 insequenti.
3571 5579 3789 5650 Videsis

2201 5649 2328 5709 hac
2365 5657 2707 5708 referentem
2731 5656 2802 5706 ad
2841 5656 3107 5706 Historiae
3124 5659 3182 5707 et
3204 5652 3598 5716 Chronologim
3623 5649 3791 5714 leges.

2203 5729 2440 5793 Pagium
2469 5728 2541 5779 ad
2565 5740 2658 5780 an.
2687 5725 2810 5781 33‘2.
2835 5740 2890 5779 n.
2921 5729 2989 5778 II.

2264 5820 2273 5847 ι
2303 5813 2567 5862 Fortasse
2590 5810 2802 5862 rectius
2827 5810 2888 5861 in
2911 5810 3278 5861 Guarnerian.
3307 5807 3525 5854 invidie
3559 5807 3752 5855 horror
3777 5822 3783 5849 :

2202 5883 2317 5936 duo
2340 5884 2522 5935 Vatic.
2548 5882 2770 5931 invidia
2797 5896 2966 5932 error.
