  <div class='ocr_page' id='page_1' title='image "/cluster/home/n/w/nwhite01/storage/ocr_20150623/21/umn.319510024773153/248.png"; bbox 0 0 3900 6434; ppageno 0'>
   <div class='ocr_carea' id='block_1_1' title="bbox 73 429 178 487">
    <p class='ocr_par' dir='ltr' id='par_1_1' title="bbox 73 429 178 487">
     <span class='ocr_line' id='line_1_1' title="bbox 73 429 178 487; baseline 0 0"><span class='ocrx_word' id='word_1_1' title='bbox 73 429 178 487; x_wconf 76' lang='grc'>489</span> 
     </span>
    </p>
   </div>
   <div class='ocr_carea' id='block_1_2' title="bbox 659 540 1097 594">
    <p class='ocr_par' dir='ltr' id='par_1_2' title="bbox 659 540 1097 594">
     <span class='ocr_line' id='line_1_2' title="bbox 659 540 1097 594; baseline 0.005 -2"><span class='ocrx_word' id='word_1_2' title='bbox 659 542 889 594; x_wconf 88' lang='lat' dir='ltr'>CAPUT</span> <span class='ocrx_word' id='word_1_3' title='bbox 925 540 1097 594; x_wconf 85' lang='lat' dir='ltr'>XVII.</span> 
     </span>
    </p>
   </div>
   <div class='ocr_carea' id='block_1_3' title="bbox 67 667 1676 730">
    <p class='ocr_par' dir='ltr' id='par_1_3' title="bbox 67 667 1676 730">
     <span class='ocr_line' id='line_1_3' title="bbox 67 667 1676 730; baseline -0.001 -11"><span class='ocrx_word' id='word_1_4' title='bbox 67 671 136 720; x_wconf 87' lang='lat' dir='ltr'>De</span> <span class='ocrx_word' id='word_1_5' title='bbox 161 668 336 719; x_wconf 74' lang='lat' dir='ltr'>exciso</span> <span class='ocrx_word' id='word_1_6' title='bbox 361 667 584 717; x_wconf 79' lang='lat' dir='ltr'>brachio</span> <span class='ocrx_word' id='word_1_7' title='bbox 620 667 855 728; x_wconf 77' lang='lat' dir='ltr'>Arscm&#39;i,</span> <span class='ocrx_word' id='word_1_8' title='bbox 882 670 1178 730; x_wconf 72' lang='lat' dir='ltr'>czelcrzsque</span> <span class='ocrx_word' id='word_1_9' title='bbox 1223 667 1358 716; x_wconf 78' lang='lat' dir='ltr'>dolis</span> <span class='ocrx_word' id='word_1_10' title='bbox 1413 667 1676 718; x_wconf 55' lang='lat' dir='ltr'>heretico-</span> 
     </span>
    </p>
   </div>
   <div class='ocr_carea' id='block_1_4' title="bbox 506 738 1243 788">
    <p class='ocr_par' dir='ltr' id='par_1_4' title="bbox 506 738 1243 788">
     <span class='ocr_line' id='line_1_4' title="bbox 506 738 1243 788; baseline 0.003 -3"><span class='ocrx_word' id='word_1_11' title='bbox 506 753 634 786; x_wconf 79' lang='lat' dir='ltr'>rum</span> <span class='ocrx_word' id='word_1_12' title='bbox 664 738 724 786; x_wconf 74' lang='lat' dir='ltr'>in</span> <span class='ocrx_word' id='word_1_13' title='bbox 761 738 986 787; x_wconf 76' lang='lat' dir='ltr'>concilio</span> <span class='ocrx_word' id='word_1_14' title='bbox 1027 739 1243 788; x_wconf 76' lang='lat' dir='ltr'>retectis.</span> 
     </span>
    </p>
   </div>
   <div class='ocr_carea' id='block_1_5' title="bbox 127 826 1673 893">
    <p class='ocr_par' dir='ltr' id='par_1_5' title="bbox 127 826 1673 893">
     <span class='ocr_line' id='line_1_5' title="bbox 127 826 1673 893; baseline 0.001 -13"><span class='ocrx_word' id='word_1_15' title='bbox 127 828 236 880; x_wconf 84' lang='lat' dir='ltr'>Hic</span> <span class='ocrx_word' id='word_1_16' title='bbox 253 827 555 890; x_wconf 87' lang='lat' dir='ltr'>Arsenius,</span> <span class='ocrx_word' id='word_1_17' title='bbox 570 829 740 892; x_wconf 88' lang='lat' dir='ltr'>cujus</span> <span class='ocrx_word' id='word_1_18' title='bbox 762 826 1061 878; x_wconf 81' lang='lat' dir='ltr'>brachium</span> <span class='ocrx_word' id='word_1_19' title='bbox 1079 827 1375 880; x_wconf 77' lang='lat' dir='ltr'>dicebatur</span> <span class='ocrx_word' id='word_1_20' title='bbox 1394 828 1673 893; x_wconf 87' lang='lat' dir='ltr'>excisum,</span> 
     </span>
    </p>
   </div>
   <div class='ocr_carea' id='block_1_6' title="bbox 73 915 1676 983">
    <p class='ocr_par' dir='ltr' id='par_1_6' title="bbox 73 915 1676 983">
     <span class='ocr_line' id='line_1_6' title="bbox 73 915 1676 983; baseline 0.001 -14"><span class='ocrx_word' id='word_1_21' title='bbox 73 919 278 970; x_wconf 91' lang='lat' dir='ltr'>Lector</span> <span class='ocrx_word' id='word_1_22' title='bbox 300 917 614 981; x_wconf 81' lang='lat' dir='ltr'>aliquando</span> <span class='ocrx_word' id='word_1_23' title='bbox 657 915 962 968; x_wconf 87' lang='lat' dir='ltr'>Athanasii</span> <span class='ocrx_word' id='word_1_24' title='bbox 986 916 1190 978; x_wconf 89' lang='lat' dir='ltr'>fuerat,</span> <span class='ocrx_word' id='word_1_25' title='bbox 1237 921 1293 968; x_wconf 90' lang='lat' dir='ltr'>et</span> <span class='ocrx_word' id='word_1_26' title='bbox 1336 919 1410 968; x_wconf 92' lang='lat' dir='ltr'>ob</span> <span class='ocrx_word' id='word_1_27' title='bbox 1447 917 1676 983; x_wconf 81' lang='lat' dir='ltr'>culpam</span> 
     </span>
    </p>
   </div>
   <div class='ocr_carea' id='block_1_7' title="bbox 72 1005 1676 1072">
    <p class='ocr_par' dir='ltr' id='par_1_7' title="bbox 72 1005 1676 1072">
     <span class='ocr_line' id='line_1_7' title="bbox 72 1005 1676 1072; baseline 0.001 -13"><span class='ocrx_word' id='word_1_28' title='bbox 72 1018 88 1037; x_wconf 76' lang='grc'><strong><em>³</em></strong></span> <span class='ocrx_word' id='word_1_29' title='bbox 105 1007 523 1072; x_wconf 83' lang='lat' dir='ltr'>correptionem</span> <span class='ocrx_word' id='word_1_30' title='bbox 538 1005 1117 1070; x_wconf 71' lang='lat' dir='ltr'>veritus,frequentize</span> <span class='ocrx_word' id='word_1_31' title='bbox 1135 1019 1294 1058; x_wconf 89' lang='lat' dir='ltr'>sesse</span> <span class='ocrx_word' id='word_1_32' title='bbox 1313 1009 1676 1060; x_wconf 77' lang='lat' dir='ltr'>subtraxerat</span> 
     </span>
    </p>
   </div>
   <div class='ocr_carea' id='block_1_8' title="bbox 74 1095 1698 1161">
    <p class='ocr_par' dir='ltr' id='par_1_8' title="bbox 74 1095 1698 1161">
     <span class='ocr_line' id='line_1_8' title="bbox 74 1095 1698 1161; baseline 0.002 -14"><span class='ocrx_word' id='word_1_33' title='bbox 74 1096 250 1161; x_wconf 90' lang='lat' dir='ltr'>Cujus</span> <span class='ocrx_word' id='word_1_34' title='bbox 266 1097 515 1148; x_wconf 83' lang='lat' dir='ltr'>latebras</span> <span class='ocrx_word' id='word_1_35' title='bbox 528 1099 878 1160; x_wconf 88' lang='lat' dir='ltr'>opportunas</span> <span class='ocrx_word' id='word_1_36' title='bbox 897 1095 1004 1146; x_wconf 88' lang='lat' dir='ltr'>sibi</span> <span class='ocrx_word' id='word_1_37' title='bbox 1014 1095 1086 1146; x_wconf 90' lang='lat' dir='ltr'>ad</span> <span class='ocrx_word' id='word_1_38' title='bbox 1099 1096 1500 1160; x_wconf 89' lang='lat' dir='ltr'>hujuscemodi</span> <span class='ocrx_word' id='word_1_39' title='bbox 1520 1111 1678 1150; x_wconf 84' lang='lat' dir='ltr'>com-</span> <span class='ocrx_word' id='word_1_40' title='bbox 1695 1132 1698 1135; x_wconf 96' lang='lat'><strong><em>-</em></strong></span> 
     </span>
    </p>
   </div>
   <div class='ocr_carea' id='block_1_9' title="bbox 73 1185 1676 1252">
    <p class='ocr_par' dir='ltr' id='par_1_9' title="bbox 73 1185 1676 1252">
     <span class='ocr_line' id='line_1_9' title="bbox 73 1185 1676 1252; baseline 0.001 -15"><span class='ocrx_word' id='word_1_41' title='bbox 73 1191 340 1238; x_wconf 90' lang='lat' dir='ltr'>mentum</span> <span class='ocrx_word' id='word_1_42' title='bbox 361 1185 915 1250; x_wconf 82' lang='lat' dir='ltr'>ﬂagitiosihomines</span> <span class='ocrx_word' id='word_1_43' title='bbox 929 1185 1048 1247; x_wconf 85' lang='lat' dir='ltr'>rati,</span> <span class='ocrx_word' id='word_1_44' title='bbox 1075 1185 1238 1237; x_wconf 89' lang='lat' dir='ltr'>initio</span> <span class='ocrx_word' id='word_1_45' title='bbox 1256 1187 1555 1252; x_wconf 73' lang='lat' dir='ltr'>compositi</span> <span class='ocrx_word' id='word_1_46' title='bbox 1567 1190 1676 1239; x_wconf 90' lang='lat' dir='ltr'>cri-</span> 
     </span>
    </p>
   </div>
   <div class='ocr_carea' id='block_1_10' title="bbox 79 1274 1680 1339">
    <p class='ocr_par' dir='ltr' id='par_1_10' title="bbox 79 1274 1680 1339">
     <span class='ocr_line' id='line_1_10' title="bbox 79 1274 1680 1339; baseline -0.001 -11"><span class='ocrx_word' id='word_1_47' title='bbox 79 1276 252 1328; x_wconf 87' lang='lat' dir='ltr'>minis</span> <span class='ocrx_word' id='word_1_48' title='bbox 278 1275 633 1328; x_wconf 88' lang='lat' dir='ltr'>occultatum</span> <span class='ocrx_word' id='word_1_49' title='bbox 673 1288 805 1326; x_wconf 89' lang='lat' dir='ltr'>eum</span> <span class='ocrx_word' id='word_1_50' title='bbox 829 1274 982 1338; x_wconf 88' lang='lat' dir='ltr'>apud</span> <span class='ocrx_word' id='word_1_51' title='bbox 1005 1274 1314 1338; x_wconf 84' lang='lat' dir='ltr'>quendam,</span> <span class='ocrx_word' id='word_1_52' title='bbox 1336 1288 1506 1339; x_wconf 87' lang='lat' dir='ltr'>quem</span> <span class='ocrx_word' id='word_1_53' title='bbox 1521 1276 1680 1327; x_wconf 88' lang='lat' dir='ltr'>lldls-</span> 
     </span>
    </p>
   </div>
   <div class='ocr_carea' id='block_1_11' title="bbox 80 1361 1678 1430">
    <p class='ocr_par' dir='ltr' id='par_1_11' title="bbox 80 1361 1678 1430">
     <span class='ocr_line' id='line_1_11' title="bbox 80 1361 1678 1430; baseline 0.003 -17"><span class='ocrx_word' id='word_1_54' title='bbox 80 1364 303 1414; x_wconf 90' lang='lat' dir='ltr'>simum</span> <span class='ocrx_word' id='word_1_55' title='bbox 327 1362 641 1415; x_wconf 82' lang='lat' dir='ltr'>sceleribus</span> <span class='ocrx_word' id='word_1_56' title='bbox 667 1361 968 1430; x_wconf 70' lang='lat' dir='ltr'>sui5244</span> <span class='ocrx_word' id='word_1_57' title='bbox 983 1363 1461 1429; x_wconf 86' lang='lat' dir='ltr'>crediderant[AL</span> <span class='ocrx_word' id='word_1_58' title='bbox 1496 1367 1678 1418; x_wconf 90' lang='lat' dir='ltr'>credi-</span> 
     </span>
    </p>
   </div>
   <div class='ocr_carea' id='block_1_12' title="bbox 78 1452 1679 1515">
    <p class='ocr_par' dir='ltr' id='par_1_12' title="bbox 78 1452 1679 1515">
     <span class='ocr_line' id='line_1_12' title="bbox 78 1452 1679 1515; baseline 0.001 -11"><span class='ocrx_word' id='word_1_59' title='bbox 78 1452 328 1515; x_wconf 87' lang='lat' dir='ltr'>derunt],</span> <span class='ocrx_word' id='word_1_60' title='bbox 371 1452 716 1504; x_wconf 89' lang='lat' dir='ltr'>retinebant.</span> <span class='ocrx_word' id='word_1_61' title='bbox 771 1452 1035 1503; x_wconf 87' lang='lat' dir='ltr'>Pervenit</span> <span class='ocrx_word' id='word_1_62' title='bbox 1085 1457 1277 1505; x_wconf 86' lang='lat' dir='ltr'>tamen</span> <span class='ocrx_word' id='word_1_63' title='bbox 1318 1453 1391 1505; x_wconf 92' lang='lat' dir='ltr'>ad</span> <span class='ocrx_word' id='word_1_64' title='bbox 1416 1453 1571 1506; x_wconf 92' lang='lat' dir='ltr'>hunc</span> <span class='ocrx_word' id='word_1_65' title='bbox 1620 1455 1679 1506; x_wconf 92' lang='lat' dir='ltr'>in</span> 
     </span>
    </p>
   </div>
   <div class='ocr_carea' id='block_1_13' title="bbox 80 1541 1679 1606">
    <p class='ocr_par' dir='ltr' id='par_1_13' title="bbox 80 1541 1679 1606">
     <span class='ocr_line' id='line_1_13' title="bbox 80 1541 1679 1606; baseline 0.002 -12"><span class='ocrx_word' id='word_1_66' title='bbox 80 1541 319 1594; x_wconf 86' lang='lat' dir='ltr'>latebris</span> <span class='ocrx_word' id='word_1_67' title='bbox 337 1542 612 1606; x_wconf 89' lang='lat' dir='ltr'>positum,</span> <span class='ocrx_word' id='word_1_68' title='bbox 629 1541 768 1604; x_wconf 88' lang='lat' dir='ltr'>quid</span> <span class='ocrx_word' id='word_1_69' title='bbox 785 1554 890 1593; x_wconf 88' lang='lat' dir='ltr'>suo</span> <span class='ocrx_word' id='word_1_70' title='bbox 908 1543 1139 1603; x_wconf 88' lang='lat' dir='ltr'>nomine</span> <span class='ocrx_word' id='word_1_71' title='bbox 1153 1544 1408 1595; x_wconf 90' lang='lat' dir='ltr'>criminis</span> <span class='ocrx_word' id='word_1_72' title='bbox 1429 1545 1679 1597; x_wconf 85' lang='lat' dir='ltr'>intenta-</span> 
     </span>
    </p>
   </div>
   <div class='ocr_carea' id='block_1_14' title="bbox 77 1631 1681 1696">
    <p class='ocr_par' dir='ltr' id='par_1_14' title="bbox 77 1631 1681 1696">
     <span class='ocr_line' id='line_1_14' title="bbox 77 1631 1681 1696; baseline 0.002 -12"><span class='ocrx_word' id='word_1_73' title='bbox 77 1637 236 1684; x_wconf 88' lang='lat' dir='ltr'>retur</span> <span class='ocrx_word' id='word_1_74' title='bbox 259 1631 592 1683; x_wconf 84' lang='lat' dir='ltr'>Athanasio.</span> <span class='ocrx_word' id='word_1_75' title='bbox 610 1633 679 1682; x_wconf 86' lang='lat' dir='ltr'>Et</span> <span class='ocrx_word' id='word_1_76' title='bbox 703 1631 824 1683; x_wconf 90' lang='lat' dir='ltr'>sive</span> <span class='ocrx_word' id='word_1_77' title='bbox 840 1643 974 1683; x_wconf 91' lang='lat' dir='ltr'>eum</span> <span class='ocrx_word' id='word_1_78' title='bbox 997 1632 1122 1696; x_wconf 88' lang='lat' dir='ltr'>ipsa</span> <span class='ocrx_word' id='word_1_79' title='bbox 1143 1632 1518 1686; x_wconf 88' lang='lat' dir='ltr'>humanitatis</span> <span class='ocrx_word' id='word_1_80' title='bbox 1543 1647 1681 1688; x_wconf 93' lang='lat' dir='ltr'>con-</span> 
     </span>
    </p>
   </div>
   <div class='ocr_carea' id='block_1_15' title="bbox 78 1720 1682 1791">
    <p class='ocr_par' dir='ltr' id='par_1_15' title="bbox 78 1720 1682 1791">
     <span class='ocr_line' id='line_1_15' title="bbox 78 1720 1682 1791; baseline 0.002 -18"><span class='ocrx_word' id='word_1_81' title='bbox 78 1721 392 1786; x_wconf 91' lang='lat' dir='ltr'>templatio,</span> <span class='ocrx_word' id='word_1_82' title='bbox 408 1722 532 1773; x_wconf 85' lang='lat' dir='ltr'>sive</span> <span class='ocrx_word' id='word_1_83' title='bbox 547 1720 744 1774; x_wconf 88' lang='lat' dir='ltr'>divina</span> <span class='ocrx_word' id='word_1_84' title='bbox 759 1722 1004 1786; x_wconf 89' lang='lat' dir='ltr'>perpulit</span> <span class='ocrx_word' id='word_1_85' title='bbox 1021 1721 1398 1787; x_wconf 82' lang='lat' dir='ltr'>prdvidentia,</span> <span class='ocrx_word' id='word_1_86' title='bbox 1419 1723 1565 1776; x_wconf 68' lang='lat' dir='ltr'>clam</span> <span class='ocrx_word' id='word_1_87' title='bbox 1583 1738 1682 1791; x_wconf 87' lang='lat' dir='ltr'>per</span> 
     </span>
    </p>
   </div>
   <div class='ocr_carea' id='block_1_16' title="bbox 79 1811 1695 1888">
    <p class='ocr_par' dir='ltr' id='par_1_16' title="bbox 79 1811 1695 1888">
     <span class='ocr_line' id='line_1_16' title="bbox 79 1811 1695 1888; baseline -0.001 -23"><span class='ocrx_word' id='word_1_88' title='bbox 79 1812 269 1866; x_wconf 82' lang='lat' dir='ltr'>noctis</span> <span class='ocrx_word' id='word_1_89' title='bbox 287 1811 513 1864; x_wconf 89' lang='lat' dir='ltr'>silentia</span> <span class='ocrx_word' id='word_1_90' title='bbox 534 1811 788 1864; x_wconf 89' lang='lat' dir='ltr'>evadens</span> <span class='ocrx_word' id='word_1_91' title='bbox 815 1811 1099 1874; x_wconf 86' lang='lat' dir='ltr'>claustris,</span> <span class='ocrx_word' id='word_1_92' title='bbox 1130 1814 1467 1878; x_wconf 86' lang='lat' dir='ltr'>enavigavit</span> <span class='ocrx_word' id='word_1_93' title='bbox 1488 1820 1695 1888; x_wconf 59' lang='lat' dir='ltr'>Tyrum,</span> 
     </span>
    </p>
   </div>
   <div class='ocr_carea' id='block_1_17' title="bbox 976 428 2472 487">
    <p class='ocr_par' dir='ltr' id='par_1_17' title="bbox 976 428 2472 487">
     <span class='ocr_line' id='line_1_17' title="bbox 976 428 2472 487; baseline 0.005 -7"><span class='ocrx_word' id='word_1_94' title='bbox 976 428 1316 482; x_wconf 78' lang='lat' dir='ltr'>HISTORIA</span> <span class='ocrx_word' id='word_1_95' title='bbox 1350 430 1913 484; x_wconf 79' lang='lat' dir='ltr'>ECCLESIASTIGA.</span> <span class='ocrx_word' id='word_1_96' title='bbox 1949 433 2158 486; x_wconf 82' lang='lat' dir='ltr'>LIBER</span> <span class='ocrx_word' id='word_1_97' title='bbox 2190 435 2472 487; x_wconf 85' lang='lat' dir='ltr'>PRIMUS.</span> 
     </span>
    </p>
   </div>
   <div class='ocr_carea' id='block_1_18' title="bbox 3269 434 3375 490">
    <p class='ocr_par' dir='ltr' id='par_1_18' title="bbox 3269 434 3375 490">
     <span class='ocr_line' id='line_1_18' title="bbox 3269 434 3375 490; baseline 0.019 -2"><span class='ocrx_word' id='word_1_98' title='bbox 3269 434 3375 490; x_wconf 77' lang='grc'>490</span> 
     </span>
    </p>
   </div>
   <div class='ocr_carea' id='block_1_19' title="bbox 1700 549 3378 622">
    <p class='ocr_par' dir='ltr' id='par_1_19' title="bbox 1700 549 3378 622">
     <span class='ocr_line' id='line_1_19' title="bbox 1700 549 3378 622; baseline 0.004 -19"><span class='ocrx_word' id='word_1_99' title='bbox 1700 549 1762 621; x_wconf 83' lang='grc' dir='ltr'><strong>Α</strong></span> <span class='ocrx_word' id='word_1_100' title='bbox 1784 552 1952 604; x_wconf 90' lang='lat' dir='ltr'>theus</span> <span class='ocrx_word' id='word_1_101' title='bbox 1975 567 2294 608; x_wconf 88' lang='lat' dir='ltr'>conversus</span> <span class='ocrx_word' id='word_1_102' title='bbox 2323 553 2494 622; x_wconf 74' lang='lat'>245</span> <span class='ocrx_word' id='word_1_103' title='bbox 2514 555 2587 606; x_wconf 89' lang='lat' dir='ltr'>ad</span> <span class='ocrx_word' id='word_1_104' title='bbox 2603 556 2936 619; x_wconf 90' lang='lat' dir='ltr'>eam:Vere,</span> <span class='ocrx_word' id='word_1_105' title='bbox 2952 554 3157 621; x_wconf 88' lang='lat' dir='ltr'>inquit,</span> <span class='ocrx_word' id='word_1_106' title='bbox 3175 557 3378 610; x_wconf 85' lang='lat' dir='ltr'>mulier</span> 
     </span>
    </p>
   </div>
   <div class='ocr_carea' id='block_1_20' title="bbox 1779 643 3378 708">
    <p class='ocr_par' dir='ltr' id='par_1_20' title="bbox 1779 643 3378 708">
     <span class='ocr_line' id='line_1_20' title="bbox 1779 643 3378 708; baseline 0.003 -17"><span class='ocrx_word' id='word_1_107' title='bbox 1779 654 1884 706; x_wconf 88' lang='lat' dir='ltr'>ego</span> <span class='ocrx_word' id='word_1_108' title='bbox 1908 643 2092 694; x_wconf 88' lang='lat' dir='ltr'>mansi</span> <span class='ocrx_word' id='word_1_109' title='bbox 2121 643 2274 708; x_wconf 91' lang='lat' dir='ltr'>apud</span> <span class='ocrx_word' id='word_1_110' title='bbox 2301 649 2356 695; x_wconf 89' lang='lat' dir='ltr'>te</span> <span class='ocrx_word' id='word_1_111' title='bbox 2380 643 2713 707; x_wconf 87' lang='lat' dir='ltr'>aliquando,</span> <span class='ocrx_word' id='word_1_112' title='bbox 2737 644 2838 695; x_wconf 87' lang='lat' dir='ltr'>aut</span> <span class='ocrx_word' id='word_1_113' title='bbox 2860 643 2984 696; x_wconf 92' lang='lat' dir='ltr'>vim</span> <span class='ocrx_word' id='word_1_114' title='bbox 3002 644 3122 706; x_wconf 91' lang='lat' dir='ltr'>tibi,</span> <span class='ocrx_word' id='word_1_115' title='bbox 3149 647 3215 697; x_wconf 90' lang='lat' dir='ltr'>ut</span> <span class='ocrx_word' id='word_1_116' title='bbox 3247 661 3378 696; x_wconf 82' lang='lat' dir='ltr'>asse-</span> 
     </span>
    </p>
   </div>
   <div class='ocr_carea' id='block_1_21' title="bbox 1776 732 3377 799">
    <p class='ocr_par' dir='ltr' id='par_1_21' title="bbox 1776 732 3377 799">
     <span class='ocr_line' id='line_1_21' title="bbox 1776 732 3377 799; baseline 0.004 -17"><span class='ocrx_word' id='word_1_117' title='bbox 1776 732 1872 793; x_wconf 90' lang='lat' dir='ltr'>ris,</span> <span class='ocrx_word' id='word_1_118' title='bbox 1898 732 2005 784; x_wconf 85' lang='lat' dir='ltr'>feci</span> <span class='ocrx_word' id='word_1_119' title='bbox 2025 736 2048 783; x_wconf 68' lang='lat'>.9</span> <span class='ocrx_word' id='word_1_120' title='bbox 2066 734 2224 786; x_wconf 85' lang='lat' dir='ltr'>Tunc</span> <span class='ocrx_word' id='word_1_121' title='bbox 2254 733 2350 785; x_wconf 89' lang='lat' dir='ltr'>illa</span> <span class='ocrx_word' id='word_1_122' title='bbox 2367 734 2449 798; x_wconf 90' lang='lat' dir='ltr'>(ut</span> <span class='ocrx_word' id='word_1_123' title='bbox 2475 733 2778 786; x_wconf 89' lang='lat' dir='ltr'>mulierum</span> <span class='ocrx_word' id='word_1_124' title='bbox 2800 745 2862 785; x_wconf 90' lang='lat' dir='ltr'>se</span> <span class='ocrx_word' id='word_1_125' title='bbox 2887 732 3088 786; x_wconf 89' lang='lat' dir='ltr'>talium</span> <span class='ocrx_word' id='word_1_126' title='bbox 3122 736 3377 799; x_wconf 86' lang='lat' dir='ltr'>procaci-</span> 
     </span>
    </p>
   </div>
   <div class='ocr_carea' id='block_1_22' title="bbox 1779 820 3375 890">
    <p class='ocr_par' dir='ltr' id='par_1_22' title="bbox 1779 820 3375 890">
     <span class='ocr_line' id='line_1_22' title="bbox 1779 820 3375 890; baseline 0.004 -17"><span class='ocrx_word' id='word_1_127' title='bbox 1779 826 1864 873; x_wconf 86' lang='lat' dir='ltr'>tas</span> <span class='ocrx_word' id='word_1_128' title='bbox 1895 820 2084 886; x_wconf 84' lang='lat' dir='ltr'>habet)</span> <span class='ocrx_word' id='word_1_129' title='bbox 2131 824 2448 888; x_wconf 89' lang='lat' dir='ltr'>objurgans</span> <span class='ocrx_word' id='word_1_130' title='bbox 2487 823 2854 875; x_wconf 89' lang='lat' dir='ltr'>Timotheum</span> <span class='ocrx_word' id='word_1_131' title='bbox 2881 837 2894 873; x_wconf 90' lang='lat'><strong>:</strong></span> <span class='ocrx_word' id='word_1_132' title='bbox 2918 824 3005 875; x_wconf 91' lang='lat' dir='ltr'>Tu</span> <span class='ocrx_word' id='word_1_133' title='bbox 3040 828 3122 888; x_wconf 92' lang='lat' dir='ltr'>tu,</span> <span class='ocrx_word' id='word_1_134' title='bbox 3165 824 3375 890; x_wconf 87' lang='lat' dir='ltr'>inquit,</span> 
     </span>
    </p>
   </div>
   <div class='ocr_carea' id='block_1_23' title="bbox 1777 911 3380 977">
    <p class='ocr_par' dir='ltr' id='par_1_23' title="bbox 1777 911 3380 977">
     <span class='ocr_line' id='line_1_23' title="bbox 1777 911 3380 977; baseline 0.002 -15"><span class='ocrx_word' id='word_1_135' title='bbox 1777 912 1915 962; x_wconf 89' lang='lat' dir='ltr'>mihi</span> <span class='ocrx_word' id='word_1_136' title='bbox 1947 911 2066 964; x_wconf 90' lang='lat' dir='ltr'>vim</span> <span class='ocrx_word' id='word_1_137' title='bbox 2095 912 2370 977; x_wconf 89' lang='lat' dir='ltr'>fecisti,tu</span> <span class='ocrx_word' id='word_1_138' title='bbox 2397 913 2456 964; x_wconf 93' lang='lat' dir='ltr'>in</span> <span class='ocrx_word' id='word_1_139' title='bbox 2482 912 2576 965; x_wconf 94' lang='lat' dir='ltr'>illo</span> <span class='ocrx_word' id='word_1_140' title='bbox 2599 912 2724 965; x_wconf 91' lang='lat' dir='ltr'>loco</span> <span class='ocrx_word' id='word_1_141' title='bbox 2749 913 3185 965; x_wconf 89' lang='lat' dir='ltr'>commaculasti</span> <span class='ocrx_word' id='word_1_142' title='bbox 3206 915 3380 966; x_wconf 90' lang='lat' dir='ltr'>casti-</span> 
     </span>
    </p>
   </div>
   <div class='ocr_carea' id='block_1_24' title="bbox 1779 1002 3378 1066">
    <p class='ocr_par' dir='ltr' id='par_1_24' title="bbox 1779 1002 3378 1066">
     <span class='ocr_line' id='line_1_24' title="bbox 1779 1002 3378 1066; baseline 0.004 -14"><span class='ocrx_word' id='word_1_143' title='bbox 1779 1005 1954 1052; x_wconf 83' lang='lat' dir='ltr'>tatem</span> <span class='ocrx_word' id='word_1_144' title='bbox 1968 1014 2179 1054; x_wconf 87' lang='lat' dir='ltr'>meam.</span> <span class='ocrx_word' id='word_1_145' title='bbox 2194 1002 2374 1054; x_wconf 88' lang='lat' dir='ltr'>Simul</span> <span class='ocrx_word' id='word_1_146' title='bbox 2390 1007 2448 1054; x_wconf 91' lang='lat' dir='ltr'>et</span> <span class='ocrx_word' id='word_1_147' title='bbox 2461 1014 2741 1054; x_wconf 88' lang='lat' dir='ltr'>conversa</span> <span class='ocrx_word' id='word_1_148' title='bbox 2756 1003 2826 1054; x_wconf 92' lang='lat' dir='ltr'>ad</span> <span class='ocrx_word' id='word_1_149' title='bbox 2837 1002 3083 1066; x_wconf 87' lang='lat' dir='ltr'>judices,</span> <span class='ocrx_word' id='word_1_150' title='bbox 3099 1004 3378 1058; x_wconf 87' lang='lat' dir='ltr'>obtestari</span> 
     </span>
    </p>
   </div>
   <div class='ocr_carea' id='block_1_25' title="bbox 1778 1090 3382 1160">
    <p class='ocr_par' dir='ltr' id='par_1_25' title="bbox 1778 1090 3382 1160">
     <span class='ocr_line' id='line_1_25' title="bbox 1778 1090 3382 1160; baseline 0.003 -19"><span class='ocrx_word' id='word_1_151' title='bbox 1778 1090 1952 1142; x_wconf 83' lang='lat' dir='ltr'>ﬁdem</span> <span class='ocrx_word' id='word_1_152' title='bbox 1968 1090 2069 1142; x_wconf 92' lang='lat' dir='ltr'>Dei</span> <span class='ocrx_word' id='word_1_153' title='bbox 2092 1091 2282 1160; x_wconf 76' lang='lat' dir='ltr'>coapit,</span> <span class='ocrx_word' id='word_1_154' title='bbox 2309 1104 2445 1145; x_wconf 88' lang='lat' dir='ltr'>vera</span> <span class='ocrx_word' id='word_1_155' title='bbox 2459 1104 2520 1144; x_wconf 90' lang='lat' dir='ltr'>se</span> <span class='ocrx_word' id='word_1_156' title='bbox 2555 1090 2759 1143; x_wconf 83' lang='lat' dir='ltr'>dicere.</span> <span class='ocrx_word' id='word_1_157' title='bbox 2779 1093 2928 1143; x_wconf 89' lang='lat' dir='ltr'>Tum</span> <span class='ocrx_word' id='word_1_158' title='bbox 2952 1105 3154 1146; x_wconf 89' lang='lat' dir='ltr'>omnes</span> <span class='ocrx_word' id='word_1_159' title='bbox 3177 1093 3382 1146; x_wconf 89' lang='lat' dir='ltr'>ridicu-</span> 
     </span>
    </p>
   </div>
   <div class='ocr_carea' id='block_1_26' title="bbox 1776 1179 3381 1247">
    <p class='ocr_par' dir='ltr' id='par_1_26' title="bbox 1776 1179 3381 1247">
     <span class='ocr_line' id='line_1_26' title="bbox 1776 1179 3381 1247; baseline 0.003 -16"><span class='ocrx_word' id='word_1_160' title='bbox 1776 1179 1936 1231; x_wconf 84' lang='lat' dir='ltr'>losus</span> <span class='ocrx_word' id='word_1_161' title='bbox 1961 1179 2148 1244; x_wconf 91' lang='lat' dir='ltr'>pudor</span> <span class='ocrx_word' id='word_1_162' title='bbox 2168 1179 2382 1233; x_wconf 90' lang='lat' dir='ltr'>habere</span> <span class='ocrx_word' id='word_1_163' title='bbox 2418 1181 2603 1245; x_wconf 82' lang='lat' dir='ltr'>caepit,</span> <span class='ocrx_word' id='word_1_164' title='bbox 2631 1180 2783 1245; x_wconf 90' lang='lat' dir='ltr'>quod</span> <span class='ocrx_word' id='word_1_165' title='bbox 2808 1185 2926 1232; x_wconf 87' lang='lat' dir='ltr'>tam</span> <span class='ocrx_word' id='word_1_166' title='bbox 2951 1181 3128 1247; x_wconf 80' lang='lat' dir='ltr'>facile,</span> <span class='ocrx_word' id='word_1_167' title='bbox 3157 1185 3381 1236; x_wconf 80' lang='lat' dir='ltr'>tacente</span> 
     </span>
    </p>
   </div>
   <div class='ocr_carea' id='block_1_27' title="bbox 1778 1269 3382 1337">
    <p class='ocr_par' dir='ltr' id='par_1_27' title="bbox 1778 1269 3382 1337">
     <span class='ocr_line' id='line_1_27' title="bbox 1778 1269 3382 1337; baseline 0.005 -19"><span class='ocrx_word' id='word_1_168' title='bbox 1778 1270 1884 1335; x_wconf 83' lang='lat' dir='ltr'>[AL</span> <span class='ocrx_word' id='word_1_169' title='bbox 1915 1269 2177 1333; x_wconf 91' lang='lat' dir='ltr'>docente]</span> <span class='ocrx_word' id='word_1_170' title='bbox 2200 1283 2284 1334; x_wconf 93' lang='lat' dir='ltr'>eo,</span> <span class='ocrx_word' id='word_1_171' title='bbox 2305 1270 2472 1323; x_wconf 87' lang='lat' dir='ltr'>factio</span> <span class='ocrx_word' id='word_1_172' title='bbox 2495 1271 2797 1336; x_wconf 90' lang='lat' dir='ltr'>compositi</span> <span class='ocrx_word' id='word_1_173' title='bbox 2821 1271 3076 1323; x_wconf 89' lang='lat' dir='ltr'>criminis</span> <span class='ocrx_word' id='word_1_174' title='bbox 3098 1273 3382 1337; x_wconf 86' lang='lat' dir='ltr'>patuisset</span> 
     </span>
    </p>
   </div>
   <div class='ocr_carea' id='block_1_28' title="bbox 1779 1359 3384 1424">
    <p class='ocr_par' dir='ltr' id='par_1_28' title="bbox 1779 1359 3384 1424">
     <span class='ocr_line' id='line_1_28' title="bbox 1779 1359 3384 1424; baseline 0.002 -14"><span class='ocrx_word' id='word_1_175' title='bbox 1779 1359 1895 1411; x_wconf 88' lang='lat' dir='ltr'>Nec</span> <span class='ocrx_word' id='word_1_176' title='bbox 1916 1363 2108 1411; x_wconf 89' lang='lat' dir='ltr'>tamen</span> <span class='ocrx_word' id='word_1_177' title='bbox 2126 1360 2390 1424; x_wconf 87' lang='lat' dir='ltr'>permissi</span> <span class='ocrx_word' id='word_1_178' title='bbox 2415 1364 2552 1411; x_wconf 89' lang='lat' dir='ltr'>sunt</span> <span class='ocrx_word' id='word_1_179' title='bbox 2570 1359 2795 1424; x_wconf 89' lang='lat' dir='ltr'>judices</span> <span class='ocrx_word' id='word_1_180' title='bbox 2811 1359 3022 1414; x_wconf 89' lang='lat' dir='ltr'>habere</span> <span class='ocrx_word' id='word_1_181' title='bbox 3045 1361 3117 1413; x_wconf 92' lang='lat' dir='ltr'>de</span> <span class='ocrx_word' id='word_1_182' title='bbox 3147 1361 3384 1414; x_wconf 83' lang='lat' dir='ltr'>muliere</span> 
     </span>
    </p>
   </div>
   <div class='ocr_carea' id='block_1_29' title="bbox 1780 1447 3384 1514">
    <p class='ocr_par' dir='ltr' id='par_1_29' title="bbox 1780 1447 3384 1514">
     <span class='ocr_line' id='line_1_29' title="bbox 1780 1447 3384 1514; baseline 0.002 -14"><span class='ocrx_word' id='word_1_183' title='bbox 1780 1449 2183 1512; x_wconf 81' lang='lat' dir='ltr'>quaestionem,</span> <span class='ocrx_word' id='word_1_184' title='bbox 2206 1447 2362 1501; x_wconf 90' lang='lat' dir='ltr'>unde</span> <span class='ocrx_word' id='word_1_185' title='bbox 2383 1448 2530 1512; x_wconf 87' lang='lat' dir='ltr'>haec,</span> <span class='ocrx_word' id='word_1_186' title='bbox 2553 1448 2643 1502; x_wconf 86' lang='lat' dir='ltr'>vel</span> <span class='ocrx_word' id='word_1_187' title='bbox 2658 1461 2760 1514; x_wconf 88' lang='lat' dir='ltr'>per</span> <span class='ocrx_word' id='word_1_188' title='bbox 2783 1461 2950 1513; x_wconf 90' lang='lat' dir='ltr'>quos,</span> <span class='ocrx_word' id='word_1_189' title='bbox 2971 1453 3074 1501; x_wconf 91' lang='lat' dir='ltr'>aut</span> <span class='ocrx_word' id='word_1_190' title='bbox 3091 1450 3384 1514; x_wconf 91' lang='lat' dir='ltr'>quomodo</span> 
     </span>
    </p>
   </div>
   <div class='ocr_carea' id='block_1_30' title="bbox 1779 1537 3384 1602">
    <p class='ocr_par' dir='ltr' id='par_1_30' title="bbox 1779 1537 3384 1602">
     <span class='ocr_line' id='line_1_30' title="bbox 1779 1537 3384 1602; baseline 0.002 -14"><span class='ocrx_word' id='word_1_191' title='bbox 1779 1537 1982 1589; x_wconf 89' lang='lat' dir='ltr'>fuisset</span> <span class='ocrx_word' id='word_1_192' title='bbox 2005 1542 2195 1602; x_wconf 86' lang='lat' dir='ltr'>aptata</span> <span class='ocrx_word' id='word_1_193' title='bbox 2211 1538 2515 1602; x_wconf 89' lang='lat' dir='ltr'>calumnia,</span> <span class='ocrx_word' id='word_1_194' title='bbox 2535 1538 2809 1602; x_wconf 90' lang='lat' dir='ltr'>quoniam</span> <span class='ocrx_word' id='word_1_195' title='bbox 2823 1538 3124 1602; x_wconf 88' lang='lat' dir='ltr'>judicandi</span> <span class='ocrx_word' id='word_1_196' title='bbox 3146 1539 3384 1592; x_wconf 89' lang='lat' dir='ltr'>libertas</span> 
     </span>
    </p>
   </div>
   <div class='ocr_carea' id='block_1_31' title="bbox 1780 1628 3387 1691">
    <p class='ocr_par' dir='ltr' id='par_1_31' title="bbox 1780 1628 3387 1691">
     <span class='ocr_line' id='line_1_31' title="bbox 1780 1628 3387 1691; baseline 0.002 -13"><span class='ocrx_word' id='word_1_197' title='bbox 1780 1639 1959 1691; x_wconf 88' lang='lat' dir='ltr'>penes</span> <span class='ocrx_word' id='word_1_198' title='bbox 1969 1632 2336 1679; x_wconf 89' lang='lat' dir='ltr'>accusatores</span> <span class='ocrx_word' id='word_1_199' title='bbox 2349 1629 2641 1680; x_wconf 87' lang='lat' dir='ltr'>erat.Hinc</span> <span class='ocrx_word' id='word_1_200' title='bbox 2661 1629 2835 1680; x_wconf 89' lang='lat' dir='ltr'>transi</span> <span class='ocrx_word' id='word_1_201' title='bbox 2845 1628 3011 1680; x_wconf 90' lang='lat' dir='ltr'>turad</span> <span class='ocrx_word' id='word_1_202' title='bbox 3028 1628 3184 1680; x_wconf 86' lang='lat' dir='ltr'>aliud</span> <span class='ocrx_word' id='word_1_203' title='bbox 3195 1632 3387 1681; x_wconf 87' lang='lat' dir='ltr'>crimen</span> 
     </span>
    </p>
   </div>
   <div class='ocr_carea' id='block_1_32' title="bbox 1782 1716 3380 1780">
    <p class='ocr_par' dir='ltr' id='par_1_32' title="bbox 1782 1716 3380 1780">
     <span class='ocr_line' id='line_1_32' title="bbox 1782 1716 3380 1780; baseline 0.003 -13"><span class='ocrx_word' id='word_1_204' title='bbox 1782 1717 2065 1769; x_wconf 86' lang='lat' dir='ltr'>Profertur</span> <span class='ocrx_word' id='word_1_205' title='bbox 2102 1716 2324 1769; x_wconf 87' lang='lat' dir='ltr'>facinus</span> <span class='ocrx_word' id='word_1_206' title='bbox 2370 1718 2578 1769; x_wconf 82' lang='lat' dir='ltr'>seculis</span> <span class='ocrx_word' id='word_1_207' title='bbox 2618 1716 2962 1770; x_wconf 90' lang='lat' dir='ltr'>inauditum.</span> <span class='ocrx_word' id='word_1_208' title='bbox 3001 1719 3124 1770; x_wconf 90' lang='lat' dir='ltr'>Hoc</span> <span class='ocrx_word' id='word_1_209' title='bbox 3158 1721 3265 1780; x_wconf 86' lang='lat' dir='ltr'>est,</span> <span class='ocrx_word' id='word_1_210' title='bbox 3290 1719 3380 1771; x_wconf 84' lang='lat' dir='ltr'>in-</span> 
     </span>
    </p>
   </div>
   <div class='ocr_carea' id='block_1_33' title="bbox 1797 1805 3388 1872">
    <p class='ocr_par' dir='ltr' id='par_1_33' title="bbox 1797 1805 3388 1872">
     <span class='ocr_line' id='line_1_33' title="bbox 1797 1805 3388 1872; baseline 0.002 -15"><span class='ocrx_word' id='word_1_211' title='bbox 1797 1805 2020 1869; x_wconf 89' lang='lat' dir='ltr'>quiunt,</span> <span class='ocrx_word' id='word_1_212' title='bbox 2045 1807 2146 1858; x_wconf 92' lang='lat' dir='ltr'>ubi</span> <span class='ocrx_word' id='word_1_213' title='bbox 2157 1819 2324 1859; x_wconf 90' lang='lat' dir='ltr'>nemo</span> <span class='ocrx_word' id='word_1_214' title='bbox 2337 1807 2520 1871; x_wconf 90' lang='lat' dir='ltr'>possit</span> <span class='ocrx_word' id='word_1_215' title='bbox 2537 1808 2840 1860; x_wconf 89' lang='lat' dir='ltr'>verborum</span> <span class='ocrx_word' id='word_1_216' title='bbox 2860 1807 3167 1872; x_wconf 61' lang='lat' dir='ltr'>praestigiis</span> <span class='ocrx_word' id='word_1_217' title='bbox 3181 1807 3200 1842; x_wconf 72' lang='lat'><strong>‘</strong></span> <span class='ocrx_word' id='word_1_218' title='bbox 3234 1807 3388 1860; x_wconf 88' lang='lat' dir='ltr'>deci-</span> 
     </span>
    </p>
   </div>
   <div class='ocr_carea' id='block_1_34' title="bbox 79 1871 3391 1966">
    <p class='ocr_par' dir='ltr' id='par_1_34' title="bbox 79 1871 3391 1966">
     <span class='ocr_line' id='line_1_34' title="bbox 79 1871 3391 1966; baseline 0.002 -12"><span class='ocrx_word' id='word_1_219' title='bbox 79 1907 137 1954; x_wconf 86' lang='lat' dir='ltr'>et</span> <span class='ocrx_word' id='word_1_220' title='bbox 179 1901 360 1966; x_wconf 89' lang='lat' dir='ltr'>pridie</span> <span class='ocrx_word' id='word_1_221' title='bbox 406 1913 580 1965; x_wconf 86' lang='lat' dir='ltr'>quam</span> <span class='ocrx_word' id='word_1_222' title='bbox 625 1913 851 1953; x_wconf 81' lang='lat' dir='ltr'>caussae</span> <span class='ocrx_word' id='word_1_223' title='bbox 895 1901 1153 1954; x_wconf 64' lang='lat' dir='ltr'>dicendae</span> <span class='ocrx_word' id='word_1_224' title='bbox 1190 1903 1422 1956; x_wconf 87' lang='lat' dir='ltr'>adesset</span> <span class='ocrx_word' id='word_1_225' title='bbox 1452 1871 1695 1958; x_wconf 71' lang='lat' dir='ltr'>ultimus</span> <span class='ocrx_word' id='word_1_226' title='bbox 1719 1871 1771 1945; x_wconf 87' lang='lat' dir='ltr'><strong>B</strong></span> <span class='ocrx_word' id='word_1_227' title='bbox 1791 1896 1870 1961; x_wconf 64' lang='lat' dir='ltr'>Pi:</span> <span class='ocrx_word' id='word_1_228' title='bbox 1892 1908 1983 1948; x_wconf 73' lang='lat' dir='ltr'>res</span> <span class='ocrx_word' id='word_1_229' title='bbox 2006 1896 2186 1948; x_wconf 64' lang='lat'>0011115</span> <span class='ocrx_word' id='word_1_230' title='bbox 2209 1897 2416 1961; x_wconf 54' lang='lat' dir='ltr'>(igitur.</span> <span class='ocrx_word' id='word_1_231' title='bbox 2442 1897 2632 1948; x_wconf 69' lang='lat' dir='ltr'>Verbis</span> <span class='ocrx_word' id='word_1_232' title='bbox 2655 1896 3021 1948; x_wconf 65' lang='lat' dir='ltr'>cessantibus</span> <span class='ocrx_word' id='word_1_233' title='bbox 3047 1914 3058 1945; x_wconf 74' lang='grc' dir='ltr'>ε</span> <span class='ocrx_word' id='word_1_234' title='bbox 3085 1896 3391 1952; x_wconf 78' lang='lat' dir='ltr'>Brachillm</span> 
     </span>
    </p>
   </div>
   <div class='ocr_carea' id='block_1_35' title="bbox 81 1991 1689 2058">
    <p class='ocr_par' dir='ltr' id='par_1_35' title="bbox 81 1991 1689 2058">
     <span class='ocr_line' id='line_1_35' title="bbox 81 1991 1689 2058; baseline 0.002 -16"><span class='ocrx_word' id='word_1_235' title='bbox 81 1991 222 2056; x_wconf 85' lang='lat' dir='ltr'>dies,</span> <span class='ocrx_word' id='word_1_236' title='bbox 268 1991 584 2043; x_wconf 85' lang='lat' dir='ltr'>Athanasio</span> <span class='ocrx_word' id='word_1_237' title='bbox 628 2003 757 2043; x_wconf 91' lang='lat' dir='ltr'>sese</span> <span class='ocrx_word' id='word_1_238' title='bbox 794 1991 1071 2042; x_wconf 87' lang='lat' dir='ltr'>Arsenius</span> <span class='ocrx_word' id='word_1_239' title='bbox 1115 1991 1343 2057; x_wconf 88' lang='lat' dir='ltr'>obtulit,</span> <span class='ocrx_word' id='word_1_240' title='bbox 1366 1992 1387 2021; x_wconf 71' lang='grc' dir='ltr'>ι’</span> <span class='ocrx_word' id='word_1_241' title='bbox 1422 1997 1600 2058; x_wconf 89' lang='lat' dir='ltr'>utque</span> <span class='ocrx_word' id='word_1_242' title='bbox 1626 2007 1689 2046; x_wconf 90' lang='lat' dir='ltr'>se</span> 
     </span>
    </p>
   </div>
   <div class='ocr_carea' id='block_1_36' title="bbox 80 2080 1689 2145">
    <p class='ocr_par' dir='ltr' id='par_1_36' title="bbox 80 2080 1689 2145">
     <span class='ocr_line' id='line_1_36' title="bbox 80 2080 1689 2145; baseline 0.001 -12"><span class='ocrx_word' id='word_1_243' title='bbox 80 2093 276 2133; x_wconf 86' lang='lat' dir='ltr'>rerum</span> <span class='ocrx_word' id='word_1_244' title='bbox 310 2084 606 2145; x_wconf 85' lang='lat' dir='ltr'>gestarum</span> <span class='ocrx_word' id='word_1_245' title='bbox 632 2081 807 2132; x_wconf 88' lang='lat' dir='ltr'>series</span> <span class='ocrx_word' id='word_1_246' title='bbox 830 2080 1082 2141; x_wconf 89' lang='lat' dir='ltr'>haberet,</span> <span class='ocrx_word' id='word_1_247' title='bbox 1109 2081 1354 2134; x_wconf 91' lang='lat' dir='ltr'>edocuit.</span> <span class='ocrx_word' id='word_1_248' title='bbox 1409 2082 1508 2136; x_wconf 88' lang='lat' dir='ltr'>Ille</span> <span class='ocrx_word' id='word_1_249' title='bbox 1533 2083 1689 2135; x_wconf 90' lang='lat' dir='ltr'>domi</span> 
     </span>
    </p>
   </div>
   <div class='ocr_carea' id='block_1_37' title="bbox 84 2170 1688 2237">
    <p class='ocr_par' dir='ltr' id='par_1_37' title="bbox 84 2170 1688 2237">
     <span class='ocr_line' id='line_1_37' title="bbox 84 2170 1688 2237; baseline 0.001 -14"><span class='ocrx_word' id='word_1_250' title='bbox 84 2183 215 2223; x_wconf 88' lang='lat' dir='ltr'>esse</span> <span class='ocrx_word' id='word_1_251' title='bbox 244 2170 563 2234; x_wconf 86' lang='lat' dir='ltr'>hominem,</span> <span class='ocrx_word' id='word_1_252' title='bbox 605 2184 712 2222; x_wconf 91' lang='lat' dir='ltr'>nec</span> <span class='ocrx_word' id='word_1_253' title='bbox 737 2171 1095 2223; x_wconf 83' lang='lat' dir='ltr'>innotescere</span> <span class='ocrx_word' id='word_1_254' title='bbox 1141 2173 1411 2236; x_wconf 87' lang='lat' dir='ltr'>cuiquam</span> <span class='ocrx_word' id='word_1_255' title='bbox 1436 2173 1505 2224; x_wconf 90' lang='lat' dir='ltr'>de</span> <span class='ocrx_word' id='word_1_256' title='bbox 1560 2175 1688 2237; x_wconf 87' lang='lat' dir='ltr'>ejus</span> 
     </span>
    </p>
   </div>
   <div class='ocr_carea' id='block_1_38' title="bbox 81 2260 1688 2327">
    <p class='ocr_par' dir='ltr' id='par_1_38' title="bbox 81 2260 1688 2327">
     <span class='ocr_line' id='line_1_38' title="bbox 81 2260 1688 2327; baseline 0.001 -14"><span class='ocrx_word' id='word_1_257' title='bbox 81 2260 411 2324; x_wconf 59' lang='lat' dir='ltr'>praesentia,</span> <span class='ocrx_word' id='word_1_258' title='bbox 425 2261 607 2323; x_wconf 89' lang='lat' dir='ltr'>jubet.</span> <span class='ocrx_word' id='word_1_259' title='bbox 622 2263 841 2311; x_wconf 90' lang='lat' dir='ltr'>Interea</span> <span class='ocrx_word' id='word_1_260' title='bbox 854 2260 1170 2312; x_wconf 90' lang='lat' dir='ltr'>Concilium</span> <span class='ocrx_word' id='word_1_261' title='bbox 1189 2261 1432 2326; x_wconf 86' lang='lat' dir='ltr'>cogitur,</span> <span class='ocrx_word' id='word_1_262' title='bbox 1456 2262 1513 2313; x_wconf 91' lang='lat' dir='ltr'>in</span> <span class='ocrx_word' id='word_1_263' title='bbox 1531 2261 1688 2327; x_wconf 92' lang='lat' dir='ltr'>quod</span> 
     </span>
    </p>
   </div>
   <div class='ocr_carea' id='block_1_39' title="bbox 80 2349 1688 2416">
    <p class='ocr_par' dir='ltr' id='par_1_39' title="bbox 80 2349 1688 2416">
     <span class='ocr_line' id='line_1_39' title="bbox 80 2349 1688 2416; baseline 0.002 -16"><span class='ocrx_word' id='word_1_264' title='bbox 80 2349 361 2413; x_wconf 89' lang='lat' dir='ltr'>aliquanti</span> <span class='ocrx_word' id='word_1_265' title='bbox 371 2349 729 2401; x_wconf 71' lang='lat' dir='ltr'>concinnatae</span> <span class='ocrx_word' id='word_1_266' title='bbox 750 2349 1304 2414; x_wconf 70' lang='lat' dir='ltr'>calumnizejconscii,</span> <span class='ocrx_word' id='word_1_267' title='bbox 1322 2363 1524 2403; x_wconf 91' lang='lat' dir='ltr'>omnes</span> <span class='ocrx_word' id='word_1_268' title='bbox 1541 2364 1688 2416; x_wconf 91' lang='lat' dir='ltr'>pene</span> 
     </span>
    </p>
   </div>
   <div class='ocr_carea' id='block_1_40' title="bbox 81 2438 1692 2503">
    <p class='ocr_par' dir='ltr' id='par_1_40' title="bbox 81 2438 1692 2503">
     <span class='ocr_line' id='line_1_40' title="bbox 81 2438 1692 2503; baseline 0.001 -13"><span class='ocrx_word' id='word_1_269' title='bbox 81 2438 304 2490; x_wconf 86' lang='lat' dir='ltr'>infenso</span> <span class='ocrx_word' id='word_1_270' title='bbox 316 2439 510 2491; x_wconf 90' lang='lat' dir='ltr'>animo</span> <span class='ocrx_word' id='word_1_271' title='bbox 538 2439 847 2490; x_wconf 87' lang='lat' dir='ltr'>adversum</span> <span class='ocrx_word' id='word_1_272' title='bbox 864 2439 1244 2491; x_wconf 87' lang='lat' dir='ltr'>Athanasium</span> <span class='ocrx_word' id='word_1_273' title='bbox 1266 2443 1692 2503; x_wconf 70' lang='lat' dir='ltr'>prmjudicatoque</span> 
     </span>
    </p>
   </div>
   <div class='ocr_carea' id='block_1_41' title="bbox 81 2529 1686 2594">
    <p class='ocr_par' dir='ltr' id='par_1_41' title="bbox 81 2529 1686 2594">
     <span class='ocr_line' id='line_1_41' title="bbox 81 2529 1686 2594; baseline 0.001 -13"><span class='ocrx_word' id='word_1_274' title='bbox 81 2529 453 2582; x_wconf 85' lang='lat' dir='ltr'>conveniunt.</span> <span class='ocrx_word' id='word_1_275' title='bbox 474 2531 577 2580; x_wconf 88' lang='lat' dir='ltr'>Per</span> <span class='ocrx_word' id='word_1_276' title='bbox 592 2530 744 2581; x_wconf 88' lang='lat' dir='ltr'>idem</span> <span class='ocrx_word' id='word_1_277' title='bbox 761 2535 986 2594; x_wconf 88' lang='lat' dir='ltr'>tempus</span> <span class='ocrx_word' id='word_1_278' title='bbox 1004 2530 1362 2594; x_wconf 89' lang='lat' dir='ltr'>Paphnutius</span> <span class='ocrx_word' id='word_1_279' title='bbox 1376 2531 1686 2593; x_wconf 88' lang='lat' dir='ltr'>confessor,</span> 
     </span>
    </p>
   </div>
   <div class='ocr_carea' id='block_1_42' title="bbox 81 2619 1691 2683">
    <p class='ocr_par' dir='ltr' id='par_1_42' title="bbox 81 2619 1691 2683">
     <span class='ocr_line' id='line_1_42' title="bbox 81 2619 1691 2683; baseline 0.001 -13"><span class='ocrx_word' id='word_1_280' title='bbox 81 2619 153 2670; x_wconf 86' lang='lat' dir='ltr'>de</span> <span class='ocrx_word' id='word_1_281' title='bbox 177 2632 295 2682; x_wconf 88' lang='lat' dir='ltr'>quo</span> <span class='ocrx_word' id='word_1_282' title='bbox 319 2631 497 2683; x_wconf 89' lang='lat' dir='ltr'>supra</span> <span class='ocrx_word' id='word_1_283' title='bbox 527 2619 998 2679; x_wconf 85' lang='lat' dir='ltr'>memoravimus,</span> <span class='ocrx_word' id='word_1_284' title='bbox 1033 2619 1248 2682; x_wconf 89' lang='lat' dir='ltr'>aderat,</span> <span class='ocrx_word' id='word_1_285' title='bbox 1284 2619 1573 2671; x_wconf 80' lang='lat' dir='ltr'>Athanasii</span> <span class='ocrx_word' id='word_1_286' title='bbox 1610 2621 1691 2672; x_wconf 92' lang='lat' dir='ltr'>in-</span> 
     </span>
    </p>
   </div>
   <div class='ocr_carea' id='block_1_43' title="bbox 80 2708 1691 2762">
    <p class='ocr_par' dir='ltr' id='par_1_43' title="bbox 80 2708 1691 2762">
     <span class='ocr_line' id='line_1_43' title="bbox 80 2708 1691 2762; baseline 0.001 -2"><span class='ocrx_word' id='word_1_287' title='bbox 80 2708 371 2760; x_wconf 85' lang='lat' dir='ltr'>nocentiae</span> <span class='ocrx_word' id='word_1_288' title='bbox 395 2709 684 2760; x_wconf 91' lang='lat' dir='ltr'>conscius.</span> <span class='ocrx_word' id='word_1_289' title='bbox 703 2710 757 2760; x_wconf 86' lang='lat' dir='ltr'>Is</span> <span class='ocrx_word' id='word_1_290' title='bbox 782 2721 915 2759; x_wconf 92' lang='lat' dir='ltr'>cum</span> <span class='ocrx_word' id='word_1_291' title='bbox 933 2709 1176 2760; x_wconf 90' lang='lat' dir='ltr'>vidisset</span> <span class='ocrx_word' id='word_1_292' title='bbox 1201 2709 1513 2761; x_wconf 83' lang='lat' dir='ltr'>Maximum</span> <span class='ocrx_word' id='word_1_293' title='bbox 1531 2711 1691 2762; x_wconf 84' lang='lat' dir='ltr'>Jero-</span> 
     </span>
    </p>
   </div>
   <div class='ocr_carea' id='block_1_44' title="bbox 81 2788 1691 2862">
    <p class='ocr_par' dir='ltr' id='par_1_44' title="bbox 81 2788 1691 2862">
     <span class='ocr_line' id='line_1_44' title="bbox 81 2788 1691 2862; baseline 0.001 -13"><span class='ocrx_word' id='word_1_294' title='bbox 81 2788 442 2861; x_wconf 74' lang='lat' dir='ltr'>solyinorum</span> <span class='ocrx_word' id='word_1_295' title='bbox 459 2798 927 2862; x_wconf 90' lang='lat' dir='ltr'>Episcopum,qui</span> <span class='ocrx_word' id='word_1_296' title='bbox 940 2811 1057 2848; x_wconf 92' lang='lat' dir='ltr'>una</span> <span class='ocrx_word' id='word_1_297' title='bbox 1069 2811 1266 2850; x_wconf 89' lang='lat' dir='ltr'>secum</span> <span class='ocrx_word' id='word_1_298' title='bbox 1283 2799 1492 2851; x_wconf 77' lang='lat' dir='ltr'>effosso</span> <span class='ocrx_word' id='word_1_299' title='bbox 1505 2801 1691 2862; x_wconf 89' lang='lat' dir='ltr'>oculo,</span> 
     </span>
    </p>
   </div>
   <div class='ocr_carea' id='block_1_45' title="bbox 81 2887 1691 2954">
    <p class='ocr_par' dir='ltr' id='par_1_45' title="bbox 81 2887 1691 2954">
     <span class='ocr_line' id='line_1_45' title="bbox 81 2887 1691 2954; baseline 0.001 -15"><span class='ocrx_word' id='word_1_300' title='bbox 81 2890 142 2939; x_wconf 88' lang='lat' dir='ltr'>et</span> <span class='ocrx_word' id='word_1_301' title='bbox 164 2887 378 2952; x_wconf 87' lang='lat' dir='ltr'>poplite</span> <span class='ocrx_word' id='word_1_302' title='bbox 401 2887 646 2950; x_wconf 89' lang='lat' dir='ltr'>succiso,</span> <span class='ocrx_word' id='word_1_303' title='bbox 684 2888 975 2940; x_wconf 90' lang='lat' dir='ltr'>confessor</span> <span class='ocrx_word' id='word_1_304' title='bbox 997 2888 1285 2953; x_wconf 82' lang='lat' dir='ltr'>extiterat,</span> <span class='ocrx_word' id='word_1_305' title='bbox 1311 2900 1330 2923; x_wconf 82' lang='grc' dir='ltr'><strong>ο</strong></span> <span class='ocrx_word' id='word_1_306' title='bbox 1367 2901 1569 2942; x_wconf 89' lang='lat' dir='ltr'>verum</span> <span class='ocrx_word' id='word_1_307' title='bbox 1591 2902 1691 2954; x_wconf 91' lang='lat' dir='ltr'>pro</span> 
     </span>
    </p>
   </div>
   <div class='ocr_carea' id='block_1_46' title="bbox 84 2976 1695 3041">
    <p class='ocr_par' dir='ltr' id='par_1_46' title="bbox 84 2976 1695 3041">
     <span class='ocr_line' id='line_1_46' title="bbox 84 2976 1695 3041; baseline 0.001 -11"><span class='ocrx_word' id='word_1_308' title='bbox 84 2978 270 3030; x_wconf 87' lang='lat' dir='ltr'>nimia</span> <span class='ocrx_word' id='word_1_309' title='bbox 293 2976 654 3041; x_wconf 89' lang='lat' dir='ltr'>simplicitate</span> <span class='ocrx_word' id='word_1_310' title='bbox 677 2977 819 3028; x_wconf 92' lang='lat' dir='ltr'>nihil</span> <span class='ocrx_word' id='word_1_311' title='bbox 854 2977 924 3030; x_wconf 92' lang='lat' dir='ltr'>de</span> <span class='ocrx_word' id='word_1_312' title='bbox 962 2977 1327 3031; x_wconf 89' lang='lat' dir='ltr'>sacerdotum</span> <span class='ocrx_word' id='word_1_313' title='bbox 1352 2979 1563 3031; x_wconf 89' lang='lat' dir='ltr'>scelere</span> <span class='ocrx_word' id='word_1_314' title='bbox 1597 2993 1695 3032; x_wconf 89' lang='lat' dir='ltr'>su-</span> 
     </span>
    </p>
   </div>
   <div class='ocr_carea' id='block_1_47' title="bbox 86 3067 1690 3132">
    <p class='ocr_par' dir='ltr' id='par_1_47' title="bbox 86 3067 1690 3132">
     <span class='ocr_line' id='line_1_47' title="bbox 86 3067 1690 3132; baseline 0.002 -15"><span class='ocrx_word' id='word_1_315' title='bbox 86 3067 430 3132; x_wconf 89' lang='lat' dir='ltr'>spicantem,</span> <span class='ocrx_word' id='word_1_316' title='bbox 454 3067 790 3119; x_wconf 90' lang='lat' dir='ltr'>consedisse</span> <span class='ocrx_word' id='word_1_317' title='bbox 826 3079 960 3119; x_wconf 91' lang='lat' dir='ltr'>cum</span> <span class='ocrx_word' id='word_1_318' title='bbox 984 3068 1212 3120; x_wconf 84' lang='lat' dir='ltr'>caeteris</span> <span class='ocrx_word' id='word_1_319' title='bbox 1257 3081 1404 3132; x_wconf 89' lang='lat' dir='ltr'>quos</span> <span class='ocrx_word' id='word_1_320' title='bbox 1429 3068 1690 3120; x_wconf 89' lang='lat' dir='ltr'>factionis</span> 
     </span>
    </p>
   </div>
   <div class='ocr_carea' id='block_1_48' title="bbox 84 3155 1688 3219">
    <p class='ocr_par' dir='ltr' id='par_1_48' title="bbox 84 3155 1688 3219">
     <span class='ocr_line' id='line_1_48' title="bbox 84 3155 1688 3219; baseline 0.001 -12"><span class='ocrx_word' id='word_1_321' title='bbox 84 3155 318 3207; x_wconf 86' lang='lat' dir='ltr'>macula</span> <span class='ocrx_word' id='word_1_322' title='bbox 337 3156 670 3219; x_wconf 84' lang='lat' dir='ltr'>sociaverat,</span> <span class='ocrx_word' id='word_1_323' title='bbox 698 3156 950 3208; x_wconf 89' lang='lat' dir='ltr'>medium</span> <span class='ocrx_word' id='word_1_324' title='bbox 974 3157 994 3186; x_wconf 73' lang='grc' dir='ltr'><em>δ</em></span> <span class='ocrx_word' id='word_1_325' title='bbox 1012 3170 1355 3210; x_wconf 90' lang='lat' dir='ltr'>concessum</span> <span class='ocrx_word' id='word_1_326' title='bbox 1377 3158 1535 3210; x_wconf 90' lang='lat' dir='ltr'>adire</span> <span class='ocrx_word' id='word_1_327' title='bbox 1571 3171 1688 3209; x_wconf 89' lang='lat' dir='ltr'>non</span> 
     </span>
    </p>
   </div>
   <div class='ocr_carea' id='block_1_49' title="bbox 1785 1985 3391 2050">
    <p class='ocr_par' dir='ltr' id='par_1_49' title="bbox 1785 1985 3391 2050">
     <span class='ocr_line' id='line_1_49' title="bbox 1785 1985 3391 2050; baseline 0.002 -13"><span class='ocrx_word' id='word_1_328' title='bbox 1785 1986 1894 2037; x_wconf 91' lang='lat' dir='ltr'>hoc</span> <span class='ocrx_word' id='word_1_329' title='bbox 1919 1989 1991 2048; x_wconf 90' lang='lat' dir='ltr'>te,</span> <span class='ocrx_word' id='word_1_330' title='bbox 2023 1985 2200 2047; x_wconf 90' lang='lat' dir='ltr'>aiunt,</span> <span class='ocrx_word' id='word_1_331' title='bbox 2227 1985 2526 2050; x_wconf 89' lang='lat' dir='ltr'>Athanasi,</span> <span class='ocrx_word' id='word_1_332' title='bbox 2551 1989 2789 2037; x_wconf 90' lang='lat' dir='ltr'>accusat</span> <span class='ocrx_word' id='word_1_333' title='bbox 2824 1985 3104 2037; x_wconf 88' lang='lat' dir='ltr'>excisum.</span> <span class='ocrx_word' id='word_1_334' title='bbox 3139 1987 3279 2038; x_wconf 67' lang='lat' dir='ltr'>Haec</span> <span class='ocrx_word' id='word_1_335' title='bbox 3300 1990 3391 2040; x_wconf 89' lang='lat' dir='ltr'>est</span> 
     </span>
    </p>
   </div>
   <div class='ocr_carea' id='block_1_50' title="bbox 1787 2075 3390 2140">
    <p class='ocr_par' dir='ltr' id='par_1_50' title="bbox 1787 2075 3390 2140">
     <span class='ocr_line' id='line_1_50' title="bbox 1787 2075 3390 2140; baseline 0.001 -14"><span class='ocrx_word' id='word_1_336' title='bbox 1787 2075 2013 2127; x_wconf 88' lang='lat' dir='ltr'>Arsenii</span> <span class='ocrx_word' id='word_1_337' title='bbox 2030 2075 2280 2138; x_wconf 85' lang='lat' dir='ltr'>dextera,</span> <span class='ocrx_word' id='word_1_338' title='bbox 2295 2087 2471 2140; x_wconf 90' lang='lat' dir='ltr'>quam</span> <span class='ocrx_word' id='word_1_339' title='bbox 2489 2075 2974 2140; x_wconf 89' lang='lat' dir='ltr'>tuquomodo,vel</span> <span class='ocrx_word' id='word_1_340' title='bbox 2984 2075 3057 2128; x_wconf 91' lang='lat' dir='ltr'>ad</span> <span class='ocrx_word' id='word_1_341' title='bbox 3082 2088 3229 2140; x_wconf 91' lang='lat' dir='ltr'>quos</span> <span class='ocrx_word' id='word_1_342' title='bbox 3246 2089 3390 2128; x_wconf 91' lang='lat' dir='ltr'>usus</span> 
     </span>
    </p>
   </div>
   <div class='ocr_carea' id='block_1_51' title="bbox 1787 2165 3388 2231">
    <p class='ocr_par' dir='ltr' id='par_1_51' title="bbox 1787 2165 3388 2231">
     <span class='ocr_line' id='line_1_51' title="bbox 1787 2165 3388 2231; baseline 0.002 -15"><span class='ocrx_word' id='word_1_343' title='bbox 1787 2165 2087 2229; x_wconf 81' lang='lat' dir='ltr'>excideris,</span> <span class='ocrx_word' id='word_1_344' title='bbox 2132 2165 2398 2218; x_wconf 91' lang='lat' dir='ltr'>indicato.</span> <span class='ocrx_word' id='word_1_345' title='bbox 2447 2167 2594 2218; x_wconf 90' lang='lat' dir='ltr'>Tum</span> <span class='ocrx_word' id='word_1_346' title='bbox 2623 2165 2742 2218; x_wconf 89' lang='lat' dir='ltr'>ille:</span> <span class='ocrx_word' id='word_1_347' title='bbox 2788 2166 2928 2228; x_wconf 88' lang='lat' dir='ltr'>Quis</span> <span class='ocrx_word' id='word_1_348' title='bbox 2975 2165 3150 2231; x_wconf 89' lang='lat' dir='ltr'>enim,</span> <span class='ocrx_word' id='word_1_349' title='bbox 3182 2165 3388 2231; x_wconf 82' lang='lat' dir='ltr'>inquit,</span> 
     </span>
    </p>
   </div>
   <div class='ocr_carea' id='block_1_52' title="bbox 1787 2255 3391 2320">
    <p class='ocr_par' dir='ltr' id='par_1_52' title="bbox 1787 2255 3391 2320">
     <span class='ocr_line' id='line_1_52' title="bbox 1787 2255 3391 2320; baseline 0.001 -13"><span class='ocrx_word' id='word_1_350' title='bbox 1787 2259 2046 2307; x_wconf 88' lang='lat' dir='ltr'>vestrum</span> <span class='ocrx_word' id='word_1_351' title='bbox 2102 2256 2411 2306; x_wconf 90' lang='lat' dir='ltr'>Arsenium</span> <span class='ocrx_word' id='word_1_352' title='bbox 2461 2260 2719 2318; x_wconf 85' lang='lat' dir='ltr'>noverat,</span> <span class='ocrx_word' id='word_1_353' title='bbox 2764 2259 2832 2308; x_wconf 89' lang='lat' dir='ltr'>ut</span> <span class='ocrx_word' id='word_1_354' title='bbox 2867 2255 3018 2307; x_wconf 89' lang='lat' dir='ltr'>hanc</span> <span class='ocrx_word' id='word_1_355' title='bbox 3053 2255 3239 2320; x_wconf 88' lang='lat' dir='ltr'>ipsius</span> <span class='ocrx_word' id='word_1_356' title='bbox 3261 2268 3391 2309; x_wconf 86' lang='lat' dir='ltr'>esse</span> 
     </span>
    </p>
   </div>
   <div class='ocr_carea' id='block_1_53' title="bbox 1790 2344 3391 2410">
    <p class='ocr_par' dir='ltr' id='par_1_53' title="bbox 1790 2344 3391 2410">
     <span class='ocr_line' id='line_1_53' title="bbox 1790 2344 3391 2410; baseline 0.001 -15"><span class='ocrx_word' id='word_1_357' title='bbox 1790 2354 1808 2384; x_wconf 72' lang='grc' dir='ltr'><em>ε</em></span> <span class='ocrx_word' id='word_1_358' title='bbox 1821 2344 2117 2397; x_wconf 80' lang='lat' dir='ltr'>dexteram</span> <span class='ocrx_word' id='word_1_359' title='bbox 2132 2345 2513 2410; x_wconf 83' lang='lat' dir='ltr'>cognoscatis.</span> <span class='ocrx_word' id='word_1_360' title='bbox 2531 2347 2993 2399; x_wconf 83' lang='lat' dir='ltr'>Exsurrexerunt</span> <span class='ocrx_word' id='word_1_361' title='bbox 3007 2344 3391 2410; x_wconf 88' lang='lat' dir='ltr'>aliquantiqui</span> 
     </span>
    </p>
   </div>
   <div class='ocr_carea' id='block_1_54' title="bbox 1790 2433 3391 2498">
    <p class='ocr_par' dir='ltr' id='par_1_54' title="bbox 1790 2433 3391 2498">
     <span class='ocr_line' id='line_1_54' title="bbox 1790 2433 3391 2498; baseline 0.002 -14"><span class='ocrx_word' id='word_1_362' title='bbox 1790 2445 1852 2485; x_wconf 87' lang='lat' dir='ltr'>se</span> <span class='ocrx_word' id='word_1_363' title='bbox 1876 2433 2128 2485; x_wconf 90' lang='lat' dir='ltr'>dicerent</span> <span class='ocrx_word' id='word_1_364' title='bbox 2152 2434 2365 2498; x_wconf 88' lang='lat' dir='ltr'>optime</span> <span class='ocrx_word' id='word_1_365' title='bbox 2389 2433 2568 2486; x_wconf 90' lang='lat' dir='ltr'>scisse</span> <span class='ocrx_word' id='word_1_366' title='bbox 2590 2434 2916 2498; x_wconf 88' lang='lat' dir='ltr'>Arsenium,</span> <span class='ocrx_word' id='word_1_367' title='bbox 2936 2433 2995 2485; x_wconf 91' lang='lat' dir='ltr'>in</span> <span class='ocrx_word' id='word_1_368' title='bbox 3019 2434 3232 2498; x_wconf 90' lang='lat' dir='ltr'>quibus</span> <span class='ocrx_word' id='word_1_369' title='bbox 3253 2446 3391 2487; x_wconf 89' lang='lat' dir='ltr'>non-</span> 
     </span>
    </p>
   </div>
   <div class='ocr_carea' id='block_1_55' title="bbox 1789 2521 3393 2600">
    <p class='ocr_par' dir='ltr' id='par_1_55' title="bbox 1789 2521 3393 2600">
     <span class='ocr_line' id='line_1_55' title="bbox 1789 2521 3393 2600; baseline 0 -26"><span class='ocrx_word' id='word_1_370' title='bbox 1789 2521 1932 2574; x_wconf 90' lang='lat' dir='ltr'>nulli</span> <span class='ocrx_word' id='word_1_371' title='bbox 1944 2527 2104 2574; x_wconf 89' lang='lat' dir='ltr'>erant</span> <span class='ocrx_word' id='word_1_372' title='bbox 2118 2523 2336 2586; x_wconf 88' lang='lat' dir='ltr'>absque</span> <span class='ocrx_word' id='word_1_373' title='bbox 2349 2522 2702 2600; x_wconf 82' lang='lat' dir='ltr'>conscientia</span> <span class='ocrx_word' id='word_1_374' title='bbox 2717 2522 2988 2575; x_wconf 86' lang='lat' dir='ltr'>factionis</span> <span class='ocrx_word' id='word_1_375' title='bbox 2999 2561 3012 2575; x_wconf 93' lang='lat'>.</span> <span class='ocrx_word' id='word_1_376' title='bbox 3029 2523 3168 2575; x_wconf 89' lang='lat' dir='ltr'>Orat</span> <span class='ocrx_word' id='word_1_377' title='bbox 3184 2522 3393 2575; x_wconf 91' lang='lat' dir='ltr'>dehinc</span> 
     </span>
    </p>
   </div>
   <div class='ocr_carea' id='block_1_56' title="bbox 1789 2611 3392 2676">
    <p class='ocr_par' dir='ltr' id='par_1_56' title="bbox 1789 2611 3392 2676">
     <span class='ocr_line' id='line_1_56' title="bbox 1789 2611 3392 2676; baseline 0.001 -13"><span class='ocrx_word' id='word_1_378' title='bbox 1789 2611 2133 2673; x_wconf 86' lang='lat' dir='ltr'>ajudicibus</span> <span class='ocrx_word' id='word_1_379' title='bbox 2171 2612 2544 2676; x_wconf 89' lang='lat' dir='ltr'>Athanasius,</span> <span class='ocrx_word' id='word_1_380' title='bbox 2575 2616 2642 2664; x_wconf 92' lang='lat' dir='ltr'>ut</span> <span class='ocrx_word' id='word_1_381' title='bbox 2665 2612 2961 2664; x_wconf 91' lang='lat' dir='ltr'>hominem</span> <span class='ocrx_word' id='word_1_382' title='bbox 2993 2624 3186 2673; x_wconf 90' lang='lat' dir='ltr'>suum,</span> <span class='ocrx_word' id='word_1_383' title='bbox 3215 2623 3392 2676; x_wconf 91' lang='lat' dir='ltr'>quem</span> 
     </span>
    </p>
   </div>
   <div class='ocr_carea' id='block_1_57' title="bbox 1790 2700 3394 2768">
    <p class='ocr_par' dir='ltr' id='par_1_57' title="bbox 1790 2700 3394 2768">
     <span class='ocr_line' id='line_1_57' title="bbox 1790 2700 3394 2768; baseline 0.001 -14"><span class='ocrx_word' id='word_1_384' title='bbox 1790 2700 1811 2732; x_wconf 78' lang='grc'>¹²</span> <span class='ocrx_word' id='word_1_385' title='bbox 1827 2703 2135 2766; x_wconf 88' lang='lat' dir='ltr'>negocium</span> <span class='ocrx_word' id='word_1_386' title='bbox 2158 2702 2511 2767; x_wconf 90' lang='lat' dir='ltr'>deposceret,</span> <span class='ocrx_word' id='word_1_387' title='bbox 2538 2703 2781 2768; x_wconf 88' lang='lat' dir='ltr'>jubeant</span> <span class='ocrx_word' id='word_1_388' title='bbox 2801 2702 3107 2754; x_wconf 89' lang='lat' dir='ltr'>introduci.</span> <span class='ocrx_word' id='word_1_389' title='bbox 3133 2703 3394 2766; x_wconf 88' lang='lat' dir='ltr'>Cumque</span> 
     </span>
    </p>
   </div>
   <div class='ocr_carea' id='block_1_58' title="bbox 1789 2799 3396 2866">
    <p class='ocr_par' dir='ltr' id='par_1_58' title="bbox 1789 2799 3396 2866">
     <span class='ocr_line' id='line_1_58' title="bbox 1789 2799 3396 2866; baseline 0.001 -14"><span class='ocrx_word' id='word_1_390' title='bbox 1789 2800 2153 2853; x_wconf 90' lang='lat' dir='ltr'>introductus</span> <span class='ocrx_word' id='word_1_391' title='bbox 2173 2805 2330 2854; x_wconf 84' lang='lat' dir='ltr'>esset</span> <span class='ocrx_word' id='word_1_392' title='bbox 2345 2799 2872 2864; x_wconf 88' lang='lat' dir='ltr'>Arsenius,elevato</span> <span class='ocrx_word' id='word_1_393' title='bbox 2885 2803 3013 2866; x_wconf 87' lang='lat' dir='ltr'>ejus</span> <span class='ocrx_word' id='word_1_394' title='bbox 3031 2800 3396 2866; x_wconf 89' lang='lat' dir='ltr'>vultu,Atha-</span> 
     </span>
    </p>
   </div>
   <div class='ocr_carea' id='block_1_59' title="bbox 1792 2890 3390 2955">
    <p class='ocr_par' dir='ltr' id='par_1_59' title="bbox 1792 2890 3390 2955">
     <span class='ocr_line' id='line_1_59' title="bbox 1792 2890 3390 2955; baseline -0.001 -12"><span class='ocrx_word' id='word_1_395' title='bbox 1792 2891 1992 2944; x_wconf 90' lang='lat' dir='ltr'>nasius</span> <span class='ocrx_word' id='word_1_396' title='bbox 2016 2891 2254 2943; x_wconf 92' lang='lat' dir='ltr'>concilio</span> <span class='ocrx_word' id='word_1_397' title='bbox 2281 2895 2339 2943; x_wconf 89' lang='lat' dir='ltr'>et</span> <span class='ocrx_word' id='word_1_398' title='bbox 2355 2890 2652 2955; x_wconf 90' lang='lat' dir='ltr'>judicibus</span> <span class='ocrx_word' id='word_1_399' title='bbox 2688 2891 2769 2943; x_wconf 93' lang='lat' dir='ltr'>ait</span> <span class='ocrx_word' id='word_1_400' title='bbox 2793 2905 2806 2941; x_wconf 92' lang='lat'><strong>:</strong></span> <span class='ocrx_word' id='word_1_401' title='bbox 2832 2891 2940 2942; x_wconf 85' lang='lat' dir='ltr'>Hic</span> <span class='ocrx_word' id='word_1_402' title='bbox 2975 2891 3064 2943; x_wconf 90' lang='lat' dir='ltr'>est</span> <span class='ocrx_word' id='word_1_403' title='bbox 3084 2890 3390 2943; x_wconf 88' lang='lat' dir='ltr'>Arsenius.</span> 
     </span>
    </p>
   </div>
   <div class='ocr_carea' id='block_1_60' title="bbox 1791 2979 3392 3045">
    <p class='ocr_par' dir='ltr' id='par_1_60' title="bbox 1791 2979 3392 3045">
     <span class='ocr_line' id='line_1_60' title="bbox 1791 2979 3392 3045; baseline -0.001 -13"><span class='ocrx_word' id='word_1_404' title='bbox 1791 2982 1862 3033; x_wconf 87' lang='lat' dir='ltr'>Et</span> <span class='ocrx_word' id='word_1_405' title='bbox 1902 2980 2158 3032; x_wconf 87' lang='lat' dir='ltr'>allevans</span> <span class='ocrx_word' id='word_1_406' title='bbox 2195 2981 2321 3045; x_wconf 88' lang='lat' dir='ltr'>ejus</span> <span class='ocrx_word' id='word_1_407' title='bbox 2345 2979 2722 3032; x_wconf 89' lang='lat' dir='ltr'>nihilominus</span> <span class='ocrx_word' id='word_1_408' title='bbox 2746 2980 3044 3032; x_wconf 88' lang='lat' dir='ltr'>dexteram</span> <span class='ocrx_word' id='word_1_409' title='bbox 3074 2993 3088 3030; x_wconf 89' lang='lat'><strong>:</strong></span> <span class='ocrx_word' id='word_1_410' title='bbox 3125 2980 3265 3032; x_wconf 64' lang='lat' dir='ltr'>Haec</span> <span class='ocrx_word' id='word_1_411' title='bbox 3281 2983 3392 3044; x_wconf 87' lang='lat' dir='ltr'>est,</span> 
     </span>
    </p>
   </div>
   <div class='ocr_carea' id='block_1_61' title="bbox 1793 3068 3396 3135">
    <p class='ocr_par' dir='ltr' id='par_1_61' title="bbox 1793 3068 3396 3135">
     <span class='ocr_line' id='line_1_61' title="bbox 1793 3068 3396 3135; baseline -0.001 -13"><span class='ocrx_word' id='word_1_412' title='bbox 1793 3070 1998 3135; x_wconf 89' lang='lat' dir='ltr'>inquit,</span> <span class='ocrx_word' id='word_1_413' title='bbox 2024 3070 2196 3122; x_wconf 85' lang='lat' dir='ltr'>etiam</span> <span class='ocrx_word' id='word_1_414' title='bbox 2218 3070 2453 3122; x_wconf 89' lang='lat' dir='ltr'>dextera</span> <span class='ocrx_word' id='word_1_415' title='bbox 2480 3071 2626 3133; x_wconf 87' lang='lat' dir='ltr'>ejus,</span> <span class='ocrx_word' id='word_1_416' title='bbox 2643 3068 2772 3122; x_wconf 63' lang='lat' dir='ltr'>haec</span> <span class='ocrx_word' id='word_1_417' title='bbox 2787 3074 2948 3122; x_wconf 90' lang='lat' dir='ltr'>estet</span> <span class='ocrx_word' id='word_1_418' title='bbox 2969 3069 3220 3122; x_wconf 89' lang='lat' dir='ltr'>sinistra.</span> <span class='ocrx_word' id='word_1_419' title='bbox 3254 3069 3396 3122; x_wconf 77' lang='lat' dir='ltr'>Haec</span> 
     </span>
    </p>
   </div>
   <div class='ocr_carea' id='block_1_62' title="bbox 1787 3157 3389 3223">
    <p class='ocr_par' dir='ltr' id='par_1_62' title="bbox 1787 3157 3389 3223">
     <span class='ocr_line' id='line_1_62' title="bbox 1787 3157 3389 3223; baseline -0.001 -11"><span class='ocrx_word' id='word_1_420' title='bbox 1787 3164 2003 3223; x_wconf 89' lang='lat' dir='ltr'>autem,</span> <span class='ocrx_word' id='word_1_421' title='bbox 2028 3171 2203 3223; x_wconf 85' lang='lat' dir='ltr'>quam</span> <span class='ocrx_word' id='word_1_422' title='bbox 2226 3160 2321 3210; x_wconf 89' lang='lat' dir='ltr'>isti</span> <span class='ocrx_word' id='word_1_423' title='bbox 2351 3159 2616 3222; x_wconf 74' lang='lat' dir='ltr'>offerunt,</span> <span class='ocrx_word' id='word_1_424' title='bbox 2638 3171 2848 3211; x_wconf 89' lang='lat' dir='ltr'>manus</span> <span class='ocrx_word' id='word_1_425' title='bbox 2868 3157 3022 3210; x_wconf 90' lang='lat' dir='ltr'>unde</span> <span class='ocrx_word' id='word_1_426' title='bbox 3046 3159 3141 3222; x_wconf 91' lang='lat' dir='ltr'>sit,</span> <span class='ocrx_word' id='word_1_427' title='bbox 3158 3170 3231 3211; x_wconf 91' lang='lat' dir='ltr'>vo</span> <span class='ocrx_word' id='word_1_428' title='bbox 3245 3171 3272 3209; x_wconf 95' lang='lat' dir='ltr'>s</span> <span class='ocrx_word' id='word_1_429' title='bbox 3295 3170 3389 3211; x_wconf 83' lang='lat' dir='ltr'>re-</span> 
     </span>
    </p>
   </div>
   <div class='ocr_carea' id='block_1_63' title="bbox 85 3244 3388 3318">
    <p class='ocr_par' dir='ltr' id='par_1_63' title="bbox 85 3244 3388 3318">
     <span class='ocr_line' id='line_1_63' title="bbox 85 3244 3388 3318; baseline 0.001 -20"><span class='ocrx_word' id='word_1_430' title='bbox 85 3246 312 3298; x_wconf 84' lang='lat' dir='ltr'>veritus</span> <span class='ocrx_word' id='word_1_431' title='bbox 330 3246 458 3310; x_wconf 86' lang='lat' dir='ltr'>:Te,</span> <span class='ocrx_word' id='word_1_432' title='bbox 473 3245 679 3310; x_wconf 88' lang='lat' dir='ltr'>inquit,</span> <span class='ocrx_word' id='word_1_433' title='bbox 701 3260 734 3298; x_wconf 90' lang='grc' dir='ltr'>ο</span> <span class='ocrx_word' id='word_1_434' title='bbox 771 3247 1038 3311; x_wconf 86' lang='lat' dir='ltr'>Maxime,</span> <span class='ocrx_word' id='word_1_435' title='bbox 1059 3260 1190 3298; x_wconf 89' lang='lat' dir='ltr'>cum</span> <span class='ocrx_word' id='word_1_436' title='bbox 1209 3260 1322 3312; x_wconf 88' lang='lat' dir='ltr'>quo</span> <span class='ocrx_word' id='word_1_437' title='bbox 1345 3248 1486 3298; x_wconf 90' lang='lat' dir='ltr'>mihi</span> <span class='ocrx_word' id='word_1_438' title='bbox 1513 3261 1694 3299; x_wconf 87' lang='lat' dir='ltr'>unum</span> <span class='ocrx_word' id='word_1_439' title='bbox 1720 3244 1768 3318; x_wconf 61' lang='grc' dir='ltr'>(ξ’,</span> <span class='ocrx_word' id='word_1_440' title='bbox 1794 3250 2017 3314; x_wconf 89' lang='lat' dir='ltr'>quirite.</span> <span class='ocrx_word' id='word_1_441' title='bbox 2044 3251 2204 3301; x_wconf 92' lang='lat' dir='ltr'>Tunc</span> <span class='ocrx_word' id='word_1_442' title='bbox 2227 3249 2330 3314; x_wconf 82' lang='lat' dir='ltr'>[AL</span> <span class='ocrx_word' id='word_1_443' title='bbox 2351 3249 2516 3313; x_wconf 90' lang='lat' dir='ltr'>Tum]</span> <span class='ocrx_word' id='word_1_444' title='bbox 2541 3249 2698 3303; x_wconf 90' lang='lat' dir='ltr'>velut</span> <span class='ocrx_word' id='word_1_445' title='bbox 2720 3261 2839 3301; x_wconf 82' lang='lat' dir='ltr'>nox</span> <span class='ocrx_word' id='word_1_446' title='bbox 2862 3248 3130 3313; x_wconf 66' lang='lat' dir='ltr'>quaedam</span> <span class='ocrx_word' id='word_1_447' title='bbox 3154 3253 3214 3302; x_wconf 89' lang='lat' dir='ltr'>et</span> <span class='ocrx_word' id='word_1_448' title='bbox 3237 3253 3388 3301; x_wconf 90' lang='lat' dir='ltr'>tene-</span> 
     </span>
    </p>
   </div>
   <div class='ocr_carea' id='block_1_64' title="bbox 81 3335 1693 3402">
    <p class='ocr_par' dir='ltr' id='par_1_64' title="bbox 81 3335 1693 3402">
     <span class='ocr_line' id='line_1_64' title="bbox 81 3335 1693 3402; baseline 0 -14"><span class='ocrx_word' id='word_1_449' title='bbox 81 3341 264 3400; x_wconf 90' lang='lat' dir='ltr'>atque</span> <span class='ocrx_word' id='word_1_450' title='bbox 280 3335 434 3387; x_wconf 91' lang='lat' dir='ltr'>idem</span> <span class='ocrx_word' id='word_1_451' title='bbox 458 3335 1074 3400; x_wconf 88' lang='lat' dir='ltr'>confessionisinsigne</span> <span class='ocrx_word' id='word_1_452' title='bbox 1101 3341 1209 3402; x_wconf 88' lang='lat' dir='ltr'>est,</span> <span class='ocrx_word' id='word_1_453' title='bbox 1243 3350 1377 3388; x_wconf 91' lang='lat' dir='ltr'>cum</span> <span class='ocrx_word' id='word_1_454' title='bbox 1409 3349 1523 3402; x_wconf 88' lang='lat' dir='ltr'>quo</span> <span class='ocrx_word' id='word_1_455' title='bbox 1551 3337 1693 3389; x_wconf 85' lang='lat' dir='ltr'>mihi</span> 
     </span>
    </p>
   </div>
   <div class='ocr_carea' id='block_1_65' title="bbox 83 3424 1696 3492">
    <p class='ocr_par' dir='ltr' id='par_1_65' title="bbox 83 3424 1696 3492">
     <span class='ocr_line' id='line_1_65' title="bbox 83 3424 1696 3492; baseline 0.002 -14"><span class='ocrx_word' id='word_1_456' title='bbox 83 3427 304 3492; x_wconf 85' lang='lat' dir='ltr'>pariter</span> <span class='ocrx_word' id='word_1_457' title='bbox 346 3425 586 3477; x_wconf 91' lang='lat' dir='ltr'>mortale</span> <span class='ocrx_word' id='word_1_458' title='bbox 625 3424 822 3477; x_wconf 87' lang='lat' dir='ltr'>lumen</span> <span class='ocrx_word' id='word_1_459' title='bbox 871 3427 1163 3488; x_wconf 76' lang='lat' dir='ltr'>effossum,</span> <span class='ocrx_word' id='word_1_460' title='bbox 1202 3427 1490 3480; x_wconf 87' lang='lat' dir='ltr'>clariorem</span> <span class='ocrx_word' id='word_1_461' title='bbox 1514 3428 1696 3481; x_wconf 91' lang='lat' dir='ltr'>divini</span> 
     </span>
    </p>
   </div>
   <div class='ocr_carea' id='block_1_66' title="bbox 81 3514 1695 3583">
    <p class='ocr_par' dir='ltr' id='par_1_66' title="bbox 81 3514 1695 3583">
     <span class='ocr_line' id='line_1_66' title="bbox 81 3514 1695 3583; baseline 0.002 -16"><span class='ocrx_word' id='word_1_462' title='bbox 81 3515 331 3567; x_wconf 90' lang='lat' dir='ltr'>luminis</span> <span class='ocrx_word' id='word_1_463' title='bbox 346 3514 669 3568; x_wconf 89' lang='lat' dir='ltr'>conciliavit</span> <span class='ocrx_word' id='word_1_464' title='bbox 684 3520 983 3580; x_wconf 90' lang='lat' dir='ltr'>aspectum</span> <span class='ocrx_word' id='word_1_465' title='bbox 1004 3519 1094 3578; x_wconf 90' lang='lat' dir='ltr'>:te,</span> <span class='ocrx_word' id='word_1_466' title='bbox 1114 3517 1494 3582; x_wconf 87' lang='lat' dir='ltr'>inquam,non</span> <span class='ocrx_word' id='word_1_467' title='bbox 1512 3519 1695 3583; x_wconf 90' lang='lat' dir='ltr'>patiar</span> 
     </span>
    </p>
   </div>
   <div class='ocr_carea' id='block_1_67' title="bbox 85 3604 1696 3672">
    <p class='ocr_par' dir='ltr' id='par_1_67' title="bbox 85 3604 1696 3672">
     <span class='ocr_line' id='line_1_67' title="bbox 85 3604 1696 3672; baseline 0.002 -16"><span class='ocrx_word' id='word_1_468' title='bbox 85 3605 294 3657; x_wconf 85' lang='lat' dir='ltr'>sedere</span> <span class='ocrx_word' id='word_1_469' title='bbox 320 3604 381 3655; x_wconf 91' lang='lat' dir='ltr'>in</span> <span class='ocrx_word' id='word_1_470' title='bbox 404 3604 642 3656; x_wconf 90' lang='lat' dir='ltr'>concilio</span> <span class='ocrx_word' id='word_1_471' title='bbox 663 3604 1126 3670; x_wconf 88' lang='lat' dir='ltr'>malignantium,</span> <span class='ocrx_word' id='word_1_472' title='bbox 1156 3612 1213 3658; x_wconf 89' lang='lat' dir='ltr'>et</span> <span class='ocrx_word' id='word_1_473' title='bbox 1238 3621 1372 3659; x_wconf 91' lang='lat' dir='ltr'>cum</span> <span class='ocrx_word' id='word_1_474' title='bbox 1394 3607 1591 3671; x_wconf 88' lang='lat' dir='ltr'>iniqua</span> <span class='ocrx_word' id='word_1_475' title='bbox 1606 3621 1696 3672; x_wconf 86' lang='lat' dir='ltr'>ge-</span> 
     </span>
    </p>
   </div>
   <div class='ocr_carea' id='block_1_68' title="bbox 80 3696 1694 3762">
    <p class='ocr_par' dir='ltr' id='par_1_68' title="bbox 80 3696 1694 3762">
     <span class='ocr_line' id='line_1_68' title="bbox 80 3696 1694 3762; baseline 0.001 -13"><span class='ocrx_word' id='word_1_476' title='bbox 80 3697 354 3749; x_wconf 87' lang='lat' dir='ltr'>rentibus</span> <span class='ocrx_word' id='word_1_477' title='bbox 389 3696 640 3747; x_wconf 90' lang='lat' dir='ltr'>introire.</span> <span class='ocrx_word' id='word_1_478' title='bbox 666 3696 994 3762; x_wconf 87' lang='lat' dir='ltr'>Injectaque</span> <span class='ocrx_word' id='word_1_479' title='bbox 1010 3709 1184 3750; x_wconf 81' lang='lat' dir='ltr'>manu</span> <span class='ocrx_word' id='word_1_480' title='bbox 1213 3697 1447 3751; x_wconf 89' lang='lat' dir='ltr'>elevans</span> <span class='ocrx_word' id='word_1_481' title='bbox 1471 3711 1604 3751; x_wconf 91' lang='lat' dir='ltr'>eum</span> <span class='ocrx_word' id='word_1_482' title='bbox 1623 3699 1694 3751; x_wconf 91' lang='lat' dir='ltr'>de</span> 
     </span>
    </p>
   </div>
   <div class='ocr_carea' id='block_1_69' title="bbox 81 3786 1696 3854">
    <p class='ocr_par' dir='ltr' id='par_1_69' title="bbox 81 3786 1696 3854">
     <span class='ocr_line' id='line_1_69' title="bbox 81 3786 1696 3854; baseline 0.001 -15"><span class='ocrx_word' id='word_1_483' title='bbox 81 3787 282 3839; x_wconf 91' lang='lat' dir='ltr'>medio</span> <span class='ocrx_word' id='word_1_484' title='bbox 333 3798 548 3851; x_wconf 90' lang='lat' dir='ltr'>eorum,</span> <span class='ocrx_word' id='word_1_485' title='bbox 581 3800 648 3840; x_wconf 89' lang='lat' dir='ltr'>ac</span> <span class='ocrx_word' id='word_1_486' title='bbox 675 3787 746 3840; x_wconf 91' lang='lat' dir='ltr'>de</span> <span class='ocrx_word' id='word_1_487' title='bbox 778 3786 1019 3852; x_wconf 86' lang='lat' dir='ltr'>singulis</span> <span class='ocrx_word' id='word_1_488' title='bbox 1064 3786 1377 3853; x_wconf 88' lang='lat' dir='ltr'>instruens,</span> <span class='ocrx_word' id='word_1_489' title='bbox 1417 3792 1696 3854; x_wconf 89' lang='lat' dir='ltr'>perpetua</span> 
     </span>
    </p>
   </div>
   <div class='ocr_carea' id='block_1_70' title="bbox 82 3877 1694 3932">
    <p class='ocr_par' dir='ltr' id='par_1_70' title="bbox 82 3877 1694 3932">
     <span class='ocr_line' id='line_1_70' title="bbox 82 3877 1694 3932; baseline 0 -1"><span class='ocrx_word' id='word_1_490' title='bbox 82 3877 300 3931; x_wconf 82' lang='lat' dir='ltr'>dehinc</span> <span class='ocrx_word' id='word_1_491' title='bbox 312 3877 626 3929; x_wconf 88' lang='lat' dir='ltr'>Athanasio</span> <span class='ocrx_word' id='word_1_492' title='bbox 639 3877 1045 3930; x_wconf 89' lang='lat' dir='ltr'>communione</span> <span class='ocrx_word' id='word_1_493' title='bbox 1063 3877 1442 3930; x_wconf 88' lang='lat' dir='ltr'>sociavit.Sed</span> <span class='ocrx_word' id='word_1_494' title='bbox 1460 3878 1694 3932; x_wconf 90' lang='lat' dir='ltr'>interim</span> 
     </span>
    </p>
   </div>
   <div class='ocr_carea' id='block_1_71' title="bbox 85 3967 1698 4022">
    <p class='ocr_par' dir='ltr' id='par_1_71' title="bbox 85 3967 1698 4022">
     <span class='ocr_line' id='line_1_71' title="bbox 85 3967 1698 4022; baseline 0.001 -2"><span class='ocrx_word' id='word_1_495' title='bbox 85 3981 302 4020; x_wconf 87' lang='lat' dir='ltr'>caussa</span> <span class='ocrx_word' id='word_1_496' title='bbox 324 3967 550 4018; x_wconf 91' lang='lat' dir='ltr'>dicitur.</span> <span class='ocrx_word' id='word_1_497' title='bbox 577 3968 765 4020; x_wconf 90' lang='lat' dir='ltr'>Prima</span> <span class='ocrx_word' id='word_1_498' title='bbox 779 3967 1163 4020; x_wconf 90' lang='lat' dir='ltr'>introducitur</span> <span class='ocrx_word' id='word_1_499' title='bbox 1184 3968 1476 4021; x_wconf 88' lang='lat' dir='ltr'>accusatio</span> <span class='ocrx_word' id='word_1_500' title='bbox 1491 3969 1698 4022; x_wconf 90' lang='lat' dir='ltr'>mulie-</span> 
     </span>
    </p>
   </div>
   <div class='ocr_carea' id='block_1_72' title="bbox 82 4053 1695 4124">
    <p class='ocr_par' dir='ltr' id='par_1_72' title="bbox 82 4053 1695 4124">
     <span class='ocr_line' id='line_1_72' title="bbox 82 4053 1695 4124; baseline 0 -13"><span class='ocrx_word' id='word_1_501' title='bbox 82 4059 164 4111; x_wconf 86' lang='lat' dir='ltr'>ris</span> <span class='ocrx_word' id='word_1_502' title='bbox 204 4053 533 4121; x_wconf 85' lang='lat' dir='ltr'>cujusdam,</span> <span class='ocrx_word' id='word_1_503' title='bbox 576 4069 710 4122; x_wconf 88' lang='lat' dir='ltr'>quae</span> <span class='ocrx_word' id='word_1_504' title='bbox 754 4070 815 4109; x_wconf 89' lang='lat' dir='ltr'>se</span> <span class='ocrx_word' id='word_1_505' title='bbox 853 4057 1065 4110; x_wconf 88' lang='lat' dir='ltr'>diceret</span> <span class='ocrx_word' id='word_1_506' title='bbox 1109 4057 1416 4121; x_wconf 85' lang='lat' dir='ltr'>aliquando</span> <span class='ocrx_word' id='word_1_507' title='bbox 1449 4057 1695 4124; x_wconf 87' lang='lat' dir='ltr'>hospitio</span> 
     </span>
    </p>
   </div>
   <div class='ocr_carea' id='block_1_73' title="bbox 84 4146 1695 4212">
    <p class='ocr_par' dir='ltr' id='par_1_73' title="bbox 84 4146 1695 4212">
     <span class='ocr_line' id='line_1_73' title="bbox 84 4146 1695 4212; baseline 0.001 -12"><span class='ocrx_word' id='word_1_508' title='bbox 84 4147 480 4200; x_wconf 87' lang='lat' dir='ltr'>Athanasium</span> <span class='ocrx_word' id='word_1_509' title='bbox 507 4148 792 4211; x_wconf 90' lang='lat' dir='ltr'>recepisse</span> <span class='ocrx_word' id='word_1_510' title='bbox 808 4146 912 4212; x_wconf 87' lang='lat' dir='ltr'>[AL</span> <span class='ocrx_word' id='word_1_511' title='bbox 942 4147 1383 4212; x_wconf 90' lang='lat' dir='ltr'>suscepisse],et</span> <span class='ocrx_word' id='word_1_512' title='bbox 1404 4148 1477 4200; x_wconf 91' lang='lat' dir='ltr'>ab</span> <span class='ocrx_word' id='word_1_513' title='bbox 1502 4161 1568 4200; x_wconf 90' lang='lat' dir='ltr'>eo</span> <span class='ocrx_word' id='word_1_514' title='bbox 1591 4161 1695 4202; x_wconf 88' lang='lat' dir='ltr'>no-</span> 
     </span>
    </p>
   </div>
   <div class='ocr_carea' id='block_1_74' title="bbox 87 4237 1699 4305">
    <p class='ocr_par' dir='ltr' id='par_1_74' title="bbox 87 4237 1699 4305">
     <span class='ocr_line' id='line_1_74' title="bbox 87 4237 1699 4305; baseline 0.001 -14"><span class='ocrx_word' id='word_1_515' title='bbox 87 4243 192 4292; x_wconf 88' lang='lat' dir='ltr'>ctu</span> <span class='ocrx_word' id='word_1_516' title='bbox 204 4238 352 4290; x_wconf 88' lang='lat' dir='ltr'>nihil</span> <span class='ocrx_word' id='word_1_517' title='bbox 364 4238 769 4302; x_wconf 87' lang='lat' dir='ltr'>suspicantem.</span> <span class='ocrx_word' id='word_1_518' title='bbox 788 4237 907 4290; x_wconf 88' lang='lat' dir='ltr'>vim</span> <span class='ocrx_word' id='word_1_519' title='bbox 923 4237 1300 4302; x_wconf 88' lang='lat' dir='ltr'>corruptionis</span> <span class='ocrx_word' id='word_1_520' title='bbox 1322 4251 1453 4292; x_wconf 90' lang='lat' dir='ltr'>esse</span> <span class='ocrx_word' id='word_1_521' title='bbox 1467 4253 1699 4305; x_wconf 87' lang='lat' dir='ltr'>perpes-</span> 
     </span>
    </p>
   </div>
   <div class='ocr_carea' id='block_1_75' title="bbox 87 4327 1699 4397">
    <p class='ocr_par' dir='ltr' id='par_1_75' title="bbox 87 4327 1699 4397">
     <span class='ocr_line' id='line_1_75' title="bbox 87 4327 1699 4397; baseline 0.004 -16"><span class='ocrx_word' id='word_1_522' title='bbox 87 4341 238 4381; x_wconf 88' lang='lat' dir='ltr'>sam.</span> <span class='ocrx_word' id='word_1_523' title='bbox 252 4327 547 4380; x_wconf 90' lang='lat' dir='ltr'>Introduci</span> <span class='ocrx_word' id='word_1_524' title='bbox 563 4327 634 4379; x_wconf 92' lang='lat' dir='ltr'>ad</span> <span class='ocrx_word' id='word_1_525' title='bbox 646 4327 772 4379; x_wconf 78' lang='lat' dir='ltr'>haec</span> <span class='ocrx_word' id='word_1_526' title='bbox 785 4327 804 4392; x_wconf 90' lang='lat' dir='ltr'>j</span> <span class='ocrx_word' id='word_1_527' title='bbox 816 4327 1020 4380; x_wconf 90' lang='lat' dir='ltr'>ubetur</span> <span class='ocrx_word' id='word_1_528' title='bbox 1034 4328 1389 4382; x_wconf 87' lang='lat' dir='ltr'>Athanasius</span> <span class='ocrx_word' id='word_1_529' title='bbox 1415 4345 1428 4383; x_wconf 90' lang='lat'><strong>:</strong></span> <span class='ocrx_word' id='word_1_530' title='bbox 1445 4331 1699 4397; x_wconf 49' lang='lat' dir='ltr'>ingredi-</span> 
     </span>
    </p>
   </div>
   <div class='ocr_carea' id='block_1_76' title="bbox 84 4418 1696 4489">
    <p class='ocr_par' dir='ltr' id='par_1_76' title="bbox 84 4418 1696 4489">
     <span class='ocr_line' id='line_1_76' title="bbox 84 4418 1696 4489; baseline 0.004 -18"><span class='ocrx_word' id='word_1_531' title='bbox 84 4424 181 4471; x_wconf 85' lang='lat' dir='ltr'>tur</span> <span class='ocrx_word' id='word_1_532' title='bbox 205 4431 344 4489; x_wconf 82' lang='lat' dir='ltr'>cum</span> <span class='ocrx_word' id='word_1_533' title='bbox 374 4418 671 4470; x_wconf 89' lang='lat' dir='ltr'>Timotheo</span> <span class='ocrx_word' id='word_1_534' title='bbox 699 4418 1032 4482; x_wconf 85' lang='lat' dir='ltr'>presbytero</span> <span class='ocrx_word' id='word_1_535' title='bbox 1058 4428 1184 4479; x_wconf 89' lang='lat' dir='ltr'>suo,</span> <span class='ocrx_word' id='word_1_536' title='bbox 1207 4431 1457 4484; x_wconf 89' lang='lat' dir='ltr'>eumque</span> <span class='ocrx_word' id='word_1_537' title='bbox 1479 4429 1696 4489; x_wconf 91' lang='lat' dir='ltr'>monet,</span> 
     </span>
    </p>
   </div>
   <div class='ocr_carea' id='block_1_77' title="bbox 1796 3338 3390 3404">
    <p class='ocr_par' dir='ltr' id='par_1_77' title="bbox 1796 3338 3390 3404">
     <span class='ocr_line' id='line_1_77' title="bbox 1796 3338 3390 3404; baseline 0 -13"><span class='ocrx_word' id='word_1_538' title='bbox 1796 3340 1915 3391; x_wconf 84' lang='lat' dir='ltr'>brae</span> <span class='ocrx_word' id='word_1_539' title='bbox 1948 3341 2347 3391; x_wconf 88' lang='lat' dir='ltr'>accusatorum</span> <span class='ocrx_word' id='word_1_540' title='bbox 2369 3338 2550 3390; x_wconf 90' lang='lat' dir='ltr'>oculis</span> <span class='ocrx_word' id='word_1_541' title='bbox 2573 3338 2804 3403; x_wconf 83' lang='lat' dir='ltr'>infusae,</span> <span class='ocrx_word' id='word_1_542' title='bbox 2829 3338 2968 3401; x_wconf 89' lang='lat' dir='ltr'>quid</span> <span class='ocrx_word' id='word_1_543' title='bbox 2992 3342 3247 3403; x_wconf 86' lang='lat' dir='ltr'>agerent,</span> <span class='ocrx_word' id='word_1_544' title='bbox 3274 3351 3390 3404; x_wconf 89' lang='lat' dir='ltr'>quo</span> 
     </span>
    </p>
   </div>
   <div class='ocr_carea' id='block_1_78' title="bbox 1795 3428 3397 3494">
    <p class='ocr_par' dir='ltr' id='par_1_78' title="bbox 1795 3428 3397 3494">
     <span class='ocr_line' id='line_1_78' title="bbox 1795 3428 3397 3494; baseline 0.001 -14"><span class='ocrx_word' id='word_1_545' title='bbox 1795 3441 1858 3480; x_wconf 91' lang='lat' dir='ltr'>se</span> <span class='ocrx_word' id='word_1_546' title='bbox 1886 3431 2190 3492; x_wconf 87' lang='lat' dir='ltr'>verterent,</span> <span class='ocrx_word' id='word_1_547' title='bbox 2216 3429 2570 3481; x_wconf 87' lang='lat' dir='ltr'>nesciebant.</span> <span class='ocrx_word' id='word_1_548' title='bbox 2594 3430 2793 3494; x_wconf 90' lang='lat' dir='ltr'>Ipsum</span> <span class='ocrx_word' id='word_1_549' title='bbox 2821 3428 3036 3493; x_wconf 79' lang='lat' dir='ltr'>etenim</span> <span class='ocrx_word' id='word_1_550' title='bbox 3060 3441 3192 3480; x_wconf 91' lang='lat' dir='ltr'>esse</span> <span class='ocrx_word' id='word_1_551' title='bbox 3221 3429 3397 3481; x_wconf 86' lang='lat' dir='ltr'>Arse-</span> 
     </span>
    </p>
   </div>
   <div class='ocr_carea' id='block_1_79' title="bbox 1794 3517 3395 3584">
    <p class='ocr_par' dir='ltr' id='par_1_79' title="bbox 1794 3517 3395 3584">
     <span class='ocr_line' id='line_1_79' title="bbox 1794 3517 3395 3584; baseline 0.001 -14"><span class='ocrx_word' id='word_1_552' title='bbox 1794 3518 1956 3570; x_wconf 91' lang='lat' dir='ltr'>nium</span> <span class='ocrx_word' id='word_1_553' title='bbox 1973 3521 2152 3570; x_wconf 89' lang='lat' dir='ltr'>testes</span> <span class='ocrx_word' id='word_1_554' title='bbox 2169 3518 2269 3581; x_wconf 88' lang='lat' dir='ltr'>qui</span> <span class='ocrx_word' id='word_1_555' title='bbox 2297 3518 2467 3584; x_wconf 90' lang='lat' dir='ltr'>paulo</span> <span class='ocrx_word' id='word_1_556' title='bbox 2483 3522 2618 3571; x_wconf 85' lang='lat' dir='ltr'>ante</span> <span class='ocrx_word' id='word_1_557' title='bbox 2639 3519 2649 3548; x_wconf 77' lang='lat'><strong>‘</strong></span> <span class='ocrx_word' id='word_1_558' title='bbox 2672 3518 2821 3570; x_wconf 87' lang='lat' dir='ltr'>scire</span> <span class='ocrx_word' id='word_1_559' title='bbox 2855 3531 2916 3570; x_wconf 91' lang='lat' dir='ltr'>se</span> <span class='ocrx_word' id='word_1_560' title='bbox 2952 3517 3233 3583; x_wconf 84' lang='lat' dir='ltr'>dixerant,</span> <span class='ocrx_word' id='word_1_561' title='bbox 3259 3528 3395 3571; x_wconf 88' lang='lat' dir='ltr'>con-</span> 
     </span>
    </p>
   </div>
   <div class='ocr_carea' id='block_1_80' title="bbox 1795 3603 3396 3674">
    <p class='ocr_par' dir='ltr' id='par_1_80' title="bbox 1795 3603 3396 3674">
     <span class='ocr_line' id='line_1_80' title="bbox 1795 3603 3396 3674; baseline 0.001 -16"><span class='ocrx_word' id='word_1_562' title='bbox 1795 3607 2122 3660; x_wconf 87' lang='lat' dir='ltr'>firmabant.</span> <span class='ocrx_word' id='word_1_563' title='bbox 2149 3608 2383 3672; x_wconf 87' lang='lat' dir='ltr'>Verum,</span> <span class='ocrx_word' id='word_1_564' title='bbox 2414 3608 2550 3672; x_wconf 87' lang='lat' dir='ltr'>quia</span> <span class='ocrx_word' id='word_1_565' title='bbox 2576 3620 2690 3659; x_wconf 94' lang='lat' dir='ltr'>non</span> <span class='ocrx_word' id='word_1_566' title='bbox 2713 3607 3010 3672; x_wconf 90' lang='lat' dir='ltr'>judicandi</span> <span class='ocrx_word' id='word_1_567' title='bbox 3071 3603 3246 3674; x_wconf 73' lang='lat'>246</span> <span class='ocrx_word' id='word_1_568' title='bbox 3293 3604 3396 3659; x_wconf 87' lang='lat' dir='ltr'>sed</span> 
     </span>
    </p>
   </div>
   <div class='ocr_carea' id='block_1_81' title="bbox 1795 3696 3393 3763">
    <p class='ocr_par' dir='ltr' id='par_1_81' title="bbox 1795 3696 3393 3763">
     <span class='ocr_line' id='line_1_81' title="bbox 1795 3696 3393 3763; baseline -0.001 -13"><span class='ocrx_word' id='word_1_569' title='bbox 1795 3697 2153 3763; x_wconf 85' lang='lat' dir='ltr'>opprimendi</span> <span class='ocrx_word' id='word_1_570' title='bbox 2193 3696 2444 3749; x_wconf 91' lang='lat' dir='ltr'>hominis</span> <span class='ocrx_word' id='word_1_571' title='bbox 2482 3710 2690 3749; x_wconf 89' lang='lat' dir='ltr'>caussa</span> <span class='ocrx_word' id='word_1_572' title='bbox 2721 3697 3027 3749; x_wconf 90' lang='lat' dir='ltr'>concilium</span> <span class='ocrx_word' id='word_1_573' title='bbox 3067 3699 3393 3762; x_wconf 87' lang='lat' dir='ltr'>gerebatur,</span> 
     </span>
    </p>
   </div>
   <div class='ocr_carea' id='block_1_82' title="bbox 1794 3786 3398 3852">
    <p class='ocr_par' dir='ltr' id='par_1_82' title="bbox 1794 3786 3398 3852">
     <span class='ocr_line' id='line_1_82' title="bbox 1794 3786 3398 3852; baseline 0.001 -14"><span class='ocrx_word' id='word_1_574' title='bbox 1794 3787 1985 3851; x_wconf 86' lang='lat' dir='ltr'>fragor</span> <span class='ocrx_word' id='word_1_575' title='bbox 2013 3786 2273 3838; x_wconf 90' lang='lat' dir='ltr'>omnium</span> <span class='ocrx_word' id='word_1_576' title='bbox 2327 3791 2561 3851; x_wconf 89' lang='lat' dir='ltr'>repente</span> <span class='ocrx_word' id='word_1_577' title='bbox 2603 3786 2898 3852; x_wconf 88' lang='lat' dir='ltr'>attollitur,</span> <span class='ocrx_word' id='word_1_578' title='bbox 2962 3798 3199 3851; x_wconf 87' lang='lat' dir='ltr'>magum</span> <span class='ocrx_word' id='word_1_579' title='bbox 3261 3799 3398 3840; x_wconf 85' lang='lat' dir='ltr'>esse</span> 
     </span>
    </p>
   </div>
   <div class='ocr_carea' id='block_1_83' title="bbox 1797 3875 3395 3942">
    <p class='ocr_par' dir='ltr' id='par_1_83' title="bbox 1797 3875 3395 3942">
     <span class='ocr_line' id='line_1_83' title="bbox 1797 3875 3395 3942; baseline -0.001 -13"><span class='ocrx_word' id='word_1_580' title='bbox 1797 3875 2197 3929; x_wconf 89' lang='lat' dir='ltr'>Athanasium.</span> <span class='ocrx_word' id='word_1_581' title='bbox 2225 3879 2281 3928; x_wconf 90' lang='lat' dir='ltr'>et</span> <span class='ocrx_word' id='word_1_582' title='bbox 2290 3876 2550 3942; x_wconf 88' lang='lat' dir='ltr'>decipere</span> <span class='ocrx_word' id='word_1_583' title='bbox 2565 3875 2917 3929; x_wconf 88' lang='lat' dir='ltr'>intuentium</span> <span class='ocrx_word' id='word_1_584' title='bbox 2946 3875 3161 3940; x_wconf 89' lang='lat' dir='ltr'>oculos,</span> <span class='ocrx_word' id='word_1_585' title='bbox 3174 3876 3395 3928; x_wconf 85' lang='lat' dir='ltr'>concla-</span> 
     </span>
    </p>
   </div>
   <div class='ocr_carea' id='block_1_84' title="bbox 1795 3973 3395 4035">
    <p class='ocr_par' dir='ltr' id='par_1_84' title="bbox 1795 3973 3395 4035">
     <span class='ocr_line' id='line_1_84' title="bbox 1795 3973 3395 4035; baseline 0 -8"><span class='ocrx_word' id='word_1_586' title='bbox 1795 3977 2002 4035; x_wconf 87' lang='lat' dir='ltr'>matur,</span> <span class='ocrx_word' id='word_1_587' title='bbox 2029 3987 2134 4026; x_wconf 91' lang='lat' dir='ltr'>nec</span> <span class='ocrx_word' id='word_1_588' title='bbox 2162 3973 2370 4026; x_wconf 89' lang='lat' dir='ltr'>debere</span> <span class='ocrx_word' id='word_1_589' title='bbox 2392 3973 2510 4026; x_wconf 92' lang='lat' dir='ltr'>ullo</span> <span class='ocrx_word' id='word_1_590' title='bbox 2538 3974 2709 4026; x_wconf 92' lang='lat' dir='ltr'>modo</span> <span class='ocrx_word' id='word_1_591' title='bbox 2735 3975 2882 4027; x_wconf 84' lang='lat' dir='ltr'>ultra</span> <span class='ocrx_word' id='word_1_592' title='bbox 2904 3974 3075 4026; x_wconf 88' lang='lat' dir='ltr'>talem</span> <span class='ocrx_word' id='word_1_593' title='bbox 3098 3973 3395 4027; x_wconf 87' lang='lat' dir='ltr'>hominem</span> 
     </span>
    </p>
   </div>
   <div class='ocr_carea' id='block_1_85' title="bbox 1797 4063 3400 4128">
    <p class='ocr_par' dir='ltr' id='par_1_85' title="bbox 1797 4063 3400 4128">
     <span class='ocr_line' id='line_1_85' title="bbox 1797 4063 3400 4128; baseline -0.002 -10"><span class='ocrx_word' id='word_1_594' title='bbox 1797 4063 2032 4127; x_wconf 85' lang='lat' dir='ltr'>vivere;</span> <span class='ocrx_word' id='word_1_595' title='bbox 2062 4063 2330 4128; x_wconf 88' lang='lat' dir='ltr'>factoque</span> <span class='ocrx_word' id='word_1_596' title='bbox 2345 4063 2581 4128; x_wconf 89' lang='lat' dir='ltr'>impetu,</span> <span class='ocrx_word' id='word_1_597' title='bbox 2608 4063 2730 4115; x_wconf 87' lang='lat' dir='ltr'>suis</span> <span class='ocrx_word' id='word_1_598' title='bbox 2742 4076 2873 4115; x_wconf 87' lang='lat' dir='ltr'>eum</span> <span class='ocrx_word' id='word_1_599' title='bbox 2889 4063 3400 4125; x_wconf 89' lang='lat' dir='ltr'>discerperemani—</span> 
     </span>
    </p>
   </div>
   <div class='ocr_carea' id='block_1_86' title="bbox 1798 4152 3399 4219">
    <p class='ocr_par' dir='ltr' id='par_1_86' title="bbox 1798 4152 3399 4219">
     <span class='ocr_line' id='line_1_86' title="bbox 1798 4152 3399 4219; baseline -0.001 -13"><span class='ocrx_word' id='word_1_600' title='bbox 1798 4155 1908 4207; x_wconf 90' lang='lat' dir='ltr'>bus</span> <span class='ocrx_word' id='word_1_601' title='bbox 1947 4157 2173 4219; x_wconf 89' lang='lat' dir='ltr'>parant.</span> <span class='ocrx_word' id='word_1_602' title='bbox 2220 4153 2329 4206; x_wconf 90' lang='lat' dir='ltr'>Sed</span> <span class='ocrx_word' id='word_1_603' title='bbox 2376 4152 2713 4217; x_wconf 85' lang='lat' dir='ltr'>Archelaus,</span> <span class='ocrx_word' id='word_1_604' title='bbox 2759 4153 2856 4218; x_wconf 91' lang='lat' dir='ltr'>qui</span> <span class='ocrx_word' id='word_1_605' title='bbox 2896 4165 3030 4205; x_wconf 88' lang='lat' dir='ltr'>cum</span> <span class='ocrx_word' id='word_1_606' title='bbox 3073 4153 3298 4206; x_wconf 79' lang='lat' dir='ltr'>caeteris</span> <span class='ocrx_word' id='word_1_607' title='bbox 3323 4165 3399 4205; x_wconf 84' lang='lat' dir='ltr'>ex</span> 
     </span>
    </p>
   </div>
   <div class='ocr_carea' id='block_1_87' title="bbox 1798 4241 3399 4310">
    <p class='ocr_par' dir='ltr' id='par_1_87' title="bbox 1798 4241 3399 4310">
     <span class='ocr_line' id='line_1_87' title="bbox 1798 4241 3399 4310; baseline -0.002 -12"><span class='ocrx_word' id='word_1_608' title='bbox 1798 4247 2086 4310; x_wconf 68' lang='lat' dir='ltr'>praecepto</span> <span class='ocrx_word' id='word_1_609' title='bbox 2112 4243 2474 4308; x_wconf 87' lang='lat' dir='ltr'>Imperatoris</span> <span class='ocrx_word' id='word_1_610' title='bbox 2497 4242 2736 4295; x_wconf 86' lang='lat' dir='ltr'>concilio</span> <span class='ocrx_word' id='word_1_611' title='bbox 2751 4241 3114 4308; x_wconf 84' lang='lat' dir='ltr'>praesidebat,</span> <span class='ocrx_word' id='word_1_612' title='bbox 3139 4246 3399 4308; x_wconf 89' lang='lat' dir='ltr'>ereptum</span> 
     </span>
    </p>
   </div>
   <div class='ocr_carea' id='block_1_88' title="bbox 1801 4331 3400 4400">
    <p class='ocr_par' dir='ltr' id='par_1_88' title="bbox 1801 4331 3400 4400">
     <span class='ocr_line' id='line_1_88' title="bbox 1801 4331 3400 4400; baseline -0.001 -14"><span class='ocrx_word' id='word_1_613' title='bbox 1801 4347 1929 4386; x_wconf 90' lang='lat' dir='ltr'>eum</span> <span class='ocrx_word' id='word_1_614' title='bbox 1951 4335 2022 4386; x_wconf 91' lang='lat' dir='ltr'>de</span> <span class='ocrx_word' id='word_1_615' title='bbox 2058 4333 2163 4399; x_wconf 84' lang='lat' dir='ltr'>[AL</span> <span class='ocrx_word' id='word_1_616' title='bbox 2190 4334 2282 4398; x_wconf 84' lang='lat' dir='ltr'>ex]</span> <span class='ocrx_word' id='word_1_617' title='bbox 2305 4333 2749 4400; x_wconf 86' lang='lat' dir='ltr'>discerpentium</span> <span class='ocrx_word' id='word_1_618' title='bbox 2770 4333 3058 4399; x_wconf 87' lang='lat' dir='ltr'>manibus,</span> <span class='ocrx_word' id='word_1_619' title='bbox 3083 4345 3183 4398; x_wconf 89' lang='lat' dir='ltr'>per</span> <span class='ocrx_word' id='word_1_620' title='bbox 3204 4331 3400 4385; x_wconf 83' lang='lat' dir='ltr'>occul-</span> 
     </span>
    </p>
   </div>
   <div class='ocr_carea' id='block_1_89' title="bbox 1803 4421 3400 4489">
    <p class='ocr_par' dir='ltr' id='par_1_89' title="bbox 1803 4421 3400 4489">
     <span class='ocr_line' id='line_1_89' title="bbox 1803 4421 3400 4489; baseline -0.002 -12"><span class='ocrx_word' id='word_1_621' title='bbox 1803 4428 1894 4477; x_wconf 85' lang='lat' dir='ltr'>tos</span> <span class='ocrx_word' id='word_1_622' title='bbox 1916 4424 2107 4476; x_wconf 88' lang='lat' dir='ltr'>exitus</span> <span class='ocrx_word' id='word_1_623' title='bbox 2128 4423 2141 4465; x_wconf 80' lang='grc'>³</span> <span class='ocrx_word' id='word_1_624' title='bbox 2163 4423 2385 4489; x_wconf 84' lang='lat' dir='ltr'>eduxit,</span> <span class='ocrx_word' id='word_1_625' title='bbox 2410 4437 2477 4476; x_wconf 90' lang='lat' dir='ltr'>ac</span> <span class='ocrx_word' id='word_1_626' title='bbox 2512 4423 2668 4489; x_wconf 86' lang='lat' dir='ltr'>fugae</span> <span class='ocrx_word' id='word_1_627' title='bbox 2693 4426 2828 4489; x_wconf 89' lang='lat' dir='ltr'>(qua</span> <span class='ocrx_word' id='word_1_628' title='bbox 2851 4422 3039 4476; x_wconf 90' lang='lat' dir='ltr'>solum</span> <span class='ocrx_word' id='word_1_629' title='bbox 3061 4421 3274 4487; x_wconf 85' lang='lat' dir='ltr'>posset)</span> <span class='ocrx_word' id='word_1_630' title='bbox 3304 4433 3400 4474; x_wconf 56' lang='lat' dir='ltr'>sa.</span> 
     </span>
    </p>
   </div>
   <div class='ocr_carea' id='block_1_90' title="bbox 86 4507 3402 4618">
    <p class='ocr_par' dir='ltr' id='par_1_90' title="bbox 86 4507 3402 4618">
     <span class='ocr_line' id='line_1_90' title="bbox 86 4507 3402 4618; baseline 0.001 -57"><span class='ocrx_word' id='word_1_631' title='bbox 86 4513 554 4575; x_wconf 85' lang='lat' dir='ltr'>utposteaquam</span> <span class='ocrx_word' id='word_1_632' title='bbox 576 4507 782 4560; x_wconf 89' lang='lat' dir='ltr'>mulier</span> <span class='ocrx_word' id='word_1_633' title='bbox 803 4507 1032 4560; x_wconf 90' lang='lat' dir='ltr'>dicendi</span> <span class='ocrx_word' id='word_1_634' title='bbox 1053 4508 1229 4562; x_wconf 79' lang='lat' dir='ltr'>finem</span> <span class='ocrx_word' id='word_1_635' title='bbox 1251 4509 1500 4577; x_wconf 89' lang='lat' dir='ltr'>fecisset,</span> <span class='ocrx_word' id='word_1_636' title='bbox 1527 4525 1588 4566; x_wconf 88' lang='lat' dir='ltr'>se</span> <span class='ocrx_word' id='word_1_637' title='bbox 1613 4519 1698 4566; x_wconf 85' lang='lat' dir='ltr'>ta-</span> <span class='ocrx_word' id='word_1_638' title='bbox 1719 4544 1777 4618; x_wconf 84' lang='lat' dir='ltr'><strong>D</strong></span> <span class='ocrx_word' id='word_1_639' title='bbox 1798 4513 1979 4566; x_wconf 87' lang='lat' dir='ltr'>lutem</span> <span class='ocrx_word' id='word_1_640' title='bbox 1995 4513 2217 4565; x_wconf 88' lang='lat' dir='ltr'>monuit</span> <span class='ocrx_word' id='word_1_641' title='bbox 2247 4512 2668 4566; x_wconf 89' lang='lat' dir='ltr'>commendare.</span> <span class='ocrx_word' id='word_1_642' title='bbox 2700 4511 3018 4566; x_wconf 88' lang='lat' dir='ltr'>Concilium</span> <span class='ocrx_word' id='word_1_643' title='bbox 3058 4515 3252 4563; x_wconf 90' lang='lat' dir='ltr'>tamen</span> <span class='ocrx_word' id='word_1_644' title='bbox 3273 4521 3402 4563; x_wconf 80' lang='lat' dir='ltr'>rur-</span> 
     </span>
     <span class='ocr_line' id='line_1_91' title="bbox 96 4597 3364 4618; baseline 0.001 -4"><span class='ocrx_word' id='word_1_645' title='bbox 96 4603 258 4618; x_wconf 33' lang='grc' dir='ltr'>μω.-</span> <span class='ocrx_word' id='word_1_646' title='bbox 310 4598 470 4618; x_wconf 71' lang='grc'><em>,,,,,</em></span> <span class='ocrx_word' id='word_1_647' title='bbox 511 4597 577 4618; x_wconf 58' lang='grc' dir='ltr'>η,</span> <span class='ocrx_word' id='word_1_648' title='bbox 610 4611 665 4618; x_wconf 41' lang='grc' dir='ltr'>,Α</span> <span class='ocrx_word' id='word_1_649' title='bbox 698 4610 824 4618; x_wconf 69' lang='lat'>__-_</span> <span class='ocrx_word' id='word_1_650' title='bbox 866 4598 1470 4618; x_wconf 42' lang='lat' dir='ltr'>..___-._-_‘__J_“.</span> <span class='ocrx_word' id='word_1_651' title='bbox 1537 4603 1667 4618; x_wconf 55' lang='lat' dir='ltr'>n____</span> <span class='ocrx_word' id='word_1_652' title='bbox 1803 4615 1920 4618; x_wconf 34' lang='grc' dir='ltr'>μμ-</span> <span class='ocrx_word' id='word_1_653' title='bbox 1963 4601 2305 4618; x_wconf 66' lang='lat'>_-__-_.___</span> <span class='ocrx_word' id='word_1_654' title='bbox 2368 4605 2636 4618; x_wconf 34' lang='lat' dir='ltr'>.______n-</span> <span class='ocrx_word' id='word_1_655' title='bbox 2683 4601 2890 4618; x_wconf 56' lang='lat' dir='ltr'>_._.L..</span> <span class='ocrx_word' id='word_1_656' title='bbox 2922 4601 3142 4618; x_wconf 33' lang='grc' dir='ltr'>,ΛΑ-,μ</span> <span class='ocrx_word' id='word_1_657' title='bbox 3201 4601 3364 4618; x_wconf 59' lang='lat'>.____</span> 
     </span>
    </p>
   </div>
   <div class='ocr_carea' id='block_1_91' title="bbox 87 4597 1699 4665">
    <p class='ocr_par' dir='ltr' id='par_1_91' title="bbox 87 4597 1699 4665">
     <span class='ocr_line' id='line_1_92' title="bbox 87 4597 1699 4665; baseline 0.002 -13"><span class='ocrx_word' id='word_1_658' title='bbox 87 4603 282 4663; x_wconf 89' lang='lat' dir='ltr'>cente,</span> <span class='ocrx_word' id='word_1_659' title='bbox 310 4607 328 4628; x_wconf 78' lang='lat'><strong><em>°</em></strong></span> <span class='ocrx_word' id='word_1_660' title='bbox 351 4598 475 4663; x_wconf 89' lang='lat' dir='ltr'>ipse</span> <span class='ocrx_word' id='word_1_661' title='bbox 509 4597 582 4650; x_wconf 88' lang='lat' dir='ltr'>ad</span> <span class='ocrx_word' id='word_1_662' title='bbox 606 4611 673 4650; x_wconf 91' lang='lat' dir='ltr'>ea</span> <span class='ocrx_word' id='word_1_663' title='bbox 695 4610 828 4662; x_wconf 67' lang='lat' dir='ltr'>quas</span> <span class='ocrx_word' id='word_1_664' title='bbox 862 4598 1085 4651; x_wconf 83' lang='lat' dir='ltr'>dixerat</span> <span class='ocrx_word' id='word_1_665' title='bbox 1104 4600 1492 4665; x_wconf 89' lang='lat' dir='ltr'>responderet.</span> <span class='ocrx_word' id='word_1_666' title='bbox 1535 4603 1699 4654; x_wconf 86' lang='lat' dir='ltr'>Cum-</span> 
     </span>
    </p>
   </div>
   <div class='ocr_carea' id='block_1_92' title="bbox 85 4687 1699 4764">
    <p class='ocr_par' dir='ltr' id='par_1_92' title="bbox 85 4687 1699 4764">
     <span class='ocr_line' id='line_1_93' title="bbox 85 4687 1699 4764; baseline 0.002 -22"><span class='ocrx_word' id='word_1_667' title='bbox 85 4702 206 4756; x_wconf 90' lang='lat' dir='ltr'>que</span> <span class='ocrx_word' id='word_1_668' title='bbox 230 4689 437 4743; x_wconf 85' lang='lat' dir='ltr'>mulier</span> <span class='ocrx_word' id='word_1_669' title='bbox 459 4701 528 4742; x_wconf 93' lang='lat' dir='ltr'>ea</span> <span class='ocrx_word' id='word_1_670' title='bbox 543 4701 674 4753; x_wconf 88' lang='lat' dir='ltr'>quae</span> <span class='ocrx_word' id='word_1_671' title='bbox 707 4687 910 4742; x_wconf 89' lang='lat' dir='ltr'>edocta</span> <span class='ocrx_word' id='word_1_672' title='bbox 928 4687 1128 4754; x_wconf 88' lang='lat' dir='ltr'>fuerat,</span> <span class='ocrx_word' id='word_1_673' title='bbox 1157 4691 1699 4764; x_wconf 83' lang='lat' dir='ltr'>perorasset,Timo-</span> 
     </span>
    </p>
   </div>
   <div class='ocr_carea' id='block_1_93' title="bbox 155 4858 1700 4932">
    <p class='ocr_par' dir='ltr' id='par_1_93' title="bbox 155 4858 1700 4932">
     <span class='ocr_line' id='line_1_94' title="bbox 155 4858 1700 4932; baseline 0.002 -17"><span class='ocrx_word' id='word_1_674' title='bbox 155 4871 174 4892; x_wconf 83' lang='grc'><strong>·</strong></span> <span class='ocrx_word' id='word_1_675' title='bbox 195 4858 362 4915; x_wconf 90' lang='lat' dir='ltr'>Idem</span> <span class='ocrx_word' id='word_1_676' title='bbox 389 4859 739 4915; x_wconf 87' lang='lat' dir='ltr'>Guarnerian</span> <span class='ocrx_word' id='word_1_677' title='bbox 765 4864 1137 4928; x_wconf 74' lang='lat' dir='ltr'>correptionis,</span> <span class='ocrx_word' id='word_1_678' title='bbox 1173 4869 1298 4918; x_wconf 89' lang='lat' dir='ltr'>tum</span> <span class='ocrx_word' id='word_1_679' title='bbox 1321 4865 1700 4932; x_wconf 86' lang='lat' dir='ltr'>Regio-Vatic.</span> 
     </span>
    </p>
   </div>
   <div class='ocr_carea' id='block_1_94' title="bbox 84 4934 869 5002">
    <p class='ocr_par' dir='ltr' id='par_1_94' title="bbox 84 4934 869 5002">
     <span class='ocr_line' id='line_1_95' title="bbox 84 4934 869 5002; baseline 0.004 -18"><span class='ocrx_word' id='word_1_680' title='bbox 84 4934 385 5002; x_wconf 58' lang='lat' dir='ltr'>praesentia</span> <span class='ocrx_word' id='word_1_681' title='bbox 413 4946 513 4999; x_wconf 87' lang='lat' dir='ltr'>pro</span> <span class='ocrx_word' id='word_1_682' title='bbox 532 4935 869 4998; x_wconf 73' lang='lat' dir='ltr'>frequentiae.</span> 
     </span>
    </p>
   </div>
   <div class='ocr_carea' id='block_1_95' title="bbox 156 5007 1705 5074">
    <p class='ocr_par' dir='ltr' id='par_1_95' title="bbox 156 5007 1705 5074">
     <span class='ocr_line' id='line_1_96' title="bbox 156 5007 1705 5074; baseline 0.001 -15"><span class='ocrx_word' id='word_1_683' title='bbox 156 5011 179 5038; x_wconf 69' lang='grc' dir='ltr'>ιτ</span> <span class='ocrx_word' id='word_1_684' title='bbox 204 5011 336 5059; x_wconf 91' lang='lat' dir='ltr'>Duo</span> <span class='ocrx_word' id='word_1_685' title='bbox 360 5007 563 5069; x_wconf 90' lang='lat' dir='ltr'>Vatic.,</span> <span class='ocrx_word' id='word_1_686' title='bbox 601 5013 646 5056; x_wconf 86' lang='lat' dir='ltr'>et</span> <span class='ocrx_word' id='word_1_687' title='bbox 675 5022 793 5071; x_wconf 76' lang='lat' dir='ltr'>quae</span> <span class='ocrx_word' id='word_1_688' title='bbox 815 5020 916 5072; x_wconf 91' lang='lat' dir='ltr'>pro</span> <span class='ocrx_word' id='word_1_689' title='bbox 941 5013 1119 5074; x_wconf 82' lang='lat' dir='ltr'>utque,</span> <span class='ocrx_word' id='word_1_690' title='bbox 1158 5012 1226 5062; x_wconf 89' lang='lat' dir='ltr'>ut</span> <span class='ocrx_word' id='word_1_691' title='bbox 1268 5013 1328 5062; x_wconf 87' lang='lat' dir='ltr'>et</span> <span class='ocrx_word' id='word_1_692' title='bbox 1369 5008 1540 5074; x_wconf 85' lang='lat' dir='ltr'>paulo</span> <span class='ocrx_word' id='word_1_693' title='bbox 1570 5008 1705 5074; x_wconf 83' lang='lat' dir='ltr'>post</span> 
     </span>
    </p>
   </div>
   <div class='ocr_carea' id='block_1_96' title="bbox 86 5079 660 5147">
    <p class='ocr_par' dir='ltr' id='par_1_96' title="bbox 86 5079 660 5147">
     <span class='ocr_line' id='line_1_97' title="bbox 86 5079 660 5147; baseline -0.005 -14"><span class='ocrx_word' id='word_1_694' title='bbox 86 5082 283 5147; x_wconf 81' lang='lat' dir='ltr'>agitur</span> <span class='ocrx_word' id='word_1_695' title='bbox 309 5091 412 5143; x_wconf 84' lang='lat' dir='ltr'>pro</span> <span class='ocrx_word' id='word_1_696' title='bbox 433 5079 660 5142; x_wconf 80' lang='lat' dir='ltr'>cogitur.</span> 
     </span>
    </p>
   </div>
   <div class='ocr_carea' id='block_1_97' title="bbox 157 5151 1710 5208">
    <p class='ocr_par' dir='ltr' id='par_1_97' title="bbox 157 5151 1710 5208">
     <span class='ocr_line' id='line_1_98' title="bbox 157 5151 1710 5208; baseline 0.002 -3"><span class='ocrx_word' id='word_1_697' title='bbox 157 5167 176 5188; x_wconf 77' lang='grc' dir='ltr'><strong>ο</strong></span> <span class='ocrx_word' id='word_1_698' title='bbox 197 5156 298 5204; x_wconf 74' lang='lat' dir='ltr'>Ita</span> <span class='ocrx_word' id='word_1_699' title='bbox 333 5156 393 5202; x_wconf 90' lang='lat' dir='ltr'>et</span> <span class='ocrx_word' id='word_1_700' title='bbox 415 5151 793 5204; x_wconf 87' lang='lat' dir='ltr'>Bononiensis</span> <span class='ocrx_word' id='word_1_701' title='bbox 837 5153 896 5204; x_wconf 87' lang='lat' dir='ltr'>et</span> <span class='ocrx_word' id='word_1_702' title='bbox 921 5151 1038 5205; x_wconf 88' lang='lat' dir='ltr'>duo</span> <span class='ocrx_word' id='word_1_703' title='bbox 1076 5153 1254 5205; x_wconf 88' lang='lat' dir='ltr'>Vatic.</span> <span class='ocrx_word' id='word_1_704' title='bbox 1281 5153 1512 5207; x_wconf 89' lang='lat' dir='ltr'>habent.</span> <span class='ocrx_word' id='word_1_705' title='bbox 1538 5156 1710 5208; x_wconf 77' lang='lat' dir='ltr'>Guar-</span> 
     </span>
    </p>
   </div>
   <div class='ocr_carea' id='block_1_98' title="bbox 93 5224 1708 5292">
    <p class='ocr_par' dir='ltr' id='par_1_98' title="bbox 93 5224 1708 5292">
     <span class='ocr_line' id='line_1_99' title="bbox 93 5224 1708 5292; baseline 0.002 -14"><span class='ocrx_word' id='word_1_706' title='bbox 93 5225 379 5278; x_wconf 82' lang='lat' dir='ltr'>nerianus</span> <span class='ocrx_word' id='word_1_707' title='bbox 400 5228 594 5274; x_wconf 87' lang='lat' dir='ltr'>autem</span> <span class='ocrx_word' id='word_1_708' title='bbox 626 5236 754 5275; x_wconf 91' lang='lat' dir='ltr'>cum</span> <span class='ocrx_word' id='word_1_709' title='bbox 787 5224 1010 5288; x_wconf 89' lang='lat' dir='ltr'>pridem</span> <span class='ocrx_word' id='word_1_710' title='bbox 1034 5224 1287 5290; x_wconf 88' lang='lat' dir='ltr'>vulgatis</span> <span class='ocrx_word' id='word_1_711' title='bbox 1326 5241 1529 5292; x_wconf 80' lang='lat' dir='ltr'>verum,</span> <span class='ocrx_word' id='word_1_712' title='bbox 1562 5232 1628 5279; x_wconf 92' lang='lat' dir='ltr'>ut</span> <span class='ocrx_word' id='word_1_713' title='bbox 1650 5230 1708 5282; x_wconf 86' lang='lat' dir='ltr'>et</span> 
     </span>
    </p>
   </div>
   <div class='ocr_carea' id='block_1_99' title="bbox 93 5294 1130 5360">
    <p class='ocr_par' dir='ltr' id='par_1_99' title="bbox 93 5294 1130 5360">
     <span class='ocr_line' id='line_1_100' title="bbox 93 5294 1130 5360; baseline -0.005 -9"><span class='ocrx_word' id='word_1_714' title='bbox 93 5307 236 5350; x_wconf 83' lang='lat' dir='ltr'>mox</span> <span class='ocrx_word' id='word_1_715' title='bbox 258 5295 596 5360; x_wconf 69' lang='lat' dir='ltr'>suspicatum</span> <span class='ocrx_word' id='word_1_716' title='bbox 623 5307 724 5359; x_wconf 87' lang='lat' dir='ltr'>pro</span> <span class='ocrx_word' id='word_1_717' title='bbox 751 5294 1130 5360; x_wconf 72' lang='lat' dir='ltr'>suspicantem.</span> 
     </span>
    </p>
   </div>
   <div class='ocr_carea' id='block_1_100' title="bbox 159 5367 1703 5430">
    <p class='ocr_par' dir='ltr' id='par_1_100' title="bbox 159 5367 1703 5430">
     <span class='ocr_line' id='line_1_101' title="bbox 159 5367 1703 5430; baseline 0 -10"><span class='ocrx_word' id='word_1_718' title='bbox 159 5370 179 5397; x_wconf 72' lang='grc'>⁶¹</span> <span class='ocrx_word' id='word_1_719' title='bbox 202 5367 530 5420; x_wconf 89' lang='lat' dir='ltr'>Cacciarius</span> <span class='ocrx_word' id='word_1_720' title='bbox 554 5368 758 5419; x_wconf 90' lang='lat' dir='ltr'>maluit</span> <span class='ocrx_word' id='word_1_721' title='bbox 801 5383 1094 5430; x_wconf 77' lang='lat' dir='ltr'>concessus,</span> <span class='ocrx_word' id='word_1_722' title='bbox 1142 5369 1292 5421; x_wconf 89' lang='lat' dir='ltr'>male</span> <span class='ocrx_word' id='word_1_723' title='bbox 1327 5367 1703 5422; x_wconf 86' lang='lat' dir='ltr'>Guarnerian.</span> 
     </span>
    </p>
   </div>
   <div class='ocr_carea' id='block_1_101' title="bbox 95 5439 1702 5506">
    <p class='ocr_par' dir='ltr' id='par_1_101' title="bbox 95 5439 1702 5506">
     <span class='ocr_line' id='line_1_102' title="bbox 95 5439 1702 5506; baseline 0 -15"><span class='ocrx_word' id='word_1_724' title='bbox 95 5453 441 5491; x_wconf 75' lang='lat' dir='ltr'>consensum.</span> <span class='ocrx_word' id='word_1_725' title='bbox 465 5439 732 5490; x_wconf 84' lang='lat' dir='ltr'>Voculam</span> <span class='ocrx_word' id='word_1_726' title='bbox 753 5455 782 5488; x_wconf 89' lang='grc' dir='ltr'><strong>ο</strong></span> <span class='ocrx_word' id='word_1_727' title='bbox 806 5453 962 5504; x_wconf 82' lang='lat' dir='ltr'>mox,</span> <span class='ocrx_word' id='word_1_728' title='bbox 997 5441 1096 5491; x_wconf 86' lang='lat' dir='ltr'>ubi</span> <span class='ocrx_word' id='word_1_729' title='bbox 1117 5439 1342 5501; x_wconf 86' lang='lat' dir='ltr'>dicitur,</span> <span class='ocrx_word' id='word_1_730' title='bbox 1369 5456 1400 5490; x_wconf 94' lang='lat' dir='ltr'>o</span> <span class='ocrx_word' id='word_1_731' title='bbox 1443 5443 1702 5506; x_wconf 69' lang='lat' dir='ltr'>Mmoime,</span> 
     </span>
    </p>
   </div>
   <div class='ocr_carea' id='block_1_102' title="bbox 97 5511 1514 5576">
    <p class='ocr_par' dir='ltr' id='par_1_102' title="bbox 97 5511 1514 5576">
     <span class='ocr_line' id='line_1_103' title="bbox 97 5511 1514 5576; baseline -0.002 -11"><span class='ocrx_word' id='word_1_732' title='bbox 97 5525 248 5565; x_wconf 85' lang='lat' dir='ltr'>mss.</span> <span class='ocrx_word' id='word_1_733' title='bbox 288 5523 519 5574; x_wconf 73' lang='lat' dir='ltr'>Quoque</span> <span class='ocrx_word' id='word_1_734' title='bbox 541 5511 723 5563; x_wconf 88' lang='lat' dir='ltr'>nostri</span> <span class='ocrx_word' id='word_1_735' title='bbox 746 5512 985 5575; x_wconf 88' lang='lat' dir='ltr'>addunt,</span> <span class='ocrx_word' id='word_1_736' title='bbox 1010 5514 1228 5576; x_wconf 87' lang='lat' dir='ltr'>vulgati</span> <span class='ocrx_word' id='word_1_737' title='bbox 1250 5514 1514 5564; x_wconf 66' lang='lat' dir='ltr'>reticent.</span> 
     </span>
    </p>
   </div>
   <div class='ocr_carea' id='block_1_103' title="bbox 164 5583 1709 5646">
    <p class='ocr_par' dir='ltr' id='par_1_103' title="bbox 164 5583 1709 5646">
     <span class='ocr_line' id='line_1_104' title="bbox 164 5583 1709 5646; baseline 0.003 -14"><span class='ocrx_word' id='word_1_738' title='bbox 164 5589 531 5636; x_wconf 56' lang='lat' dir='ltr'>sPrononem</span> <span class='ocrx_word' id='word_1_739' title='bbox 554 5583 910 5646; x_wconf 66' lang='lat' dir='ltr'>ipsc&#39;addunt</span> <span class='ocrx_word' id='word_1_740' title='bbox 933 5584 1117 5635; x_wconf 88' lang='lat' dir='ltr'>nostri</span> <span class='ocrx_word' id='word_1_741' title='bbox 1141 5597 1278 5635; x_wconf 82' lang='lat' dir='ltr'>mss.</span> <span class='ocrx_word' id='word_1_742' title='bbox 1305 5590 1363 5636; x_wconf 89' lang='lat' dir='ltr'>et</span> <span class='ocrx_word' id='word_1_743' title='bbox 1391 5584 1709 5636; x_wconf 86' lang='lat' dir='ltr'>Cacciarius</span> 
     </span>
    </p>
   </div>
   <div class='ocr_carea' id='block_1_104' title="bbox 100 5655 1710 5721">
    <p class='ocr_par' dir='ltr' id='par_1_104' title="bbox 100 5655 1710 5721">
     <span class='ocr_line' id='line_1_105' title="bbox 100 5655 1710 5721; baseline -0.002 -12"><span class='ocrx_word' id='word_1_744' title='bbox 100 5670 176 5709; x_wconf 79' lang='lat' dir='ltr'>ex</span> <span class='ocrx_word' id='word_1_745' title='bbox 199 5656 435 5715; x_wconf 84' lang='lat' dir='ltr'>duobus</span> <span class='ocrx_word' id='word_1_746' title='bbox 462 5655 775 5708; x_wconf 88' lang='lat' dir='ltr'>Vaticanis.</span> <span class='ocrx_word' id='word_1_747' title='bbox 802 5657 975 5708; x_wconf 88' lang='lat' dir='ltr'>Paulo</span> <span class='ocrx_word' id='word_1_748' title='bbox 991 5661 1129 5721; x_wconf 88' lang='lat' dir='ltr'>post</span> <span class='ocrx_word' id='word_1_749' title='bbox 1151 5658 1523 5709; x_wconf 87' lang='lat' dir='ltr'>Guarnerian.</span> <span class='ocrx_word' id='word_1_750' title='bbox 1537 5663 1583 5706; x_wconf 83' lang='lat' dir='ltr'>et</span> <span class='ocrx_word' id='word_1_751' title='bbox 1600 5658 1710 5706; x_wconf 80' lang='lat' dir='ltr'>vim</span> 
     </span>
    </p>
   </div>
   <div class='ocr_carea' id='block_1_105' title="bbox 105 5727 729 5793">
    <p class='ocr_par' dir='ltr' id='par_1_105' title="bbox 105 5727 729 5793">
     <span class='ocr_line' id='line_1_106' title="bbox 105 5727 729 5793; baseline -0.002 -13"><span class='ocrx_word' id='word_1_752' title='bbox 105 5729 200 5780; x_wconf 68' lang='lat' dir='ltr'>tibi</span> <span class='ocrx_word' id='word_1_753' title='bbox 223 5741 330 5793; x_wconf 86' lang='lat' dir='ltr'>pro</span> <span class='ocrx_word' id='word_1_754' title='bbox 355 5729 453 5777; x_wconf 80' lang='lat' dir='ltr'>aut</span> <span class='ocrx_word' id='word_1_755' title='bbox 470 5727 599 5791; x_wconf 74' lang='lat' dir='ltr'>vim,</span> <span class='ocrx_word' id='word_1_756' title='bbox 621 5732 729 5779; x_wconf 87' lang='lat' dir='ltr'>etc.</span> 
     </span>
    </p>
   </div>
   <div class='ocr_carea' id='block_1_106' title="bbox 167 5800 1713 5867">
    <p class='ocr_par' dir='ltr' id='par_1_106' title="bbox 167 5800 1713 5867">
     <span class='ocr_line' id='line_1_107' title="bbox 167 5800 1713 5867; baseline 0 -14"><span class='ocrx_word' id='word_1_757' title='bbox 167 5801 184 5831; x_wconf 70' lang='grc' dir='ltr'>ί</span> <span class='ocrx_word' id='word_1_758' title='bbox 203 5802 336 5853; x_wconf 87' lang='lat' dir='ltr'>Duo</span> <span class='ocrx_word' id='word_1_759' title='bbox 359 5800 539 5852; x_wconf 75' lang='lat' dir='ltr'>Vallo.</span> <span class='ocrx_word' id='word_1_760' title='bbox 568 5800 822 5865; x_wconf 79' lang='lat' dir='ltr'>decipere,</span> <span class='ocrx_word' id='word_1_761' title='bbox 858 5804 914 5852; x_wconf 91' lang='lat' dir='ltr'>et</span> <span class='ocrx_word' id='word_1_762' title='bbox 937 5812 1074 5852; x_wconf 85' lang='lat' dir='ltr'>mox</span> <span class='ocrx_word' id='word_1_763' title='bbox 1096 5815 1134 5851; x_wconf 83' lang='grc' dir='ltr'><em>α</em></span> <span class='ocrx_word' id='word_1_764' title='bbox 1163 5804 1208 5850; x_wconf 82' lang='lat' dir='ltr'>te</span> <span class='ocrx_word' id='word_1_765' title='bbox 1241 5813 1343 5867; x_wconf 87' lang='lat' dir='ltr'>pro</span> <span class='ocrx_word' id='word_1_766' title='bbox 1370 5802 1467 5852; x_wconf 87' lang='lat' dir='ltr'>hoc</span> <span class='ocrx_word' id='word_1_767' title='bbox 1498 5806 1562 5866; x_wconf 81' lang='lat' dir='ltr'>te,</span> <span class='ocrx_word' id='word_1_768' title='bbox 1605 5813 1713 5853; x_wconf 87' lang='lat' dir='ltr'>no-</span> 
     </span>
    </p>
   </div>
   <div class='ocr_carea' id='block_1_107' title="bbox 105 5871 1714 5939">
    <p class='ocr_par' dir='ltr' id='par_1_107' title="bbox 105 5871 1714 5939">
     <span class='ocr_line' id='line_1_108' title="bbox 105 5871 1714 5939; baseline -0.003 -11"><span class='ocrx_word' id='word_1_769' title='bbox 105 5874 272 5928; x_wconf 80' lang='lat' dir='ltr'>tante</span> <span class='ocrx_word' id='word_1_770' title='bbox 284 5871 591 5934; x_wconf 83' lang='lat' dir='ltr'>Cacciario,</span> <span class='ocrx_word' id='word_1_771' title='bbox 604 5872 704 5936; x_wconf 89' lang='lat' dir='ltr'>qui</span> <span class='ocrx_word' id='word_1_772' title='bbox 717 5876 778 5924; x_wconf 90' lang='lat' dir='ltr'>et</span> <span class='ocrx_word' id='word_1_773' title='bbox 788 5884 1089 5939; x_wconf 87' lang='lat' dir='ltr'>perperam</span> <span class='ocrx_word' id='word_1_774' title='bbox 1101 5871 1401 5925; x_wconf 73' lang='lat' dir='ltr'>Athanasii</span> <span class='ocrx_word' id='word_1_775' title='bbox 1421 5886 1522 5939; x_wconf 89' lang='lat' dir='ltr'>pro</span> <span class='ocrx_word' id='word_1_776' title='bbox 1545 5873 1714 5924; x_wconf 82' lang='lat' dir='ltr'>Atha-</span> 
     </span>
    </p>
   </div>
   <div class='ocr_carea' id='block_1_108' title="bbox 399 5987 868 6050">
    <p class='ocr_par' dir='ltr' id='par_1_108' title="bbox 399 5987 868 6050">
     <span class='ocr_line' id='line_1_109' title="bbox 399 5987 868 6050; baseline -0.009 -4"><span class='ocrx_word' id='word_1_777' title='bbox 399 5989 661 6050; x_wconf 79' lang='lat' dir='ltr'>PATROL.</span> <span class='ocrx_word' id='word_1_778' title='bbox 701 5987 868 6044; x_wconf 90' lang='lat' dir='ltr'>XXI.</span> 
     </span>
    </p>
   </div>
   <div class='ocr_carea' id='block_1_109' title="bbox 1798 4601 3400 4666">
    <p class='ocr_par' dir='ltr' id='par_1_109' title="bbox 1798 4601 3400 4666">
     <span class='ocr_line' id='line_1_110' title="bbox 1798 4601 3400 4666; baseline 0 -11"><span class='ocrx_word' id='word_1_779' title='bbox 1798 4615 1931 4655; x_wconf 90' lang='lat' dir='ltr'>sum</span> <span class='ocrx_word' id='word_1_780' title='bbox 1954 4601 2326 4662; x_wconf 89' lang='lat' dir='ltr'>conveniens,</span> <span class='ocrx_word' id='word_1_781' title='bbox 2368 4605 2646 4665; x_wconf 87' lang='lat' dir='ltr'>tanquam</span> <span class='ocrx_word' id='word_1_782' title='bbox 2679 4601 2729 4654; x_wconf 88' lang='lat' dir='ltr'>si</span> <span class='ocrx_word' id='word_1_783' title='bbox 2751 4601 2894 4654; x_wconf 89' lang='lat' dir='ltr'>nihil</span> <span class='ocrx_word' id='word_1_784' title='bbox 2915 4601 3150 4654; x_wconf 90' lang='lat' dir='ltr'>omnino</span> <span class='ocrx_word' id='word_1_785' title='bbox 3195 4601 3400 4666; x_wconf 82' lang='lat' dir='ltr'>depre-</span> 
     </span>
    </p>
   </div>
   <div class='ocr_carea' id='block_1_110' title="bbox 1795 4690 3400 4755">
    <p class='ocr_par' dir='ltr' id='par_1_110' title="bbox 1795 4690 3400 4755">
     <span class='ocr_line' id='line_1_111' title="bbox 1795 4690 3400 4755; baseline 0 -10"><span class='ocrx_word' id='word_1_786' title='bbox 1795 4691 2046 4745; x_wconf 87' lang='lat' dir='ltr'>hensum</span> <span class='ocrx_word' id='word_1_787' title='bbox 2066 4690 2287 4755; x_wconf 90' lang='lat' dir='ltr'>fuisset,</span> <span class='ocrx_word' id='word_1_788' title='bbox 2303 4694 2372 4745; x_wconf 89' lang='lat' dir='ltr'>ut</span> <span class='ocrx_word' id='word_1_789' title='bbox 2395 4691 2726 4745; x_wconf 89' lang='lat' dir='ltr'>confessum</span> <span class='ocrx_word' id='word_1_790' title='bbox 2741 4691 2811 4745; x_wconf 91' lang='lat' dir='ltr'>de</span> <span class='ocrx_word' id='word_1_791' title='bbox 2824 4691 3123 4746; x_wconf 89' lang='lat' dir='ltr'>intentatis</span> <span class='ocrx_word' id='word_1_792' title='bbox 3145 4691 3400 4746; x_wconf 82' lang='lat' dir='ltr'>crimini-</span> 
     </span>
    </p>
   </div>
   <div class='ocr_carea' id='block_1_111' title="bbox 1797 4863 2125 4916">
    <p class='ocr_par' dir='ltr' id='par_1_111' title="bbox 1797 4863 2125 4916">
     <span class='ocr_line' id='line_1_112' title="bbox 1797 4863 2125 4916; baseline -0.003 -1"><span class='ocrx_word' id='word_1_793' title='bbox 1797 4864 1924 4915; x_wconf 82' lang='lat' dir='ltr'>nasi</span> <span class='ocrx_word' id='word_1_794' title='bbox 1937 4863 2125 4916; x_wconf 86' lang='lat' dir='ltr'>habet.</span> 
     </span>
    </p>
   </div>
   <div class='ocr_carea' id='block_1_112' title="bbox 1864 4930 3402 5003">
    <p class='ocr_par' dir='ltr' id='par_1_112' title="bbox 1864 4930 3402 5003">
     <span class='ocr_line' id='line_1_113' title="bbox 1864 4930 3402 5003; baseline 0.003 -17"><span class='ocrx_word' id='word_1_795' title='bbox 1864 4943 1881 4975; x_wconf 74' lang='grc' dir='ltr'><strong><em>κ</em></strong></span> <span class='ocrx_word' id='word_1_796' title='bbox 1905 4937 2119 4987; x_wconf 85' lang='lat' dir='ltr'>Tacent</span> <span class='ocrx_word' id='word_1_797' title='bbox 2141 4930 2361 5000; x_wconf 88' lang='lat' dir='ltr'>vulgati</span> <span class='ocrx_word' id='word_1_798' title='bbox 2389 4945 2491 4986; x_wconf 77' lang='lat' dir='ltr'>esse</span> <span class='ocrx_word' id='word_1_799' title='bbox 2519 4949 2532 4986; x_wconf 89' lang='lat'><strong>:</strong></span> <span class='ocrx_word' id='word_1_800' title='bbox 2558 4943 2726 5001; x_wconf 59' lang='lat' dir='ltr'>atque</span> <span class='ocrx_word' id='word_1_801' title='bbox 2749 4936 2913 4990; x_wconf 89' lang='lat' dir='ltr'>bene.</span> <span class='ocrx_word' id='word_1_802' title='bbox 2949 4937 3218 5003; x_wconf 75' lang='lat' dir='ltr'>Cogimur</span> <span class='ocrx_word' id='word_1_803' title='bbox 3239 4937 3402 5002; x_wconf 88' lang='lat' dir='ltr'>ejus-</span> 
     </span>
    </p>
   </div>
   <div class='ocr_carea' id='block_1_113' title="bbox 1801 5005 3400 5062">
    <p class='ocr_par' dir='ltr' id='par_1_113' title="bbox 1801 5005 3400 5062">
     <span class='ocr_line' id='line_1_114' title="bbox 1801 5005 3400 5062; baseline 0.001 -3"><span class='ocrx_word' id='word_1_804' title='bbox 1801 5007 1959 5059; x_wconf 90' lang='lat' dir='ltr'>modi</span> <span class='ocrx_word' id='word_1_805' title='bbox 1981 5005 2270 5058; x_wconf 90' lang='lat' dir='ltr'>interdum</span> <span class='ocrx_word' id='word_1_806' title='bbox 2297 5007 2607 5060; x_wconf 89' lang='lat' dir='ltr'>leotionum</span> <span class='ocrx_word' id='word_1_807' title='bbox 2635 5014 2694 5060; x_wconf 90' lang='lat' dir='ltr'>et</span> <span class='ocrx_word' id='word_1_808' title='bbox 2713 5021 2823 5062; x_wconf 91' lang='lat' dir='ltr'>nos</span> <span class='ocrx_word' id='word_1_809' title='bbox 2861 5010 3140 5061; x_wconf 87' lang='lat' dir='ltr'>rationem</span> <span class='ocrx_word' id='word_1_810' title='bbox 3185 5009 3400 5062; x_wconf 87' lang='lat' dir='ltr'>habere</span> 
     </span>
    </p>
   </div>
   <div class='ocr_carea' id='block_1_114' title="bbox 1801 5077 3405 5143">
    <p class='ocr_par' dir='ltr' id='par_1_114' title="bbox 1801 5077 3405 5143">
     <span class='ocr_line' id='line_1_115' title="bbox 1801 5077 3405 5143; baseline -0.001 -10"><span class='ocrx_word' id='word_1_811' title='bbox 1801 5081 2074 5143; x_wconf 89' lang='lat' dir='ltr'>aliquam,</span> <span class='ocrx_word' id='word_1_812' title='bbox 2099 5077 2332 5143; x_wconf 90' lang='lat' dir='ltr'>quando</span> <span class='ocrx_word' id='word_1_813' title='bbox 2355 5079 2673 5133; x_wconf 86' lang='lat' dir='ltr'>Cacciarius</span> <span class='ocrx_word' id='word_1_814' title='bbox 2695 5080 2757 5133; x_wconf 92' lang='lat' dir='ltr'>in</span> <span class='ocrx_word' id='word_1_815' title='bbox 2778 5080 2850 5132; x_wconf 92' lang='lat' dir='ltr'>iis</span> <span class='ocrx_word' id='word_1_816' title='bbox 2879 5093 3166 5133; x_wconf 89' lang='lat' dir='ltr'>summam</span> <span class='ocrx_word' id='word_1_817' title='bbox 3187 5080 3269 5133; x_wconf 89' lang='lat' dir='ltr'>rei</span> <span class='ocrx_word' id='word_1_818' title='bbox 3296 5081 3405 5132; x_wconf 84' lang='lat' dir='ltr'>col-</span> 
     </span>
    </p>
   </div>
   <div class='ocr_carea' id='block_1_115' title="bbox 1803 5154 1972 5206">
    <p class='ocr_par' dir='ltr' id='par_1_115' title="bbox 1803 5154 1972 5206">
     <span class='ocr_line' id='line_1_116' title="bbox 1803 5154 1972 5206; baseline -0.018 0"><span class='ocrx_word' id='word_1_819' title='bbox 1803 5154 1972 5206; x_wconf 91' lang='lat' dir='ltr'>locat.</span> 
     </span>
    </p>
   </div>
   <div class='ocr_carea' id='block_1_116' title="bbox 1865 5221 3400 5289">
    <p class='ocr_par' dir='ltr' id='par_1_116' title="bbox 1865 5221 3400 5289">
     <span class='ocr_line' id='line_1_117' title="bbox 1865 5221 3400 5289; baseline 0 -14"><span class='ocrx_word' id='word_1_820' title='bbox 1865 5225 1888 5254; x_wconf 73' lang='grc'>¹³</span> <span class='ocrx_word' id='word_1_821' title='bbox 1910 5221 2148 5276; x_wconf 90' lang='lat' dir='ltr'>Addunt</span> <span class='ocrx_word' id='word_1_822' title='bbox 2182 5221 2401 5286; x_wconf 88' lang='lat' dir='ltr'>vulgati</span> <span class='ocrx_word' id='word_1_823' title='bbox 2435 5223 2498 5273; x_wconf 80' lang='lat' dir='ltr'>in</span> <span class='ocrx_word' id='word_1_824' title='bbox 2535 5223 3021 5289; x_wconf 65' lang='lat' dir='ltr'>prmpositionem,</span> <span class='ocrx_word' id='word_1_825' title='bbox 3047 5235 3222 5288; x_wconf 87' lang='lat' dir='ltr'>quam</span> <span class='ocrx_word' id='word_1_826' title='bbox 3255 5235 3400 5275; x_wconf 87' lang='lat' dir='ltr'>mss.</span> 
     </span>
    </p>
   </div>
   <div class='ocr_carea' id='block_1_117' title="bbox 1802 5294 3275 5362">
    <p class='ocr_par' dir='ltr' id='par_1_117' title="bbox 1802 5294 3275 5362">
     <span class='ocr_line' id='line_1_118' title="bbox 1802 5294 3275 5362; baseline -0.003 -14"><span class='ocrx_word' id='word_1_827' title='bbox 1802 5296 2085 5362; x_wconf 83' lang='lat' dir='ltr'>ignorant.</span> <span class='ocrx_word' id='word_1_828' title='bbox 2111 5294 2480 5346; x_wconf 85' lang='lat' dir='ltr'>Guarnerian.</span> <span class='ocrx_word' id='word_1_829' title='bbox 2512 5295 2814 5358; x_wconf 81' lang='lat' dir='ltr'>deposcerat</span> <span class='ocrx_word' id='word_1_830' title='bbox 2845 5308 2945 5360; x_wconf 88' lang='lat' dir='ltr'>pro</span> <span class='ocrx_word' id='word_1_831' title='bbox 2967 5295 3275 5360; x_wconf 77' lang='lat' dir='ltr'>deposceret.</span> 
     </span>
    </p>
   </div>
   <div class='ocr_carea' id='block_1_118' title="bbox 1869 5366 3398 5430">
    <p class='ocr_par' dir='ltr' id='par_1_118' title="bbox 1869 5366 3398 5430">
     <span class='ocr_line' id='line_1_119' title="bbox 1869 5366 3398 5430; baseline 0.001 -12"><span class='ocrx_word' id='word_1_832' title='bbox 1869 5367 2275 5426; x_wconf 71' lang='lat' dir='ltr'>‘Guarnerian,</span> <span class='ocrx_word' id='word_1_833' title='bbox 2303 5377 2355 5415; x_wconf 88' lang='lat' dir='ltr'>se</span> <span class='ocrx_word' id='word_1_834' title='bbox 2398 5366 2654 5415; x_wconf 73' lang='lat' dir='ltr'>dixerant</span> <span class='ocrx_word' id='word_1_835' title='bbox 2675 5369 2845 5418; x_wconf 83' lang='lat' dir='ltr'>scisse.</span> <span class='ocrx_word' id='word_1_836' title='bbox 2898 5369 3071 5429; x_wconf 88' lang='lat' dir='ltr'>Intra,</span> <span class='ocrx_word' id='word_1_837' title='bbox 3105 5367 3305 5430; x_wconf 89' lang='lat' dir='ltr'>juncto</span> <span class='ocrx_word' id='word_1_838' title='bbox 3333 5379 3398 5419; x_wconf 89' lang='lat' dir='ltr'>e-</span> 
     </span>
    </p>
   </div>
   <div class='ocr_carea' id='block_1_119' title="bbox 1808 5436 3248 5502">
    <p class='ocr_par' dir='ltr' id='par_1_119' title="bbox 1808 5436 3248 5502">
     <span class='ocr_line' id='line_1_120' title="bbox 1808 5436 3248 5502; baseline -0.003 -9"><span class='ocrx_word' id='word_1_839' title='bbox 1808 5440 1946 5494; x_wconf 89' lang='lat' dir='ltr'>tiam</span> <span class='ocrx_word' id='word_1_840' title='bbox 1971 5437 2335 5499; x_wconf 83' lang='lat' dir='ltr'>Bononiensi,</span> <span class='ocrx_word' id='word_1_841' title='bbox 2359 5436 2694 5487; x_wconf 78' lang='lat' dir='ltr'>acclamatur</span> <span class='ocrx_word' id='word_1_842' title='bbox 2730 5451 2828 5502; x_wconf 86' lang='lat' dir='ltr'>pro</span> <span class='ocrx_word' id='word_1_843' title='bbox 2858 5438 3248 5490; x_wconf 76' lang='lat' dir='ltr'>conclamatur.</span> 
     </span>
    </p>
   </div>
   <div class='ocr_carea' id='block_1_120' title="bbox 1866 5508 3407 5574">
    <p class='ocr_par' dir='ltr' id='par_1_120' title="bbox 1866 5508 3407 5574">
     <span class='ocr_line' id='line_1_121' title="bbox 1866 5508 3407 5574; baseline -0.001 -12"><span class='ocrx_word' id='word_1_844' title='bbox 1866 5512 1995 5562; x_wconf 64' lang='lat' dir='ltr'>lSic</span> <span class='ocrx_word' id='word_1_845' title='bbox 2023 5515 2079 5561; x_wconf 90' lang='lat' dir='ltr'>et</span> <span class='ocrx_word' id='word_1_846' title='bbox 2109 5521 2251 5560; x_wconf 87' lang='lat' dir='ltr'>mss.</span> <span class='ocrx_word' id='word_1_847' title='bbox 2283 5508 2499 5559; x_wconf 86' lang='lat' dir='ltr'>habent</span> <span class='ocrx_word' id='word_1_848' title='bbox 2553 5512 2608 5560; x_wconf 89' lang='lat' dir='ltr'>et</span> <span class='ocrx_word' id='word_1_849' title='bbox 2634 5508 2854 5574; x_wconf 90' lang='lat' dir='ltr'>vulgati</span> <span class='ocrx_word' id='word_1_850' title='bbox 2896 5509 3042 5560; x_wconf 88' lang='lat' dir='ltr'>libri.</span> <span class='ocrx_word' id='word_1_851' title='bbox 3084 5510 3407 5561; x_wconf 81' lang='lat' dir='ltr'>Cacciarius</span> 
     </span>
    </p>
   </div>
   <div class='ocr_carea' id='block_1_121' title="bbox 1809 5577 3409 5644">
    <p class='ocr_par' dir='ltr' id='par_1_121' title="bbox 1809 5577 3409 5644">
     <span class='ocr_line' id='line_1_122' title="bbox 1809 5577 3409 5644; baseline -0.002 -8"><span class='ocrx_word' id='word_1_852' title='bbox 1809 5584 1880 5636; x_wconf 91' lang='lat' dir='ltr'>de</span> <span class='ocrx_word' id='word_1_853' title='bbox 1896 5595 2018 5644; x_wconf 91' lang='lat' dir='ltr'>suo,</span> <span class='ocrx_word' id='word_1_854' title='bbox 2045 5577 2128 5633; x_wconf 56' lang='lat' dir='ltr'>&#39;ut</span> <span class='ocrx_word' id='word_1_855' title='bbox 2171 5580 2415 5643; x_wconf 88' lang='lat' dir='ltr'>videtur,</span> <span class='ocrx_word' id='word_1_856' title='bbox 2463 5581 2705 5630; x_wconf 73' lang='lat' dir='ltr'>deduccit.</span> <span class='ocrx_word' id='word_1_857' title='bbox 2752 5581 3124 5634; x_wconf 76' lang='lat' dir='ltr'>Cuarnerian.</span> <span class='ocrx_word' id='word_1_858' title='bbox 3157 5584 3228 5633; x_wconf 90' lang='lat' dir='ltr'>ab</span> <span class='ocrx_word' id='word_1_859' title='bbox 3251 5582 3409 5633; x_wconf 88' lang='lat' dir='ltr'>inse-</span> 
     </span>
    </p>
   </div>
   <div class='ocr_carea' id='block_1_122' title="bbox 1810 5653 3415 5721">
    <p class='ocr_par' dir='ltr' id='par_1_122' title="bbox 1810 5653 3415 5721">
     <span class='ocr_line' id='line_1_123' title="bbox 1810 5653 3415 5721; baseline -0.009 -14"><span class='ocrx_word' id='word_1_860' title='bbox 1810 5660 2020 5721; x_wconf 88' lang='lat' dir='ltr'>quente</span> <span class='ocrx_word' id='word_1_861' title='bbox 2053 5653 2303 5719; x_wconf 91' lang='lat' dir='ltr'>periodo,</span> <span class='ocrx_word' id='word_1_862' title='bbox 2329 5653 2519 5704; x_wconf 90' lang='lat' dir='ltr'>verbis</span> <span class='ocrx_word' id='word_1_863' title='bbox 2548 5653 2850 5703; x_wconf 82' lang='lat' dir='ltr'>Concilium</span> <span class='ocrx_word' id='word_1_864' title='bbox 2876 5654 3415 5718; x_wconf 83' lang='lat' dir='ltr'>tamen,caputalte-</span> 
     </span>
    </p>
   </div>
   <div class='ocr_carea' id='block_1_123' title="bbox 1808 5725 3408 5791">
    <p class='ocr_par' dir='ltr' id='par_1_123' title="bbox 1808 5725 3408 5791">
     <span class='ocr_line' id='line_1_124' title="bbox 1808 5725 3408 5791; baseline -0.001 -12"><span class='ocrx_word' id='word_1_865' title='bbox 1808 5740 1940 5779; x_wconf 90' lang='lat' dir='ltr'>rum</span> <span class='ocrx_word' id='word_1_866' title='bbox 1961 5725 2271 5778; x_wconf 86' lang='lat' dir='ltr'>exorditur.</span> <span class='ocrx_word' id='word_1_867' title='bbox 2298 5725 2381 5776; x_wconf 91' lang='lat' dir='ltr'>Ibi</span> <span class='ocrx_word' id='word_1_868' title='bbox 2408 5730 2468 5776; x_wconf 89' lang='lat' dir='ltr'>et</span> <span class='ocrx_word' id='word_1_869' title='bbox 2496 5737 2699 5776; x_wconf 90' lang='lat' dir='ltr'>vocem</span> <span class='ocrx_word' id='word_1_870' title='bbox 2729 5726 2956 5776; x_wconf 79' lang='lat' dir='ltr'>omnino</span> <span class='ocrx_word' id='word_1_871' title='bbox 2989 5739 3122 5778; x_wconf 88' lang='lat' dir='ltr'>cum</span> <span class='ocrx_word' id='word_1_872' title='bbox 3153 5725 3408 5791; x_wconf 82' lang='lat' dir='ltr'>vulgatis</span> 
     </span>
    </p>
   </div>
   <div class='ocr_carea' id='block_1_124' title="bbox 1808 5796 3429 5867">
    <p class='ocr_par' dir='ltr' id='par_1_124' title="bbox 1808 5796 3429 5867">
     <span class='ocr_line' id='line_1_125' title="bbox 1808 5796 3429 5867; baseline -0.001 -15"><span class='ocrx_word' id='word_1_873' title='bbox 1808 5800 2035 5859; x_wconf 90' lang='lat' dir='ltr'>retinet,</span> <span class='ocrx_word' id='word_1_874' title='bbox 2061 5796 2162 5849; x_wconf 91' lang='lat' dir='ltr'>ubi</span> <span class='ocrx_word' id='word_1_875' title='bbox 2189 5796 2394 5849; x_wconf 89' lang='lat' dir='ltr'>dicitur</span> <span class='ocrx_word' id='word_1_876' title='bbox 2416 5796 2563 5847; x_wconf 77' lang='lat' dir='ltr'>nihil</span> <span class='ocrx_word' id='word_1_877' title='bbox 2593 5797 2838 5862; x_wconf 84' lang='lat' dir='ltr'>omnino,</span> <span class='ocrx_word' id='word_1_878' title='bbox 2865 5810 3042 5864; x_wconf 86' lang='lat' dir='ltr'>quam</span> <span class='ocrx_word' id='word_1_879' title='bbox 3064 5799 3429 5867; x_wconf 30' lang='lat' dir='ltr'>Cacciarius”</span> 
     </span>
    </p>
   </div>
   <div class='ocr_carea' id='block_1_125' title="bbox 1809 5867 2738 5948">
    <p class='ocr_par' dir='ltr' id='par_1_125' title="bbox 1809 5867 2738 5948">
     <span class='ocr_line' id='line_1_126' title="bbox 1809 5867 2738 5948; baseline -0.002 -22"><span class='ocrx_word' id='word_1_880' title='bbox 1809 5871 2022 5926; x_wconf 88' lang='lat' dir='ltr'>lectore</span> <span class='ocrx_word' id='word_1_881' title='bbox 2044 5880 2150 5923; x_wconf 88' lang='lat' dir='ltr'>nec</span> <span class='ocrx_word' id='word_1_882' title='bbox 2163 5867 2488 5948; x_wconf 65' lang='lat' dir='ltr'>admonito,</span> <span class='ocrx_word' id='word_1_883' title='bbox 2499 5868 2738 5936; x_wconf 84' lang='lat' dir='ltr'>respuit.</span> 
     </span>
    </p>
   </div>
   <div class='ocr_carea' id='block_1_126' title="bbox 3047 5986 3116 6049">
    <p class='ocr_par' dir='ltr' id='par_1_126' title="bbox 3047 5986 3116 6049">
     <span class='ocr_line' id='line_1_127' title="bbox 3047 5986 3116 6049; baseline 0.014 -1"><span class='ocrx_word' id='word_1_884' title='bbox 3047 5986 3116 6049; x_wconf 78' lang='lat'>‘16</span> 
     </span>
    </p>
   </div>
  </div>
