3900 6392
496 397 594 453 491

1526 389 1764 444 RUFINI
1796 389 2291 452 AQUILEIENSIS
2324 391 2764 443 PRESBYTERI

3691 393 3798 454 49"!

495 511 608 562 bus
633 508 1014 560 Athanasium
1037 505 1393 558 condemnat.
1420 504 1490 554 Et
1526 503 1691 566 gesta
1707 501 1767 552 in
1800 501 1953 552 hunc
1980 514 2094 552 mo-
2107 502 2162 575 Α
2192 502 2306 553 ulla
2329 501 2592 554 molestia
2608 502 2732 554 loco
2757 503 3198 555 suorestitucret
3223 505 3299 556 :si
3317 505 3372 556 id
3406 506 3622 571 mollet,
3642 523 3799 563 curae

495 598 635 650 dum
659 597 1099 661 ilctaperorbem
1128 599 1290 645 terras
1309 592 1619 653 mittentes,
1643 590 1715 640 ad
1750 589 1976 642 sceleris
1994 590 2084 641 sui

494 697 862 747 consensum,
909 687 1250 745 Imperatore
1307 685 1581 745 cogente,
1637 684 1877 732 caeteros
1919 679 2086 744 Epis-

493 787 666 841 copos
689 773 1075 840 perpulerunt.

1048 887 1279 940 CAPUT
1305 887 1507 938 XVIII.

827 1005 901 1055 De
941 1004 1077 1069 fuga
1099 1008 1144 1053 et
1189 1001 1400 1052 latebris
1431 1001 1743 1052 Athanasii.

548 1121 698 1174 Hinc
717 1121 840 1185 jam
864 1123 984 1173 toto
1015 1120 1150 1172 orbe
1173 1118 1450 1184 profugus
1482 1117 1672 1182 agitur
1715 1115 2086 1180 Athanasius,

485 1223 591 1264 nec
612 1211 769 1264 ullus
793 1211 844 1262 ei
873 1215 1035 1262 tutus
1060 1208 1131 1260 ad
1143 1208 1438 1260 latendum
1464 1205 1945 1272 supereratlocus.
1968 1205 2090 1257 Tri-

486 1300 643 1362 buni,
671 1299 981 1364 Praepositi,
1013 1298 1290 1360 ,Comites,
1318 1296 1606 1350 exercitus
1643 1308 1872 1360 quoque
1907 1295 1980 1346 ad
2003 1294 2090 1345 in-

486 1388 890 1452 vestigandum
905 1399 1034 1438 eum
1062 1391 1368 1438 moventur
1385 1383 1488 1448 [AL
1508 1382 1968 1446 commoventur]
1982 1382 2094 1444 edi,

487 1477 596 1529 ctis
619 1476 1031 1541 imperialibus.
1052 1474 1290 1526 Praemia
1303 1473 1653 1525 delatoribus
1671 1476 2087 1537 prOponuntur,

485 1567 533 1616 si
560 1565 688 1630 quis
723 1565 919 1617 vivum
949 1564 1218 1626 maxime,
1245 1571 1262 1592 ⁸
1307 1563 1356 1614 si
1388 1562 1446 1613 id
1487 1561 1701 1624 minus,
1741 1563 1912 1626 caput
1941 1565 2092 1612 certe

482 1653 784 1707 Athanasii
820 1653 1134 1706 detulisset.
1165 1655 1250 1703 Ita
1274 1651 1408 1704 totis
1433 1651 1593 1716 regni
1620 1651 1840 1702 viribus
1878 1649 2092 1701 frustra

481 1745 791 1795 adversum
830 1755 979 1805 eum,
1016 1741 1108 1793 cui
1150 1743 1305 1793 Deus
1349 1740 1562 1803 aderat,
1609 1740 1950 1791 certabatur.
2005 1741 2091 1790 In-

2190 591 2298 641 sibi
2326 591 2880 655 futurum,utipseid
2896 592 3416 658 adimpleret,regni
3434 599 3557 660 ejus
3589 598 3797 651 intima

2183 683 2507 744 penetrans,
2534 686 2590 732 et
2619 693 2820 744 pmnas
2845 681 3214 744 dignissimas
3237 683 3652 738 deauctoribus
3668 702 3792 740 sce-

2182 768 2313 820 leris
2332 771 2812 830 sumens.Quibus
2831 771 3058 834 scriptis
3077 773 3408 834 perterritus
3425 776 3795 829 Constantius

2183 857 2355 945 (quod
2376 871 2539 921 posse
2567 858 2748 910 facere
2783 872 2848 910 ea
2873 872 3005 923 quan
3041 859 3062 893 Γ
3083 860 3469 926 minitabatur,
3515 867 3788 918 conscius

2182 950 2324 1009 erat,
2347 947 2592 1010 fratrem)
2615 948 2721 998 sim
2731 947 2881 1000 ulat'i
2902 946 3251 1012 benignitate
3264 951 3413 1004 ultro
3429 955 3621 1006 venire
3637 955 3711 1007 ad
3729 969 3790 1007 se

2186 1034 2569 1088 Athanasium
2588 1037 2771 1100 jubet,
2791 1041 2847 1088 et
2869 1035 2978 1088 levi
2997 1038 3381 1103 increpatione
3403 1043 3791 1106 perstrictum,

2185 1123 2258 1176 ad
2283 1125 2592 1176 Ecclesiim
2617 1139 2782 1176 suam
2831 1127 3104 1190 permittit
3140 1141 3407 1180 securum
3454 1131 3558 1195 [AL
3597 1133 3659 1184 in
3705 1147 3792 1187 se-

2187 1213 2406 1276 curum]
2441 1215 2537 1264 ire.
2565 1213 2910 1265 Admonitus
2943 1219 3130 1266 tamen
3165 1215 3337 1283 248
3377 1220 3691 1283 Imperator
3717 1223 3792 1274 ab

2188 1302 2378 1366 impiis
2402 1303 2763 1354 consiliariis:
2789 1305 2911 1354 Non
2937 1309 3040 1366 est,
3067 1304 3270 1368 inquit,
3286 1318 3580 1371 magnum,
3607 1309 3793 1362 Atha-

2188 1391 2332 1453 nasi,
2350 1392 2502 1455 quod
2522 1393 2782 1456 Episcopi
2800 1393 3119 1456 poscuntde
3134 1398 3206 1458 te,
3224 1398 3290 1446 ut
3307 1408 3479 1448 unam
3491 1409 3564 1449 ex
3589 1398 3794 1452 multis

2190 1492 2322 1544 qua)
2347 1484 2485 1532 sunt
2508 1481 2657 1545 apud
2676 1481 3078 1533 Alexandriam
3098 1483 3669 1547 Ecclesiis,concedas
3693 1501 3795 1553 po-

2191 1569 2339 1634 pulis
2365 1583 2558 1620 eorum
2578 1570 2675 1632 qui
2703 1571 2798 1621 tibi
2818 1571 3242 1625 communicare
3258 1574 3482 1626 nolunt.
3507 1576 3651 1628 Tum
3675 1577 3791 1635 ille,

2193 1660 2310 1710 Deo
2329 1660 2435 1709 sibi
2461 1664 2822 1723 suggerente,
2850 1664 3107 1724 piratum
3131 1661 3190 1712 in
3209 1666 3461 1728 tempore
3484 1665 3790 1718 consilium

2191 1741 2410 1804 reperit.
2445 1742 2508 1791 Et
2524 1743 2657 1804 qui-.1
2677 1747 2784 1805 est,
2797 1741 2951 1804 inqu.
2965 1747 3002 1804 t,
3017 1743 3346 1806 Imperator,
3361 1744 3512 1807 quod
3527 1747 3790 1810 poscenti

483 1838 637 1886 terea
675 1845 775 1883 sex
800 1831 1087 1883 continuis
1132 1831 1300 1882 annis
1336 1829 1416 1881 ita
1456 1829 1693 1881 latuisse
1739 1829 1912 1880 fertur
1953 1827 1974 1857 ¹’
2016 1828 2074 1878 in
2105 1819 2159 1894 B
2187 1829 2284 1879 tibi
2302 1829 2465 1880 liceat
2483 1829 2873 1893 denegari,qui
2887 1833 3494 1894 potestatemomnium
3513 1833 3691 1886 habes
3697 1837 3792 1900 ju-

481 1920 611 1973 lacu
634 1920 898 1972 cisternas
919 1933 1032 1971 non
1055 1919 1320 1971 habentis
1365 1930 1593 1982 aquam,
1619 1921 1685 1969 ut
1708 1915 1886 1969 solem
1912 1929 2080 1967 num-

483 2022 653 2074 quam
677 2008 913 2060 videret.
943 2007 1050 2059 Sed
1073 2020 1205 2059 cum
1227 2020 1327 2072 per
1340 2007 1625 2070 ancillam,
1643 2019 1773 2070 quin
1800 2006 1920 2056 sola
1943 2018 2082 2056 con-

482 2098 599 2150 Scia
619 2098 972 2150 dominorum
1009 2095 1209 2148 ofﬁciis
1233 2096 1330 2159 qui
1353 2095 1403 2147 ei
1420 2096 1666 2147 latebras
1693 2096 2078 2160 praebuerant,

479 2199 499 2222 ο
533 2187 850 2248 videbatur,
882 2185 1169 2237 indicatus
1194 2185 1414 2248 fuisset,
1444 2189 1714 2248 tauquam
1751 2184 1851 2234 Dei
1877 2183 2082 2248 spiritu

476 2276 826 2338 admonitus,
850 2275 975 2340 ipsa
1000 2277 1168 2327 nocte
1195 2287 1309 2338 qua
1337 2273 1409 2325 ad
1433 2285 1565 2325 eum
1597 2272 2080 2336 comprehenden-

475 2366 616 2418 dum
664 2379 792 2417 cum
827 2364 1111 2416 indicibus
1156 2363 1510 2424 veniebatur,
1558 2367 1688 2427 post
1743 2375 1926 2414 annos
1977 2375 2079 2414 sex

475 2454 747 2518 migravit
765 2453 838 2505 ad
865 2453 1037 2505 ellum
1060 2451 1270 2503 locum.
1299 2453 1383 2503 Ita
1404 2451 1595 2515 illiqui
1617 2447 2072 2518 veneran1247

474 2542 749 2606 frustrati,
777 2541 1145 2604 dominisque
1165 2539 1225 2591 in
1242 2539 1439 2604 fugam
1463 2539 1664 2605 versis,
1689 2539 1760 2592 de
1782 2539 1988 2592 ancilla
2011 2543 2078 2593 ut

477 2629 622 2682 falsa
636 2629 821 2682 indice
840 2641 1040 2694 paenae
1066 2632 1324 2680 sumunt.

1068 2763 1297 2815 CAPUT
1325 2763 1456 2814 XIX
1467 2800 1480 2814 .

483 2889 548 2941 Ut
580 2889 841 2941 Constans
864 2888 1177 2954 Imperator,
1201 2903 1301 2953 pro
1317 2888 1623 2938 Athanasio
1637 2887 1803 2952 fratri
1814 2887 2077 2938 Constan-

539 2979 611 3028 tio
643 2977 910 3043 scripserit
933 2992 1160 3040 eumque
1197 2977 1434 3026 Ecclesiae
1454 2993 1561 3026 suae
1601 2977 1755 3026 reddi
1774 2976 2012 3042 jusserit.

478 3092 692 3144 Verum
725 3103 798 3143 ne
833 3103 1040 3155 graves
1067 3089 1234 3141 alicui
1270 3088 1292 3119 δ
1333 3090 1566 3142 latebra:
1601 3102 1724 3142 suae
1765 3090 1984 3154 ﬁerent,
2023 3091 2081 3144 et

2179 1917 2387 1968 bendi?
2427 1918 2535 1970 Sed
2561 1931 2742 1970 unum
2781 1924 2865 1970 est
2892 1919 3042 1983 quod
3060 1925 3272 1980 oro,ut
3315 1933 3503 1974 meam
3554 1936 3790 1989 quoque

2180 2006 2618 2071 petitiunculam
2642 2008 2879 2059 libenter
2901 2007 3188 2060 admittas.
3219 2010 3476 2075 Cumque
3501 2025 3563 2064 se
3589 2015 3788 2067 omnia

2181 2108 2315 2159 quas
2361 2095 2547 2159 vellet,
2583 2099 2847 2159 quamvis
2898 2102 3096 2150 essent
3123 2098 3393 2161 difficilia,
3428 2102 3790 2166 promitteret

2179 2186 2611 2249 praestaturum,
2634 2185 2682 2235 si
2699 2185 2806 2236 hoc
2821 2198 2998 2236 unum
3017 2195 3034 2224 ι
3047 2186 3272 2238 cederet
3288 2187 3492 2248 libens,
3515 2189 3595 2242 ait
3607 2191 3783 2244 Atha-

2179 2275 2380 2324 nasius
2405 2287 2416 2324 :
2437 2275 2558 2325 IIoc
2577 2278 2664 2325 est
2687 2275 2840 2338 quod
2861 2288 3015 2340 rogo,
3058 2281 3123 2328 ut
3147 2276 3284 2340 quia
3313 2281 3487 2330 etiam
3511 2279 3603 2331 hic
3629 2281 3786 2344 (nam

2177 2362 2328 2428 apud
2347 2362 2708 2414 Antiochiam
2726 2377 2815 2414 res
2832 2365 3272 2428 agebaturjsunt
3282 2367 3461 2418 nostri
3474 2369 3665 2432 populi
3683 2371 3786 2434 qui

2178 2451 2304 2503 istis
2329 2451 2433 2515 [AL
2461 2451 2570 2514 his]
2595 2453 3013 2504 communicare
3037 2453 3260 2516 nolunt,
3279 2468 3452 2507 unam
3480 2457 3561 2508 eis
3587 2461 3782 2512 tenere

2177 2539 2198 2570 "
2221 2540 2563 2592 concedatur
2587 2542 2918 2592 Ecclesiam.
2935 2542 3346 2605 iEquissimum
3374 2544 3481 2596 sibi
3505 2545 3699 2607 videri,
3718 2549 3778 2600 et

2178 2629 2342 2682 valde
2359 2630 2768 2694 praestandum,
2793 2632 2959 2682 imtus
2984 2633 3291 2696 spopondit
3314 2635 3630 2697 Imperator.
3658 2637 3769 2688 Sed

2177 2731 2306 2770 cum
2320 2730 2438 2770 rem
2451 2719 2753 2770 detulisset
2768 2720 2837 2771 ad
2855 2732 2972 2780 eos,
2985 2733 3232 2784 quorum
3247 2722 3501 2774 consiliis
3517 2727 3766 2786 utebatur,

2174 2820 2358 2871 neque
2382 2807 2459 2858 ibi
2484 2821 2546 2859 se
2580 2808 2724 2860 velle
2763 2809 3019 2873 accipere
3066 2809 3398 2876 Ecclesiam,
3445 2825 3630 2877 neque
3670 2813 3767 2866 hic

2175 2909 2353 2962 (18.1·6,³
2375 2898 2878 2962 rcspondent,quia
2892 2900 3022 2963 plus
3041 2900 3150 2950 sibi
3167 2900 3378 2965 singuli
3391 2901 3603 2966 quique
3613 2918 3767 2964 quam

2174 2987 2510 3039 absentibus
2527 2987 2919 3040 consulebant.
2929 2992 2996 3037 Ita
3010 2991 3324 3054 Imperator
3336 2990 3654 3043 admiratus
3667 2995 3780 3053 ejus

2182 3077 2559 3142 prudentiam,
2580 3090 2876 3142 properare
2890 3090 3068 3142 ocyus
3080 3079 3152 3130 ad
3170 3079 3592 3144 suscipiendam
3609 3094 3780 3135 suam

479 3181 702 3235 occasio
714 3179 1431 3232 calumniaainnocentibus
1447 3179 1966 3244 quaereretur,an
1981 3178 2090 3232 sibi
2119 3173 2167 3248 C
2191 3166 2693 3230 ECOleSideUbet-
2711 3166 2816 3219 Sed
2841 3180 2974 3218 cum
2998 3167 3338 3232 Magnenti“
3362 3169 3573 3222 scelere
3598 3173 3786 3236 Impe-

476 3268 627 3322 ultra
636 3269 758 3333 jam
783 3268 1043 3320 tutumin
1067 3269 1379 3320 Constantii
1408 3281 1586 3332 regno
1609 3281 1988 3332 praesumens,
2006 3267 2080 3320 ad

477 3356 808 3410 Constantis
831 3360 1022 3421 partes
1044 3355 1319 3421 profugus
1357 3357 1614 3408 abscedit
1636 3357 1742 3421 [AL
1789 3357 2077 3421 abcessit].

476 3449 521 3498 A
541 3459 651 3510 quo
661 3445 804 3498 satis
821 3435 1130 3498 honorifice
1141 3446 1517 3510 religioseque
1529 3446 1830 3510 suscepius
1843 3446 2082 3508 εει.οιιί-

482 3546 598 3599 que
615 3545 823 3586 caussa
847 3535 895 3598 ej
905 3548 990 3594 us,
1009 3547 1186 3599 quam
1207 3535 1358 3586 fama
1369 3539 1738 3599 compererat,
1753 3535 2081 3599 diligentius

475 3623 725 3688 cognita,
752 3623 946 3674 scribit
970 3623 1043 3674 ad
1067 3623 1430 3688 fratrem,pro
1455 3626 1607 3675 certo
1629 3636 1690 3675 se
1715 3624 2078 3688 comperisse,

476 3712 630 3777 quod
643 3713 910 3764 sacerdos
926 3712 1030 3764 Dei
1042 3713 1250 3763 summi
1263 3711 1612 3764 Athanasius
1627 3712 1842 3778 injuste
1855 3712 2024 3778 fugas
2036 3721 2083 3761 et

475 3801 648 3855 exilia
659 3805 958 3867 pateretur.
980 3802 1150 3854 Hunc
1162 3801 1355 3866 itaque
1365 3805 1513 3854 recte
1525 3811 1542 3831 ·
1553 3802 1777 3867 faceret,
1796 3802 1843 3854 si
1861 3802 2082 3867 absque

537 3979 554 4000 ·
577 3972 641 4022 In
674 3971 1061 4024 Guarneriano
1089 3971 1177 4021 sin
1227 3972 1414 4021 minus
1446 3971 1764 4024 Cacciarius
1788 3975 1966 4036 notat,
1990 3971 2082 4024 hl-

475 4043 711 4094 storiam
757 4043 883 4094 heic
927 4043 1098 4094 scribi
1147 4056 1182 4094 a
1227 4045 1434 4094 Rufino
1481 4044 1894 4107 persecutionis
1936 4046 1996 4094 in
2023 4046 2077 4096 S.

471 4114 873 4177 Athanasium,
899 4128 970 4166 ex
995 4127 1107 4178 quo
1147 4128 1281 4166 eum
1305 4115 1612 4167 Eusebiani
1641 4116 1697 4166 in
1722 4117 2081 4169 Antiochena

473 4185 920 4251 pseudosynodo
985 4197 1119 4250 qua
1154 4188 1454 4238 occasione
1495 4187 1868 4238 dedicationis
1909 4190 2080 4238 Aurei

472 4256 766 4318 Dominici,
797 4257 1032 4307 collecta
1053 4256 1158 4320 est)
1189 4256 1262 4308 de
1302 4257 1685 4308 Alexandrina
1708 4259 1843 4308 sede
1886 4259 2080 4312 detur-

474 4327 702 4391 barunt,
722 4328 961 4378 suffecto
974 4327 1259 4391 Gregorio,
1280 4328 1378 4392 qui
1401 4328 1644 4392 stipatus
1663 4329 1917 4393 quinque
1945 4332 2077 4383 mil-

472 4398 614 4450 lium
644 4401 994 4450 armatorum
1041 4399 1306 4451 satellitio
1339 4411 1436 4463 per
1461 4401 1575 4450 vim
1603 4405 1771 4461 atque
1814 4401 2078 4455 incendia

474 4469 788 4522 Ecclesiam
812 4471 1131 4534 occupavit.
1151 4474 1354 4522 Annus
1368 4475 1504 4522 tunc
1520 4473 1794 4534 agebatur
1806 4476 2073 4528 treesnte-

475 4540 661 4592 simus
694 4542 1172 4606 quadragesimus
1195 4541 1432 4606 primus.
1482 4542 1622 4595 Vide
1663 4545 1912 4608 l'agium.

535 4611 670 4690 {Sin
707 4612 834 4690 haac
856 4613 1049 4690 minus
1077 4625 1212 4690 vera
1257 4614 1523 4690 narratio
1547 4615 1832 4690 videatur,
1875 4621 2077 4690 Noster

471 4681 709 4760 minime
731 4685 926 4760 tamen
939 4683 1265 4760 culpandus
1298 4690 1404 4749 est,
1431 4685 1528 4760 qui
1549 4686 1607 4760 id
1631 4700 1691 4738 se
1717 4691 1789 4740 ab
1813 4696 1938 4750 aliis
1980 4681 2079 4760 ac:

472 4753 688 4830 cepisse
731 4754 1043 4830 proﬁtetur.
1072 4756 1354 4830 Caeterum
1391 4758 1514 4809 cod.
1563 4759 1906 4821 Bononiens.
1967 4753 2076 4830 ὧξο

473 4822 650 4908 habet
670 4837 772 4889 pro
797 4823 951 4908 lacu,
970 4827 1026 4878 et
1047 4838 1182 4878 mox
1201 4827 1405 4891 iuncto
1451 4833 1512 4881 et
1555 4822 2077 4908 Guarneriano,‘;;i:

473 4893 610 4944 derit
632 4907 734 4960 pro
756 4896 970 4946 videret.

534 4967 748 5046 oq‘acet
777 4967 1119 5046 Borion-ieris,
1165 4968 1462 5046 videbatur.
1509 4974 1684 5031 Paulo
1732 4989 1862 5046 post
1901 4990 2074 5043 Guar-

471 5036 712 5114 neriam,
733 5053 855 5114 eam
869 5038 1146 5114 judicibus
1165 5043 1490 5104 veniebatur,
1539 5053 1596 5098 et
1627 5036 1832 5112 juncto

470 5107 833 5186 Bononiensi,
878 5112 1180 5186 emigravit.
1217 5115 1417 5186 Reccat
1460 5128 1596 5169 vero
1628 5107 2076 5186 'Bononien'siin

471 5170 864 5266 sequentibus,
896 5170 1128 5262 nauus,
1154 5183 1252 5266 qui
1278 5183 1516 5266 fuerant,
1532 5170 2076 5266 ⁸[νιιειιπὲεῖιέεῖῖιξὶἶιὶιξςῖιῖ

464 5249 666 5332 ⁸ξιιάὶεαιι.
707 5253 1278 5332 Guarnerianqecte,
1326 5249 1566 5310 dominis
1592 5277 1803 5332 quoque

460 5321 673 5387 fugam,
698 5333 828 5389 etc.,
845 5337 978 5377 cum
1003 5327 1269 5388 vulgatis.

532 5403 553 5432 δ
574 5405 912 5458 Guanerian.
954 5405 1189 5466 tenebrae,
1231 5407 1421 5462 minus
1444 5426 1595 5470 vere.

529 5475 946 5559 :“I‘demfaeqe,
1226 5494 1366 5559 cura:
1387 5483 1661 5559 uturum,
1689 5499 1747 5559 ut
1770 5495 1882 5559 ipse
1901 5496 2074 5546 adim-

462 5536 644 5617 pleret,
669 5536 787 5591 non
812 5541 1127 5617 _interjecta
1150 5541 1208 5592 id
1251 5536 1458 5602 vocula
1481 5536 1852 5617 {0131137666
1857 5536 2074 5613 133651

473 5613 694 5662 veteres
729 5609 951 5676 vulgati
973 5611 1100 5676 ipse.

529 5679 550 5716 τ
563 5685 751 5764 Atque
775 5683 902 5764 heic
923 5683 1033 5764 ipse
1055 5685 1342 5764 interserit
1367 5695 1490 5748 cod.
1519 5698 1908 5764 Regio-Vatlc.
1934 5701 2071 5756 Mox

462 5753 642 5836 frater
660 5756 981 5836 Cacciarius
1002 5757 1142 5824 legit
1181 5776 1283 5829 pro
1310 5766 1557 5833 fratrem,
1591 5753 1744 5836 quod
1771 5753 1990 5830 rectius
2005 5753 2072 5832 et

462 5830 648 5887 nostri
671 5843 810 5884 mss.
835 5831 1146 5900 praeferunt
1184 5842 1244 5894 et
1265 5839 1484 5910 vulgati
1509 5830 1660 5901 libri.

2177 3264 2332 3318 rator
2344 3256 2628 3308 Constans
2645 3269 2820 3321 regno
2839 3255 3009 3308 simul
3027 3261 3084 3309 et
3099 3257 3216 3309 vita
3231 3257 3437 3310 fuisset
3452 3264 3783 3325 exemptus,

2178 3361 2406 3406 rursum
2431 3347 2490 3398 in
2515 3345 2893 3396 Athanasium
2920 3349 3140 3398 veteres
3166 3343 3338 3415 249
3364 3346 3788 3404 illiincentores

2181 3437 2455 3500 Principis
2491 3435 2622 3487 odia
2641 3433 2981 3486 resuscitare
3004 3441 3327 3499 ceeperunt:
3373 3436 3688 3502 fugatoque
3713 3438 3788 3491 de

2181 3527 2450 3589 Ecclesia,
2475 3525 2534 3576 in
2553 3524 2743 3575 locum
2761 3524 2810 3588 ej
2822 3537 2889 3575 us
2905 3525 3211 3588 Georgium
3229 3527 3535 3590 quemdam
3547 3528 3788 3593 perfida

2179 3622 2238 3671 et
2261 3614 2634 3668 immanitatis
2652 3626 2774 3666 suae
2793 3614 3013 3666 socium
3024 3614 3428 3668 mittunt.Nam
3445 3617 3600 3682 prius
3616 3633 3790 3680 quem-

2181 3707 2314 3759 dam
2327 3703 2660 3768 Gregorium
2676 3702 2970 3755 miserant.
2990 3705 3240 3756 Rursum
3257 3705 3646 3770 fuga,rursum
3662 3706 3778 3760 late

2180 3797 2302 3849 brae
2327 3797 2383 3848 et
2406 3791 2592 3847 edicta
2619 3791 2932 3846 adversum
2965 3792 3347 3846 Athanasium
3385 3794 3662 3861 Principis
3684 3808 3788 3862 per

2243 3974 2260 4004 ι
2290 3961 2666 4016 Bononiensis
2699 3961 3015 4014 concederet.
3055 3961 3237 4014 Libens
3259 3963 3615 4025 Athanasius,
3643 3968 3756 4018 etc.

2241 4036 2263 4067 ⁵
2281 4039 2364 4088 ita
2387 4038 2505 4102 pari
2524 4047 2727 4087 omnes
2752 4047 3042 4086 consensu
3071 4047 3208 4086 mss.
3238 4035 3364 4087 libri
3393 4049 3406 4086 :
3432 4035 3649 4101 vulgati
3675 4037 3789 4090 fer-

2179 4122 2272 4162 me
2297 4108 2509 4160 rectius
2534 4106 2805 4156 concedas.

2243 4181 2348 4232 ‘In
2385 4179 2746 4230 Guaneriam.
2793 4176 3184 4241 responderunt
3209 4192 3222 4229 :
3251 4177 3421 4243 paulo
3459 4184 3593 4238 post
3607 4181 3790 4233 Bono-

2177 4252 2396 4305 niensis
2420 4263 2733 4316 pronomen
2748 4264 2907 4298 suam
2925 4254 3088 4312 tacet,
3113 4251 3210 4300 ubi
3229 4250 3435 4302 dicitur
3451 4267 3614 4301 suam
3642 4253 3790 4304 Eccle

2175 4326 2317 4374 siam
2335 4327 2463 4374 Jam
2490 4334 2624 4373 vero
2668 4321 2979 4372 Historiam
3028 4321 3361 4385 acephalam
3397 4322 3470 4374 de
3509 4324 3790 4376 Athanas-

2179 4395 2466 4460 praecipue
2489 4395 2680 4452 rebus,
2704 4404 2877 4455 quam
2895 4397 3158 4456 superius
3183 4405 3298 4445 uno
3335 4393 3632 4458 alteroque
3666 4396 3791 4448 loco

2179 4467 2564 4520 laudavimus.
2579 4476 2760 4529 nuper
2776 4463 2985 4515 editam
3004 4465 3566 4518 Tom.lll.0bservat.
3580 4469 3786 4519 Literar.

2096 4547 2152 4621 Ι)
2181 4549 2597 4621 comparemus.
2617 4535 2843 4617 Scripsit
2860 4541 3035 4621 autent
3045 4543 3089 4586 et
3112 4537 3790 4621 [ImperatorCOilstantius

2179 4623 2241 4676 de
2278 4611 2454 4660 reditu
2494 4608 2811 4669 Athanasii;
2855 4612 2900 4657 et
2929 4609 3070 4656 inter
3115 4609 3459 4672 Imperatoris
3517 4609 3789 4674 Epistolas

2183 4697 2289 4746 haec
2313 4697 2522 4753 quoque
2540 4679 2782 4729 habetur.
2809 4679 2876 4729 Et
2889 4679 3096 4742 factum
3125 4685 3198 4753 est
3213 4684 3332 4753 post
3369 4681 3614 4745 Gregorii
3643 4696 3791 4730 mor-

2179 4771 2282 4817 tem
2304 4750 2640 4811 Athanasi-us
2667 4765 2904 4800 reversus
2927 4756 3080 4799 estea;
3112 4750 3238 4799 urbe
3265 4752 3454 4812 Roma,
3477 4757 3520 4800 et
3539 4753 3788 4817 partibus

2177 4837 2364 4891 Italiae;
2388 4829 2433 4879 et
2466 4827 2736 4887 ingressus
2781 4827 2853 4871 est
2887 4821 3291 4871 Alexandriam
3330 4823 3584 4888 Phaophi
3615 4823 3788 4874 Χχιν

2179 4900 2501 4960 Consulibus
2529 4894 2841 4946 Constantio
2870 4898 2917 4941 et
2943 4894 3230 4943 Constante
3252 4894 3328 4943 ΙΙΙ
3355 4895 3592 4958 [annum
3625 4899 3787 4947 notat

2176 4979 2298 5039 346,
2332 4977 2482 5027 diem
2506 4964 2880 5039 21.0ctobrisj
2897 4965 2993 5014 hoc
3017 4970 3089 5039 est
3101 4970 3217 5039 post
3233 4981 3409 5014 annos
3442 4966 3529 5039 Vl.
3543 4967 3783 5031 (supple,

2176 5052 2248 5104 ab
2274 5036 2455 5113 ipsius
2472 5036 2926 5113 damnationem
2959 5036 3319 5113 Antiochena
3342 5036 3592 5113 Synodu,
3609 5049 3786 5113 quam

2175 5106 2430 5175 diximus
2454 5125 2587 5166 ann.
2636 5107 2730 5163 341
2781 5106 3137 5171 celebratam)
3175 5113 3220 5157 et
3256 5109 3518 5158 remansit
3578 5110 3789 5173 quietus

2176 5183 2738 5260 apudAtexandria-m
2768 5182 2934 5229 annis
2962 5180 3007 5228 Χ
3021 5179 3116 5260 Vl,
3130 5185 3176 5228 et
3209 5194 3380 5260 triens.
3406 5181 3500 5260 _Vl.
3533 5181 3676 5233 Heic
3701 5194 3786 5233 er-

2173 5251 2268 5320 ror
2300 5265 2360 5316 in
2382 5256 2679 5314 numerica
2709 5264 2994 5304 annorum
3023 5256 3161 5303 nota
3185 5254 3290 5315 est,
3330 5251 3675 5316 videturque
3706 5266 3786 5306 re-

2173 5334 2544 5390 scribendum
2566 5326 2697 5378 Xlll
2729 5335 2829 5388 pro
2854 5323 3003 5385 XVI,
3030 5327 3096 5374 ut
3124 5335 3487 5388 consequens
3528 5324 3782 5377 historian

2169 5410 2477 5462 contextus
2501 5399 2745 5452 docebit.
2772 5395 3003 5447 Interim
3027 5408 3098 5446 ex
3140 5394 3230 5446 his
3277 5395 3409 5447 licet
3454 5396 3608 5448 haud
3644 5409 3782 5448 sane

2171 5481 2442 5544 exiguam
2483 5470 2802 5524 Ruﬁnianm
2837 5466 3148 5519 narrationi
3185 5466 3374 5544 lucem
3398 5466 3693 5544 fmnerari:
3731 5478 3784 5523 et

2171 5539 2326 5618 quod
2350 5549 2428 5603 rei
2453 5547 2624 5618 caput
2638 5546 2746 5606 est,
2769 5545 3094 5618 temporum
3107 5541 3336 5618 seriem,
3355 5552 3603 5605 quorum
3623 5539 3782 5618 luxa-

2170 5612 2322 5678 tione
2343 5616 2673 5686 aliquando;
2697 5615 2788 5670 vel
2813 5614 3142 5680 traiectione
3165 5612 3411 5666 Ruﬁnus
3442 5617 3659 5680 peccat,
3690 5625 3778 5666 re-

2169 5697 2754 5821 {ofxﬂialguarneriano
2792 5770 2902 5813 ms.
2934 5771 3186 5813 vacuum
3220 5771 3323 5826 pro
3349 5755 3653 5825 Magnentii
3685 5767 3781 5810 no-

2168 5839 2322 5900 mine
2351 5837 2604 5911 spatium
2623 5833 2937 5903 interiacet.
2981 5833 3121 5888 Rem
3164 5843 3332 5900 porro
3373 5834 3573 5898 totam,
3609 5838 3780 5898 quam
