3900 6392
70 418 179 479 493

1003 421 1340 477 HISTORIA
1374 423 1924 478 ECCLESIASTICA.
1960 424 2165 478 LIBER
2200 425 2483 483 PRIMUS.

3284 434 3390 492 494

69 547 310 589 omnem
335 534 527 586 locum
554 538 865 598 ponuntur,
882 535 1120 600 praemia
1138 539 1195 587 et
1214 536 1456 588 honores
1474 536 1683 589 delato-
1708 541 1764 613 Α
1792 536 1967 588 etiam
1986 536 2521 607 Hilariusjungitur,
2534 537 3393 615 canerisvelignorantibus,vel

68 625 234 677 ribus
246 622 722 688 pollicentia.Ipse
736 636 964 688 quoque
977 636 1110 676 cum
1120 625 1192 675 ob
1205 624 1513 677 vindictam
1525 626 1685 678 necis

69 714 370 775 fraternae,
394 723 753 776 regnumque
776 712 1230 777 recuperandum
1254 713 1325 764 ad
1361 713 1684 766 Occidentis

70 806 269 866 partes
285 800 561 859 venisset,
575 802 632 851 et
648 799 902 852 extincto
920 802 1180 865 tyranno,
1204 802 1364 867 regni
1381 802 1538 854 solus
1554 815 1683 856 arce

69 891 377 957 potiretur,
409 888 645 952 fatigare
675 888 1069 941 Occidentales
1102 891 1434 955 Episcopos,
1459 896 1518 944 et
1543 901 1560 921 ·
1585 905 1684 957 per

69 980 471 1044 deceptionem
483 978 556 1029 ad
568 989 919 1029 consensum
935 980 1164 1031 Arianae
1174 979 1465 1031 haereseos
1482 994 1683 1045 cogere

66 1066 727 1134 aggreditur,Athanasii
741 1067 898 1130 prius
913 1067 1391 1120 condemnatione
1402 1072 1680 1131 praemissa,

70 1161 128 1211 et
152 1158 316 1210 velut
335 1154 517 1209 obicis
541 1153 878 1207 validissimi
897 1156 986 1221 obj
996 1156 1219 1208 ectione
1247 1156 1491 1210 sublata.

682 1286 914 1338 CAPUT
950 1287 1077 1339 XX.

73 1402 149 1453 De
159 1400 407 1451 Concilio
422 1399 574 1465 apud
588 1399 960 1449 Mediolanum
977 1400 1174 1461 habita,
1188 1408 1234 1450 et
1249 1401 1429 1451 exiliis
1442 1402 1680 1465 Eusebii,

134 1472 397 1537 Luciferi,
418 1478 829 1535 ceterorumque
855 1471 1248 1537 Episcoporum
1276 1473 1679 1524 catholicorum.

141 1589 230 1641 Ob
242 1589 351 1640 hoc
365 1586 548 1651 “apud
563 1584 947 1638 Mediolanum
960 1586 1365 1651 Episcoporum
1378 1587 1682 1640 concilium

74 1679 459 1733 convocatur:
496 1675 686 1740 plures
708 1675 946 1740 decepti.
979 1675 1290 1739 Dionysius
1319 1689 1473 1740 vero,
1501 1679 1681 1729 Euse-

74 1770 230 1831 bius,
253 1765 546 1828 Paulinus,
565 1764 919 1828 Rhodanius,
946 1767 1002 1815 et
1025 1764 1263 1829 Lucifer,
1287 1763 1483 1816 dolum
1509 1766 1569 1816 in
1593 1779 1683 1816 ne-

1789 638 1909 678 non
1931 626 2293 680 credentibus
2313 629 2592 683 fraudem.

2374 728 2609 782 CAPUT
2643 729 2797 782 XXI.

2218 796 2293 845 De
2324 797 2667 848 Ariminensi
2701 800 2947 853 concilio.

1790 887 1961 958 250
2003 889 2112 942 Sed
2157 890 2257 943 tali
2294 894 2531 947 consilio
2574 900 2807 959 gestum
2838 897 3016 951 fuisse
3062 902 3387 966 negocium,

1782 980 1864 1029 rei
1893 979 2082 1030 exitus
2116 979 2326 1031 docuit.
2368 982 2486 1033 Illis
2521 996 2775 1049 namque
2803 986 2874 1038 de
2907 988 3096 1042 medio
3125 992 3386 1054 sublatis,

1782 1078 1884 1118 can
1893 1066 2053 1119 tinuo
2070 1068 2330 1131 synodus
2352 1071 2506 1135 apud
2521 1072 2841 1126 Ariminum
2859 1083 3284 1142 congregatur.°
3304 1081 3388 1133 Ibi

1783 1155 2103 1207 secundum
2115 1169 2181 1208 ea
2196 1169 2330 1220 quae
2341 1157 2655 1213 Orientales
2669 1162 2819 1227 apud
2835 1164 3147 1219 Seleuciam
3159 1181 3388 1234 compo-

1783 1244 2210 1296 suerantcallidi
2227 1245 2493 1300 homines
2509 1250 2568 1300 et
2584 1250 2823 1315 versuti,
2837 1252 2946 1304 sim
2956 1253 3126 1318 plices
3141 1260 3200 1308 et
3212 1256 3387 1323 impe-

1782 1330 1923 1383 ritos
1934 1332 2385 1387 Occidentalium
2397 1337 2722 1391 sacerdotes
2734 1338 2897 1392 facile
2907 1342 3383 1410 circumveniunt,

1782 1420 1891 1472 hoc
1914 1421 2097 1473 modo
2108 1425 2480 1488 proponendo
2501 1425 2622 1478 eis:
2648 1428 2828 1488 Quem
2855 1428 2877 1459 ⁴
2897 1432 3085 1496 magis
3108 1432 3293 1486 colere
3324 1439 3388 1489 et

1782 1508 2017 1561 adorare
2041 1509 2264 1573 vellent,
2290 1513 2572 1578 ὀμοούσιον,
2588 1527 2663 1567 an
2674 1515 3003 1570 Christum?
3025 1519 3257 1585 lllisque
3280 1522 3386 1575 vir-

1786 1601 1965 1651 tutem
1988 1601 2166 1661 verbi,
2187 1601 2324 1664 quid
2349 1602 2611 1667 ὁμοούσιον
2634 1605 3383 1673 significaret,ignorantibus,

1782 1688 1943 1739 velut
1961 1689 2021 1738 in
2036 1688 2326 1740 fastidium
2343 1691 2635 1754 quoddam
2653 1696 2709 1745 et
2724 1696 3177 1750 exsecrationem
3195 1711 3384 1752 sermo

1781 1775 2065 1828 deductus
2089 1782 2197 1841 est,
2222 1778 2444 1831 Christo
2463 1793 2524 1831 se
2543 1781 2789 1843 credere,
2814 1796 2951 1848 non,
2978 1786 3231 1854 ὁμοουσίῳ
3246 1796 3403 1840 con-'

75 1858 234 1924 gotio
265 1868 395 1908 esse
422 1852 858 1919 proclamantes,
884 1858 1324 1916 asserentesque
1353 1854 1506 1917 quod
1536 1855 1673 1905 sub-

1793 1864 2166 1916 firmantibus.
2184 1867 2273 1917 Sic
2283 1866 2389 1931 [Al.
2404 1869 2472 1919 Et
2484 1868 2920 1937 sic]multorum,
2933 1878 3138 1938 praster
3149 1852 3383 1940 paucos,

77 1946 312 2012 scriptio
327 1945 388 1996 in
403 1944 803 2004 Athanasium,
820 1955 936 1994 non
948 1942 1117 1995 aliam
1138 1944 1211 1994 ob
1227 1956 1512 2004 caussam,
1525 1959 1676 2005 quam

78 2033 450 2090 destruendis
464 2032 597 2084 ﬁdei
618 2031 995 2093 moliretur,in
1007 2031 1245 2084 exilium
1263 2032 1407 2084 trusi
1423 2032 1684 2084 sunt.His

78 2167 148 2221 pa
157 2153 281 2205 uois
290 2151 401 2203 hoc
413 2148 632 2212 reliquo
649 2149 833 2213 capite
845 2148 971 2199 Rufi
978 2160 1087 2200 nus
1102 2148 1453 2221 perstringit,
1469 2153 1682 2212 copiose,

78 2220 136 2278 et
174 2236 277 2289 per
315 2227 639 2285 temporum
676 2232 906 2283 quoque
942 2220 1163 2281 seriem,
1213 2220 1481 2271 edisserit
1512 2221 1685 2271 modo

80 2304 318 2357 laudata
334 2300 582 2351 historia
601 2299 872 2363 aet-phala
890 2310 1049 2349 num.
1076 2296 1125 2352 3.
1154 2311 1328 2361 quam
1353 2310 1539 2361 opera:
1558 2311 1686 2361 pre-

84 2376 231 2427 tium
248 2386 311 2424 es
321 2376 360 2435 t,
380 2370 611 2422 tamtztsi
627 2380 794 2433 paulo
818 2369 1179 2433 prolixiorem
1194 2368 1512 2420 describere
1530 2385 1540 2417 :
1561 2370 1685 2417 Posl

82 2448 180 2496 hoc
216 2451 440 2507 tempus,
471 2440 809 2490 Athanasius
833 2440 1062 2488 audiens
1085 2440 1370 2489 adversum
1399 2454 1450 2487 se
1471 2438 1686 2487 turbam

78 2519 354 2582 futuram,
393 2515 715 2577 Imperatare
748 2512 1033 2582 Constante
1059 2513 1128 2582 Ain
1164 2509 1469 2582 Mediolano
1493 2510 1687 2582 consti-

83 2595 215 2647 tuto,
234 2585 437 2634 direxit
452 2582 525 2631 ad
543 2582 865 2632 Comitatum
882 2580 1165 2642 nauigium
1187 2594 1311 2629 cum
1325 2580 1603 2643 Episcopis
1630 2580 1684 2631 V.

84 2657 441 2720 Serapionem
463 2654 872 2713 Thmuilanum,
905 2651 1288 2714 'I'riadclphum
1311 2652 1682 2712 A’iciotanum,

80 2728 393 2795 Apollinem
412 2726 869 2795 Cynopotilanum
880 2723 1195 2795 superioris,
1210 2723 1569 2795 Ammanium
1582 2723 1688 2771 Pa-

83 2792 550 2851 chemmonensem
566 2810 583 2854 ;
598 2800 644 2842 et
656 2792 984 2857 presbyteros
998 2792 1346 2841 Alarandrue
1359 2792 1447 2841 III.
1466 2793 1687 2840 Petrum

82 2874 375 2932 Medicum,
391 2869 706 2925 Astericum,
725 2870 770 2913 et
785 2866 1055 2913 Phileam.
1069 2864 1193 2911 Post
1209 2877 1240 2926 q
1250 2878 1445 2911 uorum
1457 2878 1532 2911 na
1540 2864 1690 2926 viga-

86 2945 289 2992 tionem
316 2940 379 2988 de
408 2937 765 2998 Alemandria,
793 2934 1008 2984 Consul.
1034 2933 1347 2983 Constantia
1384 2934 1460 2984 VI.
1479 2936 1620 2996 Aug.
1643 2938 1689 2982 et

86 3016 376 3065 Constante
413 3010 615 3059 Cesare
642 3006 711 3056 II.
747 3007 991 3055 Pachom
1030 3005 1216 3053 XXIV.
1256 3004 1344 3052 die
1392 3006 1516 3067 [ΑΒ.
1564 3005 1687 3059 553.

83 3087 223 3149 Maji
254 3082 359 3145 17.)
373 3096 392 3141 ;
420 3094 552 3129 τηοσε
580 3083 699 3142 post
720 3076 815 3126 IV.
844 3076 953 3125 dies
974 3080 1269 3149 Uentanae
1282 3076 1571 3149 Palatinus
1593 3091 1689 3123 m-

79 3146 295 3222 gressus
323 3150 723 3202 Alexandriam
751 3148 1013 3222 Pachom.
1036 3147 1283 3222 XXVIII.
1310 3146 1545 3222 ejusdem
1568 3150 1687 3196 Au-

79 3218 226 3293 gusti
251 3227 455 3275 litteras
481 3220 784 3272 Constantis
803 3220 943 3268 dedit
961 3220 1221 3293 Episcopo
1242 3218 1567 3279 Athanasio,
1589 3234 1687 3283 per

80 3290 223 3365 guas
258 3295 462 3346 vetabat
508 3306 591 3342 eos
624 3306 897 3341 occurrere
917 3290 990 3365 ad
1017 3292 1346 3365 Comitatum
1360 3304 1379 3349 ;
1401 3304 1468 3337 ea:
1490 3304 1601 3353 qua
1626 3306 1679 3365 re

76 3361 251 3419 nimis
287 3370 522 3416 vastatus
563 3364 642 3428 [Ε.
685 3361 947 3423 vexatus]
976 3366 1049 3408 est
1075 3361 1387 3423 Episcopus,
1422 3364 1466 3408 et
1499 3361 1677 3408 omnis

74 3440 315 3507 papulas
344 3440 606 3507 fatigatus
638 3441 713 3484 est
736 3436 914 3507 valde.
932 3435 1015 3481 Ita
1037 3434 1331 3507 Montanus
1354 3431 1500 3507 nihil
1522 3446 1684 3494 agens

75 3501 355 3578 profectus
372 3515 459 3569 est,
484 3505 801 3578 relinquens
810 3504 1138 3578 Episcopum
1158 3501 1523 3578 Alexandriae.

142 3571 496 3634 Postmodum
522 3582 702 3626 autem
731 3575 1006 3639 Diogenes,
1050 3573 1357 3637 Imperialis
1398 3571 1680 3633 Notarius,

77 3656 226 3706 venit
250 3650 651 3703 Alexandriam
672 3661 849 3695 mense
867 3647 1109 3695 Mensare
1140 3647 1264 3709 (An.
1301 3642 1423 3698 355.
1447 3646 1556 3709 leg.
1581 3646 1683 3693 Me-

78 3728 231 3790 sori),
278 3721 572 3775 Consulatu
615 3718 932 3777 Arbitionis,
966 3721 1013 3790 et
1042 3716 1296 3790 Latiani,‘
1335 3717 1433 3765 hoc
1456 3721 1540 3790 est
1569 3719 1685 3790 post

82 3786 262 3849 annos
293 3796 360 3846 Il.
393 3798 439 3842 et
460 3805 661 3840 menses
696 3790 750 3841 V.
775 3804 842 3837 ea:
859 3788 1187 3853 profectione
1213 3787 1465 3836 Montani
1489 3786 1551 3835 de
1572 3787 1686 3836 Ale-

80 3867 351 3927 xandria,
373 3870 419 3915 et
437 3862 681 3913 incubuit
703 3864 952 3909 omnibus
972 3861 1250 3923 Diogenes,
1274 3858 1547 3923 expellaris
1575 3858 1682 3921 lAl.

80 3936 418 4005 compellens]
451 3934 629 3999 egredi
656 3933 986 3997 EpiscoPum
1026 3932 1264 4005 civitate,
1290 3937 1335 3979 et
1359 3944 1541 3978 omnes
1556 3931 1687 4005 satis

81 4002 307 4076 adﬂixit
340 4010 420 4059 Vl.
446 4013 627 4058 autem
650 4006 736 4053 die
767 4003 1121 4076 'I'atu_mensis
1145 4002 1194 4066 (3
1218 4006 1514 4076 sepiarum.)
1539 4002 1688 4076 φωτί-

84 4073 166 4134 ter
186 4078 500 4133 incumbens
521 4074 867 4142 expugnabat
889 4074 1216 4134 Ecclesium;
1238 4080 1282 4121 el
1294 4073 1416 4137 fecit
1440 4074 1687 4122 insistens

82 4168 289 4206 menses
306 4151 398 4204 IV.
423 4153 522 4202 hoc
543 4156 633 4213 est,
657 4163 721 4197 es:
742 4161 918 4196 mense
932 4145 1312 4207 Mensore,sive
1334 4158 1401 4194 ea:
1421 4145 1506 4193 die
1529 4147 1690 4193 inter-

82 4227 441 4289 calariorum,
456 4235 626 4287 usque
652 4220 795 4284 Cyac
820 4219 1082 4281 (Chaiac),
1102 4217 1295 4269 XXVI.
1320 4217 1463 4266 diem
1478 4214 1689 4270 22.1m-

82 4299 313 4361 cemb.).
349 4288 558 4360 Populo
582 4306 702 4342 vero
724 4290 991 4340 resistente
1017 4289 1249 4353 Diogeni
1272 4288 1618 4361 vehementer,
1643 4293 1691 4361 et

75 4360 377 4437 judieibus,
413 4379 665 4437 reversus
686 4369 758 4437 est
796 4363 1059 4437 Diogenes
1089 4366 1226 4437 stne‘
1244 4361 1426 4437 effectu
1448 4360 1691 4437 praedicti

83 4430 287 4494 mensis
310 4430 453 4505 Cgac
470 4437 555 4487 die
567 4435 752 4486 XXVI.
781 4434 1078 4484 Consulatu
1094 4432 1392 4483 Arbitwnis
1414 4441 1457 4483 et
1471 4430 1691 4482 Loltani

80 4520 201 4584 post
229 4526 435 4584 menses
456 4510 551 4584 IAV,
574 4510 711 4584 sicut
733 4507 935 4584 dictum
959 4510 1048 4584 est.

1784 1954 1881 2017 qui
1906 1953 2153 2006 scientes
2173 1954 2422 2020 prolapsi
2445 1962 2600 2023 sunt,
2624 1959 2803 2011 animi
2826 1960 3065 2027 decepti,
3092 1968 3291 2017 contra
3318 1977 3388 2018 ea

1784 2054 1915 2107 quae
1926 2048 2113 2104 patres
2125 2044 2277 2108 apud
2296 2045 2549 2098 Nicaeam
2565 2050 3043 2117 conscripserant,
3061 2053 3383 2119 venientes,

1844 2157 1924 2228 Et
1952 2163 2069 2222 post
2105 2157 2215 2208 dies
2250 2160 2341 2210 IV.
2381 2174 2543 2224 quam
2583 2168 2711 2211 sunt
2733 2164 2983 2228 ingressi,
3005 2166 3386 2219 Athanasiani

1782 2227 1927 2300 ejecli
1943 2229 2156 2300 suntde
2178 2229 2440 2290 Ecclesiis,
2466 2236 2512 2278 et
2532 2233 2741 2281 traditae
2764 2227 2888 2283 sunt
2911 2235 2987 2283 ad
3012 2236 3331 2300 Gregorium
3354 2243 3385 2274 *

1778 2298 2186 2373 pertinentibus,
2220 2305 2265 2348 et
2285 2300 2627 2373 ‘EpiscOpum
2654 2304 3076 2366 exspectantibus
3107 2298 3130 2354 ξ
3149 2323 3383 2373 suscepe-

1782 2374 1914 2417 runt
1949 2377 2129 2418 autem
2166 2372 2208 2417 is
2245 2371 2503 2419 Ecclesiae
2527 2373 2612 2421 die
2634 2374 2775 2424 XXI.
2801 2389 2976 2424 mense
2999 2377 3243 2441 Pahyni.
3272 2371 3383 2429 Ad-

1783 2440 1927 2489 venit
1949 2443 2111 2489 etiam
2129 2442 2415 2503 Gregorius
2432 2444 2779 2493 Alexandriae
2796 2446 2948 2495 Cons.
2967 2440 3272 2499 Constantis
3287 2451 3380 2505 1X.

1783 2515 1829 2585 et
1865 2511 2085 2585 .Iuliani
2127 2513 2349 2561 Caesaris
2397 2514 2463 2563 II.
2502 2516 2717 2578 Melhyr
2760 2517 2923 2565 XXX.
2968 2519 3053 2566 die
3101 2520 3223 2585 (An.
3257 2521 3380 2576 357.

1782 2583 1946 2633 Febr.
1971 2582 2095 2647 “24.),
2123 2586 2219 2655 hac
2238 2588 2309 2630 est
2335 2591 2450 2646 post
2475 2599 2675 2634 menses
2697 2592 2826 2647 octo,
2846 2594 2895 2636 et
2912 2588 3021 2636 dies
3043 2582 3136 2641 XI.
3161 2594 3383 2655 quando

1781 2658 2121 2717 susceperunt
2157 2654 2416 2703 Ecclesias
2447 2656 2520 2703 ad
2556 2670 2679 2705 eum
2728 2660 3065 2721 pertinentes.
3103 2654 3386 2725 Ingressus

1782 2724 1964 2786 itaque
1984 2726 2273 2787 Gregorius
2287 2725 2705 2787 Alexandriam,
2719 2730 2888 2777 tenuit
2903 2730 3161 2779 Ecclesiae
3179 2724 3386 2783 mensi-

1782 2793 1877 2843 bus
1901 2795 2096 2846 XVIII.
2135 2796 2389 2859 integris;
2413 2802 2460 2845 et
2501 2803 2628 2847 tunc
2660 2799 2803 2862 plebs
2834 2802 3092 2863 adgressa
3125 2808 3198 2852 est
3225 2804 3386 2854 illum

1783 2879 1846 2912 in
1887 2865 2164 2914 Daminico
2187 2866 2457 2929 Dionysii,
2492 2874 2537 2915 et
2572 2870 2667 2917 via:
2688 2884 2812 2918 cum
2831 2869 3090 2934 pericula,
3113 2878 3159 2920 el
3181 2888 3383 2938 magna

1781 2935 2071 2983 certamine
2102 2936 2353 2984 liberatus
2379 2948 2468 2997 est,
2494 2938 2579 2987 die
2609 2939 2791 3002 primo
2814 2941 3011 2988 mensis
3046 2942 3195 3005 That,
3224 2935 3382 2994 Cons.

1788 3006 2023 3065 Tutiam,
2061 3012 2106 3054 et
2156 3006 2383 3056 Cerealis
2417 3010 2545 3070 (An.
2581 3008 2703 3062 358.
2733 3012 2881 3073 Aug.
2917 3009 3044 3072 ‘29.).
3084 3013 3291 3075 Ejectus
3311 3018 3384 3064 est

1783 3081 1964 3149 autem
1984 3077 2271 3149 Gregorius
2280 3078 2343 3149 de
2356 3078 2702 3149 Alexandria
2716 3080 2801 3127 die
2822 3081 2889 3131 X.
2911 3083 3064 3144 facta
3083 3082 3382 3149 seditionis,

1785 3147 1883 3196 hac
1905 3151 1977 3195 est
1997 3147 2230 3208 Phaoph
2252 3148 2336 3195 die
2368 3148 2425 3198 V.
2451 3151 2590 3209 (Uct.
2619 3148 2709 3211 2.).
2733 3149 2821 3199 Ad
2852 3153 3224 3200 Athanasium
3257 3147 3380 3204 vero

1783 3217 2111 3281 Episcopum
2140 3218 2461 3282 pertinentes
2479 3224 2596 3283 post
2620 3222 2729 3268 dies
2750 3220 2842 3284 IX,
2858 3222 3207 3285 profectionis
3224 3224 3382 3273 Geor-

1784 3290 1881 3351 gii,
1913 3289 2010 3336 hac
2041 3296 2111 3337 est
2140 3289 2284 3339 XIV.
2318 3289 2404 3338 die
2425 3291 2623 3338 mensis
2650 3291 2821 3355 Phac,
2853 3294 3113 3354 ejicientes
3138 3295 3383 3358 Gregorii

1784 3360 2046 3422 homines,
2073 3365 2356 3408 tenuerunt
2376 3360 2637 3410 Ecclesiae
2651 3362 2919 3411 mensibus
2941 3364 3164 3425 duobus,
3196 3370 3244 3413 et
3274 3367 3387 3416 die-

1781 3429 1877 3477 bus
1889 3431 1959 3479 XI
1973 3431 2029 3479 V.
2056 3430 2221 3479 donec
2243 3435 2456 3479 advenit
2484 3434 2601 3481 dua:
2622 3432 2967 3482 Sebastianus
2983 3434 3312 3500 deds'gypto,
3337 3441 3384 3485 et

1780 3500 1929 3564 ejecit
1960 3516 2043 3550 eos
2070 3508 2115 3550 et
2138 3502 2335 3551 iterum
2358 3504 2430 3551 ad
2455 3505 2744 3566 Georgium
2774 3511 3095 3568 pertinentes
3124 3507 3386 3557 Ecclesiae

1781 3573 2120 3636 cansignavit
2146 3587 2324 3622 mense
2349 3578 2491 3635 Cgac
2519 3578 2604 3624 die
2625 3576 2869 3627 XXVIII.
2894 3577 3047 3638 (Dec.
3078 3575 3208 3642 94.).

1844 3644 1969 3693 Post
2000 3658 2201 3693 menses
2229 3650 2409 3694 autem
2437 3647 2527 3696 IX.
2553 3648 2787 3711 integras
2806 3650 3150 3712 profectionis
3175 3648 3388 3713 Georgii

1784 3714 1898 3765 deA
1908 3716 2429 3776 texandria,Pautus
2443 3720 2706 3768 Notarius
2720 3722 2938 3769 aduenit
2950 3721 3179 3785 Pahyni
3193 3721 3385 3772 XXIX.

1789 3789 2117 3838 Consulante
2143 3787 2391 3852 Eusebia,
2419 3794 2467 3837 et
2500 3790 2733 3853 Hypatio
2778 3790 2903 3854 (An.
2942 3790 3066 3845 359.
3094 3794 3229 3843 Jun.
3256 3790 3386 3855 ‘23.),

1784 3864 1830 3908 et
1846 3857 2129 3922 proposuit
2156 3858 2438 3921 Imperiale
2464 3860 2794 3925 Praeceptum
2826 3877 2924 3925 pro
2951 3863 3195 3926 Georgio,
3221 3868 3267 3912 et
3290 3867 3389 3911 do-

1785 3931 1923 3978 muit
1948 3929 2142 3977 multos
2165 3927 2227 3976 ob
2242 3930 2354 3992 ejus
2370 3931 2687 3981 vindictam.
2700 3932 2769 3981 Et
2779 3940 2900 3997 post
2915 3947 3117 3982 menses
3148 3933 3206 3983 V.
3227 3934 3391 3983 Geor-

1787 4002 1908 4066 gius
1942 4000 2083 4048 venil
2116 4002 2534 4063 Alexandriam,
2572 4004 2752 4067 Athyr
2783 4004 2948 4054 XXX.
2985 4004 3070 4053 die
3108 4005 3237 4066 (An.
3263 4001 3387 4058 361.

1790 4075 1932 4126 Nov.
1971 4069 2078 4134 26.)
2119 4072 2274 4121 Cons.
2315 4072 2499 4138 Tauri,
2529 4080 2574 4122 et
2596 4074 2849 4135 Florenti,
2874 4075 2940 4125 de
2965 4075 3266 4136 Comitatu;
3293 4076 3391 4124 hac

1788 4149 1861 4192 est
1901 4147 2015 4207 post
2052 4155 2235 4193 annos
2272 4144 2370 4194 III.
2405 4150 2451 4193 el
2475 4158 2677 4194 menses
2710 4148 2844 4195 duas
2864 4161 3033 4211 quam
3054 4146 3287 4211 fugerat.
3321 4145 3392 4195 Et

1788 4218 1939 4279 apud
1954 4216 1994 4263 A
2005 4214 2342 4263 nthiochiam
2353 4215 2576 4265 Arianae
2591 4218 2838 4266 haereseos
2848 4219 3109 4282 ejicientes
3125 4217 3394 4268 Paulinae

1790 4284 2397 4346 deEcclesia,Meletium
2412 4288 2822 4350 constituerunt,
2841 4304 2946 4354 quo
2970 4290 3058 4353 [In
3069 4301 3181 4341 ms.
3198 4287 3277 4353 eo]
3296 4301 3392 4337 no-

1790 4358 1923 4407 lente
1944 4370 2132 4405 eorum
2146 4357 2302 4407 malae
2323 4360 2492 4408 menti
2505 4362 2815 4426 consentire,
2837 4360 3102 4425 Eusojum
3120 4363 3393 4425 presbyte-

1788 4443 1919 4479 rum
1948 4428 2161 4493 Georgii
2182 4429 2548 4480 Alexandrmi
2570 4431 2682 4495 ejus
2693 4431 2802 4481 loco
2824 4433 3234 4481 ordinaverunt.

1852 4500 2130 4564 Ingressus
2158 4506 2355 4562 autem,
2379 4503 2517 4551 sicut
2545 4503 2860 4565 praedictum
2881 4508 2970 4565 est,
2999 4502 3256 4567 Georgius
3281 4499 3397 4552 Ale-

145 4583 463 4650 Ilaquedua:
475 4577 1102 4666 Syrianus,et'Nata'rius
1115 4575 1367 4657 Hilarius
1381 4574 1445 4624 de
1457 4573 1692 4639 Egypto
1716 4590 1775 4666 D
1794 4572 2100 4666 {fand'ri'an‘t
2132 4572 2617 4666 Athyr-die,
2650 4572 2792 4666 degit
2822 4576 2884 4625 in
2918 4575 3141 4627 Cicilate
3180 4586 3397 4624 securus

80 4649 486 4711 Alexandriam
505 4657 781 4714 venerunt,
798 4649 924 4713 Tybi
947 4649 1149 4699 decimo
1169 4650 1255 4697 die
1267 4655 1383 4712 post
1400 4656 1693 4700 Consulatum

82 4727 392 4782 Arbitionis
425 4730 473 4774 et
501 4722 723 4773 Loliani
766 4723 891 4786 (An.
928 4718 1050 4774 356.
1075 4722 1310 4772 Januar.
1343 4719 1436 4784 5.),
1460 4734 1699 4783 ac-prae-

83 4802 355 4853 mittentes
378 4810 560 4847 omnes
576 4809 671 4860 per
686 4794 1004 4858 Aigyptum,
1028 4808 1091 4842 ac
1112 4792 1344 4859 Libyam
1364 4793 1603 4841 militum
1627 4791 1700 4841 le-

82 4876 287 4940 gio’nes,
305 4869 533 4934 ingressi
552 4872 680 4917 sunt
876 4870 925 4940 et
948 4865 1213 4940 Notarius
1232 4871 1698 4940 pernocte-mcum

82 4936 237 4997 omni
264 4957 438 4992 manu
466 4940 699 4989 militari
723 4937 1013 4988 Ecclesiam
1051 4938 1295 5000 Theonse,
1323 4937 1522 4985 Methir
1546 4936 1696 4988 XIII.

83 5018 172 5068 die
204 5016 388 5082 (Febr.
403 5012 475 5076 8.)
495 5027 592 5078 per
621 5014 828 5060 noctem
844 5009 1302 5073 supervenientem
1317 5009 1390 5058 XI
1405 5008 1461 5059 V.
1487 5012 1534 5057 et
1545 5008 1703 5070 fran-

82 5081 260 5156 gentes
287 5087 427 5138 ostia
459 5084 709 5156 Ecclesize
743 5083 981 5156 Theonis,
1015 5082 1252 5156 ingressi
1266 5086 1396 5129 sunt
1414 5096 1539 5156 cum
1555 5081 1696 5156 inrt-

84 5151 204 5211 nita
215 5173 395 5211 manu
406 5154 894 5218 militari.Episcop
901 5167 960 5201 us
970 5158 1152 5201 autem
1161 5153 1502 5202 Athanasius
1512 5151 1700 5217 effugit

83 5247 288 5283 manus
310 5242 515 5289 eorum,
532 5233 579 5277 et
599 5226 838 5276 salvatus
855 5230 928 5274 est
951 5224 1036 5273 die
1047 5224 1301 5290 praedicto
1317 5224 1533 5288 Methgr
1554 5226 1626 5274 XI
1640 5225 1701 5286 ν,

88 5306 270 5370 (Febr.
314 5299 402 5363 9.).
436 5301 548 5350 Hoc
576 5296 999 5370 tamen_factum
1037 5300 1266 5370 ρει-κροκι
1302 5310 1479 5345 annos
1521 5297 1614 5370 IX.
1655 5303 1702 5346 et

84 5367 288 5426 menses
319 5373 414 5423 III.
441 5386 505 5422 ac
528 5372 639 5421 dies
661 5368 800 5432 XIX,
831 5381 1001 5433 quam
1024 5367 1189 5417 Italia
1210 5381 1449 5417 reversus
1478 5373 1550 5416 est
1564 5368 1702 5432 Epi-

83 5460 273 5513 scopus
297 5460 313 5495 :
347 5443 591 5494 Liberata
621 5446 802 5492 autem
817 5440 1099 5505 Episcopo,
1121 5439 1417 5513 presbyteri
1440 5440 1636 5513 ipsius,
1654 5445 1701 5490 et

82 5511 318 5587 populus
338 5518 715 5587 remanserunt
730 5512 1022 5587 obtinentes
1036 5512 1313 5587 Ecclesiae,
1339 5516 1385 5587 et
1402 5511 1698 5587 colligentes

89 5584 360 5642 mensibus
389 5588 415 5638 ι
427 5587 484 5640 ν.
525 5586 688 5637 donec
717 5584 1090 5649 ingrederetur
1111 5584 1512 5634 Alexandriam
1538 5585 1701 5635 Cata-

85 5662 362 5729 phronius
380 5656 683 5723 Praefectus,
698 5662 750 5708 et
763 5656 1016 5708 Eraclius
1042 5655 1227 5708 Comes
1250 5669 1426 5729 mense
1450 5655 1698 5729 Pahyni,

88 5728 229 5787 XVI.
256 5733 360 5801 die,
385 5730 682 5786 Consulatu
716 5729 1024 5781 Constantis
1054 5729 1188 5783 VIII.
1211 5734 1259 5781 et
1279 5728 1500 5781 Juliani
1526 5730 1704 5781 Caesa-

88 5807 167 5859 ris
184 5806 370 5874 primo
398 5807 522 5873 (An.
548 5802 672 5860 356.
696 5804 835 5857 Jun.
859 5801 971 5868 10.)

1796 4644 1906 4694 dies
1937 4642 2031 4693 III.
2064 4644 2162 4692 hoc
2183 4650 2257 4692 est
2280 4643 2366 4692 die
2385 4643 2485 4693 III.
2515 4644 2675 4708 Cyac.
2692 4653 2797 4697 etc.

1859 4724 1878 4743 ·
1901 4715 2297 4773 Bononiensis,
2324 4720 2370 4764 et
2393 4714 2710 4780 άεοεριιοηε.

1856 4785 2058 4849 hidem
2106 4786 2177 4836 0b
2227 4787 2326 4836 hoc
2367 4794 2546 4852 caput,
2584 4787 2976 4854 Mediolanum,
3010 4793 3139 4851 etc.,
3162 4788 3221 4841 et
3258 4798 3398 4840 mox

1795 4858 2069 4909 Rodamus
2079 4870 2181 4922 pro
2195 4858 3399 4924 Rhodamus,Guarnerian.Itodanus.Confer

1796 4934 2085 4982 Socratem
2104 4932 2200 4981 lib.
2226 4932 2295 4982 ll.
2327 4944 2450 4996 cup.
2476 4932 2562 4987 36.
2592 4945 2625 4985 θ
2645 4935 3056 4986 recentioribus
3074 4935 3310 4997 Pagium
3324 4932 3399 4983 ad

1793 5015 1887 5054 an.
1901 5001 2151 5065 355,quo
2164 5010 2508 5067 congregata
2522 5012 2649 5057 haec
2672 5012 2762 5057 est
2785 5011 3052 5071 Synodus
3077 5004 3396 5067 Mediolani,

1798 5076 2288 5127 Montfauconium
2306 5087 2368 5126 in
2396 5076 2509 5128 vita
2533 5081 2587 5127 δ.
2615 5076 2931 5141 Athanasii,
2948 5084 3122 5140 atque
3141 5076 3303 5130 alios.

1857 5158 1876 5180 ο
1888 5145 2107 5197 Reticet
2117 5145 2269 5195 idem
2286 5146 2379 5208 ibi,
2394 5159 2497 5210 pro
2513 5160 2548 5211 q
2559 5160 2629 5199 uo
2641 5149 2807 5211 pejus
2824 5150 3012 5199 adhuc
3026 5146 3397 5208 Guarnerian,

1793 5217 1895 5268 sibi
1917 5218 2109 5279 habet,
2128 5222 2191 5267 ut
2205 5220 2448 5280 etquam
2472 5231 2571 5282 pro
2593 5233 2728 5282 quae.
2754 5224 3048 5284 Synouum
3073 5218 3401 5270 Occndenta-

1795 5291 1936 5343 llum
1948 5289 2182 5363 Arimini
2194 5299 2348 5340 anno
2361 5288 2464 5343 359
2476 5291 2718 5354 eodemq
2726 5304 2792 5342 ue
2807 5296 3058 5355 tempore
3069 5290 3399 5363 Orientalium
3454 5356 3460 5363 ο

1796 5361 2069 5417 Seleuciae
2080 5365 2474 5425 congregatas,
2490 5374 2658 5413 nemo
2669 5367 2759 5413 est
2773 5365 2873 5427 qui
2887 5367 3123 5414 nesciat.
3146 5361 3287 5412 Vide
3300 5362 3398 5411 So-

1796 5442 2009 5489 cratem
2020 5433 2335 5486 l.il.c..$8.in
2346 5445 2596 5497 eumque
2609 5435 2911 5486 doctorum
2922 5434 3222 5486 hominum
3236 5438 3398 5482 notas.

1859 5507 1880 5537 ‘
1902 5509 2101 5560 Denuo
2130 5505 2497 5568 Guarnerian,
2546 5520 2717 5571 quam
2751 5519 2946 5571 magis,
2985 5509 3093 5558 etc.
3118 5507 3224 5577 Pro
3262 5501 3398 5577 quid

1755 5567 1777 5586 ⁶
1796 5580 2077 5647 ὀμοούσιον,
2099 5577 2415 5629 Caseiarius
2452 5567 2598 5643 quod
2621 5567 2881 5644 ὀμοούσιοῖι
2909 5567 2934 5629 ξ
2963 5579 3066 5631 sed
3089 5567 3398 5641 et'qudties

1796 5656 2061 5705 ﬁrmum
2079 5651 2316 5704 verbum
2325 5651 2617 5717 repetitur,
2636 5655 2803 5703 toties
2819 5654 3020 5704 contra
3033 5649 3192 5716 leges
3208 5646 3396 5701 ortho-

1794 5726 2051 5792 graphisa
2062 5725 2352 5789 depravat.
2372 5723 2602 5776 codices
2620 5723 2808 5778 nostri
2826 5736 2966 5778 mss.
2981 5722 3200 5779 Latinis
3214 5721 3397 5775 literis

1798 5798 2123 5850 hamousion
2141 5800 2574 5864 repraesentant.

150 5922 181 5955 η
208 5922 391 5971 Annon
426 5917 713 5985 Gregorius
738 5931 830 5985 pro
854 5914 1189 5985 GeorgioAhi‘c
1210 5920 1258 5985 et
1280 5914 1410 5985 intra
1432 5914 1628 5977 positus
1650 5913 1761 5985 est?
1790 5912 1904 5985 Ipsa
1925 5912 2063 5963 enim
2083 5909 2332 5965 Historia
2353 5910 2615 5982 acepltala
2637 5925 2731 5967 nos
2753 5913 2899 5985 modo
2920 5911 3128 5963 docebat
3148 5909 3267 5975 (col.
3284 5907 3397 5977 492,

89 5989 199 6038 not.
225 5985 286 6051 ι),
308 5987 426 6036 ante
446 5976 580 6035 diem
601 5976 907 6037 2106mm:
929 5976 1051 6032 eniti
1075 5981 1167 6035 346
1190 5981 1290 6032 vita
1313 5976 1541 6032 functum
1566 5991 1672 6029 esse
1695 5976 2011 6042 Gregorium.

2835 5979 2974 6029 linis.
