3900 6430
522 418 629 476 495

1540 414 1786 468 RUFINI
1819 411 2312 475 AQUILEIENSIS
2346 410 2787 467 PRESBYTERI

3722 418 3821 477 496

527 526 799 599 ὄμοοῦσιον
829 530 998 595 quasi
1019 529 1282 593 ignotum
1298 531 1357 580 et
1372 539 1407 578 a
1426 523 1729 590 Scripturis
1748 523 1997 575 alienum
2008 536 2118 575 ser-
2136 531 2200 601 Α
2224 524 2413 589 doxio,
2438 538 2571 577 cum
2593 525 2762 577 multi
2799 524 3162 579 diversarum
3203 528 3435 581 urbium
3458 530 3722 597 Episcopi
3751 535 3821 585 ad

521 634 757 674 monem
772 620 976 672 auferri
993 618 1061 670 de
1076 618 1210 669 ﬁdei
1233 615 1604 680 Expositione
1618 614 1951 673 decernunt,
1968 625 2118 665 com-

529 711 983 772 munionemque
1008 719 1172 758 suam
1184 706 1585 758 haereticorum
1599 704 1871 755 societate
1882 714 2129 754 comma-

527 800 741 853 culant.
759 801 838 850 Ea
855 800 1195 862 tempestate
1210 794 1384 847 facies
1399 782 1668 846 Ecclesia
1683 791 1837 844 taeda
1851 793 1908 843 et
1921 790 2122 843 admo-

519 889 658 945 dum
690 885 872 951 turpis
888 890 1025 937 erat.
1058 885 1186 937 Non
1200 883 1357 936 enim
1386 882 1536 934 sicut
1549 881 1707 946 prius
1721 881 1793 932 ab
1812 890 1830 909 ·
1846 879 2117 944 externis,

517 976 622 1029 sed
637 988 672 1027 a
696 974 936 1039 propriis
969 973 1321 1027 vastabatur.
1338 972 1599 1036 Fugabat
1613 969 1779 1032 alius,
1795 969 1940 1021 alius
1955 969 2115 1033 fuga-

512 1064 703 1126 batur,
719 1066 778 1114 et
791 1066 1036 1125 uterque
1052 1060 1124 1112 de
1140 1059 1386 1112 Ecclesia
1400 1062 1539 1110 erat.
1558 1059 1670 1109 Ara
1684 1068 1995 1120 nusquam,
2005 1067 2113 1107 nec

509 1151 960 1214 immolatio,nec
970 1149 1267 1201 libamina:
1281 1147 1668 1214 praevaricatio
1680 1148 1871 1198 tamen
1880 1152 1927 1195 et
1939 1147 2112 1206 lapsus

509 1243 650 1305 erat,
679 1253 748 1292 ac
770 1240 940 1293 ruina
969 1238 1302 1291 multorum.
1333 1236 1543 1290 Similis
1574 1247 1764 1301 paena,
1791 1233 1892 1286 sed
1924 1234 2110 1299 impar

508 1330 769 1385 victoria.
789 1328 1063 1383 Similiter
1078 1327 1454 1389 cruciabatur,
1484 1324 1503 1393 Ι
1518 1323 1570 1391 5
1585 1323 1606 1392 |
1632 1323 1732 1376 sed
1743 1336 1862 1376 non
1875 1325 2108 1374 similiter

507 1420 1017 1486 gloriﬁcabantur:
1047 1416 1182 1480 quia
1213 1414 1442 1467 dolebat
1484 1412 1736 1466 Ecclesia
1752 1412 1927 1466 etiam
1949 1411 2104 1465 illius
2160 1404 2163 1407 ’

507 1522 729 1574 casum,
754 1507 853 1573 qui
874 1506 1204 1572 Mpeilebat
1224 1505 1295 1557 ad
1319 1504 1567 1569 lapsum.

1077 1630 1310 1682 CAPUT
1341 1630 1521 1681 XXII.

814 1729 888 1781 De
910 1729 1117 1780 Liberio
1142 1729 1405 1794 Episcopo
1427 1725 1578 1777 urbis
1601 1724 1796 1778 Romae.

564 1822 745 1889 Igitur
778 1821 1052 1884 Liberius,
1110 1820 1209 1883 qui
1252 1822 1385 1883 post
1424 1818 1644 1870 Julium
1692 1817 1881 1884 Marci,
1924 1831 2098 1883 quem

2225 613 2381 665 illam
2410 614 2606 666 sedem
2639 627 2864 667 summa
2903 615 3215 668 ambitione
3238 616 3577 684 niterentur,
3594 621 3668 673 ad
3693 621 3820 674 ulti-

2222 715 2387 754 mum
2412 703 2700 755 Meletium
2712 704 2782 755 de
2816 705 3072 757 Sebastia
3095 706 3382 759 Armeniae
3407 708 3660 774 civitate,
3686 725 3819 763 con-

2222 796 2308 843 tra
2331 792 2555 844 decreta
2580 793 2803 845 concilii
2823 793 2957 846 illuc
2995 795 3368 848 transferunt.
3399 798 3507 860 Qui
3530 801 3724 852 tamen
3746 802 3816 852 ab

2215 879 2358 945 ipsis
2378 894 2610 934 rursum
2640 881 2698 934 in
2729 880 2901 949 252
2921 883 3155 935 exilium
3184 884 3453 948 truditur,
3492 886 3650 951 quod
3678 901 3815 940 con-

2214 973 2302 1022 tra
2346 970 2668 1035 opinionem
2712 973 2970 1036 ipsorum
3024 985 3144 1025 non
3184 973 3337 1038 Arii,
3394 974 3495 1027 sed
3555 978 3813 1029 nostram

2211 1057 2388 1111 ﬁdem
2410 1060 2586 1125 ccepit
2607 1060 2668 1112 in
2708 1061 2963 1113 Ecclesia
3000 1062 3328 1127 prmdicarc.
3369 1066 3549 1127 Quem
3599 1078 3812 1131 magna

2208 1147 2372 1213 plebs
2394 1148 2529 1201 sede
2552 1149 2568 1213 [
2593 1148 2678 1200 Al.
2710 1150 2985 1215 Ecclesia]
3021 1150 3323 1215 depulsum
3349 1157 3567 1216 secuta,
3588 1154 3664 1207 ab
3686 1153 3812 1208 has-

2207 1237 2516 1291 reticorum
2542 1238 2812 1291 societate
2845 1238 3153 1292 divellitur.

2783 1380 3016 1433 CAPUT
3041 1382 3219 1432 XXV.

2198 1523 2276 1573 De
2292 1523 2576 1573 schismate
2596 1522 2958 1587 Arianorum,
2983 1526 3130 1591 quod
3144 1525 3207 1575 in
3231 1530 3333 1576 tres
3358 1532 3537 1593 partes
3560 1526 3809 1580 divisum

2258 1618 2369 1664 est:
2415 1618 2463 1662 et
2510 1614 2741 1679 quidam
2791 1629 2979 1665 eorum
3022 1614 3383 1677 Eunomiani,
3417 1616 3519 1668 alii
3559 1619 3810 1670 Macedo-

2255 1702 2440 1763 niani,
2462 1702 2565 1752 alii
2592 1719 2709 1753 vero
2753 1709 3169 1768 permanserunt
3200 1704 3423 1757 Ariani.

2260 1818 2485 1871 Interea
2507 1823 2574 1871 ut
2594 1819 2898 1883 aliquando
2915 1819 2932 1849 τ
2944 1820 3117 1874 etiam
3134 1821 3193 1873 in
3210 1821 3576 1887 semetipsam
3591 1822 3804 1888 prasdi-

505 1912 775 1985 Silvester
802 1911 1194 1975 praecesserat,
1220 1919 1637 1971 successorem,
1660 1907 1721 1959 in
1753 1908 1893 1960 urbe
1916 1910 2167 2021 RomaB
2196 1921 2301 1961 ves
2334 1908 2551 1961 malitia
2589 1908 2910 1973 desazviret,
2949 1910 3292 1974 sacerdotes,
3350 1916 3409 1964 et
3442 1912 3654 1979 populi,
3683 1913 3804 1978 qui,

505 2001 766 2021 _-_:_I-.._
803 2000 1074 2021 LA-...-..-
1112 1997 1427 2021 ..ηΑΑ-ᾹΑΗΑ
1474 1996 1820 2021 ι’..πηηιιυιιη-
1877 1998 1931 2021 ξ..
1977 1997 2063 2021 ,ιε-ἓ
2209 1997 2327 2021 Δ-ἕΑ
2355 1997 2497 2021 Anan
2543 1998 2804 2021 vndmh..-
2842 1999 3062 2021 4'..A_....s
3104 2001 3170 2021 ...ιι
3206 1998 3449 2021 n_-1--:..
3482 2000 3692 2021 Ali—“1-:
3742 2003 3797 2021 ε..

501 2014 604 2068 per
621 2001 772 2053 idem
803 2000 826 2030 ³³
847 2004 1077 2064 tempus
1112 1997 1429 2050 sacerdotio
1473 1996 1836 2063 fungebatur,
1877 1998 1937 2049 in
1974 1997 2097 2049 exi-

498 2091 643 2145 lium
693 2088 979 2141 truditur:
1011 2087 1186 2150 inque
1230 2085 1358 2149 ejus
1407 2084 1601 2137 locum
1636 2084 1796 2138 Felix
1812 2085 2095 2158 diaconus

500 2192 645 2232 suus
681 2179 754 2230 ab
796 2176 1085 2230 hmreticis
1128 2174 1491 2238 subrogatur.
1528 2176 1599 2226 Et
1621 2187 1739 2227 non
1774 2179 1892 2227 tam
1921 2180 2095 2228 sectae

499 2268 852 2330 diversitate,
903 2277 1075 2330 quam
1117 2262 1538 2316 communionis
1583 2267 1641 2317 et
1671 2276 1691 2300 °
1724 2264 2093 2318 ordinationis

498 2356 870 2412 conniventia
893 2352 1233 2407 maculatur.

1059 2482 1287 2535 CAPUT
1328 2482 1531 2534 XXIII.

623 2600 700 2651 De
723 2594 1183 2663 Jerosolymorum
1219 2604 1265 2648 et
1296 2597 1646 2648 Alexandria
1667 2597 1967 2663 Episcopis.

559 2715 934 2780 Jerosolymis
964 2727 1100 2767 vero
1124 2714 1365 2780 Cyrillus
1384 2718 1517 2779 post
1540 2715 1872 2779 Maximum,
1902 2728 2091 2768 sacer-

499 2805 656 2859 dotio
678 2804 918 2856 confusa
935 2804 1057 2868 jam
1095 2803 1448 2855 ordinatione
1473 2810 1762 2869 suscepto,
1786 2804 2092 2868 aliquando

499 2895 560 2947 in
583 2893 716 2959 ﬁde,
740 2896 954 2958 saepius
978 2893 1040 2944 in
1055 2894 1457 2944 communione
1482 2893 1756 2945 variabat.
1778 2893 1947 2958 Apud
1971 2895 2095 2947 Ale-

503 2983 799 3037 xandriam
824 2982 997 3035 vero'l
1043 2984 1317 3048 Georgius
1360 2983 1502 3036 satis
1543 2984 1855 3047 procaciter
1885 2984 1939 3036 vi
1962 2997 2093 3049 rap-

499 3078 623 3127 tum
649 3073 1046 3138 episcopatum
1090 3074 1339 3137 gerebat,
1378 3072 1459 3124 ita
1502 3076 1567 3124 ut
1600 3073 1787 3137 magis
1812 3072 1921 3124 sibi
1942 3074 2091 3137 juris

496 3162 720 3217 dicendi
742 3162 991 3215 creditos
1032 3165 1231 3226 fasces,
1263 3174 1439 3226 quam
1472 3161 1857 3215 sacerdotium
1898 3162 2091 3215 minis-

498 3252 769 3307 trandum
789 3252 1070 3317 religiosis
1094 3251 1296 3303 ofﬁciis
1320 3251 1650 3304 mstimaret.

1059 3377 1288 3428 CAPUT
1326 3376 1532 3428 XXIV.

529 3491 605 3545 De
632 3502 651 3524 '
667 3492 1035 3559 permixtione
1076 3492 1474 3559 Episcoporum
1514 3492 1666 3557 apud
1687 3490 2063 3547 Antiochiam.

557 3608 727 3675 Apud
744 3608 1106 3661 Antiochiam
1130 3619 1269 3661 sane
1284 3608 1527 3662 diversis
1546 3611 1894 3675 temporibus
1909 3612 2093 3666 multa

498 3703 558 3755 et
579 3699 894 3753 admodum
909 3698 1140 3752 confuse
1162 3702 1327 3763 gesta
1350 3703 1502 3752 sunt.
1528 3700 1672 3753 Nam
1688 3700 1957 3756 defuncto
1973 3705 2091 3756 Eu-

563 3890 581 3912 ·
603 3883 669 3933 In
690 3877 1117 3932 Bononiensiab
1144 3878 1354 3930 exteris.
1402 3878 1537 3931 Mox
1561 3881 1930 3935 Guarnerian.
1956 3896 2091 3937 cum

496 3952 881 4018 Regio-Vatic.
915 3950 1299 4015 gloriabantur
1317 3963 1418 4015 pro
1451 3950 1914 4015 gloriﬁcabantur,

556 4025 577 4055 δ
598 4026 729 4076 Jam
759 4025 831 4074 ab
854 4034 1004 4073 anno
1029 4020 1151 4075 352.
1178 4022 1495 4073 Romanam
1521 4024 1863 4076 Cathedram
1878 4027 2093 4079 obtine-

494 4099 625 4151 bat:
649 4100 814 4147 actus
858 4099 1053 4146 autem
1073 4097 1162 4145 est.
1196 4093 1258 4145 in
1280 4093 1516 4145 exilium
1556 4108 1649 4147 an.
1675 4095 1795 4150 355.
1823 4105 2088 4164 exeunte,

494 4173 629 4235 post
673 4165 987 4227 biennium,
1023 4169 1080 4216 et
1115 4164 1273 4227 quod
1317 4168 1588 4231 excurrit,
1619 4167 1743 4219 sive
1779 4168 1942 4220 initio
1964 4169 2088 4224 358.

491 4241 735 4292 Romam
771 4238 1014 4299 repetiit.
1069 4236 1441 4289 Guarnerian.
1485 4251 1595 4289 ms.
1659 4250 1761 4303 pro
1782 4239 1952 4305 Inque
1975 4241 2089 4306 ejus

493 4309 670 4361 locum
686 4306 861 4359 habet
887 4307 950 4355 in
983 4320 1090 4370 quo
1126 4306 1241 4370 ejus
1278 4306 1405 4357 loco.

556 4390 574 4410 ε
598 4379 945 4431 Bononiens.
993 4376 1311 4441 cohibentia,
1362 4378 1518 4442 quod
1560 4379 1634 4431 ab
1678 4379 1920 4432 aliorum
1942 4395 2084 4436 mss.

489 4451 835 4504 conniventia
858 4461 1059 4514 parum
1079 4449 1318 4501 abludit.
1344 4450 1578 4513 Vulgati
1599 4454 1794 4503 autem
1816 4452 1941 4505 libri
1962 4470 2089 4506 con-

489 4524 797 4575 venientia:
824 4532 955 4585 quae
979 4532 1167 4592 neque
1206 4520 1525 4585 incongrua
1546 4521 1713 4573 lectio
1739 4525 1864 4588 ipsa
1886 4528 1991 4592 est,
2020 4531 2091 4582 si.

493 4596 727 4672 quidem
755 4597 811 4672 et
832 4577 1205 4672 notareillud
1233 4577 1477 4672 Ruﬁnus
1514 4577 1894 4672 voluit,_qu_0d
1919 4577 2087 4658 fuerit
2108 4596 2168 4672 Ι)
2195 4577 2296 4672 pr?

488 4669 563 4720 ab
584 4665 813 4741 Arianis
837 4663 1149 4741 ordinatus.
1180 4675 1230 4716 s.
1254 4665 1642 4741 Hieronymus
1672 4665 1772 4741 lib.
1799 4668 1869 4720 de
1894 4672 2087 4741 Scrip-

489 4738 711 4790 toribus
736 4734 1114 4787 Ecclesiastic.
1140 4749 1271 4787 eum
1294 4737 1431 4787 dicit
1443 4737 1619 4788 fuisse
1633 4738 1706 4788 ab
1731 4741 1940 4795 Acacio
1964 4734 2086 4799 C22»,-

491 4808 753 4871 sariensi,
802 4808 999 4858 Romae
1043 4807 1388 4872 Episcopum
1427 4809 1827 4863 constitutum.
1859 4815 2088 4870 Vidcsis

486 4878 873 4952 Athanasium
918 4878 1089 4952 Epist:
1135 4879 1208 4930 ad
1227 4878 1581 4952 monachos:
1623 4882 1912 4937 Socratem
1943 4901 2089 4952 quo-

487 4964 602 5017 que
636 4950 731 5002 lib.
764 4951 833 5001 II.
855 4961 978 5014 cap.
1023 4948 1114 5004 37.
1152 4949 1262 5001 sub
1284 4949 1478 5009 ﬁnem,
1505 4954 1561 5002 et
1584 4948 2086 5013 Sozomenumlib.

486 5024 584 5077 ιν·
617 5034 778 5088 capp.
813 5020 875 5075 11
910 5026 966 5075 et
990 5020 1075 5075 15.

548 5106 579 5179 ἦ
593 5103 797 5157 Recole
808 5114 940 5179 qum
956 5101 1033 5179 de
1052 5100 1149 5153 illo
1167 5100 1433 5179 superius
1441 5115 1521 5179 ex
1534 5104 1799 5179 Historia
1814 5113 2089 5179 acephala

485 5177 598 5244 (col.
627 5191 782 5241 prave.
827 5177 889 5224 in
914 5175 1064 5249 ﬁne-
1091 5177 1243 5249 notae
1270 5188 1388 5249 quas
1430 5174 1624 5241 incipit
1660 5180 1754 5249 col.
1782 5174 2089 5249 492fdicta

484 5255 640 5303 sunt.
665 5251 747 5304 De
768 5246 1027 5313 ejusdem
1051 5244 1248 5295 infami
1270 5245 1431 5298 evitu
1453 5259 1595 5300 mox
1617 5244 1896 5307 dicemus;

544 5333 562 5352 .
587 5322 858 5395 Legimus
870 5319 944 5368 De
964 5316 1329 5395 permixtione
1352 5322 1475 5395 tum
1492 5321 1756 5395 codicum
1771 5338 1913 5379 mss.
1938 5341 2085 5395 quos

478 5395 541 5449 in
578 5392 827 5445 Elencho
852 5387 1250 5463 capitulorum
1282 5388 1665 5458 laudavimus,
1693 5400 1815 5449 tum
1838 5387 1973 5463 ipsd
1986 5415 2083 5454 co-

477 5470 649 5537 gente
673 5462 863 5515 Ruﬁni
902 5460 1219 5537 proposito,
1248 5464 1368 5513 toto
1387 5465 1784 5537 subsequente
1809 5460 2084 5525 edntextu

479 5532 552 5599 de
575 5539 748 5593 rebus
772 5534 923 5599 apud
945 5532 1309 5607 Antiochiam
1325 5535 1620 5587 admodum
1644 5540 1860 5603 confuse
1882 5544 2105 5607 ςθειίεμ

476 5620 665 5672 Antea
688 5610 900 5662 lectum
932 5605 1242 5658 ambitione.

539 5689 558 5719 ι
583 5678 935 5753 Adverbium
984 5679 1147 5753 etiam
1183 5679 1551 5753 Guarnerian.
1614 5694 1723 5737 ms.
1769 5688 2080 5753 postponit,

475 5759 727 5827 legitque
749 5752 1011 5820 praedives
1041 5751 1205 5827 etiam
1228 5752 1464 5827 malitia.

539 5824 559 5872 ἱ
574 5833 701 5883 Duo
713 5839 854 5881 mss.
870 5824 1249 5889 substantibus,
1268 5826 1549 5879 Caeciario
1567 5832 1730 5892 teste,
1756 5826 1852 5894 qui
1874 5824 2082 5885 deinde

474 5901 674 5965 minus
685 5903 831 5957 bene
845 5904 903 5955 et
923 5898 1347 5968 refragantibus
1370 5900 1532 5954 libris
1547 5902 1768 5956 nostris
1784 5903 2062 5959 omnibus

2196 1997 2329 2049 Ario
2353 1997 2517 2063 duce,
2543 1998 2807 2063 primitus
2841 1999 3068 2051 fuerant
3102 2001 3174 2052 ab
3205 1998 3457 2053 Ecclesia
3479 2000 3716 2065 divulsi,
3741 2003 3805 2055 in

2194 2090 2309 2139 tres
2359 2086 2549 2140 denuo
2589 2092 2776 2140 sectas
2819 2093 3125 2154 partesque
3176 2089 3491 2143 ﬁnduntur.
3539 2092 3689 2145 Nam
3717 2092 3802 2144 illi

2195 2176 2360 2240 (quos
2384 2176 2552 2242 paulo
2577 2178 2843 2243 superius
2859 2179 3336 2244 dixeramus,non
3356 2180 3803 2245 adquiescentes

2193 2266 2424 2319 Eusebii
2452 2270 2838 2331 caaterumque
2859 2267 3341 2332 simulationibus,
3359 2283 3491 2321 cum
3513 2270 3648 2323 Ario
3673 2270 3803 2323 exi-

2190 2354 2332 2408 lium
2361 2355 2682 2420 pertulisse)
2713 2356 3079 2422 postmodum
3102 2369 3210 2410 nec
3232 2357 3341 2423 ipsi
3363 2357 3498 2412 Ario
3527 2371 3797 2424 regresso

2194 2445 2263 2496 de
2287 2444 2456 2497 exilio
2472 2447 2894 2499 communicare
2916 2447 3238 2511 voluerunt,
3256 2460 3323 2500 eo
3344 2448 3496 2512 quod
3522 2448 3801 2502 simulata

2192 2534 2553 2595 confessione
2566 2536 3053 2589 communicasset
3074 2536 3162 2601 iis,
3177 2538 3273 2600 qui
3297 2536 3369 2589 de
3380 2537 3506 2603 ipsa
3520 2538 3805 2590 substan-

2195 2624 2270 2675 tia
2282 2624 2381 2676 Dei
2400 2622 2583 2676 Patris
2600 2622 2807 2677 Filium
2832 2625 3243 2679 conﬁterentur
3260 2641 3274 2678 :
3292 2626 3425 2691 quia
3452 2627 3562 2692 ipsi
3583 2639 3651 2680 ea
3661 2640 3805 2692 qum

2192 2714 2374 2778 primo
2401 2714 2674 2767 docuerat
2709 2714 2901 2779 Arius,
2942 2728 3015 2767 ex
3038 2715 3211 2767 nullis
3234 2725 3253 2754 ε
3275 2716 3609 2769 extantibus
3632 2729 3803 2770 crea-

2192 2806 2318 2854 tum
2334 2802 2634 2867 etfactum,
2653 2816 2771 2855 non
2806 2805 3009 2856 natum
3033 2804 3264 2867 Filium,
3294 2805 3436 2858 satis
3468 2804 3663 2869 libera,
3691 2819 3803 2859 seu

2191 2892 2383 2957 potius
2399 2892 2718 2956 impudenti
2733 2892 3090 2957 blasphemia
3105 2894 3541 2947 conﬁrmabant.
3558 2895 3723 2957 Quod
3734 2900 3803 2948 et

2190 2984 2321 3047 post
2333 2980 2557 3034 illorum
2574 2982 2795 3034 obitum
2811 2983 3010 3035 Aetius
3026 2983 3273 3047 quidam,
3285 2987 3419 3049 post
3439 2984 3669 3037 Aetium
3684 2997 3795 3037 va-

2189 3070 2363 3123 lidius
2379 3076 2438 3123 et
2472 3070 2644 3124 latius
2659 3073 2953 3124 asserebat
2987 3073 3326 3138 Eunomius,
3349 3073 3439 3126 vir
3474 3084 3708 3138 corpore
3734 3078 3802 3127 et

2190 3162 2381 3214 anima
2394 3162 2670 3227 leprosus,
2694 3167 2753 3215 et
2768 3162 3008 3215 interius
3041 3164 3406 3228 exteriusque
3419 3165 3620 3218 morbo
3634 3165 3800 3231 regio

2114 3223 2163 3299 Ο
2191 3251 2212 3282 '-
2228 3223 2676 3316 corruptus,arte
2690 3255 2882 3304 tamen
2891 3251 3183 3305 dialectica
3194 3223 3802 3319 praepotensmlurirna

2191 3346 2390 3393 contra
2426 3340 2599 3393 ﬁdem
2622 3344 2881 3394 nostram
2923 3341 3171 3407 scripsit,
3197 3346 3255 3394 et
3280 3342 3611 3407 disputandi
3633 3344 3801 3410 leges

2190 3431 2572 3483 sectatoribus
2586 3431 2709 3483 suis
2721 3431 2944 3484 dedit.A
2959 3444 3073 3496 quo
3084 3432 3258 3485 etiam
3268 3444 3424 3485 nunc
3436 3433 3799 3489 Eunomiana

2187 3518 2429 3574 haeresis
2445 3520 2784 3585 appellatur.
2799 3519 2966 3573 Alius
2982 3533 3212 3586 quoque
3226 3524 3545 3572 Macedonius
3566 3527 3799 3590 nomine,

2189 3622 2382 3675 quem,
2401 3610 2618 3664 nostris
2647 3610 2928 3676 expulsis,
2953 3611 2965 3641 ¹
2990 3611 3105 3665 imo
3145 3613 3338 3677 potius
3378 3613 3615 3678 necati=,
3639 3616 3800 3678 apud

2188 3701 2736 3769 Constantinopolim
2753 3705 3075 3755 statuerant
3088 3703 3454 3770 Episcopum,
3472 3700 3795 3773 quia253

2186 3885 2276 3936 sed
2292 3884 2474 3950 potius
2489 3894 2591 3948 pro
2607 3895 2704 3934 seu
2731 3882 2913 3947 potius
2932 3881 3086 3948 legit.
3126 3880 3285 3934 Idem
3312 3881 3386 3936 de
3413 3883 3579 3936 Aetio
3606 3885 3797 3951 notat,

2187 3957 2341 4021 quod
2351 3956 2639 4008 Diaconus
2651 3953 3335 4006 EeciesiaaAlexandrinm
3346 3957 3610 4004 ordinatus
3622 3955 3798 4009 fuerit

2184 4027 2478 4092 aGeorgio
2512 4025 2722 4077 Ariano
2767 4025 3066 4090 Episcopo.
3114 4024 3264 4077 Satis
3305 4026 3545 4078 erudite.
3572 4027 3793 4080 Verum

2187 4101 2445 4153 Socrates
2460 4096 2554 4148 lib.
2573 4098 2639 4148 II.
2655 4109 2777 4161 cap.
2796 4095 2883 4151 35.
2903 4096 3061 4160 quod
3088 4096 3361 4148 nimirum
3376 4096 3447 4148 de
3463 4097 3629 4149 Actio
3645 4098 3794 4163 Syro

2185 4172 2265 4223 Eu
2274 4169 2449 4222 nomii
2466 4168 2738 4232 magistro
2754 4168 3102 4230 inscribitur,
3119 4180 3252 4219 eum
3270 4167 3440 4220 tradit
3487 4168 3579 4219 tot
3625 4170 3794 4221 Asov-

2184 4242 2311 4304 τίον,
2337 4255 2373 4289 a
2400 4239 2638 4298 Leontio,
2667 4237 3044 4290 Antiochense
3073 4238 3231 4289 urbis
3282 4237 3562 4303 Episcopo
3584 4237 3792 4292 diaco-

2183 4314 2329 4366 num
2350 4310 2690 4364 ordinatum.
2718 4310 2879 4374 Vide,
2918 4309 3010 4361 cui
3030 4308 3195 4365 malis
3219 4307 3395 4362 ﬁdem
3425 4307 3727 4364 adbibere.

2246 4419 2268 4449 ³³
2301 4416 2910 4471 Guarnerian.:‘ntm'or
2930 4422 2978 4466 et
3009 4416 3276 4468 exterior:
3304 4421 3426 4469 tum
3464 4417 3796 4472 Bononien-

2192 4492 2274 4545 sis
2294 4496 2562 4556 correptus
2586 4500 2690 4554 pro
2713 4495 3016 4556 corruptus,
3045 4494 3103 4542 et
3123 4494 3238 4539 arte
3261 4494 3475 4540 tantum
3490 4489 3792 4558 dialectica,

2318 4569 2432 4613 arte
2453 4568 2649 4621 tamen,
2674 4566 2767 4613 etc.

2256 4660 2524 4724 |Vulgati
2545 4658 2623 4709 vel
2640 4659 2838 4724 potius.
2863 4660 3025 4712 Hanc
3061 4672 3292 4725 quoque
3327 4663 3568 4726 prastat
3589 4658 3665 4712 ab
3690 4660 3794 4713 Hi-

2189 4734 2366 4786 storia
2385 4732 2674 4797 acephala,
2710 4731 2924 4795 saepius
2968 4732 3199 4785 laudato
3245 4732 3591 4796 eximiisque
3649 4733 3787 4785 ﬁdei

2188 4805 2559 4867 monimento,
2598 4804 2983 4855 narrationem
3015 4804 3354 4869 describere,
3394 4816 3526 4868 quae
3550 4817 3587 4856 a
3610 4805 3788 4856 Paulo

2189 4875 2839 4939 Constantinopolitanm
2863 4875 3015 4927 sedis
3053 4877 3332 4941 Episcopo
3355 4877 3412 4927 in
3435 4876 3785 4928 exsiliumin

2187 4948 2512 4998 Armenium
2535 4945 2828 5007 deportato
2855 4945 2935 4997 ita
2978 4947 3303 4999 contexitur
3337 4946 3552 4998 :Volens
3591 4946 3788 4997 Eudo-

2186 5020 2348 5069 mium
2393 5020 2639 5069 haereseos
2684 5017 2908 5067 Arianae
2950 5019 3173 5079 socium,
3203 5024 3248 5067 et
3268 5018 3591 5083 participem
3619 5018 3788 5068 Theo-

2186 5090 2353 5140 dorus
2375 5104 2495 5139 cum
2518 5088 2699 5139 ceteris
2736 5090 2931 5138 throno
2976 5090 3217 5140 Civitatis
3236 5090 3529 5155 imponere,
3553 5089 3790 5140 ordina—

2186 5167 2304 5212 tum
2327 5161 2679 5213 Germanicus
2706 5177 2725 5222 ;
2750 5161 2945 5224 populo
2982 5176 3101 5211 vero
3126 5166 3267 5211 moto
3291 5162 3363 5212 ad
3384 5160 3719 5222 seditionem,
3741 5166 3789 5211 et

2185 5249 2299 5285 non
2340 5234 2673 5299 permittente
2725 5248 3056 5297 quemquam
3097 5234 3271 5283 sedere
3310 5234 3372 5282 in
3415 5233 3627 5291 throno,
3649 5233 3789 5284 beati

2185 5306 2350 5356 Pauli
2372 5322 2391 5367 ,'
2413 5306 2751 5355 adsumentes
2783 5305 3181 5365 Macedonium,
3208 5305 3374 5355 Pauli
3393 5304 3783 5369 presbyterum,

2184 5378 2579 5428 ordinaverunt
2607 5376 2935 5441 Episcopum
2983 5376 3594 5441 Constantinopolitanae
3637 5373 3784 5428 Civi-

2187 5449 2312 5499 tatis
2334 5464 2350 5497 :
2375 5463 2533 5513 quem
2554 5447 2732 5498 omnis
2756 5448 3145 5513 Episcoporum
3167 5453 3453 5500 conventus
3477 5448 3781 5512 damnavit,

2184 5521 2450 5586 quoniam
2492 5520 2747 5569 adversus
2792 5534 2954 5569 suum
2994 5526 3205 5585 patrem
3233 5520 3629 5585 impositionem
3659 5536 3783 5572 ma-

2184 5608 2289 5643 nus
2313 5592 2683 5642 haereticorum
2706 5592 2871 5658 impie
2892 5594 3138 5658 suscepit.

2244 5684 2591 5736 Macedonius
2628 5690 2807 5735 tamen
2841 5689 3125 5750 postquam
3140 5682 3559 5735 communicavit
3582 5683 3707 5749 illis,
3730 5692 3779 5736 et

2180 5757 2507 5827 subscripsit,
2520 5758 2816 5807 occasiones
2839 5756 3172 5822 ingesserunt
3196 5756 3404 5807 nullius
3424 5758 3670 5807 nomenti
3689 5772 3708 5819 ς
3729 5765 3778 5808 et

2181 5835 2478 5881 amoventes
2492 5830 2554 5879 de
2563 5829 2815 5890 Ecclesia,
2826 5829 3156 5880 constituunt
3177 5829 3782 5896 Eudoxiumsupradia

2179 5902 2296 5957 tum
2321 5902 2751 5958 Antiochensem.
2785 5902 2935 5955 Unde
2974 5902 3037 5954 in
3084 5902 3184 5957 hoc
3210 5901 3492 5955 secessione
3538 5900 3776 5956 Macedo-
