3900 6392
96 389 210 447 497

1010 395 1350 449 HISTORIA
1383 394 1945 450 ECCLESIASTICA.
1981 394 2192 450 LIBER
2224 397 2504 452 PRIMUS.

3297 389 3402 449 498

96 506 360 560 similem
377 505 529 560 Patri
542 505 751 560 Filium
762 505 1060 571 fatebatur,
1083 507 1215 561 licet
1236 508 1504 575 Spiritum
1530 511 1704 563 Sanc-
1730 511 1785 583 Α
1809 508 1965 561 velut
1985 521 2238 575 arguens
2249 523 2543 576 perperam
2556 512 2720 576 gesta
2738 508 3403 577 Constantii,Episcopos

95 602 232 650 tum
288 609 456 661 aeque
503 600 569 649 ut
604 595 683 648 illi
723 596 1162 662 blasphemaret,
1210 602 1422 661 tamen,
1478 601 1551 651 ab
1593 599 1704 652 illis

97 687 433 753 expellitur,
477 686 611 751 quia
654 686 862 739 similia
884 690 949 739 ut
982 686 1054 740 de
1077 689 1255 753 Patre,
1278 690 1451 741 etiam
1475 690 1543 741 de
1568 690 1707 742 Filio

96 778 463 843 praedicaret.
512 777 710 841 Neque
734 788 867 828 vero
882 777 1097 829 nostris
1120 778 1503 844 conjungitur,
1527 790 1561 831 a
1589 779 1709 843 qui-

99 868 217 919 bus
234 866 308 919 de
332 866 545 931 Spiritu
559 875 577 895 ·
589 867 797 919 Sancto
809 866 1039 919 diversa
1050 868 1301 920 sentiret.
1321 871 1403 920 ita
1424 868 1704 934 pestifera,

100 955 203 1007 illa
247 955 451 1019 bestia,
497 967 631 1021 qum
672 968 773 1021 per
802 957 1004 1010 Arium
1027 957 1209 1023 primo
1233 959 1400 1022 quasi
1416 957 1486 1011 de
1516 957 1706 1009 inferis

100 1044 598 1113 extuleratcaput,
631 1046 822 1098 subito
847 1047 1119 1100 triformis
1142 1047 1403 1113 apparuit
1430 1066 1443 1097 :
1470 1059 1570 1112 per
1598 1049 1704 1100 Eu-

100 1135 432 1196 nomianos,
465 1134 566 1199 qui
588 1134 790 1189 dicunt
812 1149 911 1201 per
926 1137 1118 1190 omnia
1140 1137 1476 1189 dissimilem
1500 1136 1707 1189 Filium

103 1225 280 1289 Patri,
316 1224 452 1289 quia
481 1224 639 1276 nullo
669 1236 876 1288 genere
899 1225 1104 1277 similis
1128 1227 1309 1291 possit
1330 1240 1459 1279 esse
1486 1228 1708 1281 factura

105 1313 307 1367 factori
334 1328 348 1365 :
394 1314 511 1377 Per,
547 1313 811 1379 Arianos,
837 1314 936 1379 qui
969 1314 1184 1379 dicunt,
1212 1316 1454 1368 similem
1473 1317 1707 1381 quidem

104 1414 284 1469 posse
337 1402 450 1455 dici
494 1402 699 1455 Filium
741 1404 911 1464 Patri,
938 1403 1039 1456 sed
1061 1403 1321 1469 largitate
1341 1407 1561 1471 gratiae,
1584 1419 1707 1459 non

106 1493 459 1559 proprietate
473 1497 716 1555 natum,
731 1493 792 1545 in
814 1498 1101 1557 quantum
1122 1495 1537 1560 scilicetpotest
1559 1508 1708 1549 crea-

104 1583 216 1635 tori
240 1586 497 1635 creatura
507 1582 753 1635 conferrl
766 1597 778 1634 :
793 1594 894 1646 per
919 1584 1375 1646 Macedonianos,
1391 1585 1487 1649 qui
1505 1584 1708 1638 dicunt

103 1672 354 1725 similem
399 1672 633 1737 quidem
664 1672 872 1725 Filium
895 1686 996 1738 per
1019 1673 1211 1725 omnia
1239 1673 1407 1737 Patri,
1432 1676 1707 1727 Sanctum

104 1774 245 1813 vero
270 1760 541 1825 Spiritum
565 1774 698 1813 cum
727 1762 889 1813 Patre
917 1766 976 1814 et
991 1762 1129 1815 Filio
1152 1762 1294 1815 nihil
1326 1763 1537 1817 habere
1560 1776 1709 1815 com-

104 1863 305 1904 mune.
340 1852 481 1904 Haec
524 1851 756 1916 quidem
788 1852 937 1904 inter
961 1850 1089 1904 illos
1128 1852 1206 1904 ita
1228 1858 1392 1918 gesta
1414 1859 1567 1907 sunt.
1594 1854 1702 1907 Sed

106 1941 262 1993 sicut
284 1940 355 1993 de
399 1940 608 1994 talibus
642 1941 920 2007 scriptum
957 1946 1048 1994 est
1068 1952 1081 1996 ε
1105 1942 1324 1993 Discissi
1342 1948 1488 2007 sunt,
1521 1948 1567 1993 et
1589 1959 1703 1994 non

101 2034 234 2081 sunt
256 2029 566 2095 compuncti
605 2029 768 2092 (Psat.
794 2028 880 2085 34.
908 2029 1043 2094 15.);
1068 2030 1300 2096 plurimi
1330 2044 1469 2084 sane
1491 2044 1709 2094 eorum,

105 2119 211 2184 qui
257 2118 600 2171 videbantur
633 2120 997 2171 attentiorem
1010 2120 1189 2172 vitam
1212 2134 1427 2186 genere,
1441 2126 1500 2175 et
1520 2135 1712 2176 mona-

107 2207 282 2261 steria
291 2206 445 2273 apud
455 2208 1005 2274 Constantinopolim
1020 2209 1358 2276 vicinasque
1370 2213 1706 2277 provincias,

105 2302 167 2350 et
216 2297 483 2363 Episcopi
505 2297 728 2351 nobiles
753 2298 1067 2351 Macedonii
1084 2301 1273 2366 magis
1295 2313 1545 2355 errorem
1569 2307 1707 2357 sunt

107 2387 313 2441 secuti.

658 2477 892 2530 CAPUT
936 2479 1147 2531 XXVI.

197 2594 275 2645 De
296 2594 406 2658 ﬁne
440 2593 744 2645 Constantii
767 2595 1132 2660 Imperatoris,
1158 2600 1204 2646 et
1224 2600 1345 2647 ortu
1368 2596 1609 2651 Juliani.

165 2682 280 2735 Sed
303 2683 676 2736 Constantius
717 2685 1051 2749 Imperator,
1086 2684 1229 2737 dum
1257 2686 1485 2739 Juliano
1513 2688 1704 2751 (quem

102 2774 393 2826 Cmsarem
414 2772 568 2837 apud
591 2772 800 2825 Gallias
829 2772 1149 2838 reliquerat)
1176 2774 1571 2840 dignationem
1594 2776 1704 2829 sibi

103 2862 361 2927 Augusti
378 2865 581 2927 sponte
591 2863 983 2927 prmsumenti,
994 2864 1172 2917 armis
1184 2863 1264 2917 ire
1278 2865 1509 2920 obviam
1520 2870 1701 2932 parat,

109 2950 391 3003 vicesimo
413 2954 471 3004 et
494 2957 699 3015 quarto
730 2956 863 3017 post
886 2956 1156 3005 occasum
1177 2953 1355 3019 patris
1378 2954 1597 3020 imperii
1612 2955 1702 3008 sui

99 3052 274 3115 anno,
322 3040 383 3091 in
410 3038 583 3108 254
608 3040 817 3106 oppido
840 3041 1049 3096 Cilicia:
1093 3044 1484 3110 Mopsocrenis
1507 3044 1529 3075 δ
1549 3044 1700 3097 diem

99 3130 414 3185 defunctus
440 3135 546 3187 est.

644 3248 875 3302 CAPUT
928 3223 1159 3303 XXVII.

409 3365 484 3416 De
526 3365 785 3431 episcopis
805 3365 872 3416 ab
890 3366 1055 3418 eacilio
1102 3368 1381 3420 relaxatis.

162 3483 305 3534 Post
350 3493 523 3546 quem
563 3481 848 3547 Julianus,
878 3488 1260 3548 prmsumtum
1284 3485 1463 3551 prius,
1490 3484 1697 3540 deinde

94 3584 115 3609 ο
134 3576 203 3624 ut
216 3570 561 3639 legitimum,
578 3572 738 3665 solus
760 3572 1013 3625 obtinuit
1026 3573 1427 3640 principatum.
1442 3576 1499 3628 Is
1514 3575 1698 3641 primo

93 3742 264 3794 niani
306 3740 671 3808 appellantur,
704 3742 851 3794 circa
872 3742 1145 3809 Spiritum
1170 3744 1434 3795 Sanctum
1456 3745 1698 3810 naufra-

92 3820 299 3881 gantes.

158 3895 177 3915 ·
198 3886 375 3938 Tacet
418 3884 758 3937 Guanerian.
808 3890 1013 3947 sancto,
1040 3886 1383 3951 tumjuncto
1419 3891 1476 3939 et
1510 3888 1698 3941 Bono-

92 3958 281 4011 niensi
327 3958 555 4022 infernis
594 3957 768 4009 habet
797 3971 898 4023 pro
922 3959 1133 4023 inferis.

155 4029 177 4059 δ
198 4026 350 4081 Editi
395 4032 566 4081 antea
588 4031 698 4078 vita
723 4042 822 4094 pro
848 4030 1009 4093 diem,
1038 4034 1163 4082 tum
1205 4029 1556 4082 Bononiens.
1582 4043 1692 4083 ms.

91 4101 314 4164 functus
338 4114 438 4166 pro
472 4100 772 4163 defunctus.
800 4101 1000 4154 Confer
1022 4102 1342 4153 Chronicon
1362 4102 1692 4167 Hieronym.

93 4173 165 4224 ad
196 4185 291 4224 an.
328 4172 538 4223 Christi
571 4171 694 4237 364,
721 4177 779 4225 et
802 4185 933 4238 qua:
956 4173 1211 4226 nobisin
1236 4172 1570 4225 eumlocum
1594 4178 1696 4225 ad-

91 4249 293 4297 notata
318 4249 472 4295 sunt.

152 4328 173 4350 °
204 4315 576 4368 Guarnerian.
619 4315 842 4365 demum
878 4320 938 4365 ut
975 4316 1278 4379 legitimum
1322 4315 1467 4365 solus
1502 4316 1697 4367 obtinet
1732 4360 1740 4369 .

86 4388 486 4452 principatum.
512 4388 562 4437 Is
582 4388 830 4452 primum
856 4388 994 4438 velut
1012 4388 1273 4453 (Cacciar.
1288 4388 1452 4448 velut,
1467 4388 1697 4441 duobus

91 4460 304 4522 verbis)
319 4474 573 4523 arguens,
591 4464 697 4511 etc.
724 4459 1063 4512 Audiendus
1083 4460 1291 4512 iterum
1310 4460 1551 4524 scriptor
1563 4461 1699 4512 His-

1801 598 2055 663 jubetde
2066 599 2252 651 exiliis
2266 600 2528 653 relaxari.
2546 602 2681 654 Post
2692 614 2829 655 vero
2841 602 3155 655 adversum
3170 605 3404 656 nostros

1807 692 1927 740 tota
1949 688 2195 741 nocendi
2218 692 2339 741 arte
2362 691 2675 755 consurgit.
2716 692 2952 743 Interim
2977 692 3075 756 qui
3107 692 3406 756 superfue-

1805 781 1936 829 rant
1967 777 2252 842 Episcopi,
2301 778 2372 831 de
2395 780 2581 831 exiliis
2612 781 2957 833 relaxantur.
2981 782 3126 833 Nam
3143 781 3404 834 Liberius

1805 866 1967 919 urbis
1990 868 2190 921 Romm
2202 868 2541 933 Episcopus,
2567 871 2902 922 Constantio
2914 870 3162 933 vivente,
3185 882 3404 935 regres-

1806 968 1907 1006 sus
1920 960 2030 1008 est.
2074 956 2185 1008 Sed
2208 956 2317 1009 hoc
2339 959 2535 1010 utrum
2557 959 2710 1023 quod
2734 958 3093 1022 adquieverit
3117 959 3403 1012 voluntati

1806 1056 1931 1097 sum
1949 1044 2021 1096 ad
2036 1046 2537 1106 subscribendum,
2564 1046 2586 1077 ‘
2608 1059 2685 1099 an
2699 1048 2771 1099 ad
2785 1048 2976 1113 populi
2998 1048 3239 1100 Romani
3276 1061 3404 1113 gra-

1806 1132 1969 1195 tiam,
2017 1145 2052 1185 a
2100 1145 2215 1197 quo
2257 1134 2627 1199 proﬁciscens
2661 1135 2845 1188 fuerat
2866 1141 3136 1189 exoratus
3165 1136 3402 1202 [Subint.

1805 1222 2227 1287 Constantius],
2270 1223 2591 1287 iudulserit,
2627 1237 2730 1290 pro
2746 1229 2898 1277 certo
2914 1229 3273 1291 compertum
3285 1238 3405 1278 non

1803 1309 2010 1363 habeo.
2038 1312 2262 1364 Lucifer
2302 1317 2498 1365 autem
2526 1327 2658 1366 cum
2683 1318 3017 1368 exoraretur
3040 1315 3113 1367 ab
3138 1315 3405 1374 Eusebio,

1806 1400 1942 1463 quia
1956 1402 2270 1466 uterquein
2284 1403 2542 1468 partibus
2563 1404 2766 1456 vicinis
2789 1406 3035 1470 Egypto
3062 1404 3249 1457 fuerat
3268 1404 3404 1458 rele-

1806 1493 1997 1554 gatus,
2023 1496 2090 1544 ut
2121 1491 2195 1543 ad
2224 1492 2541 1545 videndum
2580 1493 2968 1546 Athanasium
2996 1493 3406 1547 Alexandriam

1806 1584 2125 1643 pergerent,
2172 1584 2582 1647 communique
2628 1587 2876 1635 tractatu
2900 1596 3035 1635 cum
3064 1583 3153 1635 his
3179 1583 3277 1647 qui
3300 1595 3404 1635 su-

1804 1667 2130 1731 perfuerant
2155 1671 2567 1736 sacerdotibus,
2586 1671 2657 1724 de
2670 1676 2827 1724 statu
2848 1672 3118 1724 Ecclesiae
3138 1671 3407 1724 decerne-

1808 1761 1958 1819 rent,
2004 1760 2372 1823 preesentizim
2413 1762 2505 1813 sui
2553 1763 2867 1826 abnegans,
2904 1761 3159 1825 legatum
3181 1768 3319 1826 pro'
3341 1772 3406 1812 se

1812 1843 2120 1899 diaconum
2133 1862 2307 1902 suum
2320 1850 2513 1916 mittit,
2530 1855 2703 1915 atque
2716 1851 2839 1915 ipse
2853 1850 3073 1903 intento
3089 1849 3283 1903 animo
3294 1851 3406 1902 An-

1812 1939 2078 1993 tiochiam
2122 1941 2334 2006 pergit:
2361 1941 2556 2005 ibique
2578 1940 2990 1993 dissidentibus
3014 1940 3203 2015 adhuc
3234 1939 3408 2005 parti-

1809 2030 1942 2095 bus,
1968 2030 2069 2083 sed
2092 2031 2155 2083 in
2168 2044 2353 2084 unum
2368 2034 2558 2085 tamen
2568 2032 2825 2084 revocari
2836 2042 3005 2096 posse
3018 2031 3403 2095 sperantibus,

1810 2121 1859 2172 si
1883 2120 1993 2172 sibi
2016 2121 2144 2173 talis
2168 2120 2469 2185 eligeretur
2480 2121 2806 2185 Episcopus,
2821 2133 2957 2185 erga
2977 2133 3147 2185 quem
3159 2133 3275 2171 non
3288 2132 3407 2172 una

1807 2209 1989 2275 plebs,
2005 2210 2107 2262 sed
2121 2214 2364 2275 utraque
2381 2210 2672 2275 gauderet,
2686 2218 3081 2275 prmprOperus
3097 2210 3404 2258 catholicum

1808 2291 2043 2365 q'uidem
2053 2304 2111 2352 et
2130 2305 2397 2352 sanctum
2413 2300 2617 2361 virum,
2631 2311 2697 2351 ac
2719 2312 2819 2365 per
2838 2298 3030 2351 omnia
3051 2298 3294 2362 dignum
3310 2309 3405 2349 sa-

1805 2387 2054 2441 cerdotio
2070 2388 2371 2441 Paulinum
2384 2389 2746 2454 Episcopum,
2758 2387 3075 2450 collocavit,
3090 2386 3193 2438 sed
3207 2391 3404 2439 tamen

1805 2477 1861 2530 in
1914 2490 2090 2542 quem
2133 2477 2500 2542 adquiescere
2523 2477 2684 2543 plebs
2720 2481 2961 2541 utraque
2976 2488 3096 2529 non
3120 2480 3337 2541 posset.
3402 2464 3405 2467 ’

2336 2587 2566 2640 CAPUT
2610 2586 2868 2638 XXVIII.

1802 2677 1879 2730 De
1908 2676 2147 2729 Concilio
2166 2676 2316 2742 apud
2337 2677 2735 2727 Alexandriam
2770 2676 3099 2725 Sanctorum
3124 2673 3401 2739 Episcopo-

2114 2781 2262 2830 rum,
2288 2771 2334 2817 et
2364 2764 2602 2829 Luciferi
2624 2764 2690 2815 ab
2721 2764 2806 2814 his
2835 2763 3077 2813 dissidio.

1873 2865 2047 2934 255
2071 2866 2260 2931 Pergit
2293 2866 2510 2918 interea
2533 2862 2816 2915 Eusebius
2837 2859 3265 2924 Alexandriam,
3295 2859 3405 2911 ibi-

1808 2970 1919 3021 que
1931 2956 2338 3010 Coni‘essorum
2354 2953 2593 3006 concilio
2606 2964 2707 3003 con
2715 2949 3147 3016 gregato,'pauci
3158 2963 3295 3001 num
3303 2962 3400 3002 ero

1804 3046 1904 3098 sed
1934 3046 1951 3076 ί
1972 3045 2084 3097 fide
2126 3043 2348 3109 integri,
2390 3044 2447 3095 et
2483 3042 2700 3094 meritis
2723 3040 2908 3102 multi,
2934 3052 3047 3102 quo
3080 3042 3243 3103 pacto
3268 3042 3401 3103 post

1802 3135 2203 3189 haereticorum
2245 3131 2540 3198 procellas,
2576 3133 2633 3183 et
2661 3128 2915 3195 perfidia:
2946 3128 3204 3180 turbines
3240 3129 3395 3179 tran-

1723 3247 1773 3324 Ο
1802 3224 2053 3290 quillitas
2078 3219 2722 3324 revocareturEccl‘es‘ize
2744 3219 2900 3324 omni
2922 3230 3059 3324 cura
3101 3222 3159 3270 et
3180 3227 3207 3324 ἱ
3220 3216 3394 3269 libra-

1798 3316 1953 3369 tione
1987 3312 2238 3367 discutiu
2253 3316 2336 3364 nt.
2350 3310 2492 3365 Aliis
2503 3310 2803 3364 videbatur
2817 3308 2951 3360 ildei
2965 3308 3151 3360 calore
3181 3308 3395 3361 ferven-

1798 3406 1973 3469 tibus,
1997 3401 2223 3456 nullum
2234 3402 2441 3454 debere
2452 3399 2603 3454 ultra
2616 3399 2674 3450 in
2690 3397 3077 3451 sacerdotium
3088 3396 3282 3461 recipi,
3295 3396 3392 3460 qui

1799 3507 1861 3547 se
1873 3496 2186 3558 utcumque
2195 3490 2483 3545 haeretica
2495 3486 2916 3541 communionis
2927 3485 3265 3552 contagione
3277 3497 3395 3537 ma-

1796 3584 2064 3637 culasset.
2088 3581 2199 3635 Sed
2222 3581 2324 3647 qui
2345 3580 2637 3633 imitantes
2658 3577 3001 3643 Apostolum
3033 3575 3391 3641 querebant.

1795 3753 1971 3803 reddit
2021 3750 2201 3813 Idolis,
2252 3754 2298 3800 et
2338 3748 2655 3808 'Neochoris,
2702 3750 2748 3797 et
2787 3745 2984 3811 publias
3018 3743 3244 3807 rationi,
3274 3758 3392 3809 qua

1793 3824 2031 3892 praeteris
2052 3820 2376 3888 temporibus
2413 3820 2524 3870 illis
2568 3818 2780 3892 sublata
2796 3823 2950 3892 sunt.

1856 3897 1980 3947 Post
2023 3895 2134 3944 dies
2187 3900 2363 3943 autem
2412 3892 2505 3941 III.
2548 3891 2761 3953 Methyr
2782 3888 2923 3951 XIV,
2952 3888 3144 3937 datum
3163 3891 3235 3936 est
3246 3901 3391 3951 prm-

1795 3972 2004 4032 ceptum
2059 3966 2308 4016 Gerontio
2353 3963 2602 4025 Praefecto
2650 3958 3150 4032 ejusdemAJuliani
3188 3959 3388 4032 Impar.

1793 4028 2001 4089 necnon
2051 4037 2213 4086 etiam
2266 4034 2468 4086 Vicarii
2490 4032 2729 4091 Modesti,
2748 4030 3066 4095 praecipiens
3101 4028 3391 4093 Episcopos

1794 4125 1977 4161 omnes
2004 4107 2329 4173 factionibus
2353 4105 2581 4154 antehac
2600 4104 3099 4173 circumventosLet
3142 4099 3391 4173 exitiales

1793 4183 1983 4233 reverti
2004 4169 2085 4229 ad
2119 4194 2243 4229 suas
2280 4178 2544 4236 Civitates,
2571 4173 2964 4224 ctProvincias.
2992 4171 3084 4220 Hae
3116 4176 3295 4219 autem
3326 4169 3392 4218 li-

1796 4260 1916 4305 terae
1956 4252 2195 4318 sequenti
2225 4251 2310 4300 die
2348 4249 2563 4311 Methyr
2598 4246 2713 4297 XV.
2757 4244 3041 4318 propositae
3062 4248 3221 4291 sunt:
3245 4245 3393 4318 post-

1795 4314 2215 4377 modum—autem
2228 4329 2275 4372 et
2285 4320 2520 4385 Praefecti
2539 4317 2777 4369 Gerontii
2787 4316 3040 4365 Edictum
3051 4314 3391 4385 propositum

1795 4405 1883 4461 est,
1909 4414 2005 4464 per
2019 4396 2164 4462 quod
2178 4384 2461 4445 vocabatur
2469 4391 2766 4464 Episcopus
2778 4388 2959 4464 ἐξ
2969 4386 3049 4464 a_si
3058 4400 3118 4434 us
3132 4384 3389 4464 ads-ruam

1794 4456 1984 4522 reverti
2028 4456 2337 4520 Ecclesium.
2368 4465 2436 4515 Et
2474 4468 2590 4529 post
2634 4461 2744 4511 dies
2767 4460 2883 4510 XII.
2902 4457 3069 4521 hujus
3090 4456 3245 4529 edicti
3266 4469 3390 4529 pro-

93 4531 255 4623 torim
265 4530 575 4623 acephalm.
590 4532 683 4623 IV:
706 4532 1002 4623 die‘n‘t‘cnsis
1017 4532 1159 4623 Gyae
1178 4532 1323 4612 (haec
1336 4532 1426 4583 vel
1443 4533 1690 4623 Navim-‘-
1712 4551 1714 4554 ⁴

1805 4542 2075 4593 positionis
2098 4538 2436 4590 Athanasius
2448 4526 2591 4585 visus
2618 4538 2703 4623 est,
2713 4530 2865 4596 apud
2886 4526 3384 4623 Alexandriam,

90 4603 210 4654 bris
255 4607 544 4666 postrema
592 4606 682 4654 est
720 4601 813 4654 vel
832 4603 1158 4654 Decembris
1183 4602 1365 4665 prima
1386 4603 1518 4653 anni
1544 4601 1685 4666 361.)

88 4672 376 4735 Praefectus
399 4674 971 4723 Gerontiusnuntiavit
982 4679 1207 4723 mortem
1233 4673 1536 4724 Constantii
1552 4673 1691 4737 Imp.

89 4752 135 4794 et
192 4744 339 4809 quod
373 4745 517 4794 solus
550 4744 811 4795 Julianus
846 4746 1015 4794 tenuit
1037 4745 1354 4794 universum
1372 4745 1688 4809 Imperium.

89 4819 207 4876 Quo
240 4816 432 4865 aud-ito
464 4816 597 4865 ciues
633 4816 1025 4877 Alexandrini,
1050 4822 1095 4866 et
1113 4830 1294 4866 omnes
1315 4821 1507 4865 contra
1531 4816 1694 4865 Geor-

86 4890 245 4951 gium
290 4887 659 4936 clamauerunt
681 4903 699 4947 ;
721 4888 1006 4952 eodemque
1041 4893 1308 4937 momento
1331 4887 1425 4935 sub
1447 4886 1693 4936 custodia

88 4962 249 5009 illum
264 4959 656 5008 constituerunt
668 4974 687 5020 ;
711 4964 756 5007 et
778 4958 886 5021 fuit
909 4959 972 5007 in
988 4974 1194 5008 carcere
1216 4958 1361 5021 ferro
1392 4959 1603 5007 vinctus
1625 4973 1692 5008 cx

87 5031 348 5096 praedicto
394 5031 479 5078 die
525 5030 668 5095 Cyac
723 5030 814 5079 IV.
858 5044 1027 5095 usqne
1070 5031 1143 5079 ad
1178 5029 1398 5081 XXVII.
1456 5029 1692 5094 ejusdem

88 5103 289 5151 mensis
347 5100 531 5150 diebus
591 5102 783 5153 XXIV.
828 5101 978 5151 Nam
1030 5101 1274 5152 XXVIII.
1325 5101 1412 5150 die
1456 5101 1691 5165 ejusdem

88 5174 289 5224 mensis
331 5188 496 5221 mane
530 5188 660 5237 pene
679 5174 859 5222 omnis
878 5173 1115 5238 populus
1138 5173 1289 5222 illius
1312 5173 1546 5222 civitatis
1568 5188 1692 5237 per-

88 5246 251 5295 duxit
292 5244 355 5294 de
390 5259 597 5294 carcere
641 5244 951 5309 Georgium,
970 5259 1063 5293 nec
1086 5260 1198 5293 non
1223 5244 1385 5293 etiam
1412 5244 1688 5305 Comitem,

89 5318 185 5381 qui
200 5330 328 5367 eum
350 5316 468 5380 ipso
487 5320 618 5377 erat,
646 5316 979 5366 insistentem
1001 5315 1217 5378 fabrica
1239 5315 1549 5376 Dominicae,
1574 5330 1691 5380 quae

88 5389 293 5437 dicitur
306 5388 640 5450 Caesarium,
665 5392 711 5436 et
748 5388 1057 5437 occiderunt
1097 5386 1279 5436 ambos
1302 5392 1348 5436 et
1362 5400 1549 5435 eorum
1572 5402 1691 5436 cor-

88 5476 225 5525 pora
264 5460 752 5509 circumduxerunt
767 5474 866 5524 per
886 5459 1124 5508 mediam
1151 5459 1459 5519 Civitatem,
1475 5457 1691 5523 Georgii

90 5532 482 5595 quidemsuper
500 5530 785 5591 camelum,
810 5530 1093 5580 Dracontii
1118 5545 1237 5579 vero
1263 5530 1506 5579 homines
1527 5531 1689 5592 funi-

88 5602 179 5650 bus
204 5604 472 5651 trahentes
493 5607 572 5661 ;ct
594 5603 670 5652 sic
686 5602 911 5665 injuriis
935 5602 1175 5666 adfectos
1200 5602 1343 5651 circa
1369 5603 1565 5652 horam
1599 5602 1695 5652 VII

89 5675 193 5723 diei
236 5674 523 5738 utriusque
556 5688 785 5738 corpora
805 5673 1221 5723 combusserunt.

146 5746 412 5795 Proximo
473 5751 653 5795 autem
684 5746 769 5794 die
816 5746 1048 5809 Methyr,
1093 5745 1156 5794 X.
1191 5744 1275 5793 die
1326 5744 1544 5806 mensis,
1573 5749 1689 5807 post

89 5816 443 5867 Consulatum
472 5817 642 5867 Tauri
674 5822 718 5867 et
734 5816 991 5877 Florenti,
1013 5815 1234 5865 Juliani
1252 5815 1391 5880 Imp.
1416 5815 1531 5879 [ειη.
1562 5813 1686 5869 362.

86 5889 246 5941 Febr.
308 5887 387 5955 4.]
421 5893 742 5955 praeceptum
787 5888 1126 5954 propositum
1163 5889 1252 5948 est,
1278 5901 1385 5951 quo
1400 5884 1690 5949 jubebatur

1792 4598 2104 4677 pressusque
2147 4615 2218 4659 est
2263 4607 2555 4658 Ecclesium
2607 4604 2801 4677 eodem
2830 4615 3007 4677 mense
3044 4598 3391 4677 Methyrdie

1798 4670 2026 4736 XXVIII
2057 4682 2192 4731 utsit
2246 4694 2313 4730 ex
2355 4679 2469 4743 ejus
2491 4677 2644 4741 fuga,
2671 4674 2921 4740 Syriani,
2953 4676 3005 4723 et
3034 4670 3242 4743 Hilarii
3268 4675 3392 4719 tem-

1789 4754 2013 4821 poribus
2042 4753 2205 4815 facta,
2266 4742 2430 4813 usque
2589 4747 2827 4821 reditum
2868 4744 2982 4821 ejus
3013 4742 3388 4821 Juliano....._..

1790 4812 2004 4889 Met/lyr
2039 4812 2258 4874 XXVII.
2291 4812 2567 4870 Remansit
2596 4818 2658 4867 in
2685 4815 2923 4867 Ecclesia
2944 4828 3111 4889 usque
3135 4812 3390 4889 Phaophi

1790 4884 1981 4948 XXVI.
2061 4894 2362 4945 Consulatu
2417 4890 2755 4948 Namertini,
2798 4893 2847 4937 et
2887 4886 3094 4937 nevittse
3114 4884 3387 4934 mensibus

1798 4968 1934 5021 VIII.
2004 4965 2228 5029 integris
2261 4964 2400 5027 (Oct.
2436 4959 2509 5015 ‘23
2552 4972 2649 5013 an.
2690 4957 2856 5022 369.).

1853 5038 1875 5068 τι
1901 5038 2080 5089 Vetus
2116 5024 2441 5106 'haacetin
2460 5036 2763 5106 utramque
2791 5031 3014 5106 partem
3052 5026 3267 5106 agitata
3300 5024 3391 5106 est

1791 5108 2037 5175 qumstio
2047 5105 2332 5159 sexcentis
2345 5103 2528 5175 libris.
2546 5098 2975 5175 Adito,_sil_ib_et,
2989 5110 3021 5148 e
3051 5096 3387 5175 recentiori-

1790 5168 1901 5234 bus
1942 5175 2437 5231 Montfauconium
2479 5173 2539 5224 in
2571 5174 2704 5223 Vita
2737 5172 2791 5223 S.
2820 5168 3141 5220 Athanasii.

1851 5265 1872 5288 ο
1894 5250 2235 5303 Bononiens.
2267 5262 2367 5312 pro
2398 5246 2515 5296 sede
2537 5242 3015 5312 Diaconum,e_tc.,
3051 5237 3224 5312 paulo
3248 5251 3390 5312 quo-

1792 5335 1903 5389 que
1926 5325 2073 5388 post,
2131 5323 2178 5369 si
2202 5308 2279 5369 ibi
2286 5317 2442 5389 italis,
2482 5320 2613 5376 etc,
2636 5324 2737 5389 pro
2760 5310 2953 5389 sisibi,
2976 5314 3109 5388 etc.,
3134 5308 3387 5389 denique

1791 5378 2164 5447 Guarnerian:
2212 5388 2360 5441 infra.
2399 5402 2497 5452 per
2552 5383 2742 5435 omnia
2767 5380 3093 5445 dignissium
3132 5390 3230 5439 pro
3271 5378 3388 5441 dig-

1791 5481 1947 5524 num,
2003 5466 2115 5516 etc.

1853 5538 1869 5567 '
1896 5518 2167 5588 Notatum
2189 5534 2413 5585 Barrmo
2440 5528 2500 5579 in
2524 5521 2854 5592 aliis__li_bris_
2870 5518 2982 5592 legi
3005 5518 3133 5582 ﬁdei
3156 5518 3386 5592 integri-

1792 5580 1913 5662 tate;
1926 5580 1936 5587 ’
1949 5580 2226 5662 ’ᾇᾶὸᾶᾝῖ
2239 5580 2575 5659 probaretur
2597 5585 2736 5639 mihi
2759 5580 2992 5662 quidem
3006 5580 3385 5662 'magis._Vide

1791 5651 1971 5722 unum
1982 5651 2082 5733 pro
2094 5651 2317 5719 cunctis
2334 5665 2581 5725 Hierony
2590 5669 2747 5710 mum
2759 5654 2992 5718 Dialogo
3011 5655 3210 5705 contra
3226 5651 3386 5705 Luci-

1793 5743 2382 5863 fetlzliillméuarneriano
2405 5804 2557 5857 omni
2601 5816 2735 5852 cura
2750 5804 2795 5848 et
2816 5796 3216 5850 deliberatione.
3247 5796 3384 5851 Mox

1791 5883 2130 5938 Bononiens.
2180 5878 2487 5945 furentibus
2505 5874 2681 5928 habet
2702 5883 2803 5938 pro
2824 5867 3168 5935 ferventibus.
