3900 6396
546 374 652 432 499

1576 372 1820 426 RUFINI
1854 367 2344 431 AQUILEIENSIS
2377 367 2808 421 PRESBYTERI

3738 369 3837 428 500

544 501 664 542 non
687 491 836 554 quod
861 490 971 543 sibi
993 489 1130 543 utile
1167 493 1338 553 esset,
1367 488 1475 542 sed
1494 487 1647 553 quod
1692 486 1952 552 pluribus
1974 495 2012 551 ι,
2046 484 2138 539 vel
2165 481 2220 554 Α
2249 481 2658 546 rationemque,
2697 492 2812 545 qua
2844 484 3090 546 constat,
3115 479 3409 547 designet:
3457 481 3838 538 Subsistentia

543 578 645 643 qui
673 578 1029 631 imitarentur
1070 578 1377 641 Christum,
1409 578 1657 641 quicum
1703 580 1860 628 esset
1882 576 2138 627 omnium

545 667 683 732 vita,
710 680 812 732 pro
833 669 1014 719 salute
1036 670 1376 718 cunctorum
1401 666 1709 719 humilians
1734 678 1812 729 se,
1839 664 2140 717 descendit

542 756 604 808 in
624 759 888 820 mortem,
919 768 1032 818 quo
1058 754 1275 807 scilicet
1314 755 1665 808 inveniretur
1695 767 1751 815 e1
1794 756 1857 806 in
1899 754 2137 806 mortuis

540 844 658 897 vita
682 858 696 894 :
720 843 986 896 dicebant
1028 843 1238 896 melius
1278 856 1404 897 esse
1422 843 1731 896 humiliari”
1757 856 1819 896 se
1842 841 2137 908 paululum

539 936 770 997 propter
796 932 1070 997 dejectos,
1103 937 1161 985 et
1196 933 1456 985 inclinari
1487 935 1713 998 propter
1735 932 1925 995 elisos,
1951 936 2014 983 ut
2036 943 2135 983 eos

536 1033 739 1073 rursus
762 1021 1065 1086 erigerent,
1092 1035 1199 1073 nec
1230 1022 1458 1074 sibimet
1483 1022 1620 1074 solis
1642 1021 1908 1086 puritatis
1930 1020 2134 1072 merito

536 1118 814 1163 caelorum
837 1123 1017 1175 regna
1039 1110 1425 1174 defenderent,
1457 1111 1557 1162 sed
1581 1124 1709 1162 esse
1744 1109 2065 1174 gloriosius,
2086 1109 2133 1161 si

535 1212 666 1251 cum
682 1198 946 1264 pluribus
974 1198 1108 1250 illuc
1120 1202 1476 1251 mererentur
1496 1199 1723 1251 intrare.
1758 1201 1827 1250 Et
1869 1198 2135 1250 ideorec-

538 1291 666 1340 tum
691 1288 800 1339 sibi
824 1287 1023 1353 videri,
1046 1292 1113 1340 ut
1137 1289 1358 1339 tantum
1383 1288 1635 1352 perﬁdiae
1656 1287 1985 1339 auctoribus
2013 1300 2137 1339 am-

535 1375 776 1442 putatis,
790 1376 1033 1440 reliquis
1059 1376 1452 1429 sacerdotibus
1471 1376 1700 1429 daretur
1720 1376 1894 1441 optio,
1920 1376 1969 1427 si
1992 1376 2136 1428 forte

531 1465 713 1517 velint
741 1465 847 1530 [Αι.
881 1465 1394 1531 vellent],abjurato
1422 1478 1607 1518 errore
1644 1465 1916 1530 perﬁdiae,
1966 1464 2039 1517 ad
2064 1464 2132 1516 fi-

530 1552 665 1606 dem
684 1557 914 1618 patrum
931 1556 1265 1618 statutaque
1276 1554 1664 1617 converti,nec
1674 1565 1886 1618 negare
1906 1553 2130 1605 aditum

464 1683 474 1693 .
528 1642 922 1707 redeuntibus,
935 1642 1077 1706 quin
1090 1643 1282 1708 potius
1296 1642 1369 1695 de
1388 1655 1587 1695 eorum
1602 1642 1979 1695 conversione
1995 1654 2133 1707 gau-

529 1730 664 1783 dere
693 1744 707 1781 :
732 1730 865 1795 quia
888 1734 945 1784 et
972 1731 1068 1783 ille
1090 1731 1456 1795 evangelicus
1469 1731 1665 1795 junior
1687 1731 1858 1792 ﬁlius,
1877 1735 2130 1795 pateer

2238 577 2433 624 autem
2456 572 2919 636 uniuscujusque
2930 582 3208 636 personae,
3230 570 3338 623 hoc
3352 569 3549 636 ipsum
3566 572 3725 636 quod
3747 587 3837 626 ex-

2239 664 2325 712 tat
2347 666 2405 713 et
2455 661 2739 725 subsistit,
2783 660 3065 712 ostendat.
3092 660 3340 724 Ideoque
3371 665 3602 726 prOpter
3636 663 3837 714 Sabelli

2238 751 2505 803 haeresim
2536 756 2651 803 tres
2676 762 2804 802 esse
2829 749 3237 801 subsistentias
3268 750 3662 815 conﬁdendas,
3688 752 3837 815 quod

2234 840 2402 905 quasi
2415 843 2527 892 tres
2540 840 3202 904 subsistentespersonas
3215 838 3537 903 signiﬁcare
3549 839 3840 893 videretur

2234 943 2308 981 ne
2331 930 2717 994 suspicionem
2729 929 3299 992 daremus,tanquam
3322 927 3476 979 illius
3498 927 3635 980 ﬁdei
3654 934 3838 981 secta-

2233 1024 2402 1083 tores,
2429 1031 2561 1084 quse
2582 1018 2917 1070 Trinitatem
2940 1016 3002 1069 in
3022 1016 3357 1067 nominibus
3375 1021 3624 1078 tantum,
3646 1022 3708 1070 et
3722 1031 3839 1070 non

2232 1109 2291 1160 in
2317 1110 2487 1160 rebus
2499 1120 2564 1160 ac
2588 1106 2975 1158 subsistentiis
2999 1105 3433 1157 conﬁtetur.Sed
3458 1110 3516 1157 et
3537 1105 3611 1158 de
3642 1107 3829 1158 incar-

2230 1199 2457 1251 natione
2476 1196 2706 1249 Domini
2717 1195 3195 1261 comprehensum
3208 1194 3457 1258 est,quia
3472 1196 3838 1260 corpusquod

2233 1292 2562 1351 susceperat
2584 1285 2883 1349 Dominus,
2908 1297 3096 1349 neque
3113 1284 3237 1335 sine
3262 1295 3456 1343 sensu,
3481 1297 3681 1348 neque
3710 1285 3838 1338 sine

2232 1378 2427 1430 anima
2445 1376 2812 1440 suscepisset.
2839 1374 3059 1435 Quibus
3083 1374 3354 1425 omnibus
3377 1375 3541 1425 caute
3564 1373 3841 1426 modera-

2233 1474 2405 1533 teque
2429 1465 2780 1532 compositis,
2791 1463 3186 1528 unusquisque
3201 1462 3404 1516 itinere
3421 1475 3527 1515 suo
3539 1475 3681 1516 cum
3693 1476 3833 1528 pace

2229 1556 2496 1623 perrexit.

2790 1670 3023 1722 CAPUT
3078 1667 3265 1720 XXX.

530 1783 2010 1885 depopulatorsubstantia£insemetipsumreversus
2028 1835 2128 1869 non
2153 1792 2304 1873 BDC
2345 1788 2572 1841 Eusebio
2612 1793 2659 1838 ⁸⁸
2702 1786 2936 1847 Hilam.“
2964 1791 3128 1885 ξείῖῗξε
3187 1783 3572 1835 Εθθιθθίανίυω
3619 1800 3719 1850 pa.
3753 1799 3837 1834 ⁸0⁸

530 1907 720 1960 solum
744 1908 962 1973 suscipi
983 1908 1211 1969 meruit,
1235 1908 1337 1960 sed
1367 1909 1425 1960 et
1454 1907 1667 1972 dignus
1689 1908 1942 1973 paternis
1972 1920 2130 1960 com-

529 1995 797 2062 plexibus
820 1997 882 2062 [Α
892 1996 924 2046 ι.
946 1996 1678 2062 δωριθιὶδιιε];ᾱθρυιᾶιωε,
1701 1999 1758 2049 et
1777 2000 1985 2047 anulum
2012 1998 2131 2046 ﬁdei

526 2086 756 2151 recepit,
782 2090 841 2138 et
862 2084 1013 2138 stola
1036 2086 1424 2138 circumdatur
1449 2100 1462 2135 :
1489 2099 1591 2151 per
1615 2098 1789 2150 quam
1810 2086 1947 2150 quid
1977 2085 2132 2138 aliud

527 2187 707 2239 quam,
727 2175 1025 2228 sacerdotii
1040 2174 1403 2227 declarantur
1432 2175 1699 2240 insignia
1714 2179 1737 2226 Ρ
1760 2188 1865 2227 nec
1890 2176 2129 2241 probabi

521 2264 599 2317 lis
623 2264 813 2316 extitit
833 2263 986 2329 apud
1008 2268 1228 2329 patrem
1260 2264 1452 2317 senior
1478 2264 1648 2327 ﬁlius,
1673 2277 1693 2299 ο
1725 2264 1881 2329 quod
1924 2264 2131 2316 invidit

525 2356 755 2419 recepto
775 2365 901 2405 :nec
918 2354 1142 2405 tantum
1165 2353 1353 2405 meriti
1363 2353 1567 2406 habuit
1588 2367 1706 2406 non
1719 2353 2134 2417 delinquendo,

524 2447 809 2507 quantum
836 2455 1009 2496 noxas
1031 2443 1316 2496 contraxit
1336 2456 1455 2495 non
1468 2442 1820 2507 indulgendo
1832 2454 2126 2507 germano.

1084 2585 1318 2638 CAPUT
1360 2585 1570 2637 XXIX.

649 2724 725 2775 De
748 2724 834 2775 his
878 2739 996 2791 qua:
1036 2724 1098 2775 in
1132 2725 1312 2776 eodem
1364 2725 1601 2777 Concilio
1637 2730 1833 2776 statuta
1856 2730 2000 2775 sunt.

593 2872 766 2943 256
791 2875 1109 2939 Cumigitur
1123 2875 1527 2940 hujuscemodi
1542 2876 1859 2929 sententias
1884 2876 1987 2940 [AL
2002 2888 2132 2926 sen-

523 2964 765 3015 tentiam
791 2969 838 3013 et
853 2964 1152 3029 prolatam]
1181 2977 1257 3016 ex
1293 2963 1625 3029 evangelica
1642 2964 1979 3017 auctoritate
2008 2977 2128 3025 pro-

520 3050 693 3117 latas,
718 3051 858 3105 ordo
870 3052 964 3105 ille
981 3053 1353 3106 sacerdotalis
1366 3058 1421 3106 et
1435 3053 1799 3119 Apostolicus
1810 3054 2123 3118 approbas-

2869 1875 3219 1927 restitutione.

2314 1985 2485 2055 257
2518 1984 2625 2038 Sed
2659 1983 2942 2037 Eusebius
2966 1995 3099 2035 cum
3122 1980 3366 2033 redisset
3381 1979 3769 2042 Antiochiam,
3781 1981 3837 2032 et

2227 2077 2543 2130 invenisset
2565 2076 2640 2126 ibi
2652 2087 2687 2127 a
2709 2074 2967 2127 Lucifero
2992 2076 3187 2124 contra
3199 2068 3669 2135 pollicitationem
3684 2069 3839 2122 ordi-

2227 2170 2428 2219 natum
2452 2166 2816 2230 Episcopum,
2856 2162 3074 2228 pudore
3122 2161 3293 2214 simul
3351 2165 3409 2213 et
3442 2159 3838 2225 indignatione

2226 2253 2560 2319 compulsus
2601 2252 2905 2316 abscessit,
2947 2251 3136 2303 neutri
3173 2252 3319 2316 parti
3362 2249 3835 2302 communionem

2226 2356 2392 2396 suam
2416 2343 2699 2407 relaxans,
2724 2341 2860 2405 quia
2882 2340 3207 2405 digrediens
3232 2339 3365 2391 inde
3409 2338 3753 2403 promiserat
3770 2351 3837 2389 se

2227 2438 2491 2485 acturum
2516 2432 2577 2483 in
2606 2430 2871 2493 Concilio,
2917 2435 2983 2482 ut
3019 2439 3037 2469 ι
3069 2429 3153 2481 eis
3196 2428 3554 2480 ordinaretur
3597 2426 3836 2491 Episco-

2227 2535 2358 2587 pus,
2402 2534 2575 2585 aquo
2621 2532 2754 2585 pars
2806 2521 3009 2571 neutra
3035 2518 3396 2570 descisceret.
3452 2516 3550 2568 Ille
3581 2528 3837 2578 namque

2226 2610 2495 2676 populus,
2521 2609 2622 2674 qui
2656 2608 2945 2660 Meletium
2972 2606 3195 2660 dudum
3210 2606 3281 2658 de
3304 2604 3553 2657 Ecclesia
3573 2604 3829 2670 pulsum,

2227 2699 2390 2764 quasi
2406 2712 2506 2764 pro
2533 2699 2645 2750 ﬁde
2665 2702 2819 2749 recta
2842 2698 3026 2749 fuerat
3056 2699 3311 2755 secutus,
3335 2694 3747 2759 nonjunxerat
3769 2706 3832 2746 se

2226 2789 2300 2841 ad
2323 2789 2538 2853 priores
2560 2787 2891 2851 catholicos,
2923 2787 2977 2837 id
3000 2791 3106 2848 est,
3147 2786 3245 2849 qui
3265 2798 3396 2837 cum
3423 2783 3752 2846 Eustatbio,
3776 2785 3831 2835 et

2226 2877 2248 2908 "
2282 2877 2526 2929 Eusebio
2538 2877 2815 2941 Episcopo
2826 2876 3051 2928 fuerant
3061 2889 3132 2928 ex
3143 2876 3353 2939 quibus
3370 2875 3539 2925 etiam
3554 2874 3624 2924 Pa
3634 2871 3831 2924 ulinus

2226 2979 2275 3019 ei
2288 2967 2470 3029 at)sed
2483 2980 2651 3018 suum
2667 2960 3829 3030 principatum,suumqueconventiculum

2222 3057 2423 3109 tenuit.
2454 3058 2573 3108 Hos
2601 3069 2735 3120 ergo
2776 3069 2910 3107 cum
2932 3056 2990 3107 in
3026 3067 3208 3107 unum
3240 3065 3507 3106 revocare
3540 3051 3832 3104 voluisset

520 3146 626 3203 set,
673 3154 747 3194 ex
793 3142 1023 3194 Concilii
1067 3142 1323 3207 decreto,
1361 3142 1977 3206 Asterio‘ceeterisque
2022 3140 2121 3206 qui
2146 3160 2194 3235 Ο
2228 3146 2657 3208 Eusebius,nec
2675 3151 2870 3198 tamen
2896 3146 3256 3209 (praeventus
3279 3140 3825 3205 aLucifero)potuis-

519 3243 652 3282 cum
674 3231 803 3296 ipso
826 3231 1255 3294 erant,0rientis
1279 3233 1355 3298 inj
1366 3233 1599 3297 ungitur
1612 3231 1948 3297 procuratio,
1964 3231 2121 3282 Occi-

445 3371 448 3375 .
519 3317 710 3370 dentis
736 3331 871 3372 vero
894 3320 1138 3372 Eusebio
1153 3320 1497 3374 decernitur.
1522 3321 1770 3373 Additur
1793 3334 1929 3374 sane
1950 3324 2009 3374 in
2024 3323 2120 3375 illo

519 3407 755 3459 Concilii
798 3407 1046 3472 decreto,
1091 3409 1261 3461 etiam
1295 3410 1366 3461 de
1395 3410 1607 3474 Spiritu
1651 3411 1861 3463 Sancto
1906 3411 2122 3475 plenior

516 3495 854 3561 disputatio,
872 3501 940 3550 ut
961 3497 1083 3562 ejus
1093 3497 1222 3550 dem
1244 3498 1586 3551 substantiae
1608 3511 1674 3551 ac
1686 3500 1930 3562 deitatis,
1954 3501 2122 3565 cujus

515 3586 680 3638 Pater
718 3589 778 3638 et
799 3586 993 3651 Filius,
1019 3587 1189 3639 etiam
1229 3588 1470 3652 Spiritus
1495 3590 1742 3641 Sanctus
1779 3588 2119 3652 crederetur,

514 3686 623 3727 nec
643 3675 707 3740 [Α
716 3674 750 3726 ι.
774 3675 870 3739 ne]
888 3675 1198 3740 quicquam
1216 3689 1452 3740 prorsus
1467 3677 1529 3728 in
1551 3678 1839 3755 Trinitate,
1855 3684 1957 3731 ant
1972 3692 2121 3731 crea-

514 3768 657 3827 tum,
683 3768 786 3816 aut
819 3764 1080 3829 inferius,
1105 3765 1468 3830 posteriusve
1493 3766 1793 3819 diceretur.
1827 3767 1935 3820 Sed
1960 3772 2018 3820 et
2046 3767 2118 3819 de

509 3852 828 3906 differentia
849 3855 1313 3908 substantiarum
1330 3860 1389 3909 et
1406 3857 1916 3910 subsistentiarum
1930 3870 2117 3910 sermo

509 3941 636 4007 ejus
673 3955 773 4008 per
824 3943 1165 4009 scripturam
1205 3950 1402 3998 motus
1446 3958 1466 3980 °
1492 3951 1598 3998 est.
1649 3947 1831 3999 Graeci
1863 3942 2034 4004 οὐσίας
2065 3950 2123 3997 et

507 4031 818 4095 ὑποστάσεις,
835 4038 1062 4086 vocant.
1084 4034 1323 4095 Quidam
1341 4035 1551 4087 etenim
1563 4035 1833 4087 dicebant
1852 4036 2117 4088 substan-

504 4120 650 4174 tiam
689 4124 748 4173 et
790 4122 1225 4175 subsistentiam
1252 4136 1438 4175 unum
1482 4124 1663 4176 videri
1689 4139 1701 4175 :
1726 4127 1785 4175 et
1821 4124 1956 4187 quia
1998 4128 2113 4175 tres

508 4209 1038 4263 subsistentiasnon
1050 4211 1296 4263 dicimus
1312 4212 1372 4263 in
1399 4213 1646 4276 Deo,nec
1664 4218 1778 4265 tres
1807 4216 2115 4263 substantias

504 4298 695 4351 dicere
717 4298 1052 4352 debeamus.
1087 4300 1196 4351 Alii
1212 4313 1364 4361 vero,
1384 4301 1596 4365 quibus
1610 4300 1779 4366 longe
1802 4301 1955 4353 aliud
1980 4303 2114 4354 sub-

504 4387 735 4453 stantia,
747 4400 925 4453 quam
939 4388 1651 4455 subsistentia'signiﬁcare
1675 4391 1994 4452 videbatur,
2021 4391 2110 4443 di-

2221 3240 2326 3299 set,
2370 3235 2669 3287 abscessit.
2714 3236 2875 3287 Tunc
2896 3245 3196 3298 regressus
3237 3230 3495 3283 Meletius
3519 3230 3591 3282 de
3628 3229 3828 3292 exilio,

2214 3325 2497 3389 ’quiacum
2513 3336 2579 3375 eo
2594 3324 2955 3375 numerosior
2979 3322 3225 3387 populus
3251 3324 3389 3384 erat,
3425 3318 3703 3385 Ecclesias
3748 3321 3827 3370 te-

2219 3416 2349 3467 nuit
2377 3428 2389 3465 :
2415 3421 2473 3468 et
2496 3426 2646 3465 exeo
2664 3412 2785 3476 jam
2810 3410 3095 3476 propriam
3120 3409 3409 3474 synodum
3434 3420 3564 3459 cum
3588 3408 3824 3459 caeteris

2219 3504 2601 3555 Orientalibus
2618 3501 2910 3567 Episcopis
2925 3500 3142 3563 habuit,
3158 3512 3263 3551 nec
3282 3502 3474 3550 tamen
3494 3497 3822 3548 Athanasio

2220 3597 2433 3644 unctus
2468 3598 2573 3643 est.
2592 3590 2828 3643 Interim
2854 3589 3076 3647 Lucifer
3098 3587 3370 3653 injuriam
3398 3585 3627 3647 dolens,
3650 3586 3813 3649 quod

2218 3682 2560 3746 Episcopum
2576 3692 2611 3731 a
2628 3691 2690 3732 se
2713 3678 3042 3731 ordinatum
3057 3676 3211 3742 apud
3227 3675 3585 3728 Antiochiam
3602 3686 3724 3725 non
3740 3687 3822 3726 re—

2218 3771 2463 3836 cepisset
2486 3768 2786 3829 Eusebius,
2803 3780 2911 3819 nec
2926 3766 3050 3830 ipse
3071 3766 3317 3829 recipere
3331 3766 3545 3827 cogitat
3566 3762 3821 3815 Alexan-

2216 3858 2364 3911 drini
2377 3859 2603 3910 decreta
2617 3856 2860 3919 concilii,
2883 3854 2984 3907 sed
3000 3853 3503 3919 constringebatur
3524 3851 3701 3917 legati
3719 3851 3818 3903 sui

2214 3947 2467 4011 vinculo,
2493 3946 2593 4010 qui
2616 3946 2677 3997 in
2708 3944 3147 4008 concilioipsius
3158 3942 3493 3995 auctoritate
3507 3941 3818 4005 subscrip-

2216 4040 2385 4090 serat.
2403 4036 2663 4099 Abjicere
2683 4047 2932 4097 namque
2965 4045 3099 4085 eum
3120 4045 3237 4084 non
3265 4034 3503 4096 poterat,
3520 4030 3616 4094 qui
3640 4038 3653 4068 ι
3678 4042 3821 4082 auc-

2214 4127 2503 4178 toritatem
2538 4125 2665 4189 ejus
2709 4124 2954 4176 tenebat.
3001 4121 3059 4174 Si
3102 4134 3238 4174 vero
3281 4119 3608 4184 recepisset,
3644 4131 3817 4171 omne

2213 4227 2389 4266 suum
2422 4212 2813 4265 frustrandum
2850 4211 3082 4265 videbat
3102 4210 3413 4274 inceptum.
3440 4208 3552 4260 Diu
3573 4220 3713 4273 ergo
3742 4208 3815 4260 de

2209 4304 2321 4356 hoc
2341 4302 2704 4366 multumque
2740 4301 3079 4362 deliberans,
3115 4312 3249 4352 cum
3270 4312 3343 4351 ex
3370 4303 3615 4362 utraque
3652 4303 3812 4363 parte

2209 4392 2661 4453 concluderetur,
2706 4391 2894 4456 elegit,
2924 4395 2993 4443 ut
3031 4389 3220 4454 legato
3245 4402 3350 4441 suo
3381 4392 3626 4452 recepto,
3673 4399 3814 4451 erga

503 4478 726 4544 cebant,
752 4478 888 4544 quia
903 4479 1239 4534 substantia
1259 4479 1279 4514 ε
1294 4479 1479 4545 ipsam
1492 4480 1573 4531 rei
1586 4478 1751 4545 alicuj
1762 4486 2103 4534 usnaturam
2126 4476 2184 4549 D
2211 4486 2449 4536 caeteros
2486 4481 2830 4534 sententiam
2872 4480 3158 4545 disparem
3174 4482 3214 4543 ι,
3242 4477 3345 4530 sed
3379 4476 3489 4529 sibi
3535 4476 3808 4541 placitam

568 4654 588 4675 ·
618 4646 838 4700 Placuit
877 4648 1173 4713 vulgatam
1208 4649 1512 4702 lectionem
1566 4649 1828 4712 retinere,
1869 4662 2005 4713 quas
2047 4655 2105 4702 et

2268 4664 2286 4693 κ
2300 4655 2384 4706 Ex
2423 4654 2617 4706 codice
2640 4651 3029 4705 Guarneriano
3053 4652 3100 4700 is
3117 4644 3429 4715 prononem
3445 4645 3798 4710 suﬁ‘ecitnus,

503 4717 837 4790 concinnior
868 4718 1116 4782 videtur,
1145 4725 1202 4773 et
1219 4721 1485 4772 codicum
1500 4733 1607 4772 ms.
1623 4721 1909 4785 praecipue
1926 4723 2106 4774 Bono-
2203 4727 2354 4790 quod
2379 4726 2508 4777 libri
2531 4724 2624 4777 alii
2644 4724 2925 4789 ignorant.

500 4788 721 4839 niensis
735 4790 1074 4841 auctoritate
1092 4803 1212 4842 non
1234 4796 1406 4843 caret.
1421 4792 1739 4844 Cacciarius
1754 4793 1956 4844 maluit
1971 4805 2103 4844 cum

498 4858 797 4923 vatlcanis,
821 4860 965 4923 quod
978 4860 1162 4910 multis
1185 4862 1470 4927 expediret.

560 4929 584 4959 δ
602 4928 747 4981 Illud
776 4945 828 4979 se
841 4930 953 4981 add
964 4934 1071 4984 unt
1090 4936 1298 4983 etmss.
1318 4932 1503 4984 nostri
1533 4946 1545 4977 =
1571 4931 1790 4995 vulgati
1813 4933 2098 4998 ignorant.

499 5000 634 5053 Mox
663 5002 1038 5054 Bononiensis
1065 5003 1305 5067 disjectas
1343 5016 1445 5067 pro
1468 5003 1684 5068 dejectos
1701 5004 1844 5069 legit.

2260 4797 2282 4827 ’³
2306 4799 2434 4849 Non
2454 4788 2743 4848 addunt’et
2764 4794 2990 4845 Eusebio
3020 4792 3239 4857 vulgati
3273 4791 3418 4851 libri,
3448 4792 3505 4842 et
3528 4789 3627 4853 qui
3661 4788 3804 4853 opti-

2200 4880 2314 4920 mae
2346 4873 2503 4920 notas
2525 4869 2612 4919 est
2642 4880 2752 4918 ms.
2778 4864 3239 4917 Guarnerianus:
3273 4863 3494 4915 addunt
3534 4874 3660 4911 vero
3684 4861 3799 4923 alii,

2200 4944 2257 4991 et
2280 4952 2412 4991 cum
2434 4938 2633 5004 primis
2657 4937 2938 5010 Vaticani.
2956 4938 3087 5010 Huc
3111 4940 3175 5010 tu
3198 4935 3341 4987 refer
3360 4931 3626 4984 Historiae
3648 4930 3801 5010 frag-

2197 5015 2458 5063 mentum
2501 5011 2573 5063 de
2625 5009 2936 5060 schismate
2985 5008 3306 5068 Meletiano,
3343 5016 3525 5066 nuper
3547 5016 3619 5054 ex
3657 5008 3801 5052 ἑωυ-

559 5073 946 5125 'Bononiens.
972 5074 1069 5139 qui
1088 5074 1664 5136 invidittuncinﬁne
1687 5089 1819 5128 cum
1847 5076 2098 5142 vulgatis
2198 5081 2497 5144 quissimis
2561 5079 2909 5132 Veronensis
2962 5077 3233 5130 Ecclesia:
3293 5075 3507 5128 chartis
3575 5072 3797 5125 editum

496 5146 634 5192 note
648 5156 748 5207 pro
770 5158 945 5194 noxae.

558 5213 719 5266 Idem
754 5216 1053 5280 ceterisque
1075 5216 1172 5280 qui
1194 5230 1317 5267 cum
1362 5217 1641 5282 Episcopis
1669 5222 1825 5268 erant
1855 5232 1868 5269 :
1922 5220 2095 5271 Guar-

2196 5156 2352 5203 tomo
2381 5154 2475 5203 III.
2499 5152 2798 5204 Observat.
2837 5149 3155 5201 Literariar.

2261 5224 2273 5253 ί
2302 5223 2440 5275 Heic
2474 5225 2703 5286 quoque
2727 5220 3061 5273 suﬁ‘ecimus
3086 5218 3304 5270 Eusebii
3324 5229 3535 5270 nomen
3549 5214 3623 5267 ad
3649 5227 3788 5268 mss.

493 5285 729 5358 nariam,
750 5287 849 5350 qui
876 5302 1001 5337 cum
1032 5287 1164 5352 ipsis
1206 5292 1362 5337 erant
1386 5303 1399 5340 :
1441 5293 1496 5341 et
1517 5288 1687 5353 paulo
1727 5292 1859 5355 post
1893 5290 1955 5340 in
1985 5290 2094 5340 loco
2192 5293 2387 5357 ﬁdem,
2412 5285 2566 5358 quOd
2582 5292 2817 5356 vulgati,
2838 5292 2998 5345 nullo
3014 5297 3210 5345 tamen
3231 5303 3437 5343 sensus
3462 5288 3784 5352 dispendio,

498 5354 743 5420 Concilii,
762 5362 894 5421 etc.,
918 5370 1020 5423 pro
1050 5359 1114 5407 in
1135 5358 1244 5417 illo,
1269 5365 1376 5412 etC.

553 5434 573 5456 '
605 5429 807 5481 Denuo
831 5430 1198 5482 Guarnerian.
1226 5438 1402 5481 motus
1434 5436 1522 5493 est,
1562 5431 1708 5496 quod
1740 5431 1907 5481 Graeci
1944 5431 2093 5481 usias

2191 5364 2480 5427 ignorant.

2249 5444 2650 5496 lGuarnerian.
2690 5446 2827 5509 quia
2845 5443 3161 5494 auctoritate
3192 5442 3322 5507 ejus,
3367 5445 3500 5500 etc.,
3552 5446 3612 5494 et
3654 5442 3783 5506 post

492 5500 537 5581 ξε
568 5501 862 5581 grafts-seis
890 5502 1334 5581 υοοαηιῼμπξάαηι
1356 5503 1548 5581 ⁸ειίιέτη,
1576 5508 1714 5581 θιοτς
1744 5508 1866 5555 tum
1888 5508 1934 5552 ει
1957 5504 2091 5566 quia
2186 5528 2386 5579 pauca.
2419 5500 2863 5581 diumuuu‘mque
2886 5516 2947 5565 dc
2978 5516 3074 5565 hoc
3104 5500 3537 5573 deliberdnsﬁtc.

492 5571 593 5616 tres
615 5569 940 5620 substantias
962 5588 1074 5621 non
1099 5574 1329 5622 dicimus
1346 5573 1407 5622 in
1426 5574 1616 5632 Deum,
1639 5578 1745 5625 etc.

553 5636 575 5666 ⁶¹
609 5640 698 5691 Sic
709 5642 825 5694 duo
837 5644 1401 5706 nostri,totidemque
1418 5644 1571 5707 apud
1587 5642 1929 5694 Cacciarium
1943 5657 2085 5696 mss.

2250 5589 2272 5621 ι
2306 5587 2484 5645 Idem,
2508 5587 2779 5651 disparem
2804 5594 2850 5637 et
2872 5586 2973 5635 sibi
3010 5587 3287 5651 placitam,
3315 5587 3443 5643 etc.,
3493 5590 3615 5635 tum
3653 5584 3785 5647 quia

2186 5658 2287 5707 cito
2312 5663 2477 5707 morte
2496 5665 2811 5723 praventus.
2836 5658 3174 5712 Bononiens.
3200 5670 3335 5709 cum
3360 5655 3779 5721 vulgatis,quia

490 5704 734 5793 habent:
759 5713 979 5777 vulgati
1005 5704 1142 5778 ipsa.
1169 5704 1343 5766 Paulo
1373 5704 1506 5779 post
1528 5714 1870 5766 Bononiens.
1888 5715 2086 5766 Idcirco

2227 5704 2289 5780 ῖὶὰ
2301 5704 2608 5793 satiate;

488 5789 588 5839 pro
610 5780 848 5846 ideoque.
