3900 6398
97 351 215 409 501

1026 355 1361 410 HISTORIA
1396 354 1960 410 ECGLESIASTICA.
1996 358 2208 414 LIBER
2242 363 2522 419 PRIMUS.

3323 364 3428 424 502

95 463 458 519 custodiret.
496 466 585 519 Ita
613 478 912 531 regressus
946 466 1019 520 ad
1051 467 1331 523 Sardinia
1361 474 1570 536 partes,
1603 471 1724 525 sive
1748 468 1805 544 Α
1827 472 1938 526 illis
1975 474 2131 539 solis,
2161 475 2263 540 qui
2293 476 2431 529 deos
2468 475 2723 543 deasque
2767 483 3198 541 venerarentur,
3234 481 3429 546 patere

94 555 250 620 quia.
264 557 383 609 cita
392 558 575 608 morte
584 568 704 622 prm
712 558 1174 623 ventus,tempus
1187 564 1387 612 senten
1396 561 1432 613 ti
1440 574 1491 614 se
1501 564 1724 615 mutan-

1821 564 2093 619 decernit.
2119 565 2335 619 Militiae
2358 566 2654 632 cingulum
2682 580 2802 620 non
2824 568 2963 633 dari,
2986 568 3104 622 nisi
3125 570 3430 623 immolan-

96 646 203 698 das
226 659 354 698 non
376 645 581 698 habuit
604 646 834 710 (etenim
863 652 1072 700 temere
1096 652 1286 714 coepta
1310 651 1516 715 corrigi
1532 653 1722 717 spacio
1822 655 1977 707 tibus
2001 654 2182 719 jubet.
2208 656 2675 708 Procurationem
2698 657 3144 722 provinciarum,
3163 659 3427 724 jurisque

98 735 327 800 solent)
364 736 489 788 sive
522 734 631 787 hoc
660 736 852 788 animo
885 736 1251 790 immobiliter
1278 739 1450 807 258
1478 742 1721 805 sederat,

1823 744 2049 796 dicendi
2072 744 2409 797 Christianis
2430 745 2633 798 statuit
2655 759 2774 799 non
2788 747 2995 800 debere
3013 749 3315 812 committi,
3335 754 3429 802 ut-

94 837 322 890 parum
343 825 710 878 ﬁrmaverim.
737 827 821 877 Ex
838 825 963 890 ipso
987 826 1212 880 interim
1238 830 1735 884 Luciferianorunr
1821 835 1951 898 pote
1985 833 2193 897 quibus
2226 833 2397 885 etiam
2428 834 2520 886 lex
2544 835 2770 900 propria
2792 835 2982 902 gladio
3012 837 3098 888 uti
3125 837 3425 889 vetuisset.

97 904 392 975 schisma,
415 915 568 979 quod
582 914 715 967 licet
728 928 828 981 per
844 928 1058 980 paucos
1074 917 1263 970 adhuc
1280 919 1547 984 volvitur,
1567 935 1722 974 sum-

96 1004 185 1057 sit
216 1004 543 1057 exordium.
577 1005 861 1057 Eusebius
892 1018 1029 1058 vero
1053 1007 1396 1061 circumiens
1432 1009 1720 1064 Orientem

94 1098 290 1158 atque
319 1093 780 1157 ltaliam,medici
804 1094 1012 1159 pariter
1032 1100 1089 1147 et
1112 1096 1425 1149 sacerdotis
1448 1098 1721 1164 fungeba-

92 1188 202 1236 tur
225 1183 437 1236 ofﬁcio.
464 1183 732 1249 Singulas
753 1196 1016 1249 quasque
1040 1186 1327 1251 ecclesias,
1354 1189 1614 1253 abjurata
1635 1190 1743 1243 in-.

94 1272 263 1325 ﬁdeli
270 1272 485 1331 tate,ad
498 1273 802 1325 sanitatem
813 1278 985 1326 rectas
996 1274 1126 1327 ﬁdei
1138 1288 1199 1328 re
1207 1277 1719 1338 vocabat,maxime

96 1361 269 1427 quod
292 1361 595 1423 Hilarium,
607 1373 780 1426 quem
798 1362 1021 1415 dudum
1035 1376 1170 1416 cum
1181 1366 1406 1418 cateris
1425 1367 1720 1433 Episcopis

96 1451 166 1503 in
196 1450 441 1504 exilium
478 1455 706 1503 trusum
739 1463 867 1503 esse
894 1453 1366 1517 memoravimus,
1391 1468 1720 1520 regressum

91 1541 248 1604 jam,
274 1545 336 1594 et
350 1539 408 1592 in
425 1540 589 1593 Italia
606 1540 877 1605 positum,
897 1541 1023 1594 1]ωο
1039 1541 1241 1596 eadem
1253 1557 1388 1609 erga
1403 1544 1720 1599 instauran-

96 1629 214 1682 das
238 1629 542 1695 Ecclesias,
560 1629 850 1695 ﬁdemque
864 1633 1095 1696 patrum
1115 1633 1491 1699 reparandam
1509 1635 1718 1700 reperit

94 1718 464 1771 molientem.

1821 924 1889 973 Et
1900 922 2232 987 proﬁciebat
2242 923 2498 986 quotidie
2513 923 2575 975 in
2584 924 2983 988 hujuscemodi
2993 925 3215 991 legibus
3227 925 3425 990 exqui-

1817 1011 2030 1075 rendis,
2062 1011 2273 1074 quibus
2309 1016 2366 1064 et
2400 1012 2505 1076 [AL
2533 1017 2734 1062 tacetur
2761 1014 2835 1078 et]
2878 1014 2927 1065 si
2958 1015 3096 1079 quid
3123 1017 3420 1067 versutum

1820 1099 1913 1152 vel
1934 1099 2223 1165 callidum,
2250 1101 2443 1152 tamen
2466 1101 2620 1164 quod
2643 1102 2837 1154 minus
2862 1102 3152 1156 videretur
3173 1103 3422 1166 crudele,

1819 1188 2168 1241 decerneret.

2357 1279 2589 1332 CAPUT
2626 1280 2891 1332 XXXIII.

2096 1395 2172 1445 De
2207 1395 2410 1446 smitia
2440 1396 2555 1461 ejus
2587 1412 2717 1463 erga
2748 1397 3139 1451 Athanasium.

1878 1508 1989 1564 Sed
2005 1522 2121 1563 non
2146 1522 2166 1546 ο
2194 1523 2330 1577 erga
2350 1511 2735 1564 Athanasium
2759 1512 2913 1566 ﬁctas
2935 1512 3315 1580 philosophiae
3339 1517 3423 1568 te-

1816 1612 1952 1653 nere
1974 1600 2285 1664 imaginem
2308 1602 2515 1666 potuit.
2542 1603 2769 1655 Etenim
2793 1615 2942 1665 cum,
2966 1603 3124 1657 velut
3146 1604 3276 1656 tetri
3299 1616 3421 1657 ser-

1817 1694 2018 1755 pentes
2038 1689 2111 1742 de
2131 1689 2391 1744 cavernis
2405 1695 2575 1744 terrae
2591 1691 2947 1757 ebullientes,
2958 1692 3033 1745 ad
3048 1705 3180 1745 eum
3194 1700 3421 1758 proces-

671 1808 904 1862 CApUT
935 1809 1147 1862 XXXI.
1739 1785 1792 1859 B
1822 1778 1996 1831 sisset
2016 1790 2343 1843 magorum,
2366 1779 2857 1846 philosophorum,
2874 1782 3226 1846 aruspicum,
3243 1794 3423 1847 augu-

614 1922 689 1973 De
733 1924 946 1990 scriptis
975 1924 1203 1978 Hilarii.

163 2035 293 2090 Nisi
337 2036 493 2101 quod
530 2038 623 2091 Hi1
659 2039 779 2091 rius
812 2041 900 2093 vir
929 2042 1135 2094 natura
1168 2042 1313 2095 lenis
1344 2048 1402 2097 et
1433 2043 1712 2111 placidus,

98 2124 398 2190 simulque
425 2126 703 2192 eruditus,
718 2132 777 2181 et
793 2128 864 2181 ad
889 2129 1354 2194 persuadendum
1369 2132 1715 2185 commodis-

96 2215 314 2278 simus,
355 2227 478 2268 rem
516 2216 849 2282 diligentius
887 2223 944 2271 et
984 2219 1178 2284 aptius
1213 2222 1572 2286 procurabat.
1605 2222 1712 2284 Qui

94 2303 282 2355 etiam
304 2303 480 2358 libros
504 2304 576 2357 de
592 2305 704 2358 ﬁde
722 2307 990 2359 nobiliter
1009 2308 1253 2373 scriptos
1277 2309 1473 2375 edidit,
1499 2311 1712 2375 quibus

95 2397 157 2445 et
165 2393 571 2447 hmreticorum
584 2396 890 2460 versutias,
904 2400 962 2448 et
971 2402 1304 2450 nostrorum
1320 2399 1704 2465 deceptiones,

96 2488 159 2536 et
179 2483 331 2536 male
348 2483 638 2537 credulam
659 2485 1082 2550 simplicitatem
1108 2488 1186 2540 ita
1208 2487 1505 2553 diligenter
1525 2501 1705 2554 expo-

96 2573 240 2634 suit,
255 2577 388 2627 utet
396 2577 733 2637 praesentes,
750 2578 806 2627 et
817 2575 985 2641 longe
996 2576 1236 2642 positos,
1250 2578 1463 2642 quibus
1474 2578 1595 2643 ipse
1608 2591 1707 2643 per

98 2672 121 2692 ⁸
144 2675 211 2714 se
247 2661 530 2716 disserere
565 2663 698 2717 viva
731 2678 869 2717 voce
891 2679 1010 2717 non
1031 2668 1268 2730 poterat,
1293 2667 1706 2732 perfectissima

95 2750 482 2805 instructione
499 2753 825 2818 corrigeret.
838 2756 921 2806 Ila
937 2755 1159 2807 duoisti
1174 2756 1296 2821 viri,
1317 2756 1475 2809 velut
1489 2757 1708 2821 magni-

99 2840 215 2892 ﬁca
233 2840 504 2905 quaedam
524 2842 725 2893 mundi
745 2842 981 2908 lumina,
999 2844 1306 2909 Illyricum,
1324 2845 1563 2912 Italiam,
1580 2848 1708 2900 Gal-

80 2928 313 2993 liasque
336 2942 441 2981 suo
465 2930 766 2994 splendore
791 2930 1106 2993 radiarunt,
1132 2937 1198 2986 ut
1212 2946 1415 2987 omnes
1437 2936 1607 2988 etiam
1633 2936 1704 2990 de

86 3016 306 3069 abditis
337 3017 564 3083 anguiis
600 3020 657 3072 et
684 3019 971 3071 abstrusis
996 3019 1401 3073 haereticorum
1446 3024 1699 3078 tenebrae

84 3106 443 3172 fugarentur.

642 3230 873 3283 CAPUT
909 3232 1143 3285 XXXII.

212 3347 289 3398 De
313 3346 767 3413 persecutionibus
787 3347 1007 3399 Juliani
1028 3348 1243 3400 blandis
1264 3354 1310 3400 et
1335 3350 1564 3404 callidis.

144 3462 259 3517 Sed
282 3463 547 3516 Julianus
570 3468 879 3528 postquam
902 3464 975 3517 ad
1001 3464 1295 3518 Orientem
1316 3467 1521 3520 Persas
1542 3468 1692 3521 bello

78 3552 417 3619 pulsaturus
441 3553 696 3616 advenit,
719 3556 777 3605 et
798 3553 1030 3618 publica
1045 3555 1237 3618 (quam
1260 3555 1420 3621 prius
1445 3558 1693 3609 occulta-

79 3642 261 3707 verat)
294 3642 463 3707 ergab
480 3642 768 3696 idolorum
808 3642 1030 3695 cultum
1061 3644 1193 3697 ferri
1235 3645 1409 3711 coepit
1445 3645 1692 3709 insania,

78 3730 338 3783 callidior
364 3731 587 3784 caeteris
610 3737 962 3797 persecutor,
988 3745 1107 3785 non
1135 3734 1213 3799 vi,
1238 3746 1427 3797 neque
1452 3739 1694 3787 tormen.

75 3820 170 3882 tis,
196 3819 299 3873 sed
332 3820 598 3885 praemiis,
621 3820 961 3886 honoribus,
978 3821 1287 3885 blanditiis,
1303 3822 1691 3887 persuasioni.

77 3912 212 3973 bus,
247 3906 418 3979 259
452 3912 731 3973 majorem
760 3924 904 3976 pene
934 3911 1132 3976 populi
1158 3917 1402 3977 partem,
1439 3924 1612 3977 quam
1640 3913 1691 3967 si

79 3999 348 4053 atrociter
376 3999 684 4065 pulsasset,
719 3999 888 4053 elisit.
931 3999 1131 4052 Studia
1156 4002 1458 4053 auctorum
1494 4002 1690 4055 Genti-

70 4088 223 4142 lium
256 4089 611 4143 Christianos
632 4088 788 4142 adire
813 4088 1144 4155 prohibens,
1166 4088 1336 4143 ludos
1363 4090 1687 4144 litterarum

143 4268 163 4290 ·
198 4258 439 4313 Voculae
492 4275 590 4323 per
628 4273 682 4309 se
731 4258 856 4311 cod.
908 4260 1255 4313 Bononiens.
1308 4265 1478 4313 tacet.
1513 4260 1687 4314 Paulo

78 4335 209 4400 post
231 4333 599 4386 Guarnerian.
613 4332 813 4381 mundi
824 4332 1131 4382 luminaria
1148 4332 1322 4385 habet
1338 4346 1437 4398 pro
1449 4333 1684 4389 lumina,

1817 1880 2061 1932 rumque
2075 1880 2283 1921 manus
2301 1868 2612 1933 prophana,
2626 1881 2826 1922 omnes
2837 1871 3049 1935 pariter
3062 1871 3327 1937 allegant,
3342 1871 3420 1923 ni-

1812 1955 1895 2009 hil
1921 1956 2044 2009 suis
2068 1956 2089 1987 ⁴
2111 1957 2333 2010 artibus
2367 1970 2795 2023 successurum,
2832 1959 2948 2012 nisi
2976 1960 3140 2025 prius
3163 1961 3421 2014 Athana-

1814 2044 1987 2111 sium,
1997 2041 2159 2127 velut
2169 2046 2428 2099 omnium
2443 2045 2650 2099 horum
2664 2046 3045 2111 obstaculum,
3061 2048 3416 2122 sustulisset.

2318 2176 2321 2181 '
2347 2164 2582 2217 CAPUT
2615 2164 2878 2217 XXXIV.

2043 2279 2122 2329 De
2141 2279 2278 2344 fuga
2301 2245 2527 2329 rursum
2553 2283 2601 2331 et
2627 2279 2840 2330 latebris
2865 2281 3182 2332 Athanasii.

1868 2396 2084 2447 Iterum
2118 2394 2368 2447 mittitur
2393 2395 2699 2460 exercitus,
2735 2394 2947 2448 iterum
2980 2395 3177 2462 duces,
3200 2396 3411 2450 iterum

1808 2489 2172 2549 oppugnatur
2186 2483 2723 2549 Ecclesia.Cumque
2738 2498 2873 2538 eum
2887 2487 3084 2539 moesti
3099 2495 3118 2517 ⁸
3133 2490 3191 2539 et
3205 2487 3413 2541 ﬁentes

1808 2574 2001 2639 populi
2015 2573 2472 2636 circumstarent,
2496 2574 2827 2639 prophetico
2849 2575 3003 2641 apud
3022 2588 3123 2628 eos
3137 2588 3280 2628 usus
3295 2589 3415 2629 ser-

1806 2676 1978 2716 mone
2009 2662 2366 2729 perhibetur:
2421 2663 2605 2717 Nolite
2642 2664 2862 2730 (inquit)
2900 2664 3019 2727 ﬁlii,
3065 2665 3411 2731 conturbari,

1807 2754 1943 2818 quia
1962 2753 2248 2806 nubecula
2269 2758 2377 2818 est,
2403 2758 2463 2807 et
2481 2754 2593 2807 cito
2610 2754 2934 2819 pertransit.
2966 2756 3232 2821 Cumque
3254 2755 3270 2785 τ
3293 2755 3414 2807 dis-

1806 2842 2096 2904 cessisset,
2131 2845 2191 2895 et
2224 2842 2358 2897 navi
2389 2855 2489 2909 per
2516 2843 2707 2895 Nilum
2750 2844 2995 2898 ﬁuvium
3025 2845 3132 2897 iter
3171 2849 3404 2910 ageret:

1808 2932 2012 2984 Comes
2028 2932 2128 2996 qui
2141 2932 2214 2984 ad
2229 2931 2339 2984 hoc
2352 2932 2544 2997 ipsum
2568 2932 2782 2984 missus
2807 2932 3009 2995 fuerat,
3034 2933 3265 2998 cognito
3281 2933 3329 2997 ej
3337 2947 3408 2986 us

1805 3019 2024 3080 itinere,
2044 3019 2328 3072 instanter
2348 3032 2481 3072 eum
2504 3020 2726 3084 insequi
2763 3018 2935 3089 260
2966 3021 3156 3085 coepit.
3182 3022 3406 3074 Etcum

1725 3103 1774 3179 Ο
1800 3109 1938 3162 forte
1947 3108 2321 3174 applicuisset
2333 3109 2635 3163 Athanasii
2655 3110 2920 3162 navicula
2929 3108 3003 3162 ad
3016 3109 3304 3174 quendam
3316 3110 3405 3163 lo-

1793 3211 1947 3263 cum,
1972 3199 2248 3264 comperit
2283 3210 2319 3250 a
2354 3199 2843 3264 prmtereuntibus
2866 3203 2999 3264 post
3025 3202 3251 3264 tergum
3273 3210 3404 3252 esse

1793 3296 1812 3327 ι
1825 3301 2223 3353 percussorem
2246 3300 2439 3347 suum,
2467 3291 2527 3340 et
2537 3288 2659 3352 jam
2668 3288 2905 3353 jamque
2914 3287 3022 3340 nisi
3036 3288 3402 3353 prospiceret,

1787 3377 2107 3441 imminere,
2130 3377 2429 3430 Conterriti
2449 3389 2654 3429 omnes
2671 3377 2771 3442 qui
2788 3377 2960 3430 simul
2982 3376 3221 3429 aderant
3244 3376 3401 3438 socii,

1790 3478 2050 3519 eremum
2079 3466 2410 3519 suadebant
2443 3466 2515 3519 ad
2539 3466 2694 3531 fugae
2714 3466 3049 3532 praesidium
3073 3464 3401 3531 petendam.

1791 3556 1938 3607 Tum
1966 3555 2059 3608 ille
2083 3569 2097 3606 :
2142 3555 2351 3618 Nolite,
2383 3556 2589 3621 inquit,
2615 3568 2648 3608 ο
2673 3555 2848 3611 ﬁlioli,
2873 3555 3140 3608 deterreri
3163 3568 3176 3605 :
3201 3567 3402 3607 eamus

1789 3644 1976 3710 magis
1997 3645 2057 3697 in
2082 3658 2393 3697 occursum
2423 3646 2744 3710 percussori
2773 3650 2991 3709 nostro,
3016 3649 3083 3697 ut
3105 3642 3402 3708 sciatquia

1785 3725 1957 3799 longe
1972 3735 2155 3799 major
2168 3736 2259 3787 est
2280 3734 2380 3798 qui
2396 3748 2504 3788 nos
2520 3735 2790 3801 defendit,
2807 3747 2982 3799 quam
3003 3734 3101 3798 qui
3116 3731 3402 3799 persequi-

1787 3828 1899 3877 tur.
1926 3826 1995 3875 Et
2016 3836 2293 3876 conversa
2315 3824 2606 3886 navicula,
2623 3824 2908 3889 iteragere
2923 3824 2945 3853 "
2972 3822 3202 3875 obviam
3225 3822 3276 3874 ei
3299 3820 3400 3886 qui

1788 3927 1851 3966 se
1874 3913 2280 3974 insectabatur,
2298 3912 2611 3977 adgressus
2631 3917 2740 3965 est.
2762 3911 2861 3965 Ille
2884 3912 2983 3976 qui
3005 3910 3169 3979 nullq
3187 3921 3398 3976 genere

1787 4000 2062 4067 suspicari
2088 4005 2281 4066 posset
2294 4000 2352 4051 in
2366 4013 2674 4053 occursum
2692 4000 2800 4053 sibi
2827 3999 3017 4052 venire
3042 4011 3216 4063 quem
3232 4010 3397 4060 qum-

1785 4096 1950 4153 reret,
1970 4094 2248 4155 tanquam
2269 4092 2686 4155 praetereuntes
2704 4088 2930 4154 aliquos
2945 4087 3394 4153 interrogariju-

1786 4258 2326 4325 secutionemMagis
2339 4260 2395 4311 et
2408 4257 2771 4322 Philosophis
2780 4256 3393 4319 incentoribus.0uippe

1784 4324 1877 4385 ille
1892 4332 2181 4397 conceptis
2200 4324 2389 4384 verbis
2406 4331 2515 4382 sub
2532 4330 2735 4395 capitis
2752 4329 2837 4385 13.
2856 4329 3029 4380 ﬁnem
3050 4330 3296 4381 testatur
3310 4329 3393 4380 fa-

80 4405 323 4470 denique
347 4417 448 4469 pro
466 4403 788 4454 absconditis
809 4404 1030 4468 angulis
1053 4403 1269 4470 vulgati
1292 4409 1462 4457 antea
1480 4404 1677 4455 abditis
1777 4409 1933 4457 ctum
1947 4405 2009 4456 in
2028 4405 2381 4457 Christianos
2412 4415 2752 4455 concursum
2776 4413 2975 4454 eorum
2996 4409 3091 4453 τῶν
3115 4402 3388 4467 φιλοσοφεὶν

80 4477 476 4544 praeferebant.

140 4550 163 4580 ⁵
182 4547 387 4601 Recole
411 4547 565 4612 quod
581 4548 846 4612 superius
867 4560 940 4600 ex
963 4548 1213 4601 Historia
1233 4547 1506 4618 acephala
1524 4559 1682 4600 com-
1704 4544 1764 4618 Ι)

82 4619 523 4672 memoravimus
549 4618 764 4671 Juliani
805 4622 1108 4672 Decretum
1140 4632 1235 4671 an.
1266 4617 1389 4673 362.
1425 4620 1589 4671 Febr.
1625 4620 1676 4675 4.

86 4706 186 4755 quo
213 4689 425 4755 jubebat
456 4690 612 4739 reddi
644 4690 806 4741 Idalis
833 4696 881 4739 et
914 4691 1225 4751 Neochoris,
1258 4694 1303 4739 et
1338 4689 1560 4754 publicae
1582 4706 1676 4741 ra-

86 4762 234 4821 tioni,
259 4776 377 4825 qua:
403 4761 682 4825 prseteritis
701 4761 1025 4827 temporibus
1038 4761 1146 4812 illis
1167 4761 1377 4810 sublata
1397 4766 1541 4811 sunt.

144 4842 162 4863 ε
184 4832 430 4883 Historia
465 4832 754 4896 acephala,
803 4832 1060 4883 Praedicta
1106 4837 1285 4882 autem
1327 4833 1413 4881 die
1441 4831 1679 4897 Phaoph

84 4902 291 4956 XXVII.
333 4904 545 4968 (Octob.
581 4901 667 4958 23.
695 4906 804 4955 An.
831 4902 972 4965 362.)
997 4904 1277 4968 proposuit
1298 4903 1518 4953 Juliani
1540 4904 1677 4967 Imp.

84 4975 323 5033 edictum,
371 4981 426 5023 ut
475 4975 813 5026 Athanasius
854 4975 1151 5040 Episcopus
1176 4974 1429 5024 recederet
1465 4974 1529 5023 de
1557 4974 1680 5023 Ale-

81 5046 388 5105 mandria,et
397 5047 575 5095 eodem
588 5062 678 5096 mo
684 5052 987 5110 mento,quo
996 5047 1335 5111 propositum
1346 5051 1417 5095 est
1427 5045 1678 5103 edictum,

83 5118 369 5182 Episcopus
412 5132 646 5181 egressus
681 5123 752 5167 est
795 5117 1094 5179 Civitatem,
1136 5121 1183 5165 et
1218 5120 1578 5171 commoratus
1608 5121 1680 5165 est

83 5190 221 5238 circa
261 5190 478 5239 Thereu.
517 5188 629 5248 Quo
673 5204 805 5238 mea:
848 5203 1067 5253 egresso,
1104 5188 1363 5252 Olympus
1396 5187 1680 5250 Praefectus

82 5260 435 5325 obtemperans
445 5259 610 5309 eidem
620 5259 1021 5324 Pythiodoro,el
1034 5260 1119 5309 his
1131 5259 1226 5323 qui
1238 5274 1362 5307 cum
1372 5259 1489 5323 ipso
1502 5263 1677 5318 erant,

87 5330 385 5381 hominibus
395 5331 910 5395 difﬁcillimis,misit
920 5331 995 5379 ad
1003 5330 1227 5379 exilium
1236 5329 1683 5385 Paulum.clAstc-

82 5402 269 5451 ricium
298 5402 632 5467 Presbyteros
648 5401 1012 5457 Alexandriae,
1038 5408 1083 5450 et
1107 5402 1308 5450 direxit
1331 5415 1414 5449 eos
1438 5400 1683 5449 habitare

84 5474 122 5522 A
132 5473 565 5537 ndropolitanam
580 5473 877 5523 Civitatem.
892 5473 1089 5524 Confer
1104 5478 1163 5524 et
1172 5474 1458 5523 Socratem
1472 5471 1568 5522 lib.
1588 5473 1681 5523 III.

85 5558 196 5609 cap.
236 5544 318 5599 13.
358 5549 415 5596 et
462 5544 548 5598 14.
594 5543 760 5596 Fallit
784 5544 1121 5603 Cacciarius,
1148 5544 1247 5608 qui
1271 5543 1480 5594 librum
1504 5543 1600 5595 IV.
1627 5548 1684 5595 et

87 5628 202 5681 cap.
224 5614 305 5671 26.
332 5615 557 5667 consuli
578 5615 747 5678 jubet
771 5631 784 5667 :
810 5628 924 5680 quo
959 5614 1085 5667 loco
1112 5627 1220 5666 nec
1252 5618 1426 5666 verbo
1450 5613 1682 5677 quidem

86 5691 243 5739 tenus
270 5686 343 5739 de
364 5685 685 5739 Athanasio
700 5690 791 5739 est
806 5685 1040 5739 mentio.
1065 5685 1175 5738 Sed
1198 5692 1254 5738 et
1279 5685 1339 5736 in
1364 5698 1430 5736 eo
1452 5684 1682 5742 fallitur,

87 5758 229 5822 quod
243 5756 649 5822 addit,silentio
658 5758 842 5823 premi
856 5758 963 5811 abs
975 5756 1531 5821 Socrate,excitatam
1552 5767 1678 5820 per-

1771 4475 2035 4541 λεγόντων,
2059 4476 2157 4539 qui
2178 4491 2230 4526 se
2253 4474 2602 4540 philosophos
2621 4472 3001 4539 praedicabant.

1848 4546 1871 4577 ⁴
1894 4548 1978 4599 Ila
2000 4552 2058 4599 et
2084 4549 2345 4608 Barreeus
2369 4546 2523 4610 olim,
2547 4550 2606 4598 et
2628 4544 2993 4599 Guarnerian.
3019 4542 3388 4607 ms.prmfert.

1787 4618 2102 4669 Cacciarius
2125 4618 2331 4681 aliique
2363 4618 2586 4668 actibus.

1841 4701 1861 4724 ο
1881 4690 2253 4741 Guarnerian.
2282 4700 2410 4743 ms..
2427 4693 2472 4737 el
2487 4688 2708 4752 ﬂuentes
2726 4687 2935 4753 populi.
2962 4688 3101 4739 Haec
3122 4686 3261 4738 item
3283 4684 3390 4738 ha-

1779 4758 1877 4811 bet
1905 4759 2156 4810 Historia
2183 4759 2453 4823 acepbala
2474 4758 2546 4810 de
2571 4758 2872 4811 Athanasii
2898 4759 3023 4820 fuga
3039 4761 3095 4811 et
3117 4756 3386 4810 latebris:

1779 4831 2077 4895 Episcopus
2090 4836 2270 4879 autem
2281 4830 2322 4879 Α
2332 4830 2637 4890 lhanasius,
2651 4834 2910 4891 moratus,
2923 4830 3059 4880 sicut
3072 4829 3388 4894 praedictum

1780 4907 1868 4962 est,
1883 4902 2033 4966 apud
2048 4901 2297 4960 Thereon,
2310 4900 2548 4950 ascendit
2560 4901 2635 4949 ad
2642 4901 2944 4965 superiores
2952 4905 3130 4965 partes
3140 4899 3383 4965 Egypti,

1780 4987 1948 5037 usque
1970 4972 2043 5021 ad
2063 4970 2431 5035 Ilerm0polim
2452 4972 2789 5035 superiorem
2817 4970 3126 5029 Thebaidos,
3151 4976 3196 5019 et
3219 4984 3388 5032 usque

1780 5043 2083 5094 Antinoum
2108 5057 2125 5091 :
2148 5056 2254 5105 quo
2277 5042 2339 5090 in
2365 5041 2451 5090 his
2475 5040 2600 5091 locis
2623 5041 2853 5105 degenle,
2875 5041 3153 5105 cognitum
3172 5044 3260 5099 est,
3282 5040 3386 5089 Ju-

1780 5115 2379 5178 tianumlmperatorem
2392 5117 2737 5173 mortuum,el
2752 5110 3386 5161 JovianumChrisliano-

1780 5200 1908 5236 rum
1928 5185 2328 5249 Imperatorem.
2342 5183 2505 5234 Adde
2522 5185 2813 5235 Socratem
2835 5182 2931 5233 lib.
2951 5184 3043 5233 IlI.
3063 5193 3185 5244 cap.
3204 5179 3291 5235 14.

1843 5256 1858 5287 ί
1881 5255 2223 5308 Bononiens.
2249 5254 2498 5318 plurium
2520 5265 2761 5305 numero
2781 5253 3147 5312 discessissent,
3166 5250 3258 5303 ide
3273 5255 3385 5315 est,

1783 5328 1996 5394 populi.
2025 5328 2154 5378 Mox
2184 5336 2415 5390 quoque
2440 5326 2537 5373 hoc
2561 5324 2676 5388 ipso
2703 5336 2803 5387 pro
2826 5324 2899 5373 ad
2923 5324 3020 5372 hoc
3044 5323 3243 5394 ipsum.

1844 5410 1863 5439 ε
1896 5397 2265 5450 Guarnerian.
2292 5401 2742 5459 persequutorem,
2767 5395 3020 5456 itemque
3048 5393 3193 5443 infra
3213 5404 3382 5456 perse-

1783 5476 2000 5535 quulori
2013 5482 2112 5533 pro
2124 5477 2538 5531 percussorem,e
2546 5465 2863 5516 tc.Leviora
2876 5463 3030 5515 taciti
3049 5463 3379 5535 prteterimus.

1844 5543 1865 5571 δ
1901 5532 2032 5592 Duo
2050 5539 2250 5603 nostri,
2279 5536 2627 5599 totidemque
2651 5534 2804 5599 apud
2824 5534 3174 5586 Cacciarium
3197 5532 3380 5583 Vatic.

1781 5624 1907 5664 mss
1962 5610 2026 5661 ob
2061 5612 2147 5660 ius
2172 5622 2271 5675 pro
2293 5608 2504 5660 obviam
2528 5606 2747 5671 legunt.
2775 5606 2906 5656 Mox
2931 5604 3174 5657 Cacciar.
3196 5603 3381 5664 possit,

1783 5695 1884 5748 pro
1908 5687 2094 5747 posset.
