3900 6388
540 366 649 429 503

541 573 766 627 dissent
779 572 994 631 vidisse
1009 585 1071 625 se
1087 583 1350 635 eumnon
1368 570 1537 635 longe
1549 571 1796 633 euntem,
1816 574 1937 624 tota
1951 569 2139 623 celeri-

539 667 660 716 tate
682 662 1090 728 pertransiens,
1106 664 1372 726 properat
1395 660 1456 712 in
1476 672 1713 724 vanum,
1735 660 2019 714 festinans
2043 673 2138 713 ca-

539 764 690 818 pere,
718 763 892 815 quem
919 754 1053 803 ante
1076 750 1273 802 oculos
1297 750 1553 815 positum
1576 751 1770 804 videre
1791 764 1909 803 non
1930 752 2135 817 potuit.

541 841 639 894 Ille
667 854 804 894 vero
835 840 938 893 Dei
970 840 1459 893 virtutemonitus
1493 840 1904 893 Alexandriam
1928 850 1946 871 ·
1969 841 2135 905 redit,

538 930 732 994 ibique
755 930 880 983 tuto
901 928 1154 984 latebras
1178 942 1484 996 usquequo
1507 930 1831 996 persecutio
1868 936 2137 996 cessaret,

538 1018 749 1084 exegit.

1094 1133 1324 1187 CAPUT
1357 1134 1593 1185 XXXV.

891 1224 966 1275 De
999 1224 1238 1289 sepulcro
1269 1225 1533 1291 martyris
1566 1224 1796 1291 Babylc.

601 1342 773 1396 Dedit
793 1343 851 1396 et
869 1341 1025 1395 aliud
1047 1341 1311 1397 Julianus
1349 1341 1629 1396 vecordiaa
1654 1354 1781 1396 suae
1802 1355 1869 1395 ac
1890 1343 2140 1398 levitatis

537 1432 831 1485 indicium.
845 1433 990 1483 Nam
1001 1444 1135 1483 cum
1152 1430 1409 1496 Daphnis
1429 1430 1491 1483 in
1516 1432 1847 1485 suburbano
1859 1436 2140 1485 Antiochiae

534 1523 705 1588 juxta
719 1521 937 1575 fontem
965 1521 1279 1574 Castalium
1300 1520 1490 1574 litaret
1511 1522 1777 1587 Apollini,
1794 1528 1853 1576 et
1886 1522 2047 1577 nulla
2066 1538 2140 1577 ex

537 1609 629 1663 his
653 1623 788 1676 qua
803 1611 1116 1675 quarebat,
1135 1622 1415 1676 responsa
1434 1611 1767 1677 susciperet,
1787 1625 2140 1680 caussasque

540 1700 750 1752 silentii
763 1703 1196 1766 percontaretur
1209 1711 1244 1752 a
1260 1699 1658 1753 sacerdotibus
1674 1702 2142 1768 dmmonis,aiunt

1569 367 1817 422 RUFINI
1848 362 2339 430 AQUILEIENSIS
2372 364 2809 421 PRESBYTERI

540 484 658 549 bet,
670 482 772 537 ubi
779 480 1079 537 audissent
1088 492 1216 537 esse
1230 479 1626 534 Athanasium.
1642 481 1900 545 Cumque
1908 491 2138 545 respon~
2156 478 2214 556 Α

3731 359 3823 418 504

2772 529 3000 583 CAPUT
3033 528 3294 582 XXXVI.

2390 647 2466 698 De
2502 645 2770 697 Theodoro
2806 644 3114 708 Confessore
3135 644 3286 710 apud
3302 642 3677 695 Antiochiam.

2299 790 2461 853 Quod
2491 789 2794 843 Sallustius
2831 789 3115 842 Ptefectus
3132 788 3154 818 ‘
3173 789 3300 854 ejus
3327 800 3445 842 non
3464 788 3738 855 probans,
3766 788 3825 841 li-

2238 885 2327 933 cet
2348 885 2503 932 esset
2526 880 2779 941 Gentilis,
2816 881 3008 931 tamen
3017 880 3221 944 jussus
3237 879 3621 943 exequitur,et
3642 892 3825 946 appre-

2236 969 2487 1022 hensum
2508 982 2694 1022 unum
2717 969 3010 1033 quendam
3036 967 3463 1023 adolescentem
3485 969 3586 1034 qui
3608 971 3822 1035 primus

2238 1058 2501 1121 occurrit,
2529 1057 2891 1110 Theodorum
2906 1058 3154 1120 nomine,
3171 1070 3206 1110 a
3219 1060 3400 1123 prima
3420 1057 3545 1111 luce
3556 1072 3746 1123 usque
3759 1060 3824 1111 ad

2243 1147 2347 1213 [Αι.
2372 1148 2451 1214 in]
2471 1148 2673 1202 horam
2696 1146 2979 1200 decimam
2994 1152 3154 1200 tanta
3169 1147 3517 1210 crudelitate,
3543 1153 3603 1201 et
3623 1152 3711 1201 tot
3727 1164 3826 1198 mu-

2240 1240 2374 1292 tatis
2398 1238 2759 1291 carniiicibus
2781 1239 2964 1303 torsit,
2990 1244 3055 1292 ut
3069 1238 3229 1293 nulla
3244 1242 3387 1292 aetas
3411 1239 3595 1292 simile
3617 1239 3824 1292 factum

2237 1328 2578 1383 meminerit.
2604 1330 2747 1380 Cum
2772 1332 2965 1382 tamen
2987 1327 3079 1380 ille
3114 1328 3176 1380 in
3199 1328 3395 1381 eculeo
3417 1336 3436 1358 °
3456 1328 3744 1393 sublimis,
3775 1332 3825 1384 et

2239 1417 2373 1470 hinc
2387 1417 2519 1469 inde
2542 1417 2815 1469 lateribus
2836 1416 3088 1470 instante
3104 1422 3330 1481 tortore,
3346 1417 3489 1470 nihil
3509 1418 3669 1470 aliud
3689 1419 3825 1470 face-

2237 1512 2342 1566 ret,
2366 1507 2479 1559 nisi
2502 1506 2655 1571 quod
2677 1506 2843 1559 vultu
2868 1520 3070 1559 securo
3093 1509 3150 1559 et
3170 1507 3306 1560 lmto
3325 1506 3639 1572 psalmum,
3661 1520 3822 1572 quem

2237 1596 2415 1661 pridie
2438 1596 2625 1649 omnis
2638 1596 2889 1649 Ecclesia
2903 1597 3436 1661 cecinerat,iteraret
3459 1611 3473 1648 :
3500 1610 3752 1662 cumque
3772 1610 3823 1649 se

2239 1686 2395 1739 omni
2422 1698 2678 1750 expensa
2712 1686 3061 1746 crudelitate,
3100 1685 3401 1739 Sallustius
3424 1686 3567 1740 nihil
3607 1686 3826 1751 egisse'

538 1789 769 1852 Babylaa
783 1790 1053 1854 martyris
1070 1788 1400 1855 sepulcrum
1418 1802 1592 1857 prope
1616 1791 1913 1854 adsistere,
1931 1798 1990 1849 et
2010 1794 2138 1848 ideo
2160 1799 2214 1874 B
2239 1776 2601 1874 Ρίῗξδρίοθτθίθ
2615 1775 3663 1874 ΥθοθβῬξηξδτοθτθξῖξῘανθξθνθοδίίῗδθ
3683 1778 3824 1825 rem”

538 1889 818 1943 responsa
838 1890 957 1930 non
977 1878 1161 1931 reddi.
1190 1879 1338 1931 Tum
1367 1878 1478 1940 ille,
1504 1883 1702 1934 venire
1725 1882 1988 1936 Galilaeos
2012 1886 2139 1949 (hoc

539 1967 697 2020 enim
712 1967 944 2020 nomine
957 1969 1185 2021 nostros
1200 1967 1483 2033 appellare
1499 1969 1703 2022 solitus
1719 1973 1854 2036 erat)
1874 1976 1930 2026 et
1947 1978 2141 2027 auferre

540 2056 870 2120 sepulcrum
889 2056 1156 2121 martyris
1173 2058 1355 2121 jubet.
1382 2058 1562 2123 Igitur
1583 2059 1835 2113 Ecclesia
1866 2062 2140 2118 universa
2160 2084 2169 2093 ’

539 2142 1064 2214 conveniens,26|
1085 2149 1298 2198 matres
1317 2150 1377 2199 et
1398 2147 1523 2213 viri,
1547 2148 1652 2213 [Αι.
1673 2149 1900 2200 additur
1910 2152 1997 2218 et]
2029 2153 2140 2205 vir-

537 2235 1086 2299 gines,juvenesque
1098 2235 1384 2288 immensa
1392 2236 1743 2291 exultatione
1755 2240 2034 2293 succincti
2049 2248 2140 2291 tra-

534 2323 753 2377 hebant
762 2324 935 2388 longo
944 2324 1174 2389 agmine
1185 2337 1378 2377 arcam
1389 2326 1990 2393 Martyris,psallentes
2002 2346 2137 2383 sum-

535 2414 649 2466 mis
673 2412 1042 2477 clamoribus,
1060 2418 1274 2467 etcum
1303 2414 1655 2469 exultatione
1678 2416 1933 2471 dicentes
1957 2434 1971 2470 :
1994 2420 2139 2471 Con-

537 2502 853 2566 fundantur
874 2516 1057 2553 omnes
1079 2503 1177 2569 qui
1201 2504 1437 2553 adorant
1461 2505 1754 2571 sculptilia,
1781 2512 1827 2556 et
1850 2509 1948 2575 qui
1969 2508 1991 2538 δ
2013 2524 2138 2559 con-

534 2590 714 2647 ﬁdunt
730 2591 791 2640 in
806 2591 1115 2642 simulacris
1128 2592 1241 2642 suis
1252 2592 1418 2657 (Psal.
1431 2593 1519 2650 96.
1538 2593 1630 2658 7.).
1655 2596 1795 2648 Hac
1816 2596 1876 2648 in
1898 2598 2136 2652 auribus

535 2678 818 2744 prophani
830 2680 1106 2745 Principis
1121 2693 1221 2745 per
1236 2694 1340 2734 sex
1350 2681 1525 2735 millia
1534 2696 1813 2748 passuum
1830 2690 1990 2738 tanta
2000 2691 2141 2738 exul-

539 2767 755 2820 tatione
769 2766 1051 2832 psallebat
1066 2769 1255 2822 omnis
1272 2769 1541 2836 Ecclesia,
1554 2776 1621 2825 ut
1632 2771 1847 2826 cmlum
1870 2774 2137 2831 clamori-

535 2856 647 2908 bus
671 2868 691 2891 ο
711 2856 1032 2909 resultaret.
1070 2858 1230 2911 Unde
1265 2863 1322 2911 et
1353 2858 1447 2913 ille
1478 2860 1539 2913 in
1584 2865 1803 2915 tantam
1825 2862 2136 2917 iracundiae

537 2946 756 2999 rabiem
768 2945 1054 2999 deductus
1073 2951 1178 3009 est,
1197 2948 1260 3000 ut
1272 2947 1452 3001 altera
1466 2949 1557 3002 die
1571 2951 1978 3016 comprehendi
1992 2956 2062 3003 Ch
2070 2955 2137 3003 ri-

540 3039 761 3092 stianos
776 3037 991 3102 passim
1008 3041 1066 3090 et
1078 3037 1230 3090 trudi
1236 3038 1251 3105 j
1262 3038 1463 3096 uberet
1474 3039 1535 3094 in
1546 3052 1829 3095 carcerem
1843 3054 1926 3102 ,ac
1949 3044 2135 3109 pernis

542 3131 600 3183 et
617 3128 966 3183 cruciatibus
988 3126 1180 3196 afﬁcit

603 3307 621 3328 ·
655 3297 1022 3351 Guarnerian.
1047 3296 1226 3348 rediit.
1246 3297 1442 3351 Tradit
1469 3302 1526 3351 et
1548 3300 1823 3365 Socrates,
1850 3300 2136 3354 Athanas-

536 3369 690 3421 sium
700 3369 1179 3434 persequentiam,
1200 3369 1471 3421 manibus
1479 3368 1758 3434 elapsum,
1776 3371 2033 3425 clanculo
2046 3385 2137 3427 ve-

530 3441 696 3492 nisse
706 3440 1335 3505 Alexandriam,ibique
1347 3440 1454 3493 deli
1464 3441 2147 3508 tuisse,quoadusquese-

536 3512 671 3564 data
680 3517 772 3564 est
784 3512 1166 3577 persequutio.
1179 3514 1266 3564 Ita
1276 3517 1335 3564 et
1345 3512 1725 3566 Theodoritus
1739 3519 2134 3567 narrat.Verum

534 3584 806 3636 Historia
822 3583 1113 3653 acephalm
1127 3585 1343 3635 Auctor
1354 3584 1478 3636 loco
1494 3585 1714 3637 dudum
1727 3585 1959 3639 laudato
1970 3588 2139 3653 signi-

535 3655 670 3707 ilcat
685 3666 1022 3719 peragrasse
1033 3652 1195 3706 illum
1206 3654 1425 3707 interea
1442 3656 1762 3720 superiores
1774 3658 1999 3721 Egypti
2012 3671 2136 3723 par—

536 3732 627 3779 tes
643 3738 829 3789 usque
845 3724 919 3777 ad
935 3726 1407 3790 Hermopolim,et
1422 3727 1773 3790 superiorem
1788 3729 2136 3781 Thebaidem

533 3809 720 3860 usque
732 3797 1077 3848 Antinoum:
1092 3796 1499 3861 Quo,inquit,in
1514 3798 1599 3847 his
1610 3798 1736 3849 locis
1746 3799 2137 3864 degenle,cogni

537 3874 656 3919 tum
670 3875 742 3918 est
755 3868 1052 3919 Julianum
1066 3868 1260 3932 Imper.
1274 3874 1622 3934 mortuum,et
1644 3870 1948 3921 Jovianum
1973 3873 2135 3922 Chri-

532 3940 636 3989 stia
646 3955 779 3989 num
794 3940 1194 4004 Imperatorem.
1209 3943 1331 3990 Tum
1349 3956 1466 3989 vero
1486 3942 1955 4007 subdit,Ingressus
1967 3944 2136 4008 igitur

532 4011 933 4061 Alexandriam
951 4010 1173 4061 latenter
1197 4011 1491 4077 Episcopus
1503 4014 1735 4063 adventu
1760 4015 1873 4077 ejus
1894 4030 2007 4064 non
2016 4015 2135 4080 plu-

530 4082 682 4131 ribus
702 4084 935 4147 cognito,
973 4083 1208 4132 occurrit
1238 4084 1460 4147 navigio
1482 4085 1556 4134 ad
1578 4086 1712 4151 Imp.
1740 4086 2059 4149 Jovianum,
2088 4092 2134 4136 et

530 4158 668 4216 post,
692 4153 1072 4203 Ecclesiasticis
1107 4153 1259 4202 rebus
1282 4156 1603 4218 compositis,
1634 4157 1902 4220 accipiens
1933 4157 2130 4217 literas,

533 4224 677 4273 venit
692 4224 1108 4284 Alexandriam,
1126 4230 1170 4272 et
1182 4224 1407 4274 intravit
1420 4226 1482 4274 in
1496 4226 1807 4288 Ecclesium,
1819 4228 1860 4277 A
1871 4228 1978 4278 thir
1993 4229 2131 4278 XIX.

535 4294 622 4344 die
648 4296 771 4357 (An.
796 4293 919 4350 364.
960 4295 1103 4346 Nov.
1130 4294 1264 4357 16-),
1293 4296 1509 4347 Consul.
1531 4297 1771 4359 Joviani,
1802 4304 1848 4347 et
1881 4299 2135 4349 Varroni-

534 4366 634 4415 ani
659 4384 672 4416 :
698 4381 765 4417 ea:
788 4381 895 4432 quo
927 4367 1061 4416 exiit
1094 4365 1439 4416 Alexandria
1471 4368 1767 4420 secundum
1812 4376 2134 4436 praeceptum

531 4436 770 4499 Juliani,
798 4453 968 4503 usque
1001 4438 1134 4488 dum
1169 4436 1387 4486 advenit
1415 4438 1668 4502 praedicto
1692 4441 1776 4489 die
1804 4442 1970 4491 Athir
1989 4443 2133 4492 XIX.

531 4514 648 4573 post
684 4523 902 4559 annum
936 4524 1133 4569 unum,
1173 4513 1221 4557 et
1242 4522 1444 4558 menses
1463 4510 1560 4560 ΙΙΙ.
1592 4515 1636 4559 et
1661 4511 1771 4561 dies
1798 4513 1960 4565 XXII.
1985 4513 2134 4576 Quin

2239 1864 2311 1917 ad
2328 1867 2749 1930 Imperatorem,
2782 1862 2953 1935 262
2982 1870 3039 1917 et
3062 1864 3200 1929 quid
3225 1865 3405 1929 egerit
3418 1866 3748 1927 nunciasse,
3766 1878 3823 1917 ac

2237 1954 2530 2005 monuisse
2557 1965 2631 2005 ne
2657 1951 2763 2005 tale
2796 1953 3007 2017 aliquid
3046 1957 3267 2005 tentare
3291 1953 3461 2005 vellet
3491 1953 3563 2006 de
3606 1958 3821 2015 caetero,

2237 2043 2493 2107 alioquin
2516 2047 2573 2095 et
2593 2042 2703 2094 illis
2719 2043 2958 2107 gloriam
2974 2047 3032 2095 et
3052 2043 3160 2094 sibi
3178 2042 3551 2107 ignominiam
3568 2050 3821 2105 quaereret.

2237 2133 2406 2185 Hunc
2429 2131 2791 2185 Theodorum
2811 2132 2922 2197 ipsi
2943 2145 3052 2184 nos
3072 2132 3444 2197 postmodum
3457 2132 3615 2196 apud
3640 2133 3824 2184 Antio-

2236 2221 2426 2274 chiam
2438 2221 2707 2274 vidimus.
2728 2223 2944 2273 Etcum
2962 2221 3384 2285 requireremus
3404 2222 3478 2273 ab
3490 2235 3555 2274 eo
3566 2222 3620 2273 si
3633 2237 3823 2271 sensum

2236 2311 2448 2364 doloris
2476 2311 2775 2364 habuisset
2789 2323 2863 2363 ex
2873 2310 3341 2376 integro,dicebat
3357 2324 3420 2363 se
3435 2311 3675 2375 quidem
3699 2314 3824 2359 dolo-

2235 2413 2327 2453 res
2341 2413 2540 2465 parum
2558 2400 2828 2463 sensisse,
2841 2400 3133 2452 adstitisse
3145 2405 3341 2453 autem
3356 2399 3650 2465 quendam
3664 2402 3821 2465 juve-

2235 2490 2493 2555 nem,qui
2510 2490 2739 2541 sudanti
2761 2489 2887 2551 sibi,
2901 2489 3075 2541 linteo
3088 2489 3494 2541 candidissimo
3506 2491 3562 2541 et
3597 2490 3823 2542 sudores

2242 2579 2346 2646 [AL
2361 2579 2648 2644 sudorem]
2665 2580 3316 2643 abstergeret,etaquam
3325 2577 3594 2644 frigidam
3612 2581 3825 2641 frequen-

2236 2673 2322 2721 ter
2357 2668 2702 2733 infunderet,
2741 2673 2799 2720 et
2821 2668 2901 2721 ita
2935 2680 2997 2720 se
3021 2681 3150 2720 esse
3172 2667 3537 2732 delectatum,
3576 2674 3653 2721 ut
3697 2671 3820 2720 tunc

2234 2757 2496 2810 maestior
2519 2757 2699 2809 factus
2725 2757 2817 2818 sit,
2844 2756 3073 2821 quando
3098 2756 3304 2821 deponi
3324 2756 3395 2808 de
3417 2756 3618 2809 eculeo
3636 2758 3822 2822 jussus

2233 2853 2341 2901 est.
2383 2847 2779 2899 Comminatus
2820 2846 2995 2910 igitur
3015 2848 3347 2911 Imperator,
3385 2850 3517 2910 post
3537 2845 3820 2899 victoriam

2234 2936 2521 2989 Persicam
2544 2935 2750 2987 melius
2776 2948 2839 2989 se
2862 2934 3213 2987 Christianos
3240 2934 3678 3007 debellaturum,
3705 2948 3820 3000 pro-

2236 3026 2419 3079 fectus
2444 3025 2676 3091 quidem
2701 3026 2811 3089 est,
2837 3024 2938 3077 sed
2962 3024 3184 3076 nullus'
3206 3024 3374 3077 redit.
3395 3024 3478 3076 Ibi
3499 3025 3819 3090 namque,in

2158 3116 2208 3194 ρ
2238 3120 2459 3168 certum
2473 3127 2508 3167 a
2526 3114 2664 3180 suis,
2680 3127 2757 3167 an
2770 3115 2837 3166 ab
2853 3113 3117 3167 hostibus
3130 3113 3451 3177 confossus,
3466 3116 3600 3179 post
3613 3126 3819 3167 annum

2233 3285 2292 3335 di
2320 3286 2660 3338 Christianos
2682 3286 2885 3351 passim
2909 3290 2954 3335 et
2984 3285 3131 3335 tradi
3146 3283 3369 3351 jiiberet,
3393 3284 3499 3337 etc.
3527 3284 3607 3337 Ut
3627 3290 3820 3338 caetera

2233 3358 2427 3410 minus
2444 3363 2594 3410 recte
2606 3358 2816 3409 habere
2834 3356 3155 3419 videantur,
3169 3355 3309 3407 illud
3320 3360 3471 3407 certe
3486 3355 3677 3420 magis
3692 3355 3819 3407 arri-

2235 3429 2349 3490 det,
2377 3430 2532 3495 quod
2547 3430 2722 3483 habet
2737 3430 3117 3480 uerecundiam
3140 3433 3185 3477 et
3196 3427 3400 3478 rabiem
3411 3439 3513 3492 pro
3529 3426 3819 3477 iracundia:

2232 3501 2568 3567 rabiem,etc.
2582 3503 2662 3554 De
2674 3500 3079 3565 Babylaa,quod
3092 3500 3314 3563 attinet,
3326 3500 3657 3560 reliquiarum
3670 3505 3819 3567 trans-

2232 3571 2440 3625 latione
2457 3573 2670 3625 videsis
2683 3572 3092 3624 Theodoritum
3116 3571 3329 3622 Histor.
3350 3568 3448 3621 lib.
3466 3571 3561 3621 Ili.
3590 3582 3715 3635 cap.
3742 3566 3816 3622 10.

2233 3646 2510 3697 Caussam
2521 3645 2690 3697 aliam
2701 3646 2733 3696 J
2740 3643 2913 3695 uliani
2924 3644 2983 3695 in
3002 3642 3354 3695 Christianos
3370 3643 3653 3690 iracundias
3671 3643 3818 3688 narrat

2233 3718 2574 3768 Ammianus
2591 3716 2949 3768 Marcellinus
2972 3715 3069 3769 lib.
3095 3715 3275 3764 XXII.
3300 3726 3424 3776 cap.
3443 3710 3528 3767 13.
3556 3713 3817 3764 nimirum

2232 3793 2507 3842 exustum
2530 3801 2626 3853 per
2644 3788 2701 3840 id
2730 3787 3002 3851 temporis
3027 3784 3303 3850 Daphniei
3323 3782 3603 3849 Apollinis
3616 3784 3817 3846 fanum,

2232 3860 2386 3926 quod
2406 3860 2628 3912 facinus
2653 3858 2989 3911 Christianis
3022 3857 3360 3921 imputabat.

2293 3933 2315 3963 ⁸
2349 3932 2713 3985 Guarnerian.
2741 3943 2856 3982 uno
2880 3930 3075 3992 verbo,
3096 3927 3431 3994 improbans.
3457 3925 3630 3977 Hunc
3648 3925 3819 3978 Sallu—

2232 4004 2407 4057 stium
2432 4004 2770 4056 Praafectnm
2794 4002 3081 4063 Prmtorio,
3109 4001 3231 4053 sive
3254 4001 3475 4065 ἔπαρχον
3501 4002 3710 4050 vocant
3731 3999 3818 4049 So-

2231 4079 2415 4128 crates
2440 4080 2497 4127 et
2520 4076 2894 4137 Sozomenus,
2912 4073 3012 4137 qui
3027 4072 3391 4124 Ruﬂnianam
3406 4067 3625 4121 haucce
3646 4071 3818 4121 Histo-

2230 4148 2372 4199 riam
2398 4147 2595 4199 Graace
2617 4145 3009 4199 reddiderunt.
3482 4145 3497 4159 '

2293 4228 2312 4249 ⁶
2344 4218 2503 4271 Idem
2522 4233 2807 4282 suspensus
2830 4217 3003 4269 habet
3026 4228 3125 4281 pro
3145 4214 3409 4266 sublimis.
3446 4217 3611 4268 Tunc
3627 4215 3814 4280 juncta

2228 4294 2289 4343 et
2320 4290 2678 4353 Bononiensi,
2714 4288 2889 4342 altero
2911 4289 2984 4341 ab
3005 4290 3115 4340 hoc
3140 4300 3332 4352 versu,
3377 4286 3521 4352 quod
3564 4284 3814 4340 voculam

2232 4375 2349 4427 pra:
2357 4361 2630 4414 termittit.
2649 4362 2751 4412 Pro
2761 4359 3126 4424 securo,quod
3138 4359 3416 4423 sequitur,
3433 4363 3491 4411 et
3503 4371 3616 4410 ms.
3629 4368 3815 4419 quoque

2234 4433 2655 4485 Guarnerianus
2664 4432 2897 4496 optimas
2910 4437 3064 4485 notas
3076 4432 3274 4496 probat
3285 4443 3418 4483 cum
3429 4430 3681 4494 vulgatis
3690 4427 3813 4477 omni

2233 4506 2361 4566 bus,
2375 4509 2578 4569 estque
2601 4516 2661 4556 re
2684 4503 2809 4570 ipsa
2831 4502 3484 4567 concinnus,Cacciarius
3501 4514 3575 4554 ex
3597 4499 3811 4553 Vatica-

534 4579 716 4656 etiam
731 4580 1091 4656 Ammonius,
1108 4583 1280 4656 mtate
1292 4579 1613 4656 Athanasio
1631 4584 1892 4656 aequalis,
1922 4586 2139 4645 Epistola
2158 4582 2215 4656 D
2234 4577 2324 4656 nis
2345 4576 2637 4656 rescripsit
2662 4591 2868 4626 scrcno.

532 4650 594 4701 in
618 4650 779 4701 Actis
807 4652 899 4703 SS.
925 4651 995 4706 14
1017 4650 1169 4715 Maji,
1195 4654 1441 4704 testatur
1462 4664 1598 4705 eum
1620 4654 1693 4705 ad
1715 4654 1927 4707 Juliani
1949 4668 2135 4720 usque

534 4724 779 4772 mortem
798 4720 858 4773 in
870 4733 1059 4774 eremo
1071 4721 1619 4788 delituisse,sibique
1635 4726 1881 4778 veritum
1896 4730 2133 4778 continuo

533 4803 569 4842 a
590 4792 1065 4862 persequentium
1083 4790 1327 4862 insidiis,
1344 4792 1576 4846 incertis
1594 4796 1837 4850 sedibus
1854 4798 2007 4862 apud
2026 4799 2135 4850 Μο-

532 4861 752 4913 nachos
763 4861 1331 4915 oberrasse.0mnino
1342 4863 1470 4916 haec
1483 4865 1676 4930 itaque
1688 4861 2008 4921 Rufinianus
2026 4884 2136 4918 nur-

532 4932 739 4985 rationi
752 4938 1077 4999 repugnant
1095 4946 1161 4986 ac
1177 4934 1508 4998 praevalent.
1530 4938 1847 4991 Cacoiarius
1864 4939 2019 5003 quod
2034 4934 2141 4992 κιο-⁴

533 5007 620 5056 tat
640 5004 703 5056 in
724 5005 1116 5068 Regio-Vatic.
1142 5018 1251 5057 ms.
1280 5019 1419 5059 mox
1443 5012 1551 5057 tota
1573 5010 1692 5074 legi
1716 5023 1816 5074 pro
1846 5016 1973 5071 tuto,
1990 5011 2134 5064 nihil

529 5078 621 5128 est
636 5089 649 5126 :
668 5081 735 5130 ut
744 5077 898 5129 enim
909 5077 1133 5139 demus,
1148 5078 1456 5142 significari
1467 5083 1782 5143 utcumque
1796 5087 2134 5146 posse,Atba-

529 5146 761 5199 nasium
786 5153 895 5199 tota
909 5149 1251 5200 Alexandria
1266 5150 1515 5201 latebras
1532 5151 1848 5204 identidem
1870 5158 2132 5206 mutasse

528 5231 685 5340 Error
706 5219 767 5271 in
790 5233 858 5273 eo
880 5223 989 5285 est,
1013 5220 1171 5286 quod
1208 5224 1346 5273 tunc
1379 5220 1594 5277 dicitur
1622 5222 1858 5276 venisse
1878 5224 2133 5279 Alexan-

570 5303 730 5340 nam.

570 5303 730 5342 nam.

589 5360 610 5390 ⁵
633 5360 1009 5414 Guarnerian.
1024 5364 1121 5428 qui
1134 5363 1460 5429 gloriantur,
1474 5363 1961 5427 quemadmodum
1972 5371 2019 5415 et
2030 5369 2130 5416 alia

527 5436 669 5494 quot
683 5432 803 5483 scio
824 5434 1084 5486 omnium
1100 5435 1427 5500 linguarum
1439 5434 1715 5487 Psalteria
1729 5437 2130 5499 praeferuntEt

524 5502 719 5554 nullus
732 5506 922 5555 tamen
937 5504 1138 5559 dubito
1156 5520 1227 5558 ex
1245 5507 1509 5558 codicum
1528 5504 1883 5570 reliquorum
1899 5512 2127 5557 omnium

525 5576 1050 5641 consensu,legisse
1070 5578 1341 5629 Ruﬁnum
1355 5581 1410 5629 in
1425 5590 1532 5630 suo
1548 5578 1877 5641 exemplari,
1894 5580 2129 5642 quicon-

522 5644 725 5705 ﬁdunt:
750 5650 953 5710 estque
976 5649 1118 5700 adeo
1140 5649 1266 5701 haec
1296 5649 1524 5715 dignior
1542 5652 1749 5702 noiatu
1774 5651 1989 5702 veteris
2013 5663 2129 5714 qua

524 5717 807 5777 utebatur,
835 5719 1128 5771 Versionis
1155 5718 1339 5772 lectio.

584 5792 601 5813 ‘
635 5787 701 5837 In
723 5787 1068 5841 Bononiensi
1085 5790 1364 5844 exultaret.
1390 5791 1539 5842 Unde
1567 5792 1655 5842 ille
1678 5792 1739 5841 in
1769 5796 2127 5843 tantamvcre-

522 5856 783 5909 cundiam
802 5864 849 5909 et
870 5859 1077 5912 rabiem
1100 5862 1358 5913 deductus
1379 5864 1659 5926 est,utalia
1682 5863 1768 5915 die
1783 5865 2127 5928 comprehen-

2294 4648 2312 4679 '
2345 4649 2684 4701 Bononiens.
2708 4647 3029 4713 prospiceret
3051 4665 3065 4699 :
3086 4644 3257 4713 paulo
3280 4649 3412 4712 post
3434 4643 3810 4701 Guarnerian..

2233 4720 2370 4785 quid
2391 4721 2551 4784 egerit
2573 4720 2930 4779 renuntiasse,
2955 4724 3062 4771 etc.

2294 4801 2312 4831 ι
2342 4793 2407 4843 In
2433 4791 2795 4844 Guarnerian.
2820 4790 2997 4840 rediit.
3034 4790 3168 4842 Mox
3200 4787 3534 4851 Caeciarius,
3560 4787 3660 4840 ubi
3685 4784 3813 4837 dici-

2232 4866 2345 4923 tur,
2370 4864 2650 4923 incertum,
2677 4877 2714 4912 a
2734 4862 2847 4912 suis
2868 4877 2962 4924 an,
2982 4866 3109 4924 etc.,
3137 4860 3407 4913 voculam
3430 4875 3496 4908 ne
3530 4872 3603 4911 ex
3629 4861 3810 4907 duobus

2233 4946 2372 4986 mss.
2400 4934 2690 4986 Vaticanis
2710 4934 3015 4998 interserit,
3039 4933 3203 4983 asuis
3214 4948 3297 4993 ne,
3316 4929 3691 4990 an,etc.Nibil
3715 4928 3810 4980 tale

2231 5019 2416 5070 neque
2439 5006 2617 5057 nostri
2653 5019 2793 5057 mss.
2819 5017 3009 5069 neque
3038 5005 3130 5056 alii
3154 5016 3365 5068 magno
3397 5014 3657 5063 numero,
3681 5003 3743 5050 ut
3762 5002 3809 5049 et

2231 5078 2448 5142 vulgati
2461 5090 2663 5129 omnes
2680 5077 2910 5128 habent.
2927 5078 3210 5129 Caeterum
3223 5080 3288 5127 ut
3298 5076 3349 5127 ei
3360 5086 3579 5126 morem
3590 5083 3805 5135 geramus

2230 5151 2288 5200 in
2307 5149 2398 5200 his
2422 5161 2552 5212 qum
2574 5149 2705 5200 facti
2728 5149 3112 5200 narrationem
3138 5150 3415 5219 spectant,
3444 5150 3704 5219 auctores
3725 5153 3803 5219 su:

2228 5233 2359 5271 mus
2380 5226 2446 5272 ut
2472 5234 2570 5284 pro
2586 5220 2835 5271 Historia
2859 5220 3173 5283 Tripartita,
3201 5217 3500 5269 Libanium
3524 5216 3706 5275 adeat,
3722 5216 3805 5276 qni

2226 5291 2435 5344 Juliani
2453 5292 2508 5343 in
2517 5292 2874 5343 terfectorcm
2891 5290 3277 5342 Christianum
3292 5290 3427 5341 facit
3445 5303 3457 5338 :
3479 5300 3609 5339 eum
3634 5286 3802 5337 locum

2227 5364 2439 5428 profert
2463 5368 2520 5415 et
2537 5366 2888 5415 Sozomenus
2914 5362 3010 5413 lib.
3033 5364 3125 5413 VI.
3150 5374 3271 5426 cap.
3290 5360 3340 5414 2.
3367 5359 3547 5411 initio.
3566 5357 3804 5409 Conferat

2228 5435 2434 5487 deinde
2458 5435 2813 5498 Eutropium,
2836 5434 2932 5497 qui
2961 5434 3218 5485 huicmet
3241 5432 3385 5483 bello
3398 5431 3621 5483 Persico
3643 5429 3802 5480 inter-

2226 5508 2351 5567 fuit,
2366 5506 2574 5558 Rufum
2589 5519 2815 5569 quoque
2829 5508 3078 5565 Festum,
3115 5508 3171 5556 et
3193 5504 3533 5556 Victorianaa
3569 5507 3799 5550 auctorem

2226 5579 2535 5643 Epitomes,
2561 5578 2661 5641 qui
2683 5579 2755 5628 ab
2780 5578 2943 5629 hoste
2964 5577 3297 5628 confossum
3312 5588 3444 5627 eum
3462 5574 3708 5626 narrant.
3722 5572 3799 5619 iu-

2228 5651 2418 5703 terfuit
2443 5650 2575 5700 huic
2597 5650 2948 5713 expeditioni
2967 5649 3137 5700 etiam
3162 5646 3554 5712 Eutychianus
3576 5644 3798 5719 chronoc

2226 5722 2478 5787 graphus
2500 5720 2660 5792 apud
2695 5723 2859 5773 Joan.
2908 5719 3324 5792 Malalamrqui
3352 5731 3386 5769 a
3439 5719 3495 5770 S.
3529 5719 3796 5792 Mercurio

2226 5785 2469 5857 Martyre
2488 5791 2767 5844 divinitus
2781 5791 3122 5844 transfixum
3137 5791 3430 5842 Iulianum
3454 5790 3639 5861 refert,
3654 5785 3796 5861 cuict

2225 5855 3079 5922 ChroniciAlexandriniauctor
3094 5862 3399 5925 consentit,
3432 5863 3488 5914 et
3516 5855 3797 5913 Theodori-
