3900 6396
89 378 205 435 505

89 494 153 545 et
178 496 319 545 octo
341 504 577 546 menses
599 492 901 558 prwsumti
915 492 1253 559 Augustalis
1274 490 1515 557 imperii.
1533 491 1706 543 finem
1731 493 1794 565 Α

89 582 242 636 vitae
268 581 405 637 fecit
434 591 472 635 ⁸.

626 701 859 755 CAPUT
901 701 1187 754 XXXVII.

91 844 176 895 De
213 844 535 896 Judaaomm
567 844 863 909 conatibus,
905 844 1059 910 quia
1089 844 1316 895 Juliano
1340 843 1555 910 decepti,
1582 849 1704 894 tem-

406 935 566 1003 plum
596 936 660 986 in
688 935 1038 1001 Jerosotymis
1055 936 1401 1000 rerediﬁcant.

163 1079 360 1132 Tanta
386 1091 520 1132 vero
544 1080 672 1145 ejus
691 1079 765 1132 ad
785 1078 1188 1145 decipiendum
1209 1078 1493 1131 subtilitas
1513 1080 1571 1132 et
1594 1077 1709 1130 cal-

91 1167 304 1227 liditas
337 1168 465 1233 fuit,
489 1173 557 1221 ut
590 1169 762 1221 etiam
803 1168 1061 1222 infelices
1100 1168 1338 1221 Judaaos
1378 1168 1543 1222 vanis
1577 1180 1709 1232 spe-

96 1258 217 1310 bus
240 1258 487 1323 illectos,
504 1261 570 1311 ut
601 1258 722 1324 ipse
738 1258 1082 1325 agitabatur,
1119 1257 1396 1311 illuderet.
1417 1261 1570 1321 Quos
1594 1257 1709 1322 pri-

95 1358 205 1398 mo
229 1347 496 1399 omnium
532 1350 881 1400 convocatos
907 1347 981 1400 ad
1005 1360 1068 1401 se
1108 1347 1438 1411 interrogat,
1465 1360 1565 1399 cur
1587 1359 1707 1398 non

100 1437 519 1502 sacriﬁcarent,
545 1450 678 1490 cum
706 1438 791 1490 eis
827 1436 920 1489 lex
944 1450 1052 1490 sua
1089 1438 1161 1490 de
1206 1437 1498 1489 sacrificiis
1522 1437 1707 1501 impe-

96 1529 309 1578 raret?
350 1529 428 1579 At
476 1526 557 1579 illi
609 1528 970 1580 occasionem
1023 1539 1084 1578 se
1126 1527 1414 1579 invenisse
1439 1526 1709 1595 temporis

103 1612 286 1683 263
316 1615 462 1668 rati:
510 1617 636 1668 Non
679 1629 1011 1681 possumus,
1046 1616 1336 1680 inquiunt,
1362 1615 1479 1667 nisi
1502 1616 1563 1667 in
1587 1615 1708 1667 solo

96 1702 596 1770 Jerosolymorum
626 1705 857 1770 templo.
904 1706 988 1756 Ita
1028 1717 1278 1769 namque
1308 1704 1568 1769 praecipit
1591 1703 1704 1756 lex.

100 1795 174 1847 Et
191 1799 429 1859 accepta
442 1795 515 1848 ab
528 1808 594 1847 eo
606 1794 908 1860 reparandi
923 1795 1118 1860 templi
1134 1794 1299 1846 licent
1309 1793 1382 1857 ia,
1396 1793 1456 1846 in
1481 1798 1708 1846 tantum

100 1883 436 1937 insolentia}
460 1887 861 1949 pervenerunt,
887 1887 954 1935 ut
967 1883 1177 1948 aliquis
1198 1883 1279 1935 eis
1301 1883 1709 1948 prophetarum

97 1973 368 2026 redditus
386 1973 693 2026 videretur.
712 1974 892 2038 Igitur
906 1985 980 2025 ex
993 1973 1263 2025 omnibus
1285 1972 1426 2024 locis
1442 1979 1588 2034 atque
1604 1988 1713 2034 pro-

99 2063 318 2115 vinciis
341 2063 363 2093 "
388 2076 711 2116 convenere
732 2062 940 2125 Judaei,
966 2061 1156 2115 locum
1191 2062 1390 2130 templi
1419 2061 1557 2114 olim
1579 2062 1712 2128 igne
1748 2136 1753 2137 γ

101 2152 401 2205 consumti
425 2152 660 2217 aggredi
684 2164 924 2216 cmpere,
941 2151 1157 2203 Comite
1172 2152 1508 2216 properandi
1525 2152 1711 2215 operis

100 2242 178 2293 ab
192 2244 555 2306 vaperatore
578 2254 855 2293 concesso
887 2256 899 2292 :
927 2246 1128 2293 sumtu
1152 2240 1379 2306 publico
1411 2246 1468 2295 et
1490 2241 1710 2304 privato

100 2342 205 2383 res
223 2332 381 2384 omni
422 2332 698 2385 instantia
712 2332 1036 2397 gerebatur.
1053 2333 1276 2382 Interea
1292 2331 1568 2383 insultare
1580 2343 1712 2383 nos-

102 2422 233 2486 tris,
256 2426 315 2473 et
337 2420 498 2473 velut
520 2407 825 2486 reparatis‘
846 2420 957 2472 sibi
981 2419 1142 2485 regni
1165 2420 1536 2485 temporibus,
1555 2432 1713 2472 com-

100 2510 317 2563 minari
345 2510 557 2574 acrius,
579 2522 646 2562 ac
665 2509 949 2562 saevitiam
966 2514 1274 2574 ostentare,
1291 2522 1528 2577 prorsus
1540 2512 1594 2558 in
1610 2525 1712 2559 mn-

102 2613 225 2665 gno
250 2602 475 2653 tumore
500 2605 558 2652 et
581 2600 848 2664 superbia
869 2613 1055 2665 agere.
1076 2600 1319 2664 Cyrillus
1335 2600 1357 2629 ά
1375 2604 1507 2665 post
1528 2599 1711 2651 Itiaxi-

102 2703 272 2742 mum
288 2689 687 2742 Confessorem
698 2689 1073 2755 Jerosolymis
1085 2689 1403 2755 Episcopus
1418 2691 1708 2741 habebatur.

101 2779 339 2845 Apertis
362 2779 538 2843 igitur
555 2778 969 2844 fundamentis,
988 2778 1175 2831 calces
1186 2787 1205 2808 ε
1220 2791 1341 2830 cem
1349 2781 1593 2842 entaque
1610 2777 1713 2829 ad-

101 2869 314 2929 hibita,
338 2868 480 2921 nihil
493 2869 730 2921 omnino
753 2868 1120 2934 deerat,quin
1156 2868 1248 2920 die
1280 2874 1524 2933 postera,
1552 2872 1713 2920 vete-

102 2960 275 3012 ribus
308 2959 650 3023 deturbatis,
684 2971 836 3012 nova
854 2959 1112 3023 jacerent
1134 2957 1535 3010 fundamenta:
1580 2969 1711 3009 cum

105 3053 305 3100 tamen
324 3049 639 3113 Episcopus
656 3047 923 3112 dirigenti
933 3047 1383 3099 consideratione
1395 3047 1607 3111 habita,
1622 3046 1713 3099 vel

1007 379 1346 435 HISTORIA
1378 375 1940 433 ECCLESIASTICA.
1974 374 2184 428 LIBER
2217 370 2496 426 PRIMUS.

3298 359 3404 419 506

2318 483 2550 537 CAPUT
2590 469 2895 533 XXXVIII.

1813 607 1882 660 Ut
1910 608 2207 656 terraemotu
2244 601 2402 663 inibi,
2427 606 2474 651 et
2508 599 2628 665 igni
2656 597 2920 649 divinitus
2957 606 3192 655 accenso,
3227 588 3404 643 Judai

2085 693 2150 745 ab
2183 693 2388 743 illicitis
2416 688 2863 741 disturbabantur
2880 684 3122 749 inceptis.

1866 815 1936 865 Et
1951 824 2081 864 ecce
2097 812 2265 862 nocte
2282 820 2414 874 qua
2434 806 2506 858 ad
2535 803 2929 870 incipiendum
2952 813 3099 866 opus
3125 799 3251 865 jam
3274 795 3399 851 sola

1804 902 2075 963 restabat,
2094 899 2456 952 terraemotus
2472 896 2676 960 ingens
2693 893 2968 955 oboritur,
2992 891 3049 942 et
3070 900 3189 941 non
3213 886 3405 939 solum

1802 990 2309 1044 fundamentorum
2326 998 2466 1038 saxa
2480 984 2649 1048 longe
2663 983 2891 1046 lateque
2897 980 3208 1045 jactantu'r,
3226 989 3403 1025 verum

1806 1080 1981 1133 etiam
1999 1078 2176 1131 totius
2191 1076 2300 1128 loci
2314 1087 2461 1140 pene
2478 1070 2651 1140 264
2684 1069 2929 1122 aedificia
2948 1066 3401 1132 complanantur.

1803 1160 2060 1223 Porticus
2075 1177 2305 1232 quoque
2316 1163 2579 1230 publicae,
2595 1161 2656 1212 in
2673 1159 2885 1225 quibus
2900 1156 3242 1210 Judaeorum
3255 1151 3401 1206 mul-

1806 1258 2011 1320 titudo,
2025 1269 2156 1321 quae
2185 1254 2343 1321 operi
2361 1252 2661 1306 videbatur
2682 1248 2965 1311 insistere,
2984 1243 3404 1306 commanebat,

1806 1348 1879 1401 ad
1905 1348 2092 1400 solum
2107 1345 2393 1407 deducta,
2419 1352 2631 1417 omnes.
2650 1339 2888 1392 Judaeos
2916 1335 3017 1400 qui
3040 1331 3248 1399 reperti
3266 1334 3407 1384 sunt

1807 1449 2160 1503 oppressere.
2187 1437 2337 1487 Luce
2354 1445 2491 1485 vero
2515 1435 2657 1493 orta,
2687 1441 2821 1481 cum
2844 1439 2907 1479 se
2933 1424 3086 1478 mala
3110 1421 3409 1476 crederent

1808 1528 2098 1594 effugisse,
2115 1525 2188 1579 ad
2210 1520 2591 1589 requirendos
2614 1532 2715 1572 eos
2739 1517 2839 1584 qui
2861 1513 3123 1582 oppressi
3156 1512 3404 1573 fuerant,

1806 1618 2028 1683 reliqua
2052 1613 2365 1668 multitudo
2399 1608 2702 1664 concurrit.

2337 1735 2569 1789 CAPUT
2612 1731 2877 1787 XXXIX.

1729 1862 1784 1937 B
1865 1859 1941 1910 De
1981 1856 2153 1923 signis
2175 1859 2221 1905 et
2263 1850 2549 1904 virtutibus
2592 1847 2854 1911 terriﬁcis,
2880 1859 2999 1911 quae
3028 1842 3091 1893 in
3114 1839 3347 1893 exitium

2212 1956 2467 1994 conversa
2487 1943 2615 1990 sunt
2656 1936 2997 1988 Judaeorum.

1872 2064 2039 2116 Edes
2059 2065 2180 2116 erat
2203 2071 2220 2101 ι
2244 2059 2515 2124 quaedam
2536 2056 2596 2108 in
2619 2052 2982 2108 inferioribus
3008 2046 3200 2114 templi
3220 2049 3411 2097 demer-

1811 2168 1893 2218 sa,
1929 2154 2150 2206 habens
2172 2150 2393 2202 aditum
2422 2148 2525 2213 [Αι.
2557 2143 2769 2207 aditus]
2798 2142 2949 2194 inter
2970 2140 3113 2191 duas
3138 2135 3409 2202 porticus,

1811 2256 1944 2310 quae
1960 2242 2156 2294 fueran
2167 2244 2188 2292 t
2199 2236 2595 2302 complanata,
2613 2233 2674 2284 in
2685 2243 2801 2297 qua
2815 2224 3411 2291 ferramenta,aliaque

1810 2332 1965 2398 operi
1981 2331 2083 2395 [Αι.
2101 2329 2289 2394 opera]
2304 2323 2630 2378 necessaria
2640 2319 3068 2380 servabantur,e
3084 2326 3200 2380 qua
3215 2312 3413 2366 subito

1809 2423 2017 2488 globus
2045 2419 2278 2484 quidam
2301 2415 2451 2482 ignis
2476 2411 2797 2472 emicuit,et
2810 2420 2912 2475 per
2932 2405 3188 2459 medium
3210 2403 3415 2468 plateae

1808 2506 2393 2577 percurrens,adustis
2404 2508 2460 2556 et
2471 2499 2817 2554 exanimatis
2830 2497 2928 2562 qui
2940 2495 3179 2548 aderant
3189 2494 3218 2544 J
3224 2490 3411 2544 udaeis

1808 2602 1959 2653 ultro
1983 2600 2241 2662 eitroque
2270 2594 2578 2647 ferebatur.
2615 2592 2737 2643 Hoc
2759 2588 2967 2640 iterum
2999 2583 3331 2650 saepiusque
3354 2581 3414 2632 et

1808 2688 2270 2755 frequentissime
2281 2697 2380 2750 per
2394 2687 2573 2737 totam
2583 2680 2740 2733 illam
2752 2679 2898 2730 diem
2912 2672 3417 2741 repetens,pertina-

1809 2781 1894 2833 cis
1933 2777 2129 2846 populi
2156 2776 2536 2830 temeritatem
2553 2768 2802 2822 ﬂammis
2816 2764 3120 2820 ultricibus
3139 2762 3412 2812 coercebat.

1811 2872 1952 2923 Cum
1968 2868 2195 2922 interim
2206 2877 2415 2932 pavore
2425 2860 2709 2927 ingentiet
2724 2855 2937 2921 trepida
2944 2854 3097 2906 tione
3106 2861 3310 2904 omnes
3320 2849 3411 2911 qui

1809 2959 2046 3012 aderant
2059 2955 2331 3018 deterriti,
2370 2950 2558 3005 solum
2585 2959 2788 3001 verum
2802 2945 2825 2976 ιι
2842 2946 3025 2995 Deum
3046 2942 3076 2992 J
3081 2951 3246 2993 esum
3260 2937 3411 2986 Chri-

1762 3050 1765 3053 λ
1812 3052 1968 3100 stum
1981 3044 2239 3098 confiteri
2255 3043 2606 3107 cogebantur
2618 3034 2804 3088 inviti.
2818 3034 2889 3084 Et
2905 3044 2978 3083 ne
2989 3030 3116 3082 haec
3127 3039 3267 3079 casu
3281 3023 3407 3077 fieri

104 3150 180 3191 ex
197 3137 309 3189 illis
328 3138 431 3202 [ΑΖ.
462 3138 574 3204 his]
606 3151 715 3202 que
748 3138 809 3189 in
833 3136 1082 3189 Danielis
1112 3137 1407 3202 prophetia
1429 3137 1500 3189 de
1522 3142 1711 3199 tempo-
1736 3136 1784 3206 C
1813 3132 2261 3197 crederentur,in
2274 3115 3406 3206 sequentinocteinvestimentisomniuxn

98 3227 266 3280 ribus
282 3227 510 3291 legerat,
538 3227 655 3279 vel'
668 3239 800 3291 quae
822 3227 880 3278 in
898 3227 1226 3292 Evangeliis
1251 3226 1537 3279 Dominus
1558 3239 1709 3292 prae-

100 3316 347 3379 dixerat,
375 3315 719 3382 persisteret,
751 3316 910 3369 nullo
938 3329 1146 3381 genere
1169 3316 1288 3367 fieri
1308 3328 1497 3381 posse,
1524 3320 1589 3367 ut
1630 3315 1709 3367 ibi

104 3418 144 3459 a
164 3405 568 3471 Judaaislapis
606 3418 781 3471 super
806 3405 1055 3471 lapidem
1093 3409 1416 3472 poneretur.
1455 3407 1567 3458 Res
1590 3408 1712 3458 erat

101 3496 170 3548 in
192 3496 602 3561 expectatione.

106 3673 207 3720 tus
233 3678 306 3718 ex
335 3669 510 3730 parte,
540 3665 658 3731 qui,
695 3664 919 3717 Christo
947 3664 1124 3717 telum
1156 3664 1450 3729 dirigente,
1477 3664 1712 3717 interfe-

104 3743 270 3791 ctum
295 3749 425 3789 eum
459 3736 666 3802 prodit.
698 3735 808 3789 Sed
832 3737 1069 3800 longum
1108 3741 1199 3787 est
1220 3737 1311 3787 his
1335 3735 1644 3787 immorari.

173 3810 280 3860 -In
324 3808 713 3860 Guarneriano
755 3810 921 3872 finem
958 3808 1099 3872 fecit,
1126 3808 1346 3871 absque
1370 3806 1709 3859 intermedio

102 3882 243 3932 vita.
400 3884 407 3887 “

170 3953 193 3982 δ
228 3953 627 4016 Guarner1an.,
672 3951 969 4015 convenire,
1008 3955 1132 4004 tum
1173 3949 1567 4013 Bononiensis,
1592 3964 1712 3999 con-

102 4029 370 4088 sumtum,
394 4035 496 4088 pro
527 4023 811 4075 consumti.

176 4107 197 4128 ο
227 4096 422 4146 Denuo
446 4094 813 4157 Benoniens.,
858 4092 933 4142 ibi
956 4105 1058 4161 pro
1082 4092 1200 4153 sibi,
1247 4095 1399 4144 tacet
1440 4093 1633 4145 autem
1656 4095 1713 4142 et

18 4186 35 4197 υ
106 4165 269 4229 quod
303 4165 676 4228 subsequitur
710 4177 923 4217 nomen
961 4165 1135 4229 regni.
1162 4162 1334 4214 Paulo
1372 4168 1500 4228 post
1524 4176 1625 4228 pro
1649 4161 1712 4211 in

104 4251 313 4301 magno
348 4243 575 4297 tumore,
605 4236 1095 4300 quemadmodum
1140 4240 1195 4287 et
1235 4248 1374 4285 mss.
1422 4234 1622 4298 nostri,
1655 4237 1714 4285 et

106 4308 372 4359 Vaticani
394 4321 596 4360 omnes
626 4309 854 4370 habent,
884 4308 1057 4360 ferme
1082 4306 1295 4359 rectius
1348 4305 1563 4370 vulgati
1605 4308 1715 4357 im-

107 4380 271 4429 mani
293 4384 501 4429 tumore
519 4379 913 4444 praeferebant.

174 4451 195 4481 "
219 4450 614 4515 Guarnerian.,
662 4450 897 4516 C-yrittus
940 4455 1066 4501 tunc
1085 4454 1201 4514 post
1245 4450 1577 4511 Marimum,
1602 4454 1711 4502 etc.

1739 4405 1795 4478 D

1810 3222 2173 3291 signaculum
2191 3222 2389 3273 Crucis
2406 3215 2737 3270 itaevidens
2753 3209 3034 3277 apparuit,
3047 3210 3115 3259 ut
3128 3204 3304 3258 etiam
3314 3203 3407 3264 qui

1808 3315 2024 3368 diluere
2055 3324 2158 3377 pro
2192 3309 2283 3361 sui
2318 3306 2655 3360 infidelitate
2689 3300 2989 3359 voluisset,
3018 3294 3174 3348 nullo
3197 3303 3407 3358 genere

1806 3403 2027 3458 valeret
2055 3400 2300 3453 abolere.
2336 3397 2424 3449 Sic
2453 3391 2704 3447 deterriti
2728 3387 2917 3442 Judaei
2947 3388 3119 3450 atque
3131 3379 3407 3442 Gentiles,

1807 3494 2001 3547 locum
2024 3488 2198 3543 simul
2219 3489 2231 3521 ί
2267 3490 2327 3543 et
2348 3484 2592 3539 inaniter
2614 3484 2805 3546 empta
2834 3476 3128 3541 reliquere.

1870 3672 1889 3694 ⁸
1916 3666 2105 3726 Atque
2118 3660 2249 3712 heic
2271 3661 2546 3726 constans
2569 3665 2711 3705 mss.
2737 3649 2907 3726 lectio
2936 3636 3413 3726 prmferendafuit

1808 3712 2093 3799 vulgatae,
2133 3742 2264 3795 quae
2310 3725 2702 3799 tamenferme
2722 3712 3407 3799 concinniogvidebgatur,

1808 3786 1945 3856 cach
1973 3786 2324 3865 mementoque
2361 3797 2640 3849 adhibitis.
2685 3795 2819 3846 Mox
2847 3790 3020 3843 habet
3043 3786 3408 3843 Bononiens.,

1809 3876 1947 3941 quin
1971 3876 2029 3923 in
2056 3874 2142 3922 die
2160 3877 2390 3937 postera.
2742 3934 2769 3941 Α
2794 3933 2809 3941 _
2951 3930 2984 3941 Α
3093 3924 3189 3941 ,ηε

1868 3921 2249 3997 Massa...
2296 3943 2494 3993 contra
2548 3947 2691 3988 mss.
2734 3933 2911 3985 fidem
2946 3924 3287 3986 Cacciarius,
3329 3921 3410 3974 υοι

1809 4019 1945 4085 quia
1966 4018 2026 4066 in
2055 4013 2382 4078 Evangeliis,
2408 4016 2516 4064 etc.

1872 4101 1889 4129 κ
1912 4073 2302 4149 Guarneriau.,
2327 4088 2444 4133 erat
2470 4092 2681 4146 quoque
2706 4073 2972 4149 quedam,
3044 4139 3056 4149 .
3230 4136 3266 4149 ﬁ
3370 4133 3382 4145 ο

1872 4160 1894 4190 ¹¹
1918 4136 2105 4224 idem:
2119 4136 2305 4208 tam;
2326 4136 2499 4205 Dawn
2521 4136 2815 4208 Ctiristum,
2840 4139 3204 4199 Bononiens.,
3220 4136 3410 4186 Domi-

1811 4246 2148 4284 numverum
2177 4229 2473 4280 Christum.
2809 4258 2837 4294 _-
2950 4287 2960 4294 _
3020 4287 3039 4294 _
3076 4284 3087 4294 _
3143 4282 3154 4294 ,
3301 4278 3336 4294 ,.

2138 4278 2542 4360 νάαὸιῐδηθῐὶῖωη
2557 4299 2604 4346 et
2626 4295 2791 4363 cepta
2799 4287 2987 4363 inanis
3007 4282 3225 4363 f
3237 4278 3410 4363 relin-

1816 4351 2015 4441 qua???
2031 4351 2179 4439 quui'
2201 4351 2584 4436 etuejusmodi
2621 4351 3050 4441 conclusionem
3089 4351 3409 4441 §ubjlln8iti

1816 4429 1938 4498 Hec
1952 4462 2047 4497 con
2054 4429 2181 4497 tinet
2206 4429 2348 4495 liber.
2356 4438 2727 4494 Ecciesiasticaz
2751 4432 2988 4485 historiae
3001 4429 3257 4480 decimus.

1884 4560 1895 4568 η

116 4576 3372 4621 __________________________________________———-

289 4712 461 4784 265
506 4739 588 4753 —
631 4712 803 4784 266
870 4686 1539 4793 ELENCHUS
1607 4682 2173 4781 CAPITUM
2241 4676 2585 4776 LIBRI
2652 4662 3235 4770 SECUNDI.

109 4892 242 4940 CAP.
282 4890 319 4938 l.
542 4888 608 4935 De
631 4891 743 4935 ortu
768 4890 816 4935 et
838 4888 1070 4947 religiosa
1093 4892 1258 4935 mente
1281 4886 1528 4948 principis
1555 4892 1572 4914 ·
1590 4885 1717 4933 Jovi-

644 4950 802 5007 niani,
829 4954 877 4997 et
905 4952 967 4996 de
989 4952 1088 4998 fine
1109 4953 1234 5009 ejus.

280 5013 340 5061 Il.
546 5012 612 5059 De
640 5017 751 5060 ortu
782 5013 1121 5060 Valentiniani
1151 5018 1196 5059 et
1221 5012 1461 5061 Valentis.

285 5076 369 5124 III.
549 5077 612 5122 De
626 5075 1216 5136 dormitioneAtlianasii,
1228 5079 1273 5123 ei
1289 5072 1717 5135 perseeutionibus

645 5138 784 5184 Lucii
813 5138 1053 5185 haaretici.

284 5201 363 5249 IV.
548 5200 610 5246 De
628 5201 897 5247 virtutibus
921 5206 962 5246 et
982 5198 1303 5246 mirabilibus
1318 5199 1608 5246 Sanctorum
1626 5198 1716 5257 qui

617 5263 821 5310 fuerunt
852 5263 907 5310 in
936 5264 1167 5324 Egypto.

173 5368 191 5390 ·
221 5357 619 5423 Guarnarian.,
660 5359 901 5420 Joviani,
943 5357 1095 5422 quod
1131 5361 1189 5410 et
1225 5355 1491 5421 praeferre
1515 5355 1716 5420 utique

110 5428 329 5493 malim,
356 5429 407 5480 si
445 5434 737 5481 constaret
780 5429 908 5482 haec
943 5429 1053 5481 sibi
1083 5428 1250 5482 lectio
1296 5426 1532 5488 reliquis
1554 5427 1715 5479 locis.

112 5501 274 5567 Quod
299 5501 562 5565 Capith
592 5501 754 5553 initia
779 5506 1018 5565 spectat,
1054 5501 1114 5552 in
1136 5499 1348 5564 quibus
1372 5498 1581 5549 alicubi
1604 5510 1711 5550 ms.

112 5575 392 5637 avulgata
402 5572 705 5638 partitione
718 5572 1007 5636 dissentit,
1022 5571 1144 5623 suis
1160 5571 1299 5623 locis
1314 5569 1719 5621 adnotabimus

174 5645 532 5707 hldem,cum
572 5644 999 5708 negandinota,
1031 5659 1142 5691 non
1169 5642 1393 5701 vidente,
1439 5655 1511 5691 ex
1556 5640 1717 5692 scioli

116 5716 473 5781 glossatoris,
492 5719 558 5767 ut
580 5716 773 5767 nullus
786 5716 1208 5779 dubito,manu.
1227 5712 1387 5773 Quod
1408 5712 1564 5763 enim
1587 5725 1719 5763 ocu-

116 5789 301 5841 lorum
324 5788 578 5853 corporis
593 5787 853 5840 caecitate
878 5787 1158 5851 Didymus
1180 5784 1478 5844 laboraret,
1503 5783 1715 5835 mentis

117 5865 304 5913 autem
329 5858 535 5924 oculis,
571 5864 639 5913 ut
673 5860 753 5912 ait
770 5859 1157 5923 Hieronymus
1181 5855 1399 5922 praifat.
1426 5855 1485 5908 in
1501 5855 1627 5917 ejus
1650 5854 1714 5906 li-

1982 4885 2040 4931 V.
2263 4880 2329 4928 De
2352 4875 2713 4938 persecutione,
2738 4884 2853 4938 qum
2882 4869 2978 4938 fuit
2998 4866 3133 4928 apud
3156 4864 3409 4938 Edessam:

1981 4947 2037 4994 Vl
2049 4980 2061 4994 .
2260 4945 2324 4991 De
2347 4935 2529 5001 Moyse,
2544 4952 2693 4999 quem
2706 4935 2877 5001 regina
2886 4937 3293 5001 Sarracenorum,
3318 4936 3411 4985 gen

2345 5006 2407 5052 lis
2429 4996 2533 5051 suae
2559 4996 2785 5062 poposcit
2800 4996 3127 5065 _Episcopum.

2259 5069 2324 5115 De
2349 5054 2579 5127 Didymo.
2595 5054 2934 5127 Alexandrino
2958 5054 3222 5127 “‘yidenie.

2258 5107 2784 5186 oliti'zﬁiisé'iﬁﬁiis
2807 5117 3018 5186 Antonii
3042 5115 3193 5186 etiam
3217 5107 3412 5186 tunciin

2344 5172 2914 5243 cretii—ohliab‘ituntibus,
2962 5179 3168 5225 virtutes
3196 5177 3243 5222 et
3266 5172 3413 5230 signa

2345 5253 2570 5301 fecerint.

1816 5356 1982 5407 brum
2006 5352 2077 5405 de
2094 5350 2305 5415 Spiritu
2323 5350 2548 5410 Sancto,
2562 5342 2831 5410 proculalt
2840 5341 2921 5389 ius
2933 5338 3249 5415 intueretur,
3268 5328 3417 5415 aviti:

1816 5400 1987 5492 liii};
2012 5400 2397 5475 abiis}th
2438 5400 2693 5492 reddidit,
2718 5421 2777 5465 ut
2816 5414 3053 5492 Vinnus
3071 5400 3415 5492 uocetuILIEo

2046 5472 2283 5547 nomine
2308 5491 2605 5556 Propheta:
2621 5472 2753 5539 olim
2772 5480 3223 5559 appellabantur.
3240 5473 3330 5559 §ic

2181 5546 2698 5623 Librichcriptor.
2736 5546 3117 5608 Ecclesiastic.
3143 5546 3415 5609 Didymus

1817 5643 1843 5692 ὁ
1870 5642 2061 5703 βλέπων
2096 5638 2363 5702 Didymus
2386 5635 2730 5696 mgnomcnto
2755 5628 2997 5703 videns.”
3064 5691 3074 5702 .
3161 5688 3193 5703 ν

1878 5687 2235 5772 ε’ἶᾶὲὸᾶθωζ
2260 5687 2470 5767 Quanti
2499 5705 2822 5754 Sanctorum
2852 5688 3220 5772 eae-discipulis
3242 5687 3416 5772 A‘nlo-

1816 5782 1901 5833 nii
1924 5762 1985 5832 in
2007 5797 2179 5832 crento
2203 5762 2538 5838 habitabant,
2576 5773 2799 5823 virtutes
2823 5772 2868 5820 et
2891 5767 3052 5832 signa
3083 5762 3353 5827 facientes.

1950 5054 1963 5064 "
1977 5069 2080 5117 vn.

1984 5132 2106 5180 VIII.
