1950 3196
788 156 909 182 RUFINI
926 156 1172 188 AQUILEIENSIS
1189 156 1409 184 PRESBYTERI

1871 157 1917 185 508

1183 214 1258 238 XXII.
1322 214 1354 238 De
1365 219 1374 229 θ
1387 214 1508 236 seditione
1522 215 1674 242 Pnpnnorum
1688 216 1773 237 contra
1791 213 1883 238 ﬁdeles.

1183 246 1270 269 XXIII.
1321 246 1351 268 De
1364 246 1413 268 situ
1431 246 1515 274 templi
1529 246 1634 274 Serapis,
1650 248 1670 267 t-t
1682 246 1846 268 subversione
1858 246 1915 274 ejul.

1183 277 1266 301 XXIV.
1316 277 1348 299 De
1367 277 1505 305 fraudibus,
1522 284 1579 305 qua)
1598 277 1623 299 in
1649 277 1746 305 templis
1767 277 1915 306 Pugnnorum

1369 309 1468 330 deft-ctu:
1482 311 1547 330 sntit.

1182 338 1256 363 XXV.
1315 338 1347 362 De
1362 340 1459 361 Saturni
1482 339 1605 361 sacerdote
1624 339 1747 369 Tyranno,
1767 338 1841 362 totius
1858 345 1916 368 pene

1369 370 1525 392 Alexandriae
1538 371 1660 392 adultero.

1181 400 1267 423 XXVI.
1318 401 1349 423 De
1363 402 1454 429 Canopi
1469 401 1477 413 ¹¹
1492 402 1563 423 initio
1577 405 1599 423 et
1611 401 1719 424 interitu.

1183 431 1278 455 XXVII.
1313 432 1345 455 De
1358 433 1473 454 I‘It‘r‘lesiis
1496 435 1517 455 et
1531 432 1662 461 Martyriis,
1675 438 1731 461 quae
1750 431 1777 454 in
1790 431 1916 455 idolorum

1364 464 1423 485 Int'is
1435 467 1580 486 constructa:
1593 467 1659 485 sunt.

1182 493 1289 518 XXVIII.
1316 494 1347 516 De
1367 494 1470 517 Joannis
1488 496 1620 523 sepulchro
1634 494 1733 522 violato,
1756 496 1780 516 et
1801 493 1916 522 reliquiis

1366 526 1431 553 apud
1446 526 1621 548 Alexandriam
1635 525 1795 547 conservatis.

1180 556 1265 579 XXIX.
1316 556 1347 579 De
1365 557 1516 579 Tltoracibus
1542 557 1639 585 Serapis
1658 556 1723 584 apud
1742 555 1914 578 Alcmndriam

1366 588 1468 615 ubrasis,
1492 591 1513 610 et
1537 588 1608 616 signo
1628 587 1718 610 Christi
1731 587 1756 610 iu
1769 588 1823 609 loco
1833 593 1915 609 eorum

1365 619 1474 642 reddito.

1179 649 1255 673 XXX.
1321 650 1349 673 Ut
1362 656 1480 685 tnepsura
1501 656 1574 685 aqum
1670 648 1892 685 numinis,_qunm

1364 683 1458 712 ποῦχυν
1471 683 1567 707 vocant,
1579 680 1609 703 ad
1622 681 1757 716 Ecclesium
1767 679 1900 703 deferatur.

1178 711 1265 735 XXXI.
1319 711 1351 734 De
1365 712 1536 765 ἔξῇιῖξξίαηί
1556 712 1667 741 junioris
1685 712 1799 742 interitu,
1826 713 1849 734 et
1863 714 1914 734 ortu

1386 749 1480 772 ugenu.

1178 773 1277 797 XXXII.
1318 774 1348 796 De
1359 774 1485 802 responsis
1496 773 1600 797 Joannis
1613 772 1739 797 monachi.

1178 804 1289 828 XXXIII.
1318 805 1350 827 De
1358 808 1477 833 apparatu
1485 805 1543 828 belli
1552 805 1673 828 adversus
1681 804 1821 834 Eugenium
1830 803 1914 828 Thetr

1363 836 1437 864 dosii,
1450 838 1473 859 et
1494 837 1525 859 de
1546 836 1647 859 victoria
1671 836 1735 866 ejus,
1760 835 1913 859 orationibus

1363 866 1452 896 magis,
1466 874 1541 896 quam
1555 868 1646 890 virtute
1659 866 1668 882 ί
1680 869 1773 896 parata.

1178 897 1286 921 XXXIV.
1315 897 1348 921 De
1360 898 1409 921 fine
1419 898 1549 921 Theodosii
1561 900 1613 927 post
1627 898 1765 926 victoriam,
1778 898 1803 920 et
1813 896 1913 920 Arcadio

1365 932 1440 965 atque
1452 929 1559 952 Honorio
1572 929 1657 953 liberis
1667 930 1722 958 ejus
1733 932 1756 953 et
1773 928 1912 952 heredibus

1365 967 1447 989 regni.

740 1102 973 1150 LIBER
1034 1100 1440 1150 SECUNDUS.

335 213 377 238 IX.
489 213 522 237 De
534 213 652 250 Gregorio
662 214 684 236 et
697 213 788 237 anlllo
800 213 959 243 Cappadocia:
971 214 1071 244 Episco—
1079 215 1106 251 Α

536 251 584 273 pie.

336 275 370 299 X.
488 275 519 298 De
528 276 630 299 Damaso
639 276 768 305 Episcopo,
783 277 806 298 et
813 275 894 298 Ursini
902 276 1069 306 subreptiono.

336 307 377 330 XI.
488 307 519 329 De
530 307 660 329 Ambrosio
671 307 801 335 Episcopo.

337 338 391 361 XII.
486 338 517 360 De
529 341 537 350 '
551 338 721 361 Valentiniani
738 339 794 361 tino.

334 368 397 391 XIII.
484 369 515 391 De
527 368 661 392 Gothorum
684 376 727 398 per
748 368 864 392 Thracias
880 369 1027 400 irruptione,
1048 371 1071 393 et

536 399 645 423 Valentis
657 407 725 424 nece.

334 430 396 454 XIV.
483 430 511 453 Ut
523 430 655 455 Gratianus
668 433 800 460 Imperator
818 431 982 455 Theodosium
1000 433 1069 461 regni

535 463 679 492 participem
688 462 829 489 adsciverit,
842 465 866 484 et
882 465 935 491 post
946 463 1024 486 multa
1036 471 1069 486 re-

534 491 659 521 ligiose'et
673 494 766 516 fortiter
774 496 850 523 gesta,
860 494 957 517 Maximi
968 497 1037 524 tyran
1043 495 1068 518 ui

534 524 637 547 insidiis
649 526 818 549 succubuerit.

330 553 380 576 XV.
482 554 515 578 De
530 555 705 579 Valentiniano
722 563 809 585 puero.
834 557 911 585 thue
929 558 1005 578 mater
1016 557 1069 585 ejus

534 586 632 610 Iustina
657 587 774 610 Arianam
794 588 908 610 haeresim
921 587 1066 617 defendens,

532 617 653 641 Ecolesim
665 619 806 646 perturbare
818 622 905 641 concta
917 619 957 642 sit.

330 646 392 670 XVI.
480 646 512 670 De
523 648 633 681 BeniVoli
646 649 694 681 [Αι
706 650 829 681 Benevoli]
843 649 955 678 magistri
972 656 1068 673 memo-

534 680 578 702 riae
596 680 663 703 ﬁdeli
676 680 823 705 constantia.

331 708 403 732 XVII.
483 709 513 732 Ut
524 710 676 743 Theodosius
682 718 765 734 necem
775 712 886 735 Gratiani
895 712 972 743 ultus,
981 712 1012 735 de
1020 712 1067 735 Ma-

530 742 597 765 ximo
610 743 809 771 triumphaverit.

325 769 414 795 XVIII.‘
475 770 508 794 Dc
520 772 652 796 Theodosii
666 769 800 797 commisso
819 774 845 797 in
858 774 1067 797 Thessalonicen-

534 810 582 834 ses,
595 807 617 827 et
628 805 774 834 paenitentia
781 806 835 834 ejus
843 806 942 835 publice
950 805 1017 834 apud
1029 811 1066 828 sn-

529 835 640 858 cerdotes
655 838 732 864 gesta.

325 862 390 886 XIX.
474 865 507 889 De
519 862 674 889 restitutione
686 866 696 879 δ
708 866 881 893 Ecclesinrum.
901 873 957 896 qum
970 873 1013 896 per
1027 866 1066 895 ip-

506 903 562 937 sum
574 897 626 925 jam
638 897 787 921 catholicum
799 898 825 920 in
839 898 937 921 Oriente
949 898 1068 921 restitutas
1080 900 1107 937 Β

504 931 572 951 sunt.

327 957 381 981 XX.
477 958 508 981 De
521 959 664 988 Apollinare
675 961 698 982 ot
707 959 795 983 haeresi
808 960 873 988 ejus.

328 988 391 1011 XXI.
473 989 506 1012 De
520 989 634 1019 Episcop.
654 991 857 1014 successionibus
869 997 913 1020 per
931 990 1064 1015 Orientem.

586 1178 701 1204 CAPUT
719 1179 741 1204 Ι.

292 1232 328 1257 De
339 1236 400 1258 ortu
412 1236 435 1259 et
445 1235 572 1267 religiosa
583 1240 668 1262 mente
685 1237 823 1268 Principis
831 1236 984 1266 Joviniani,
997 1238 1020 1260 et
1032 1235 1063 1260 de

593 1282 647 1313 ﬁne
661 1282 726 1314 ejus.

293 1334 379 1369 267
388 1338 566 1364 PostJulianl
572 1345 671 1365 necem
679 1340 793 1365 tandem
801 1339 883 1365 civile
889 1340 972 1365 nobis
979 1338 1061 1364 ‘Jovi-

260 1380 338 1405 niani
345 1384 659 1415 reparaturlmpcrium.
667 1386 693 1410 Is
700 1391 825 1416 namque
832 1385 886 1410 sub
892 1391 949 1410 uno
961 1385 1059 1408 eodem-

260 1429 316 1455 que
323 1427 450 1458 tempore
457 1428 619 1460 Imperator,
629 1431 658 1454 et
664 1429 823 1460 Confessor,
832 1431 860 1455 et
868 1429 940 1454 male
947 1430 1012 1453 illati
1019 1436 1058 1452 ex-

259 1470 316 1495 titit
334 1470 470 1503 depulsor
481 1473 590 1499 erroris.
609 1474 682 1499 Nom
695 1480 761 1499 cum
774 1474 803 1499 in
818 1474 967 1506 procinctu
980 1474 1057 1498 esset

256 1515 408 1547 exercitus,
423 1519 452 1542 et
464 1519 593 1550 urgeret“
609 1519 758 1550 Barbarus,
770 1519 904 1544 ductores
917 1518 1009 1544 nostri
1021 1517 1057 1543 de

255 1560 379 1586 summis
386 1561 472 1587 rebus
481 1562 631 1588 consilium
639 1562 794 1595 trahentes,
803 1562 953 1588 J0viniano
962 1562 1052 1588 calcu-
1066 1571 1091 1608 Ο

253 1603 313 1629 lum
320 1605 470 1631 dederunt.
480 1607 608 1638 Cumque
616 1607 812 1639 apprehensus
820 1607 857 1633 ad
871 1606 1053 1638 suscipienda

253 1649 366 1680 Imperii
374 1650 535 1676 traheretur
540 1651 673 1683 insignia,
682 1652 718 1677 ad
726 1652 884 1678 exercitum
893 1653 907 1677 J
913 1652 999 1677 utiani
1007 1657 1050 1677 sa-

256 1693 377 1725 crilegiis
387 1694 606 1726 prophanatum,
615 1695 719 1721 dicitur
726 1696 932 1728 proclamasse:
946 1697 1009 1721 Non
1021 1703 1052 1722 se

252 1743 338 1768 posse
350 1738 489 1770 imperare
505 1739 556 1771 eis,
578 1740 662 1771 quia‘
679 1741 756 1766 esset
772 1739 960 1765 Christianus.
978 1740 1051 1765 Tum

251 1787 352 1807 omnes
367 1783 425 1813 pati
437 1783 595 1815 eademque
616 1790 685 1810 voce
702 1785 885 1817 respondisse
897 1785 1051 1817 perhiben-

252 1826 315 1851 tur:
328 1827 360 1852 Et
371 1833 424 1852 nos
433 1827 585 1853 Christiani
598 1834 718 1854 sumus:
732 1836 784 1855 nec
796 1831 962 1862 priusquam
976 1830 1051 1857 hanc

250 1876 352 1897 vocem
364 1871 484 1900 audiret,
497 1873 679 1904 adquiescere
696 1874 733 1900 ad
755 1875 908 1907 Imperium
925 1875 1051 1902 voluisse

250 1914 415 1949 [ALvoluit].
425 1918 552 1949 Denique
564 1918 662 1944 statim
671 1919 752 1945 atl‘uit
760 1920 784 1945 ei
792 1920 892 1945 divina
899 1920 1051 1947 clementia

247 1963 405 1993 contraque
414 1969 527 1988 omnem
536 1970 626 1996 spem,
641 1970 706 1989 cum
721 1964 812 1990 clausi
822 1965 948 1997 undique
961 1966 1051 1992 hosti—

247 2006 303 2031 bus
315 2009 490 2039 tenerentur,
500 2015 553 2034 nec
562 2009 703 2035 evadendi
716 2010 836 2036 facultas
845 2010 902 2036 ulla
910 2015 1050 2042 suppeteret

246 2051 343 2077 subito
355 2052 476 2078 emissos
488 2059 506 2079 a
517 2054 651 2079 Barbaris
665 2056 792 2080 oratores
814 2054 917 2081 adesse
939 2056 1048 2087 vident,

279 2112 288 2122 '
305 2108 393 2145 Id_em,
412 2109 547 2134 Valentini
555 2117 605 2142 pro
619 2111 819 2137 Valentiniani:
830 2113 891 2137 tum
901 2119 960 2145 seq.
969 2116 1049 2145 capite

247 2142 312 2173 plus
330 2143 427 2176 habet,
443 2148 465 2169 et
478 2152 538 2170 nece
559 2146 675 2170 Valentis
687 2147 834 2179 Principis.
852 2142 958 2175 Iterum
970 2142 1062 2176 Πλέθ-

268 2179 354 2206 uenti.
364 2181 518 2205 consciverit
531 2187 581 2206 pro
594 2182 742 2206 adsciverit.

246 2181 354 2209 quenti,
364 2181 518 2205 consciverit
531 2187 581 2212 pro
594 2182 742 2206 adsciverit.

276 2214 286 2227 ¹³
303 2215 502 2253 penuoidem,
513 2217 549 2240 Dc
560 2217 772 2253 restitutionibus
785 2218 972 2250 Ecclesiarum,
986 2228 1045 2253 quae

243 2255 292 2279 per
303 2250 394 2281 ipsum
407 2251 436 2275 in
450 2252 554 2276 Oriente
568 2252 713 2277 Catholicis
725 2254 849 2278 restitutae
859 2257 930 2280 sunt.

275 2289 285 2321 ξ
302 2286 388 2311 Idem.
397 2287 433 2311 Dc
441 2288 616 2318 Paganorum
630 2289 741 2313 motibus
752 2290 1044 2321 apudAleacandriam.

276 2319 287 2333 δ
301 2321 490 2348 Rcstituimus
506 2330 542 2348 ex
558 2324 755 2350 Guarneriano
768 2319 822 2350 ins.
834 2332 841 2356 ;
856 2326 957 2352 vitiosa
968 2329 1045 2354 enirn

244 2356 396 2392 metathesi
404 2356 508 2383 lectum
516 2361 561 2384 est
568 2359 841 2392 hactenusﬁntcritu,
849 2364 872 2385 ct
880 2361 968 2388 initio.
980 2363 1042 2389 Vid.

244 2390 345 2421 capitis
358 2392 449 2423 ipsius
461 2396 640 2419 contextum.

274 2429 284 2439 ·
301 2425 379 2464 Idem
393 2427 501 2453 Latinis
512 2428 608 2460 literis,
619 2431 709 2462 potin:
723 2433 783 2456 tum
796 2430 925 2462 efferatur
937 2439 986 2464 pro
999 2433 1044 2457 dr-

242 2460 355 2523 [ειπαίγὶν.
363 2463 502 2490 Praeterea
509 2466 536 2490 et
544 2460 749 2497 subsequentia
755 2460 812 2492 duo
817 2460 1043 2499 capitainunum

243 2503 297 2522 nec
312 2504 320 2522 1
335 2516 341 2523 .

243 2503 297 2522 nec
301 2503 341 2523 ιιι.

276 2532 284 2546 ¹
300 2534 362 2573 ψεῖ,
374 2537 485 2573 patrato
497 2542 560 2573 :nec
567 2536 730 2573 displiceret
740 2539 828 2568 parta.
842 2538 874 2563 In
882 2538 940 2565 tlne
951 2540 1041 2573 addit,

241 2568 402 2601 Expliciunt
415 2571 549 2603 Capitula.
562 2573 659 2604 Incipit
671 2572 735 2596 liber
748 2573 917 2598 Undecimus.

273 2609 281 2623 τ
300 2606 398 2635 Antea.
411 2614 458 2638 per
468 2607 657 2639 Joviniauum,
670 2608 791 2634 fortasse
799 2609 913 2640 rectius,
930 2610 980 2635 sed
995 2617 1041 2636 re-

241 2640 420 2672 fragantibus
432 2649 502 2669 mss.
520 2645 659 2669 Auctores
674 2643 721 2668 alii
740 2644 889 2669 Jovianum
900 2645 977 2671 hunc
994 2653 1042 2672 vo-

241 2679 316 2702 cant.

271 2711 282 2725 ⁵
299 2712 470 2739 Bononiens.
481 2714 624 2740 Barbaros.
638 2714 694 2740 duo
709 2715 798 2740 Vatic.
811 2722 899 2747 penes
915 2717 1038 2743 Cacciar.

240 2749 262 2770 el
276 2749 405 2772 exercitus
426 2753 595 2781 u‘ryerctura
612 2750 742 2777 barbaris.
763 2751 830 2777 Mox
852 2753 1037 2778 Guaruerittn.

241 2782 335 2807 darent
349 2791 398 2815 pro
411 2785 549 2810 dederunt.

272 2819 278 2833 ί
295 2819 441 2856 Adnotant
462 2821 594 2847 Barraaus
616 2825 644 2848 et
655 2822 810 2848 Rhenanus
821 2822 857 2848 ad
870 2823 936 2849 Iibri
948 2830 1036 2856 oram,

241 2853 286 2884 aL,
296 2854 344 2886 qui
354 2862 410 2879 non
420 2859 503 2881 essent
512 2857 672 2883 Christiani.
682 2857 789 2884 Deinde
798 2858 968 2885 Bononiens.
979 2853 1034 2886 ms;

247 2888 346 2913 Tamen
357 2897 456 2922 omnes,
469 2895 524 2918 etc.

1114 1197 1270 1223 pacemque
1282 1191 1434 1223 deposcere
1447 1199 1452 1217 :
1467 1191 1604 1218 exercitui
1616 1198 1732 1224 quoque
1742 1192 1840 1219 inedia
1852 1199 1910 1219 con-

1114 1238 1220 1265 sumto,
1238 1236 1316 1261 cibos
1329 1238 1490 1268 casteraque
1501 1236 1665 1262 necessaria
1678 1237 1709 1262 iu
1720 1237 1908 1263 mercimoniis

1110 1279 1245 1311 polliceri,
1252 1281 1389 1312 omnique
1397 1281 1573 1307 humanitate
1580 1283 1907 1311 nostrorumtemeritatem

1108 1327 1114 1342 ι
1130 1324 1291 1350 emendare.
1302 1325 1354 1350 Sed
1367 1325 1414 1350 ubi
1427 1325 1455 1351 in
1466 1325 1568 1357 viginti
1580 1327 1608 1351 et
1619 1332 1724 1351 novem
1736 1332 1831 1351 annos
1844 1332 1907 1357 pace

1109 1370 1277 1401 composita.
1286 1369 1322 1395 ad
1332 1370 1492 1396 Romanum
1502 1377 1650 1402 regressus
1658 1373 1701 1396 est
1708 1370 1812 1402 solum,
1825 1369 1905 1404 268

1108 1412 1265 1445 clariorque
1288 1414 1337 1440 tux
1351 1417 1450 1440 nostro
1464 1421 1496 1440 se
1516 1415 1577 1440 orbi
1594 1421 1630 1440 ex
1643 1414 1765 1440 Orientis
1777 1415 1903 1447 partibus

1108 1457 1205 1483 oborta
1218 1458 1269 1490 [AL
1279 1459 1385 1491 exorta]
1395 1459 1518 1489 ditfudit,
1531 1459 1736 1491 rempublicam
1745 1459 1830 1490 quasi
1842 1461 1903 1491 post

1105 1502 1209 1528 nimias
1222 1503 1359 1534 procellas
1368 1504 1447 1529 omni
1464 1504 1657 1529 moderatione
1669 1503 1726 1535 [ΑΙ.
1740 1503 1903 1529 omnimoda

1106 1547 1223 1580 ratione]
1238 1548 1403 1579 adgreditur
1413 1554 1543 1580 reparare
1557 1555 1563 1573 :
1577 1548 1766 1574 Ecclesiarum
1777 1554 1846 1573 vero
1857 1554 1903 1573 cu-

1104 1597 1166 1616 ram
1177 1598 1234 1617 non
1247 1591 1276 1618 in
1288 1593 1422 1618 secundis
1433 1592 1548 1618 habere.
1558 1593 1615 1618 Nec
1624 1595 1720 1618 tamen
1731 1592 1856 1622 incaute,
1865 1593 1903 1617 ut~

1101 1636 1285 1662 Constantius
1294 1639 1399 1668 egerat,
1409 1637 1458 1662 sed
1467 1638 1477 1654 ι
1485 1636 1566 1669 lapsu
1576 1636 1795 1669 praedecessor-is
1802 1636 1901 1661 admo-

1101 1680 1188 1711 nitus,
1202 1681 1365 1707 bonoritlcis
1383 1683 1411 1707 et
1422 1681 1641 1706 otﬂciosissitnis
1657 1680 1760 1706 litteris
1772 1680 1900 1706 Athana-

1101 1725 1176 1750 sium
1185 1725 1312 1757 requirit,
1319 1726 1388 1751 etab
1395 1725 1457 1757 ipso
1467 1725 1588 1751 formam
1597 1725 1662 1750 tldei
1671 1727 1700 1750 et
1708 1725 1896 1750 Ecclesiarum

1097 1769 1354 1801 disponendarutn‘
1367 1770 1487 1802 suscipit
1497 1769 1623 1795 modum.
1636 1769 1690 1795 Sed
1702 1769 1766 1795 haec
1780 1770 1840 1795 tam
1857 1769 1898 1801 pia

1100 1817 1129 1839 et
1142 1816 1199 1840 tam
1211 1815 1277 1840 laeta
1290 1814 1426 1847 principia
1437 1821 1514 1840 mors
1523 1814 1677 1840 immatura
1685 1813 1821 1846 corrupit.
1835 1814 1896 1839 Post

1098 1860 1163 1884 o_:to
1175 1859 1282 1885 etenim
1304 1865 1419 1885 menses
1431 1861 1512 1885 ortus
1526 1859 1570 1884 sui
1592 1858 1668 1890 apud
1684 1858 1810 1884 Ciliciam
1825 1858 1895 1884 diem

1100 1903 1169 1929 obit.

1411 1948 1527 1974 CAPUT
1548 1948 1582 1973 II.

1252 2006 1289 2032 Dc
1304 2009 1365 2031 ortu
1383 2006 1568 2032 Valentiniani
1579 2008 1602 2030 et
1617 2005 1742 2031 Valentis.

1130 2056 1197 2081 Post
1207 2055 1286 2081 hunc
1304 2055 1522 2082 Valentinianus
1534 2055 1685 2088 imperium
1698 2054 1834 2086 suscepit,
1846 2054 1892 2086 qui

1128 2117 1134 2132 ι
1147 2114 1290 2139 Concessa
1304 2115 1399 2139 tamen
1411 2113 1553 2140 hostibus.
1564 2113 1625 2139 sive
1637 2113 1734 2145 Sapori
1747 2112 1818 2144 Regi
1831 2113 1891 2138 Per-

1097 2155 1203 2180 sarum,
1213 2149 1310 2177 Nisibi.
1324 2152 1353 2175 et
1367 2149 1531 2181 regionibus
1544 2152 1622 2175 trans
1635 2148 1751 2181 Tigrim.
1768 2148 1839 2174 Vide
1850 2149 1891 2173 So-

1097 2188 1203 2210 cratem
1217 2185 1265 2210 lib.
1278 2186 1323 2210 IIl.
1338 2192 1399 2217 cap.
1413 2185 1456 2212 2‘2.

1126 2222 1137 2238 ι
1154 2220 1262 2246 Vitiose
1275 2221 1566 2253 Cacciarius,tapsum.
1580 2221 1653 2246 Tum
1660 2219 1888 2245 Bononiens.ms.

1054 2257 1255 2294 Dpraecrssoris
1278 2259 1307 2282 et
1322 2263 1388 2282 mox
1409 2256 1598 2294 copiosissimis
1620 2262 1670 2294 pro
1680 2254 1887 2294 ofﬁciosissimif.

1097 2291 1371 2318 Rccoleaduotatum
1381 2292 1551 2323 praecedenti
1560 2292 1629 2317 libro
1638 2291 1733 2316 locum
1741 2296 1777 2315 ex
1786 2290 1888 2314 Historia

1094 2328 1238 2359 acephala,
1250 2328 1417 2352 Athanasius
1430 2328 1544 2352 occurrit
1557 2336 1592 2352 na
1598 2327 1666 2358 vigio
1686 2326 1721 2350 ad
1737 2326 1833 2357 lmper.
1844 2325 1887 2348 Jo-

1095 2365 1219 2393 vianum,
1236 2366 1259 2388 ct
1274 2366 1340 2396 post,
1357 2363 1544 2388 Ecclesiae-linis
1560 2362 1635 2387 rebus
1647 2361 1807 2394 compositis,
1821 2360 1886 2385 acci-

1092 2398 1170 2430 piens
1184 2399 1282 2428 literas,
1296 2400 1365 2423 venit
1377 2399 1583 2427 Alexandriam,
1597 2400 1619 2422 ct
1631 2398 1743 2422 intravit
1759 2397 1789 2420 in
1800 2396 1885 2420 Eccle-

1092 2435 1172 2462 sium,
1192 2435 1274 2459 Athir-
1292 2435 1360 2464 XIX,
1381 2435 1423 2458 (lie
1444 2435 1521 2459 Cons.
1541 2433 1651 2458 Joviam'
1665 2437 1688 2457 et
1710 2430 1882 2460 Varroniani,

1092 2472 1146 2506 etc.
1160 2470 1212 2495 Sed
1221 2473 1250 2495 et
1260 2472 1361 2495 nolatu
1369 2470 1488 2501 dignum
1497 2468 1571 2506 illud
1580 2468 1716 2506 est,quod
1726 2468 1823 2493 subdit
1831 2468 1884 2506 itu:

1091 2505 1178 2536 ﬁnus,
1189 2505 1305 2537 petiisse
1314 2506 1466 2531 Jovianum
1479 2505 1514 2530 ab
1527 2505 1684 2530 Athanasio
1695 2503 1815 2535 formam
1826 2502 1884 2533 ﬁdei

1092 2547 1158 2572 quae
1170 2541 1287 2572 quidem
1299 2547 1356 2566 non
1365 2540 1419 2566 alia
1431 2540 1560 2572 intelligi,
1573 2546 1659 2571 quam
1672 2539 1736 2565 tldei
1755 2537 1882 2567 formula,

1092 2577 1154 2602 sive
1171 2576 1340 2608 Symbolum
1353 2578 1455 2608 potest.

1122 2612 1127 2626 ¹
1145 2612 1333 2643 Regio-Vatia.
1347 2619 1412 2641 ms.,
1424 2612 1544 2643 suscepit.
1556 2612 1596 2637 De
1607 2610 1719 2637 Joviani
1732 2610 1810 2636 obitu
1823 2608 1881 2635 vide

1090 2648 1234 2673 Socratem
1242 2648 1273 2672 in
1281 2648 1335 2672 tlne
1343 2647 1390 2672 lib.
1399 2648 1445 2672 IlI.
1454 2648 1479 2672 S.
1489 2647 1710 2679 Chrysostomus
1718 2644 1879 2671 Homil.XV.

1089 2683 1118 2708 in
1132 2683 1303 2714 Philippens,
1316 2689 1381 2708 eum
1393 2683 1460 2708 dicit
1474 2682 1759 2708 venenoextinctum.
1773 2682 1815 2706 Ab
1823 2680 1880 2711 ejus

1088 2719 1165 2744 obitu
1178 2718 1213 2743 ad
1229 2718 1418 2743 Valentiniani
1431 2718 1680 2749 inrittgurtitionem
1693 2718 1792 2749 prohat
1806 2715 1879 2741 Vale-

1089 2754 1183 2779 sinsin
1191 2753 1269 2778 Notis
1277 2754 1313 2778 ad
1325 2754 1466 2778 Ammian.
1475 2754 1667 2779 Marcellinum
1674 2753 1772 2778 decem
1780 2752 1877 2775 omnino

1087 2789 1148 2815 dies
1157 2789 1487 2821 intercessisse,utroque
1498 2789 1616 2815 termino
1625 2789 1775 2817 incluso,et
1782 2788 1824 2813 bis
1833 2786 1875 2821 Vl.

1087 2825 1303 2850 Kal.numerato
1314 2819 1465 2855 (fuitenifn
1473 2831 1567 2850 annus
1579 2825 1625 2851 ille
1637 2824 1697 2852 364.
1712 2819 1875 2850 bissextilis)

1086 2866 1103 2885 θ.
1115 2859 1159 2885 die
1171 2859 1278 2886 scilicet
1290 2859 1322 2887 17
1335 2861 1469 2886 Februar.
1486 2860 1522 2886 ad
1539 2855 1581 2887 €26.
