3900 6392
41 383 164 449 513

924 393 1260 446 HISTORIA
1291 391 1836 449 ECCLESIASTCA.
1874 395 2080 449 LIBER
2117 395 2501 450 SECUNDUS.

3259 405 3366 461 514

41 505 221 557 dium
258 503 567 568 deportari,
590 503 652 555 in
688 515 802 568 qua
825 511 1180 570 compererat
1198 507 1488 558 neminem
1506 519 1666 572 pror—
1685 512 1739 584 Α
1770 511 1860 560 tos
1895 507 1955 559 in
1977 520 2180 574 campo
2203 508 2414 562 habere
2451 510 2944 577 conventiculum,
2972 514 3134 566 tanta
3156 514 3366 570 dicitur

43 607 158 646 sus
181 605 317 644 esse
330 592 746 657 Christianum,
772 606 886 657 quo
915 603 930 622 '
954 607 1054 658 per
1077 595 1186 646 hoc
1210 595 1300 648 vel
1325 595 1544 660 absque
1570 608 1665 646 so-

40 683 231 744 latiis,
255 683 352 735 vel
374 683 594 746 absque
611 684 905 736 consuetis
933 685 1158 736 actibus
1189 684 1463 737 viverent.
1491 687 1664 737 Senes

39 775 234 839 igitur
249 786 385 825 cum
399 772 629 825 duobus
647 773 783 824 solis
797 773 1158 838 pedissequis
1169 780 1347 827 noctu
1361 775 1433 826 ad
1447 778 1664 824 insulam

41 863 447 928 deducuntur,
464 862 527 914 in
549 875 664 927 qua
685 867 806 914 erat
832 863 1110 929 templum
1134 864 1424 928 quoddam
1442 877 1668 916 summa

42 954 430 1006 veneratione
474 965 510 1004 a
553 951 664 1005 loci
709 953 911 1004 incolis
956 955 1348 1006 observatum.
1388 955 1662 1018 Cumque,

41 1044 64 1073 ³³
79 1044 350 1110 primum
377 1043 652 1095 navicula
681 1056 887 1095 senum
911 1057 1070 1096 oram
1096 1045 1202 1095 soli
1223 1044 1376 1096 illius
1400 1045 1666 1109 contigis-

43 1139 159 1198 set,
191 1146 330 1186 ecce
358 1133 550 1185 subito
578 1133 892 1186 sacerdotis
928 1135 1124 1198 templi
1167 1133 1320 1186 illius
1362 1135 1521 1200 virgo
1551 1135 1666 1186 filia

45 1225 322 1288 correpta
347 1223 572 1288 spiritu,
590 1236 721 1275 cum
738 1223 955 1289 ingenti
970 1224 1366 1277 vociferatione
1390 1229 1447 1276 et
1463 1223 1667 1276 clamo-

43 1312 220 1364 ribus
237 1325 430 1377 usque
453 1313 525 1364 ad
536 1313 747 1365 coelum
758 1312 926 1375 datis,
941 1313 1034 1378 agi
1052 1326 1149 1375 per
1177 1313 1397 1366 medios
1420 1315 1663 1379 populos

45 1402 252 1466 coepit,
271 1406 330 1453 et
345 1402 576 1454 crebros
601 1403 820 1454 ducens
831 1406 1070 1465 rotatus,
1089 1401 1334 1454 stridens
1353 1401 1467 1453 huc
1490 1406 1664 1465 atque

44 1491 191 1543 illuc
231 1492 434 1544 rabida
469 1503 569 1543 ora
595 1492 836 1544 vibrare.
870 1493 1130 1556 Cumque
1172 1491 1245 1543 ad
1271 1491 1663 1556 spectaculum

45 1583 170 1633 tam
184 1581 443 1645 ingentis
455 1581 717 1645 monstri,
736 1581 989 1633 maxime
1007 1581 1160 1645 quod
1175 1586 1332 1633 esset
1347 1580 1664 1632 sacerdotis

45 1669 172 1722 filia
191 1671 310 1734 (qui
343 1670 400 1721 in
417 1669 631 1723 honore
655 1670 946 1735 praecipuo
961 1670 1115 1735 apud
1153 1670 1282 1722 illos
1301 1672 1438 1732 erat(
1468 1669 1662 1734 pOpuli

48 1761 486 1822 convenissent,
503 1772 602 1826 per
623 1773 794 1813 auras
805 1772 929 1812 eam
946 1765 1169 1826 raptam
1192 1765 1521 1824 sequentes,
1538 1772 1665 1824 per-

1767 597 2067 648 iracundia
2091 610 2384 660 accensus,
2405 604 2471 650 ut
2492 599 2826 663 praefectum
2843 615 3013 654 suum
3033 617 3227 670 pugno
3244 619 3365 671 per-

1766 690 2004 753 cuteret,
2025 700 2126 738 cur
2137 700 2253 739 non
2268 688 2687 740 fuissenttinde
2705 681 2954 754 quoque,
2973 693 3365 761 sicutjusserat,

1766 776 2073 828 deturbati.
2103 780 2179 828 At
2201 777 2294 828 ille
2317 778 2450 830 licet
2473 783 2626 830 esset
2661 781 2944 845 Daganus,
2969 787 3027 835 et
3047 784 3272 848 injuriis
3291 787 3365 838 ab

1765 867 2110 930 Imperatore
2149 865 2356 918 fuisset
2399 868 2654 929 affectus,
2688 873 2883 922 tamen
2905 873 3364 929 consideratione

1763 954 2165 1019 humanitatis,
2183 955 2360 1007 altera
2374 955 2463 1008 die
2480 957 2552 1008 ad
2573 959 2921 1011 vastandum
2944 963 3220 1026 p0pulum
3242 977 3366 1028 pro-

1766 1057 2058 1108 cessurus,
2076 1044 2328 1096 facithoc
2343 1045 2535 1109 ipsum
2552 1047 2778 1098 civibus
2794 1061 2893 1112 per
2909 1051 3131 1103 occulta
3155 1052 3367 1106 indicia

1765 1132 2096 1197 clarescere,
2113 1145 2229 1198 quo
2251 1135 2469 1186 scilicet
2500 1148 2702 1188 cavere
2725 1137 2836 1188 sibi
2863 1137 2967 1201 [Αι.
2987 1139 3068 1203 se]
3103 1146 3362 1207 possent,

1764 1233 1838 1273 ne
1860 1222 2260 1275 invenirentur
2280 1223 2342 1274 in
2361 1224 2505 1287 loco,
2523 1222 2544 1252 δ
2571 1225 2733 1276 Mane
2771 1237 3168 1292 processurus,
3185 1233 3364 1283 terro-

1763 1324 1886 1363 rem
1907 1311 2008 1363 soli
2019 1317 2074 1364 to
2090 1313 2369 1377 majorem
2387 1325 2488 1378 per
2503 1313 2768 1365 Ofllcium
2779 1317 2991 1380 movet,
3015 1317 3246 1381 agitque
3259 1335 3362 1368 om-

1764 1400 1877 1462 nia,
1901 1413 2197 1465 quoquam
2213 1401 2456 1466 minimi,
2483 1401 2637 1454 velsi
2654 1403 2772 1455 fieri
2806 1409 3020 1468 posset,
3045 1405 3189 1458 nulli
3221 1409 3366 1471 peri-

1765 1490 2116 1543 clitarentur.
2145 1491 2312 1543 Videt
2329 1495 2520 1544 tamen
2535 1491 2981 1556 frequentiorem
3002 1494 3167 1547 solito
3192 1509 3364 1562 popu-

1762 1578 1880 1633 lum
1909 1580 2140 1632 tendere
2151 1593 2218 1632 ac
2232 1581 2441 1643 locum,
2456 1594 2683 1633 currere
2699 1583 3020 1647 praecipites
3035 1590 3082 1633 et
3105 1587 3359 1652 festinare,

1763 1674 2039 1734 tanquam
2091 1676 2441 1735 vererentur,
2476 1685 2548 1723 ne
2594 1673 2726 1734 quis
2748 1673 2853 1736 [Αι.
2893 1673 3012 1737 qui]
3035 1675 3266 1728 deesset
3288 1676 3364 1728 ad

1763 1763 2026 1812 mortem.
2045 1761 2269 1812 Interea
2280 1760 2434 1812 videt
2446 1762 2738 1825 quandam
2750 1762 3361 1818 mulierculamitafes-

49 1849 923 1914 veniuntusqueadnaviculam
936 1850 1666 1915 senum.lbiveroprojecta
1690 1836 1744 1910 B
1771 1849 1949 1900 tinam
1985 1853 2044 1900 et
2074 1861 2374 1913 properam
2407 1851 2576 1901 domo
2617 1863 2722 1903 sua
2748 1864 3136 1918 prorumpere,
3169 1859 3236 1907 ut
3258 1867 3366 1908 nec

49 1953 260 1994 eorum
277 1940 522 2005 pedibus
534 1944 590 1992 et
604 1936 890 2004 prostrata
901 1940 1145 1992 clamare
1167 1940 1339 2005 ccepit
1357 1955 1369 1990 :
1390 1939 1538 2002 Quid
1564 1953 1668 1992 ve-

48 2029 234 2082 nistis
265 2030 382 2081 huc
407 2043 440 2081 o
459 2031 610 2082 servi
641 2031 742 2082 Dei
768 2030 1000 2094 summi,
1017 2030 1270 2094 antiquis
1287 2041 1394 2082 nos
1412 2033 1469 2082 et
1497 2033 1674 2083 veter-

50 2119 224 2172 nosis
241 2119 512 2172 evolvere
534 2119 839 2172 domiciliis
853 2123 880 2170 τ
901 2119 961 2170 in
983 2119 1091 2170 hoc
1117 2119 1240 2171 loco
1265 2119 1489 2184 depulsi
1514 2123 1673 2169 undi-

54 2222 172 2274 que
197 2207 543 2273 latebamus,
561 2208 850 2272 quomodo
868 2222 971 2261 vos
988 2221 1354 2273 nequaquam
1370 2210 1544 2261 latere
1569 2222 1670 2274 po-

57 2299 898 2363 tuimus‘medimusoantiquis
909 2299 1162 2362 sedibus,
1177 2298 1420 2363 populos
1439 2303 1667 2351 vestros

55 2395 362 2454 terrasque
390 2389 645 2454 recipite.
671 2391 812 2441 Cum
836 2391 962 2442 hazc
985 2389 1216 2448 diceret,
1241 2389 1573 2453 increpatus
1595 2389 1667 2439 ab

55 2479 141 2532 eis
153 2479 365 2532 erroris
391 2479 629 2544 spiritus
653 2480 954 2544 efi‘ugatur.
980 2481 1048 2530 Et
1063 2479 1249 2544 puella
1266 2489 1407 2529 sana
1419 2490 1534 2529 una
1554 2493 1666 2526 cum

57 2569 404 2635 parentibus
421 2570 544 2620 suis
551 2571 780 2634 jacebat
795 2570 865 2620 ad
883 2569 1058 2634 pedes
1069 2569 1251 2620 nostri
1268 2571 1504 2629 temporis
1516 2569 1668 2632 Apo-

61 2659 371 2712 stolorum.
387 2659 494 2721 Qui
516 2659 722 2711 talibus
742 2659 991 2711 exordiis
1004 2658 1384 2724 przedicantes
1398 2657 1480 2708 eis
1494 2657 1667 2708 fidem

59 2748 298 2800 Domini
307 2749 490 2801 nostri
505 2750 537 2800 J
541 2762 644 2800 esu
657 2749 883 2813 Christi,
907 2749 968 2800 in
985 2752 1204 2800 tantam
1226 2747 1665 2800 conversionem

61 2844 308 2903 repente
333 2850 433 2891 eos
451 2838 864 2904 perduxerunt,
886 2841 953 2891 ut
969 2839 1165 2890 statim
1183 2835 1202 2866 ⁶¹
1220 2835 1309 2890 die
1334 2837 1455 2902 ipsa
1481 2837 1668 2888 mani-

65 2930 181 2981 bus
195 2929 320 2980 suis
335 2928 806 2994 antiquissimum
822 2929 1117 2993 templum,
1135 2929 1258 2980 etin
1280 2940 1509 2979 summa
1519 2941 1672 2976 vene—

66 3018 292 3071 ratione
327 3017 590 3071 habitum
622 3019 1003 3082 destruerent,
1027 3022 1084 3070 et
1112 3017 1428 3070 Ecclesiam
1452 3015 1670 3068 confes-

70 3109 176 3160 tim
193 3107 562 3160 aadiflcarent.
594 3109 710 3161 Nec
724 3108 798 3160 ad
822 3108 1256 3160 deliberandum
1281 3107 1465 3172 spatio
1490 3116 1672 3168 tempo-

1773 1937 2087 1990 clauderet‘
2108 1939 2465 2002 ostium,nec
2498 1941 2713 2005 operire
2743 1953 2821 2001 se,
2853 1946 2919 1992 ut
2935 1943 3240 1996 mulierum
3263 1945 3368 1998 ha-

1772 2029 1957 2079 bitum
1973 2027 2155 2091 decet,
2175 2027 2508 2093 diligentius
2523 2029 2824 2094 potuisset,
2843 2030 3119 2084 infantem
3137 2047 3369 2099 quoque

1771 2117 2076 2183 parvulum
2089 2131 2287 2169 secum
2304 2119 2642 2182 trahentem,
2655 2132 2947 2184 cursuque
2958 2122 3366 2188 rapid0,irrupto

1769 2208 1943 2260 etiam
1957 2208 2139 2260 Ofllcii
2153 2207 2398 2272 agmine,
2415 2208 2806 2260 festinantem.
2828 2211 2972 2261 Tum
2989 2210 3082 2262 ille
3104 2213 3252 2265 ultra
3264 2227 3368 2262 non

1767 2297 1987 2350 ferens:
2009 2297 2450 2362 Apprehendite,
2472 2298 2680 2362 inquit,
2716 2297 3035 2363 mulierem,
3057 2306 3114 2352 et
3130 2301 3246 2352 huc
3269 2302 3370 2354 de-

1767 2387 1979 2438 ducite.
2011 2389 2268 2450 Cumque
2290 2387 2498 2440 fuisset
2518 2387 2804 2440 adducta:
2838 2391 2980 2452 Quo,
3005 2389 3210 2454 inquit,
3235 2403 3366 2443 mu-

1766 2476 1871 2528 lier
1911 2476 2153 2539 infoslix,
2202 2489 2474 2540 prOperas
2520 2481 2638 2529 tam
2669 2477 2878 2530 festina
2907 2481 2933 2529 ‘l
2956 2480 3046 2530 Ad
3074 2492 3366 2545 campum,

1765 2565 1863 2627 ait,
1909 2578 2025 2629 quo
2068 2564 2482 2618 catholicoru’m
2527 2568 2774 2630 populus
2822 2568 3112 2621 convenit.
3155 2573 3227 2622 Et
3247 2582 3368 2623 non

1773 2653 1945 2722 275
1976 2656 2183 2720 inquit,
2229 2656 2463 2716 audisti,
2490 2657 2627 2720 quia
2669 2657 2982 2710 Praefectus
3003 2658 3138 2711 illuc
3159 2661 3362 2725 pergit,

1769 2750 1834 2796 ut
1855 2758 2057 2798 omnes
2098 2745 2404 2798 interficiat
2446 2759 2593 2808 quos
2637 2747 2968 2800 invenerit?
3007 2749 3241 2813 Audivi,
3275 2751 3365 2802 in-

1769 2835 1914 2898 quit,
1940 2839 1998 2886 et
2020 2835 2148 2887 ideo
2179 2835 2404 2896 festino,
2430 2840 2497 2887 ut
2517 2835 2597 2888 ibi
2613 2836 2895 2890 inveniar.
2933 2839 3005 2890 Et
3027 2851 3142 2903 quo
3157 2839 3369 2904 inquit,

1767 2924 2074 2989 parvulum
2106 2925 2286 2976 istum
2315 2925 2496 2977 trahis
2516 2929 2542 2976 ‘l
2566 2927 2639 2978 Ut
2669 2931 2726 2978 et
2747 2927 2890 2992 ipse,
2923 2927 3003 2980 ait
3025 2929 3368 2993 martyrium

1769 3014 2045 3078 consequi
2060 3019 2362 3066 mereatur.
2389 3017 2529 3077 Quae
2549 3028 2683 3066 cum
2711 3016 2972 3068 audisset
2993 3017 3081 3069 vir
3102 3018 3366 3071 modera-

1771 3103 2054 3166 tissimus,
2079 3103 2263 3155 redire
2289 3105 2553 3156 Ofﬁcium
2577 3109 2634 3157 et
2657 3105 2914 3158 converti
2938 3106 3270 3159 vehiculum
3293 3108 3368 3161 ad

41 3195 152 3252 .ris
165 3200 471 3261 eguerunt,
485 3197 695 3261 quibus
707 3197 879 3250 fidem
895 3210 1089 3250 rerum
1102 3198 1367 3262 fecerant,
1381 3199 1671 3267 nonverba,
1700 3209 1747 3283 ρ
1774 3193 2052 3260 palatium
2069 3195 2252 3259 jubet.
2270 3196 2340 3247 Et
2366 3195 2666 3260 ingressus
2694 3195 2794 3260 ait,
2818 3197 3149 3262 Imperator,
3176 3197 3370 3250 subire

71 3285 180 3338 sed
198 3287 402 3337 virtus.
416 3286 524 3338 Sed
545 3287 654 3339 hoc
674 3299 808 3340 cum
822 3287 1031 3340 fuisset
1049 3288 1412 3341 Alexandria
1431 3291 1675 3343 nuncia-
1775 3288 2020 3336 mortem
2032 3284 2297 3348 sijubeas
2314 3289 2549 3349 paratus
2567 3297 2717 3336 sum.
2733 3285 2892 3350 Opus
2905 3299 3037 3338 vero
3058 3287 3212 3351 quod
3226 3299 3373 3351 prae-

73 3381 221 3439 tum,
251 3375 470 3428 veritus
493 3377 723 3439 Lucius,
748 3390 822 3429 ne
843 3377 986 3431 forte
1009 3377 1182 3430 etiam
1208 3391 1443 3431 suorum
1463 3380 1522 3432 in
1541 3393 1676 3433 eum

73 3465 211 3517 odia
223 3467 386 3530 justa
401 3471 828 3532 consurgerent,
847 3465 896 3534 2
909 3465 1021 3534 74
1041 3468 1141 3532 qui
1161 3477 1178 3497 °
1199 3471 1391 3533 aperte
1407 3469 1529 3533 jam
1556 3468 1678 3521 bel-

73 3557 199 3609 lum
235 3570 352 3609 non
386 3558 736 3623 hominibus,
772 3558 875 3610 sed
910 3560 1028 3612 Deo
1048 3559 1340 3624 indiceret,
1373 3561 1556 3612 oculte
1579 3573 1678 3613 eos

75 3647 356 3710 revocari,
381 3651 440 3698 et
468 3648 528 3699 in
556 3661 813 3700 eremum
837 3649 1050 3700 remitti
1079 3649 1263 3713 jubet.
1288 3651 1442 3701 Dum
1464 3649 1590 3702 haec
1618 3650 1680 3701 in

77 3739 325 3802 Egypto
340 3742 636 3802 geruntur,
667 3751 741 3791 ne
763 3739 824 3790 in
845 3739 972 3791 aliis
1002 3739 1237 3804 quidem
1259 3739 1398 3792 locis
1420 3752 1682 3805 persecu.

80 3827 259 3880 tionis
282 3828 514 3880 flamma
535 3829 818 3881 cessabat.

721 3946 966 4002 CAPUT
995 3950 1058 4001 V.

275 4073 352 4124 De
373 4075 734 4140 persecutione
757 4091 875 4142 quae
903 4075 1014 4140 fuit
1049 4075 1200 4141 apud
1220 4075 1497 4128 Edessam.

153 4199 372 4252 Edessa
386 4214 635 4266 namque
649 4203 1074 4269 Mesopotamia:
1088 4205 1226 4256 urbs
1237 4203 1491 4256 fidelium
1505 4215 1687 4269 popu-

91 4292 279 4345 lorum
296 4299 386 4345 est
413 4294 652 4346 Thomze
671 4294 932 4359 Apostoli
960 4295 976 4324 '
991 4295 1267 4359 Reliquiis
1283 4295 1562 4347 decorata.
1581 4297 1688 4347 Ubi

93 4396 228 4435 cum
238 4395 413 4448 perse
423 4385 736 4450 Imperator
750 4386 992 4452 populos
1007 4387 1251 4440 vidisset
1263 4386 1531 4439 Ecclesiis
1543 4387 1690 4451 ejec-

161 4579 179 4600 ·
202 4567 566 4632 Βοηοῐιίθῐιε.,
618 4567 763 4633 quod
807 4585 905 4634 per
949 4569 1088 4628 hac;
1114 4569 1213 4622 sed
1240 4570 1296 4622 et
1317 4567 1686 4621 Guarnerian.

99 4643 206 4692 haec
234 4639 483 4704 praafert.

159 4713 180 4741 "
205 4712 596 4773 Guarnerian.,
619 4713 860 4779 Cumque
882 4713 1154 4775 navicula,
1181 4714 1399 4778 absque
1422 4713 1567 4777 prim
1579 4727 1690 4763 um.

160 4796 180 4819 ο
202 4785 358 4836 Idem
399 4784 698 4834 Occidimus
725 4799 736 4836 :
768 4786 1179 4850 Regio-Vatic.,
1213 4786 1478 4837 Caedimus
1495 4790 1690 4834 autem.

103 4856 273 4909 Paulo
319 4858 452 4920 post
500 4857 895 4922 Bononiensis,
941 4859 1237 4924 Incrcpitus
1271 4857 1336 4908 ab
1381 4858 1456 4908 eis
1495 4856 1695 4906 erroris

103 4929 324 4978 spiritus
345 4927 709 4978 eITuaabatur.

101 4929 324 4993 spiritus
345 4927 709 4992 e/fugabatur.

165 5001 187 5029 ⁴
211 5001 458 5052 Voculas
493 5001 578 5051 die
599 5003 721 5067 ipsa
743 5015 884 5055 mss.
901 5003 1083 5056 nostri
1106 5005 1162 5055 et
1186 5000 1566 5067 RegiooVatic.
1584 4998 1698 5052 suf-

107 5082 320 5134 ficiunt.

166 5161 185 5183 '
211 5155 411 5204 Ferme
439 5153 652 5206 rectius
676 5155 737 5208 in
759 5156 1159 5219 Guarnerian.,
1185 5155 1319 5220 quia
1342 5158 1536 5219 aperte.
1563 5153 1700 5204 Con-

110 5224 283 5276 cludit
304 5237 442 5276 vere
463 5224 615 5276 idem
637 5241 778 5278 mss.
802 5227 911 5280 hac
933 5228 1162 5292 periodo
1186 5231 1378 5292 caput.
1402 5229 1459 5277 et
1480 5236 1700 5276 novum

112 5296 232 5348 sive
263 5296 324 5345 V.
365 5297 437 5347 ab
467 5297 558 5349 his
604 5301 794 5351 verbis
836 5300 1068 5353 inchoat
1094 5319 1105 5350 :
1131 5301 1277 5350 Dum
1313 5299 1419 5348 Ιιεεσ
1444 5299 1505 5348 in
1527 5296 1702 5360 {Egy-

148 5373 162 5415 t
345 5404 359 5418 .

111 5384 144 5433 Ρ
167 5371 437 5492 ῗῖῖὲἷὲιιω
461 5446 568 5505 est,
606 5443 759 5506 quod
785 5443 865 5494 ait
908 5443 1249 5508 Cacciarius,
1271 5441 1470 5496 testari
1500 5443 1672 5492 Socra

117 5513 226 5562 tem
264 5511 356 5563 lib.
386 5512 477 5562 IV.
528 5526 649 5578 cap.
705 5514 767 5568 14
795 5515 1057 5577 (dixisset
1090 5514 1192 5578 18.)
1231 5519 1288 5566 et
1321 5517 1702 5566 Sozomenum

114 5582 202 5636 lib.
239 5583 328 5634 VI.
353 5595 477 5650 cap.
505 5583 588 5639 l8.
613 5586 793 5637 fuisse
817 5600 889 5638 ex
915 5588 1076 5639 India
1098 5587 1374 5639 Edessam
1402 5585 1704 5637 translatas

119 5659 365 5722 Apostoli
389 5659 627 5711 'l‘homm
650 5659 961 5723 Reliquias.
977 5661 1050 5710 Hi
1065 5660 1239 5723 enim,
1258 5661 1450 5708 tametsi
1466 5659 1704 5707 Ruﬁnum

119 5730 531 5793 describunt,ac
543 5731 782 5783 totidem
799 5732 913 5784 fere
939 5733 1130 5784 verbis
1145 5731 1460 5784 refundunt
1471 5729 1531 5780 in
1544 5729 1702 5780 Grae-

121 5816 266 5871 cum,
298 5805 600 5860 Basilicam
633 5805 887 5870 quidem,
927 5804 1048 5861 sive
1083 5804 1336 5873 μαρτὸριον
1368 5807 1426 5857 et
1457 5798 1705 5870 εὐκτήριον

1709 4489 1768 4564 D

1775 3374 1935 3439 cipis,
1973 3373 2209 3438 implere
2238 3387 2356 3427 non
2391 3388 2722 3440 possumus.
2767 3378 3027 3441 Cumque
3050 3377 3376 3430 edocuisset

1777 3469 1989 3516 cuncta
2009 3465 2080 3518 de
2104 3464 2360 3526 muliere,
2386 3466 3036 3531 repressitlmperatoris
3064 3466 3371 3519 insaniam.

2402 3573 2631 3624 CAPUT
2660 3575 2748 3624 Vi.

1777 3663 1853 3712 De
1893 3663 2092 3728 Moyse,
2137 3677 2294 3728 quem
2332 3663 2539 3728 Regina
2579 3663 3013 3714 Sarracenorum
3065 3665 3234 3728 gentis
3269 3678 3377 3715 suae

2271 3755 2511 3818 poposcit
2525 3754 2878 3819 Episcopum.

1842 3841 2109 3894 Peridem
2126 3846 2356 3906 tempus
2372 3841 2626 3895 Ecclesia
2638 3843 2796 3895 velut
2808 3843 3224 3908 persecutionis
3245 3843 3378 3907 igne

1781 3932 2084 3996 conflante,
2110 3931 2304 3996 purior
2318 3931 2443 3983 auri
2468 3931 2694 3984 metallo
2711 3931 3049 3997 refulgebat.
3073 3933 3201 3983 Non
3223 3931 3380 3983 enim

1781 4022 1842 4073 in
1860 4021 2050 4074 verbis
2063 4022 2524 4086 uniuscujusque
2547 4021 2710 4085 fides,
2738 4022 2840 4073 sed
2856 4022 2916 4072 in
2927 4021 3111 4074 exiliis
3130 4027 3186 4073 et
3201 4033 3383 4073 carce-

1783 4113 1944 4165 ribus
1965 4114 2338 4178 probabatur:
2358 4113 2494 4178 quia
2508 4126 2625 4165 non
2652 4112 2855 4166 honori
2887 4117 3012 4166 erat
3034 4112 3382 4164 catholicum

1786 4218 1933 4269 esse,
1966 4205 2067 4258 sed
2092 4217 2282 4270 poenas
2308 4219 2320 4257 :
2351 4204 2638 4269 praecipue
2661 4203 2814 4270 apud
2838 4203 3265 4263 Alexandriam,
3283 4203 3384 4255 ubi

1786 4310 1860 4350 ne
1887 4296 2226 4362 sepeliendis
2239 4296 2472 4361 quidem
2483 4297 2818 4361 corporibus
2833 4299 3194 4347 mortuorum
3209 4294 3386 4346 libera

1789 4387 2030 4440 facultas
2055 4387 2322 4440 fidelibus
2347 4386 2515 4440 erat.)
2542 4389 2683 4449 Qum
2709 4385 2847 4438 dum
2863 4385 3079 4438 Lucius
3109 4383 3263 4436 omni
3293 4395 3386 4436 ar-

1792 4573 2030 4629 Thomaa
2053 4562 2521 4623 commemorant,
2545 4557 2835 4622 Reliquias
2862 4566 3250 4629 nequaquam.
3278 4553 3388 4608 Sed

1792 4628 1980 4710 neque
2002 4645 2330 4693 nostrarum
2344 4639 2433 4685 est
2448 4632 2696 4710 partium
2721 4630 2790 4681 de
2815 4630 2906 4710 his
2921 4629 3084 4710 loqui
3106 4628 3388 4710 pluribus.

1793 4703 1934 4784 Quae
1958 4716 2415 4784 sequuntur,_per
2433 4721 2484 4755 sc
2504 4703 2738 4783 voculas
2753 4703 3087 4784 nostrimss.
3103 4705 3386 4767 ignorant.

1856 4801 1874 4830 ι
1897 4774 2267 4841 Guarnerian.
2293 4779 2519 4842 indiquc
2551 4788 2652 4840 pro
2677 4774 2801 4822 inde
2826 4788 3057 4838 quoque.

1855 4863 1878 4892 i.
1903 4861 2080 4919 Idem,
2105 4856 2266 4904 Mane
2304 4866 2421 4900 vero
2440 4860 2804 4912 processurus.
2847 4846 3112 4919 Officium
3137 4848 3394 4901 Flaviani

1793 4931 2047 5002 praefecti
2069 4918 2272 5002 eodem
2301 4935 2489 5002 sensu.
2504 4918 2975 5002 memorat‘etiam
2999 4920 3252 5002 Ilistoria
3271 4933 3396 5002 ace-

1794 4988 1964 5072 phala
2001 4997 2265 5064 superius
2302 4994 2534 5072 laudata
2565 4991 2681 5055 (σοι.
2709 4988 2948 5072 509,uo_t.
2973 4990 3393 5072 a).‘Cacciarius

1795 5061 2234 5134 hhenanifquae
2271 5071 2328 5119 et
2362 5067 2424 5116 in
2456 5065 2760 5115 Barraeana
2789 5061 3298 5134 editionehabetur
3318 5061 3396 5114 ad

1795 5146 1922 5201 libri
1946 5155 2105 5196 oram
2120 5132 2651 5191 adnotatiunculam
2671 5134 2962 5196 describit,
2979 5132 3231 5196 Ofﬁcium
3243 5137 3393 5182 vocat

1801 5216 2063 5283 Ofﬁciates
2088 5214 2185 5262 hoc
2208 5215 2278 5259 est
2301 5209 2578 5283 ministros
2600 5205 2924 5283 ctjsatcttites.

1861 5275 2293 5345 iBononiensis,
2327 5281 2528 5343 juncto
2561 5281 2618 5330 et
2645 5278 3053 5341 Cuarneriano,
3080 5276 3256 5328 ferme
3278 5275 3395 5328 ele-

1799 5361 2030 5428 gantius
2043 5372 2134 5406 nec
2157 5353 2411 5428 claudere
2425 5352 2640 5428 ostium,
2658 5365 2751 5398 nec
2768 5350 2988 5428 operiri,
3008 5356 3063 5397 ut
3081 5348 3394 5428 mulierum,

1801 5422 1906 5488 Etc.
1949 5434 2096 5484 Tum
2141 5424 2532 5484 Guarnerian.,
2575 5423 2875 5486 interrupto
2921 5422 3102 5486 etiam,
3139 5425 3271 5484 etc.,
3295 5431 3397 5484 pro

1801 5509 2034 5570 irrupto,
2060 5507 2116 5554 et
2135 5513 2272 5552 mox
2296 5497 2468 5548 ducite
2492 5507 2592 5560 pro
2613 5493 2889 5570 deducite.

1862 5561 1987 5630 trib
2013 5561 2102 5627 his
2137 5571 2329 5625 verbis
2358 5580 2572 5621 novum
2599 5569 2799 5630 Caput,
2833 5565 2954 5617 sive
2984 5565 3076 5616 VI.
3104 5561 3398 5616 exorditur

1804 5649 2229 5704 Guarnerianus
2253 5658 2358 5696 ms.
2385 5641 2670 5708 prioribus
2693 5651 2825 5690 cum
2842 5637 3184 5702 prmcedvnti
3209 5636 3399 5702 proxi-

1802 5737 1897 5777 me
1939 5721 2178 5786 junctis.
2227 5719 2375 5769 Sunt
2417 5719 2469 5766 et
2519 5711 2754 5777 quidam
2807 5723 2948 5762 mss.
2994 5711 3092 5776 qui
3123 5711 3268 5760 Dum
3293 5711 3398 5762 haec

1803 5785 2003 5848 Lucius
2031 5806 2133 5861 pro
2163 5792 2288 5853 Quae
2311 5790 2441 5841 dum
2465 5786 2663 5838 Lucius
2699 5785 3021 5852 praeferant.
