3900 6394
511 412 616 473 515

515 617 709 682 gentis
733 616 965 680 Regina,
984 613 1309 666 vehementi
1325 610 1471 663 bello
1494 611 1785 663 Palaestini
1809 616 1863 664 et
1887 612 2110 663 Arabici

514 705 711 758 limitis
728 704 935 770 oppida
945 708 1118 766 atque
1132 703 1302 753 urbes
1314 706 1564 765 quatere,
1584 701 1922 765 vicinasque
1941 700 2114 753 simul

517 799 744 847 vastare
781 792 1103 857 provincias
1139 791 1331 856 ccepit.
1377 792 1636 853 Cumque
1664 790 1685 819 ⁵
1713 789 2110 853 frequentibus

516 883 679 934 bellis
710 884 1032 933 Romanum
1064 879 1382 930 attrivisset
1417 880 1752 940 exercitum,
1777 883 1835 930 et
1858 879 2113 943 plurimis

410 954 417 963 ’
515 970 842 1037 peremptis,
856 970 1102 1033 reliquos
1122 969 1388 1021 vertisset
1403 969 1462 1019 in
1484 967 1695 1031 fugam,
1713 973 1871 1020 orata
1893 981 2112 1034 pacem,

513 1076 631 1115 non
661 1062 823 1114 aliter
858 1074 919 1112 se
948 1060 1340 1125 amplexuram
1391 1059 1687 1124 promittit,
1740 1059 1853 1111 nisi
1886 1061 2114 1124 Moyses

513 1130 747 1216 quidam
770 1149 1023 1212 nomine,
1057 1149 1394 1212 monachus,
1426 1148 1583 1212 genti
1614 1160 1738 1200 sum
1760 1148 2116 1201 ordinaretur

514 1241 848 1304 Episcopus.
885 1238 991 1300 Qui
1023 1237 1083 1288 in
1120 1249 1311 1288 eremo
1343 1238 1601 1301 partibus
1641 1238 1763 1288 suis
1796 1238 2116 1301 prapinqua

516 1328 695 1381 vitam
724 1327 1037 1379 solitariam
1052 1325 1523 1388 ducens,meritis
1540 1329 1598 1377 et
1622 1326 1930 1377 virtutibus
1954 1339 2019 1377 ac
2046 1326 2116 1377 si-

514 1417 647 1482 gnis
671 1428 802 1480 quas
826 1415 1067 1467 faciebat
1087 1416 1239 1466 Deus
1264 1428 1363 1479 per
1378 1414 1559 1477 illum,
1580 1415 1886 1479 magniﬁce
1909 1428 1927 1449 ·
1949 1416 2115 1467 inno-

516 1507 718 1557 tuerat.
755 1504 955 1556 Petitio
986 1504 1114 1568 ejus
1146 1503 1387 1568 Principi
1415 1503 1665 1555 indicata
1691 1506 1968 1567 Romano,
1994 1505 2116 1556 sine

1519 407 1764 463 RUFINI
1818 410 2305 472 AQUILEIENSIS
2361 408 2798 462 PRESBYTERI

513 527 772 592 rogantis
794 532 852 579 et
874 526 1099 578 saevitia
1122 528 1358 588 gereret,
1384 531 1401 551 ·
1425 522 1653 573 Mauvia
1676 522 2112 574 Sarracenorum
2144 533 2199 599 Α

3716 372 3819 466 ἐ16

2821 537 3051 590 CAPUT
3089 538 3207 589 VII.

2510 655 2584 704 De
2621 654 2851 718 Didyme
2882 654 3258 704 Atarnndrino
3292 654 3513 705 vidente.

2274 772 2489 822 Verum
2513 783 2643 821 cum
2669 769 2821 834 apud
2844 769 3248 822 Alexandriam
3266 768 3506 835 populos
3529 774 3589 822 et
3611 771 3821 823 urbem

2211 860 2474 911 nebulosi
2497 860 2746 911 doctoris
2778 863 2920 909 tetra
2947 859 3201 923 perfidiaa
3228 858 3409 923 caligo
3437 859 3817 921 sufl'underet,

2213 948 2376 1000 velut
2404 948 2725 1013 lampadem
2768 948 3058 1011 quandam
3100 947 3294 999 divina
3330 948 3453 999 luce
3494 947 3819 1013 fulgentem

2218 1033 2327 1105 27
2340 1034 2703 1103 7Didymum
2718 1036 2996 1086 Dominus
3007 1035 3279 1086 ascendit.
3288 1037 3364 1086 De
3374 1035 3463 1098 cuj
3474 1049 3540 1086 us
3551 1038 3657 1084 vita
3669 1042 3821 1096 atque

2212 1124 2512 1185 institutis,
2538 1123 2811 1187 quoniam
2825 1123 2898 1174 ad
2915 1123 3183 1175 Ecclesia
3198 1123 3434 1187 gloriam
3452 1123 3556 1175 Dei
3575 1136 3819 1175 munere

2214 1214 2235 1244 "
2260 1226 2570 1265 concessus
2593 1212 2859 1273 creditur,
2874 1212 3007 1264 licet
3023 1212 3083 1264 in
3113 1213 3818 1272 transcursu,necessario

2214 1307 2409 1355 tamen
2451 1301 2954 1353 commemoranda
2987 1301 3155 1353 nobis
3198 1313 3382 1365 pauca
3429 1301 3726 1353 videntur.
3767 1304 3819 1352 Is

2214 1404 2464 1455 namque
2490 1391 2550 1442 in
2578 1404 2752 1455 parva
2770 1395 2958 1451 astate,
2976 1404 3107 1441 cum
3123 1390 3312 1442 adhuc
3329 1392 3500 1443 etiam
3525 1390 3717 1454 prima
3732 1389 3820 1442 lit-

2216 1483 2467 1533 terarum
2486 1479 3078 1545 ignoraretelementa,
3094 1479 3406 1531 luminibus
3422 1479 3685 1543 orbatus,
3698 1491 3819 1531 ma-

2160 1602 2161 1607 η
2209 1569 2334 1633 jore
2354 1568 2632 1620 desiderio
2657 1568 2913 1619 scientim
2944 1567 3063 1619 veri
3096 1567 3328 1619 luminis
3351 1569 3363 1599 ί
3385 1567 3817 1619 inflammatur:

514 1592 632 1647 ulla
653 1592 922 1645 dilatione
944 1593 1182 1656 jubetur
1202 1592 1424 1656 impleri
1444 1605 1480 1645 a
1505 1593 1749 1644 ducibus
1774 1595 2001 1655 nostris,
2017 1594 2114 1659 qui

2213 1671 2320 1710 nec
2352 1658 2807 1721 desperationem
2857 1657 3048 1720 cupita
3081 1656 3433 1721 adipiscendi
3466 1669 3686 1721 passus
3710 1662 3817 1718 est,

516 1681 595 1733 ibi
615 1680 909 1732 infeliciter
928 1678 1102 1748 276
1121 1683 1535 1745 pugnaverant.
1562 1683 1772 1745 Captus
1797 1683 2022 1746 Moyses
2042 1683 2115 1735 ad

519 1769 901 1821 sacerdotium
926 1768 1372 1833 suscipiendum,
1408 1768 1812 1820 Alexandriam
1850 1783 1924 1821 ex
1957 1784 2110 1822 more

2216 1758 2349 1799 cum
2383 1748 2641 1798 audisset
2660 1746 2936 1810 scriptum
2951 1747 3009 1797 in
3026 1746 3359 1809 Evangelio:
3379 1746 3530 1804 Quod
3550 1747 3712 1811 apud
3730 1748 3817 1795 ho~

515 1857 837 1911 deducitur.
851 1857 1032 1908 Adest
1044 1857 1270 1921 Lucius,
1283 1858 1373 1908 cui
1387 1857 1688 1908 ordinandi
1708 1857 1729 1886 ά
1749 1858 2110 1911 deferebatur

2216 1837 2387 1885 mines
2412 1835 2730 1900 impossibile
2752 1841 2840 1897 est,
2864 1834 3107 1899 possibile
3129 1841 3199 1883 est
3229 1834 3381 1899 apud
3404 1834 3577 1884 Deum
3604 1836 3815 1899 (Matth.

516 1947 791 2001 ofﬁcium.
816 1948 939 2007 Quo
962 1946 1346 2010 viso,Moyses
1365 1948 1743 2010 prtesentibus
1756 1948 1998 2000 ducibus
2015 1949 2114 2013 qui
2216 1927 2301 1985 19·
2337 1928 2506 1977 Mam
2538 1925 2622 1980 10·
2660 1925 2783 1975 Luc'
2810 1923 2935 1987 9⁸)·
2957 1926 3077 1976 Hac
3107 1924 3281 1988 igitur
3306 1924 3499 1977 (“Vina
3535 1924 3816 1989 pomcua'

518 2036 921 2102 perurgebant.
952 2037 1009 2086 et
1035 2034 1277 2100 populis,
1304 2035 1383 2087 ait
1406 2048 1419 2085 :
1461 2037 1577 2107 Ego
1603 2035 1835 2099 quidem
1857 2050 1968 2096 me,
2003 2050 2118 2089 non

516 2136 647 2177 esse
671 2124 912 2189 dignum
937 2128 1098 2177 tanto
1122 2123 1437 2175 sacerdotio
1453 2124 1685 2188 judico;
1713 2131 2116 2178 verumtamen

515 2213 565 2265 si
580 2213 772 2277 aliqua
792 2214 853 2265 in
876 2226 985 2276 me,
1012 2213 1144 2265 licet
1164 2213 1627 2277 indigno,divina
1646 2214 1997 2279 dispensatio
2021 2230 2117 2280 pu-

514 2304 668 2355 tatur
689 2302 991 2367 explenda,
1014 2304 1192 2354 Deum
1213 2306 1478 2354 nostrum
1503 2304 1630 2354 cceli
1652 2316 1719 2355 ac
1743 2310 1905 2357 terras
1928 2304 2121 2357 Domi-

512 2404 656 2443 num
677 2395 869 2453 testor,
887 2390 1041 2455 quod
1060 2392 1267 2443 Lucius
1288 2392 1623 2443 Sanctorum
1642 2393 1919 2456 sanguine
1939 2396 2119 2458 pollu-

515 2480 604 2531 tas
627 2480 685 2530 et
711 2484 979 2530 cruentas
1009 2492 1180 2544 super
1203 2492 1294 2530 me
1317 2491 1430 2531 non
1453 2479 1671 2543 injiciet
1698 2493 1923 2533 manus.
1956 2486 2120 2538 Cum-

517 2580 631 2631 que
665 2568 873 2618 Lucius
909 2571 1023 2618 Iam
1055 2568 1218 2632 gravi
1251 2570 1387 2620 nota
1415 2568 1675 2619 inustum
1712 2583 1774 2621 se
1808 2572 2026 2626 videret
2057 2576 2118 2628 in

518 2654 698 2707 oculis
716 2656 1105 2720 plurimorum:
1130 2658 1331 2718 Quare,
1345 2656 1549 2720 inquit,
1566 2660 1814 2724 Moyses,
1827 2666 1943 2712 tam
1959 2663 2117 2717 facile

518 2744 868 2797 condemnas
895 2757 1047 2809 eum,
1080 2746 1248 2809 cujus
1271 2744 1443 2796 fidem
1466 2746 1733 2809 ignoras?
1755 2751 1873 2800 Aut
1895 2759 1913 2779 ⁶
1942 2752 1991 2802 si
2015 2753 2118 2804 tibi

517 2833 724 2897 aliquis
747 2834 818 2885 de
841 2846 932 2885 me
965 2834 1128 2886 aliter
1149 2835 1440 2897 indicavit,
1463 2835 1593 2886 audi
1626 2836 1798 2889 fidem
1820 2852 2029 2901 meam,
2056 2849 2120 2896 et

513 2922 615 2974 tibi
634 2922 757 2987 ipse
786 2923 974 2987 magis
999 2934 1173 2986 quam
1202 2924 1328 2975 aliis
1351 2924 1535 2975 crede.
1563 2926 1724 2976 Tunc
1746 2926 1866 2978 ille:
1888 2931 2113 2995 Desine,

502 3010 707 3075 inquit,
744 3023 778 3063 o
808 3010 966 3075 Luci,
1000 3011 1214 3063 dolosis
1245 3011 1356 3064 tuis
1380 3024 1473 3064 me
1500 3026 1731 3077 quoque
1755 3014 2105 3081 imaginibus

503 3099 760 3165 adgredi.
794 3100 944 3152 Bene
969 3100 1111 3151 mihi
1132 3104 1271 3153 nota
1293 3107 1385 3153 est
1408 3102 1552 3153 fides
1580 3107 1696 3167 tua,
1724 3116 1897 3167 quam
1927 3111 2121 3171 prote-

2213 2018 2363 2070 tione
2379 2014 2630 2067 confisus
2648 2014 3037 2065 indesinenter
3051 2014 3361 2064 Dominum
3384 2013 3815 2078 deprecabatur,

2212 2118 2326 2158 non
2360 2108 2423 2156 ut
2465 2104 2761 2155 oculorum
2797 2102 3111 2154 carnalium
3148 2102 3357 2166 visum,
3390 2102 3491 2153 sed
3514 2105 3582 2153 ut
3604 2102 3814 2154 illumi-

2212 2195 2504 2247 nationem
2528 2192 2713 2243 cordis
2729 2190 3023 2255 acciperet.
3040 2190 3315 2243 Miscebat
3337 2196 3533 2242 tamen
3546 2192 3814 2255 precibus

2218 2283 2406 2335 studia
2428 2296 2493 2333 ac
2508 2281 2779 2342 laborem,
2801 2284 2858 2332 et
2871 2282 3045 2345 juges
3068 2282 3544 2344 continuatasque
3566 2280 3812 2345 vigilias,

2215 2385 2335 2426 non
2356 2373 2428 2424 ad
2456 2370 2785 2434 legendum,
2808 2364 2909 2421 sed
2929 2370 3000 2421 ad
3025 2369 3380 2423 audiendum
3402 2370 3739 2432 adhibebat,
3760 2375 3819 2421 ut

2217 2462 2367 2527 quod
2390 2462 2517 2513 aliis
2542 2460 2845 2521 visus,hoc
2866 2459 2944 2511 illi
2963 2460 3505 2511 conferretauditus.
3520 2460 3669 2511 Cum
3690 2471 3817 2511 vero

2216 2555 2347 2616 post
2387 2550 2797 2601 lucubrationis
2830 2549 3082 2600 laborem
3121 2561 3362 2600 somnus
3396 2550 3480 2611 (ut
3507 2548 3635 2600 fieri
3660 2549 3814 2609 solet)

2214 2640 2539 2703 legentibus
2561 2638 2912 2702 advenisset,
2932 2637 3213 2701 Didymus
3230 2639 3520 2689 silentium
3535 2637 3685 2690 illud
3707 2651 3816 2690 non

2214 2730 2288 2781 ad
2306 2729 2574 2792 quietem,
2592 2727 2886 2780 velocium
2904 2727 3104 2778 datum
3115 2727 3349 2791 ducens,
3363 2732 3647 2790 tanquam
3662 2740 3817 2779 mun-

2216 2817 2358 2869 dum
2380 2818 2591 2869 animal
2610 2816 2907 2868 ruminans
2928 2816 3121 2867 cibum
3138 2828 3308 2879 quem
3327 2820 3570 2881 ceperat,
3583 2829 3667 2869 ex
3684 2818 3813 2869 inte-

2214 2920 2316 2971 gro
2344 2906 2668 2966 revocabat,
2708 2911 2765 2956 et
2801 2918 2868 2957 ea
2905 2917 3038 2968 quas
3075 2904 3315 2969 dudum,
3348 2907 3812 2969 percurrentibus

2213 2995 2361 3057 aliis,
2397 3007 2471 3046 ex
2503 2994 2775 3045 librorum
2808 2992 3049 3044 lectione
3073 2996 3438 3057 cognoverat,
3463 2995 3743 3046 memoria
3760 2998 3811 3045 et

2213 3083 2403 3135 animo
2423 3084 2737 3142 retexebat,
2754 3086 2821 3133 ut
2843 3094 2960 3132 non
2977 3085 3092 3133 tam
3108 3081 3360 3145 audisse,
3378 3093 3510 3145 qum
3532 3082 3687 3133 lecta
3700 3081 3811 3133 fue—

506 3194 734 3241 stantur
767 3188 917 3240 servi
944 3189 1043 3240 Dei
1067 3201 1166 3253 per
1187 3189 1417 3243 metalla
1448 3191 1723 3256 damnati,
1756 3170 2017 3259 Episcopi
2052 3196 2111 3249 in
2138 3182 2186 3256 C
2212 3173 2356 3233 mm"
2384 3184 2560 3235 quam
2585 3170 2961 3235 descripSisse
2986 3183 3054 3221 ea
3077 3170 3286 3222 mentis
3317 3182 3440 3222 ⁸⁸³⁵
3474 3170 3705 3235 Ρδείηίδ
3737 3171 3813 3223 Ῡί·

505 3277 745 3329 exilium
777 3277 938 3342 trusi,
977 3278 1316 3343 Presbyteri,
1352 3278 1574 3331 diaconi
1609 3285 1773 3333 extra
1805 3283 2112 3337 Christiani

506 3366 754 3418 nominis
793 3365 1117 3417 habitacula
1150 3368 1403 3431 relegati,
1440 3368 1643 3420 bestiis
1688 3370 1799 3434 alii,
1818 3372 1917 3434 alii
1941 3374 2111 3426 etiam

507 3453 742 3519 ignibus
760 3453 969 3506 traditi.
987 3455 1253 3520 Nunquid
1267 3458 1654 3520 potestverior
1664 3471 1792 3510 esse
1813 3460 1957 3512 fides
1979 3474 2111 3526 qum

508 3542 746 3595 auribus
787 3543 1023 3607 capitur,
1070 3556 1247 3607 quam
1292 3557 1422 3609 quas
1468 3545 1647 3597 oculis
1693 3546 1713 3581 τ
1747 3550 2113 3612 pervidetur?

509 3632 680 3696 Apud
702 3644 796 3683 me
813 3636 1031 3684 certum
1048 3634 1321 3697 est,quo'l
1339 3634 1437 3697 qui
1449 3635 1670 3688 Christo
1687 3639 1838 3689 recte
1849 3640 2109 3706 credunt,

509 3720 623 3772 ista
642 3733 761 3772 non
786 3719 1020 3773 faciunt.
1044 3723 1110 3773 Et
1127 3721 1205 3773 ita
1227 3722 1440 3785 majore
1457 3723 1730 3776 dedecore
1756 3726 2110 3781 deformatus

515 3809 802 3875 (quoniam
826 3811 1169 3875 perurgebat
1187 3812 1505 3863 necessitas
1529 3813 1877 3878 Reipublicae
1900 3831 2111 3871 consu-

508 3898 678 3963 lendi)
706 3898 1041 3964 compulsus
1065 3904 1158 3951 est
1179 3900 1569 3965 adquiescere,
1594 3906 1656 3954 ut
1677 3904 1750 3955 ab
1774 3914 1792 3943 σ
1818 3906 2109 3973 Episcopis

507 4002 654 4055 quos
675 3989 738 4042 in
752 3990 987 4042 exilium
1005 3993 1270 4055 truserat,
1290 3992 1672 4045 sacerdotium
1696 4002 1968 4050 sumeret.
1988 4002 2109 4061 Quo

507 4090 795 4152 suscepto,
819 4090 877 4139 et
895 4087 1083 4152 gentis
1106 4087 1475 4143 ferocissima:
1500 4103 1699 4156 pacem
1723 4093 1926 4155 tenuit,
1953 4098 2013 4148 et
2040 4094 2108 4148 ﬂ-

507 4175 602 4229 dei
633 4174 930 4230 catholica
952 4177 1263 4231 custodivit
1284 4177 1624 4233 intemerata
1644 4182 1949 4236 consortia.

574 4426 592 4450 ·
618 4418 860 4471 Maviam
896 4431 1001 4472 seu
1032 4418 1233 4473 Μανίαν
1274 4424 1484 4473 vocant
1521 4421 1800 4487 Socrates,
1827 4423 2108 4491 Nicepho-

508 4504 641 4584 rus,
674 4492 1026 4584 Epiphanius
1072 4493 1477 4584 Scholasticus.
1521 4497 1869 4584 Slozomenus
1912 4503 2182 4584 autemD

508 4564 731 4620 Μανίαν(
767 4564 1022 4613 Manium
1044 4567 1391 4616 constanter.
1435 4566 1500 4617 In
1542 4567 1934 4619 Guarneriano
1978 4570 2106 4621 cod.

509 4635 696 4685 Mavia
719 4634 1001 4685 scribitur.
1027 4635 1235 4699 Pagius
1257 4636 1329 4686 ad
1353 4648 1488 4688 ann.
1514 4636 1637 4691 372.
1663 4639 1845 4690 refert.
1874 4639 2109 4706 bellum,

509 4718 643 4758 cum
660 4706 955 4757 Saracenis
970 4711 1215 4771 gestum,
1228 4712 1357 4771 post
1371 4709 1669 4760 Athanasii
1681 4714 1876 4762 autem
1887 4713 2111 4765 obitum

510 4789 711 4844 pacem
725 4777 1015 4839 initam,et
1030 4778 1307 4842 Reginam
1325 4781 1609 4832 Mauviam
1624 4782 1696 4832 ad
1714 4781 1921 4833 Christi
1936 4783 2110 4835 fidem

510 4859 867 4902 conversam.
899 4849 1061 4900 Hanc
1096 4861 1203 4913 ego
1246 4851 1443 4903 malim
1477 4852 1661 4904 serius
1700 4857 1757 4905 et
1794 4854 1866 4905 ad
1891 4865 2110 4907 annum

508 4932 694 4985 usque
722 4918 845 4974 374.
870 4918 1113 4973 differre.

571 4994 593 5022 "
632 4992 1023 5058 Guarnerian.,
1041 4993 1396 5059 frequentius,
1440 4998 1499 5047 et
1532 4994 1703 5060 paulo
1738 4997 1869 5061 post
1895 5003 2111 5049 oratam

505 5079 712 5131 pacem,
747 5067 855 5117 etc.

568 5146 587 5167 '
608 5140 735 5189 Duo
762 5135 939 5189 Vatic.
964 5141 1124 5187 notus
1142 5141 1273 5186 erat.
1292 5138 1425 5189 Mox
1436 5138 1807 5193 Guarnerian.
1822 5141 2110 5205 inﬁdeliter

500 5216 885 5277 pugnaverant
910 5221 1013 5273 pro
1036 5208 1341 5272 infeliciter,
1366 5215 1478 5261 etc.

567 5280 589 5310 ⁴
612 5284 817 5344 Antea,
832 5280 1131 5345 ferebatur;
1149 5279 1246 5331 alii
1258 5280 1413 5345 apud
1438 5282 1679 5335 Cacciar.
1693 5296 1831 5336 mss.
1842 5324 1857 5348 ,
1873 5286 2111 5350 confere-

505 5352 684 5405 batur.
709 5353 842 5404 Mox
866 5352 1245 5404 Bononiensis
1270 5354 1587 5417 pugnabant
1612 5369 1711 5421 pro
1728 5358 2109 5421 perurgebant.

568 5436 600 5496 ογ
621 5423 989 5496 Guarnerian.
1029 5422 1100 5473 At
1122 5424 1175 5496 si
1201 5423 1324 5486 tibi;
1350 5430 1408 5478 et
1435 5438 1573 5479 mox
1596 5440 1730 5479 cum
1752 5428 1877 5481 aliis
1904 5429 2110 5496 Vatic.,

509 5493 603 5546 tibi
621 5496 729 5561 ipsi
752 5495 944 5560 magis,
969 5499 1109 5558 etc.;
1145 5494 1390 5562 denique
1424 5499 1557 5548 Tum
1580 5498 1689 5555 itte.
1714 5511 1816 5564 pro
1846 5500 2009 5551 Tunc.

570 5566 590 5603 τ
616 5568 818 5633 ldem.,
842 5565 1066 5617 videtur.
1093 5567 1334 5621 Leviora
1355 5568 1809 5622 dissimulamus.

571 5648 589 5680 ⁸
615 5638 1011 5705 Regio-Vatia
1045 5637 1177 5705 plus
1200 5639 1392 5698 habet,
1421 5646 1481 5691 ut
1513 5639 1772 5691 abductus
1800 5641 1866 5692 ab
1889 5641 2114 5708 Episco-

508 5711 611 5782 pis,
644 5715 753 5769 etc.
788 5713 858 5767 Et
886 5713 1141 5781 proiecto
1173 5716 1338 5768 extra
1359 5710 1766 5769 Alexandriam
1787 5713 2114 5770 ordinatum

2210 3261 2459 3313 deretur.
2474 3262 2577 3312 Ita!
2593 3260 2769 3322 brevi,
2782 3260 2899 3311 Deo
2913 3259 3172 3323 docente,
3185 3259 3245 3310 in
3258 3263 3475 3311 tantam
3484 3259 3809 3312 divinarum

2208 3350 2709 3413 humanarumque
2721 3361 2912 3400 rerum
2928 3348 3305 3401 eruditionem
3320 3361 3387 3400 ac
3404 3348 3709 3401 scientiam
3726 3362 3810 3401 ve—

2208 3441 2313 3502 nit,
2330 3444 2396 3492 ut
2411 3438 2625 3491 scholae
2649 3438 3065 3490 Ecciesiasticae
3089 3439 3298 3490 Doctor
3321 3438 3607 3503 existeret,
3641 3438 3809 3491 Atha-

2208 3529 2370 3581 nasio
2406 3529 2705 3593 Episcopo,
2730 3528 3067 3591 caaterisque
3101 3528 3451 3592 sapientibus
3479 3529 3542 3578 in
3563 3527 3807 3579 Ecclesia

2209 3618 2346 3671 viris
2372 3620 2473 3669 Dei
2497 3617 2810 3669 admodum
2828 3618 3135 3681 probatus:
3154 3617 3256 3669 sed
3272 3622 3330 3669 et
3350 3618 3413 3668 in
3434 3618 3683 3680 cateris,
3699 3617 3806 3668 sive

2209 3708 2328 3760 Dial
2336 3707 2681 3770 ecticm,sive
2693 3708 2807 3758 Geo
2814 3706 3048 3770 metriae,
3061 3706 3445 3784 Astrpnemim
3456 3719 3709 3771 quoque,
3724 3703 3805 3757 vel

2208 3797 2600 3849 Arithmeticaa
2639 3796 2954 3860 disciplinis
2977 3796 3056 3847 ita
3078 3800 3234 3847 esset
3254 3786 3506 3860 paratus,
3532 3801 3601 3848 ut
3619 3794 3802 3847 nullus

2207 3899 2464 3951 unquam
2480 3884 2950 3951 philosophorum
2964 3884 3155 3949 aliqua
3172 3897 3244 3937 ex
3258 3884 3351 3937 his
3373 3886 3595 3937 artibus
3621 3896 3802 3950 propo-

2207 3989 2370 4041 nens,
2416 3975 2671 4029 obtinere
2706 3987 2858 4041 eum,
2895 3976 2987 4028 vel
3027 3974 3367 4027 concludere
3399 3975 3671 4039 quiverit,
3710 3971 3801 4025 sed

2209 4066 2406 4119 statim
2428 4069 2494 4118 ut
2514 4066 2917 4130 responsiones
2933 4065 3061 4129 ejus
3076 4065 3375 4128 acciperet,
3404 4061 3578 4131 278
3606 4062 3801 4128 magis-

2208 4160 2363 4210 trum
2385 4168 2521 4208 eum
2539 4156 2709 4207 etiam
2732 4154 2884 4207 illius
2908 4154 2979 4207 de
3000 4166 3115 4219 qua
3130 4154 3541 4219 proposuisset,
3561 4151 3799 4205 crederet

2206 4245 2737 4312 disciplinmﬂujus
2747 4243 3025 4310 aliquanti
3035 4242 3306 4309 dicta,vel
3315 4242 3693 4296 communiter
3703 4240 3801 4293 dis-

2205 4415 2384 4469 fuisse
2417 4416 2633 4468 Mosem
2667 4415 2727 4467 in
2755 4418 2969 4476 monte,
3004 4414 3076 4467 ad
3102 4425 3273 4478 quem
3296 4411 3584 4464 abductus
3617 4412 3721 4474 est,
3743 4408 3800 4460 ut

2211 4490 2285 4540 ab
2304 4490 2372 4539 iis
2389 4489 2487 4551 qui
2508 4487 2620 4538 illic
2635 4490 2961 4547 exulabant,
2974 4486 3347 4547 ordinaretur,
3365 4485 3536 4536 tradit
3551 4485 3797 4535 Socrates

2212 4561 2308 4613 lib.
2333 4562 2426 4611 IV.
2454 4573 2576 4625 cap.
2604 4560 2689 4614 37.
2717 4560 2849 4623 (non
2878 4558 2960 4612 ‘29.
2994 4564 3060 4609 ut
3091 4557 3231 4610 fulSO
3254 4556 3575 4608 Cacciarius
3598 4554 3794 4613 notat);

2210 4633 2382 4685 tradit
2405 4636 2463 4683 et
2494 4635 2845 4683 Sozomenus
2868 4630 2964 4680 lib.
2999 4631 3091 4680 Vl.
3119 4641 3241 4693 cap.
3263 4630 3353 4682 38.
3377 4631 3593 4693 rejecto
3618 4625 3793 4685 Lucio,

2207 4706 2428 4756 Mosem
2458 4703 2531 4754 ad
2566 4703 2878 4767 Episcopos
2902 4700 2963 4751 in
2983 4700 3154 4752 exilio
3178 4703 3454 4763 degentes
3478 4698 3792 4767 deductum.

2206 4780 2398 4840 Atque
2440 4774 2500 4825 hi
2528 4762 3117 4835 quidem—Scriptores
3150 4762 3439 4833 Rufinum,
3466 4772 3530 4820 ut
3554 4770 3696 4820 alias
3730 4762 3793 4815 ad

2205 4847 2369 4910 verti,
2400 4847 2594 4898 Greece
2618 4844 2908 4897 exhibent.
2940 4846 3006 4895 In
3031 4843 3143 4895 fine
3171 4842 3536 4895 Guarnerian.
3560 4853 3688 4901 ms.,
3710 4850 3794 4902 pa-

2206 4936 2317 4975 cem
2340 4917 2589 4979 obtinuit,
2613 4921 2669 4967 et
2691 4916 2997 4965 custodiunt
3024 4915 3344 4963 intemerata
3364 4913 3652 4963 consortia.

2270 4994 2292 5024 ³
2325 4994 2392 5044 In
2407 4988 2810 5049 Guarneriano,
2831 5001 3078 5037 accensus
3093 5002 3112 5047 ;
3130 4991 3255 5039 tum
3279 4984 3671 5046 Bononiensis,
3694 4980 3793 5029 licet

2206 5068 2417 5117 instans
2448 5075 2629 5111 cursu.
2668 5062 2752 5112 De
2780 5060 3024 5124 Dilymo
3059 5064 3177 5111 tam
3205 5064 3264 5110 et
3288 5057 3382 5110 alii
3413 5055 3596 5108 multa
3623 5060 3679 5107 et
3698 5062 3791 5105 nos

2207 5139 2481 5198 diximus,
2506 5132 2756 5184 maxime
2771 5133 2843 5183 ad
2866 5134 3277 5196 Hieronymum
3303 5129 3420 5195 (qui
3441 5141 3521 5204 eo_
3536 5126 3791 5204 magistro

2204 5210 2502 5279 gloriatur,
2516 5204 3006 5270 quemadmodum
3021 5209 3079 5256 et
3093 5203 3351 5267 Ruﬁnus)
3369 5208 3433 5255 ut
3446 5201 3695 5253 otiosum
3708 5199 3787 5255 sit,

2208 5283 2410 5337 eadem
2444 5279 2734 5343 replicare.

2271 5358 2283 5386 ί
2310 5352 2672 5412 Bononiens.,
2699 5346 3184 5412 inﬂammabatur;
3209 5346 3380 5411 paulo
3398 5343 3785 5412 postexGuarj

2205 5426 2442 5480 neriano
2457 5422 2643 5486 cupita
2657 5406 2902 5484 legimus
2926 5432 3026 5484 pro
3048 5406 3308 5485 capitam,
3329 5406 3537 5471 utlibri
3558 5415 3649 5469 alii
3669 5406 3783 5466 editi

2210 5510 2376 5564 usque
2393 5509 2459 5547 ac
2489 5505 2632 5546 mss.
2650 5492 2979 5564 praeferunt.

2269 5556 2613 5621 I'Cacciarius
2627 5556 2838 5629 aliique
2854 5563 3071 5629 vulgati
3083 5563 3433 5617 interserunt
3442 5561 3507 5613 in
3520 5556 3778 5638 vocalem:

2210 5653 2386 5708 quam
2420 5637 2603 5692 nostri
2645 5650 2787 5690 mss.
2817 5639 3105 5703 ignorant.
3141 5640 3275 5693 Mox
3303 5652 3406 5708 pro
3433 5636 3781 5689 Ecclesiasticx

2210 5714 2349 5782 legit
2372 5713 2635 5768 Barrmus
2655 5709 2916 5766 Ecclesiae.
