3900 6420
43 414 161 473 517
898 422 1238 480 HISTORIA
1292 429 1857 486 ECCLESIASTICA.
1917 434 2127 490 LIBER
2185 388 2578 496 SECUNDUS:
3277 442 3382 504 518

45 531 397 594 putata,vel
414 534 865 597 proponentibus
883 549 1176 603 responsa,
1195 540 1465 594 adhibitis
1482 546 1688 593 notariis
1701 547 1755 621 Α
1784 545 1900 598 imo
1912 547 2126 612 aliquid
2148 549 2338 602 laetius
2363 553 2698 618 Gregorium
2713 555 2880 607 nobis
2893 569 3025 608 cum
3038 558 3244 611 Basilio
3255 573 3382 624 ger-

44 619 460 684 descripsere:
479 634 611 685 qua:
624 623 794 674 etiam
820 637 976 677 nunc
999 627 1058 678 in
1081 640 1292 694 magna
1309 631 1683 686 admiratione
1710 619 1754 621 II
1782 636 2042 688 minavit.
2069 639 2224 691 Tulit
2262 641 2438 705 igitur
2461 647 2516 694 et
2540 643 2664 707 ipsa
2700 644 3018 697 multorum
3044 647 3381 701 Sanctorum

46 707 382 806 hfibentuf-
404 711 530 806 _N03
546 714 738 806 tam?“
759 714 856 776 (Illi
875 719 931 765 ει
951 714 1101 768 νίνω
1121 717 1278 768 νοοῖε
1295 718 1422 782 eius
1438 732 1510 772 ex
1525 723 1682 785 Parte
1782 737 2030 796 segetem
2049 736 2190 786 satis
2207 736 2311 800 [AL
2328 738 2598 803 satisque]
2616 739 2825 802 lectam,
2844 741 3114 805 produxit
3127 747 3377 806 copiosam

44 797 263 861 aliqua
292 806 311 826 ·
335 797 553 849 fuimus
574 799 947 864 auditores,et
969 815 1037 855 ea
1061 816 1191 868 qua:
1211 818 1244 857 a
1269 809 1562 860 nonnullis
1596 809 1652 860 di

1779 822 2004 886 piorum
2023 825 2270 887 vineam,
2287 827 2568 879 olivarum
2594 842 2826 893 quoque
2842 831 3069 883 Domini
3080 836 3380 894 germinavit

46 891 233 939 cente
268 899 342 938 eo
362 885 648 951 descripta
663 887 928 951 legimus,
951 889 1122 956 longe
1142 907 1415 958 majorem
1438 897 1678 961 gratiam

45 983 107 1029 et
135 976 427 1028 divinum
451 977 646 1028 nescio
669 977 827 1042 quid,
853 991 920 1030 ac
945 993 1119 1045 supra
1134 981 1447 1036 humanam
1478 999 1676 1040 vocem

51 1079 313 1128 sonans,
342 1066 401 1116 in
429 1064 541 1116 illis
564 1066 750 1130 magis
774 1069 1156 1135 sermonibus,
1180 1073 1277 1135 qui
1295 1073 1363 1125 de
1379 1087 1474 1126 ore
1493 1073 1676 1139 ipsius

44 1155 892 1220 proferebantur,agnovimus.
915 1159 1082 1210 Hunc
1099 1160 1271 1213 etiam
1289 1163 1493 1215 beatus
1506 1167 1677 1218 Anto~

43 1246 190 1298 nius
204 1257 349 1297 cum
367 1243 498 1296 ﬁdei
510 1246 809 1297 Athanasii
823 1247 1214 1301 testimonium
1225 1250 1464 1315 laturus,
1479 1253 1676 1306 adver-

44 1346 187 1386 sum
225 1335 474 1385 Arianos
497 1332 901 1386 debThebaide
912 1336 1316 1390 Alexandriam
1342 1341 1675 1395 descendis-

46 1421 502 1486 set,magniﬁcis
519 1423 849 1475 consolatus
866 1430 956 1477 est
968 1427 1186 1479 verbis:
1205 1427 1355 1481 Nihil
1371 1433 1448 1492 te,
1464 1431 1668 1498 inquit,

46 1510 339 1572 oﬁ'endat,
368 1523 402 1562 o
428 1509 685 1574 Didyme,
713 1512 866 1576 quod
911 1514 1235 1568 carnalibus
1258 1518 1438 1571 oculis
1464 1519 1669 1574 videris

47 1599 323 1651 orbatus.
349 1600 569 1651 Desunt
593 1599 744 1651 enim
772 1600 872 1652 tibi
896 1603 1044 1654 oculi
1063 1603 1160 1659 illi.
1184 1617 1332 1669 quos
1372 1620 1585 1672 mures,
1612 1614 1668 1661 et

43 1700 302 1748 muscae,
327 1692 384 1740 et
405 1687 632 1740 lacertas
668 1688 900 1741 habent.
942 1692 1051 1743 Sed
1083 1693 1294 1755 laetare,
1331 1696 1464 1760 quia
1483 1697 1663 1750 habes

45 1778 259 1830 oculos
285 1789 433 1841 quos
459 1777 660 1842 Angeli
690 1777 922 1842 habent,
945 1784 1000 1831 et
1020 1782 1232 1845 quibus
1259 1785 1412 1836 Deus
1439 1786 1663 1838 videtur

41 1879 148 1932 per
171 1878 327 1931 quos
351 1865 454 1917 tibi
478 1877 751 1931 magnum
769 1868 1023 1921 scientiae
1040 1869 1234 1923 lumen
1247 1874 1594 1928 accenditur.

653 1984 884 2037 CAPUT
920 1986 1063 2038 VIII.

109 2070 255 2131 Quot
269 2085 339 2122 ex
361 2071 640 2137 discipulis
661 2075 892 2123 Antonii
920 2076 1080 2124 eliam
1098 2081 1224 2126 tunc
1245 2078 1306 2127 in
1321 2094 1491 2130 eremo
1515 2081 1664 2131 habi-

336 2161 589 2223 tantibus,
631 2162 846 2213 virtutes
868 2169 913 2213 et
936 2165 1097 2229 signa
1123 2166 1362 2229 fecerint.

105 2275 377 2329 Florebat
391 2277 565 2342 igitur
581 2279 861 2343 Egyptus
878 2292 944 2331 ea
962 2285 1316 2349 tempestate,
1335 2299 1453 2339 non
1470 2290 1658 2344 solum

41 2367 295 2418 eruditis
319 2367 378 2417 in
392 2366 707 2418 Christiana
723 2367 1082 2433 philosophia
1101 2373 1253 2434 viris,
1271 2388 1472 2428 verum
1485 2380 1658 2433 etiam

53 2455 145 2506 his
160 2454 374 2518 quiper
389 2453 451 2518 [A
461 2454 494 2506 ι.
509 2456 700 2520 super]
722 2459 944 2508 vastam
958 2474 1176 2508 eremum
1204 2472 1656 2532 commanentes,

46 2544 223 2609 signa
233 2543 587 2608 etprodigiac
600 2546 927 2609 Apostolica
939 2548 1299 2612 simplicitate
1316 2554 1659 2615 vitae,etcor-

43 2633 141 2685 dis
165 2633 494 2685 sinceritate
516 2634 811 2686 faciebant.
832 2637 914 2687 Ex
931 2637 1377 2700 quibusinterim
1395 2656 1541 2708 quos
1555 2649 1655 2708 ipsi

41 2723 306 2775 vidimus
331 2724 388 2774 et
411 2734 654 2786 quorum
674 2723 931 2776 benedici
956 2727 1224 2779 manibus
1246 2733 1583 2799 meruimus,
1603 2741 1654 2786 hi

42 2811 495 2874 sunt,lt-lacarius
508 2810 578 2862 de
593 2813 866 2875 superiori
882 2816 1244 2878 ereino,alius
1256 2818 1277 2847 τί
1289 2821 1567 2874 Macarius
1583 2824 1653 2878 de

42 2899 318 2963 inferiori,
341 2899 592 2951 Isidorus
604 2900 661 2952 in
678 2907 782 2965 Sey
790 2901 849 2964 ti,
866 2904 1114 2955 Pambus
1127 2906 1182 2956 in
1201 2907 1447 2972 Cellulis,
1463 2915 1652 2974 Moyses

49 2994 112 3041 et
136 2988 434 3053 Benjamin
456 2989 516 3040 in
538 2990 731 3052 Nitria,
747 2992 1282 3055 Scyrion'etHelias
1294 3001 1573 3053 etPaulus
1594 3004 1652 3056 in

49 3079 330 3144 Apeliote,
356 3077 502 3130 alius
536 3078 744 3131 Paulus
776 3081 836 3132 in
866 3082 1049 3148 Focis,
1092 3085 1320 3138 Pcemcn
1352 3091 1407 3140 et
1435 3091 1652 3156 Joseph

57 3163 236 3236 279
267 3167 327 3218 in
346 3166 559 3232 Pispiri,
576 3168 676 3231 qui
691 3171 1080 3234 appellabatur
1097 3186 1264 3226 mons
1281 3179 1533 3231 Antonii.
1551 3181 1657 3232 Sed
1684 3192 1733 3267 ρ

50 3262 112 3310 et
134 3257 281 3308 alios
311 3257 678 3321 quamplures
701 3259 1104 3323 hujuscemodi
1133 3263 1291 3316 viros
1328 3266 1389 3318 in
1428 3270 1656 3334 zEgypti

50 3346 318 3412 partibus
328 3346 600 3408 habitare,
619 3347 771 3400 ﬁdeli
791 3351 1178 3415 comperimus
1193 3355 1415 3421 auditu,
1441 3363 1508 3410 ut
1524 3371 1657 3411 vere

53 3435 439 3500 compleretur
456 3437 716 3501 Apostoli
741 3437 962 3490 dictum
991 3453 1004 3491 :
1033 3439 1052 3474 τ
1088 3443 1230 3500 Quia
1252 3443 1656 3498 ubiabundavit

49 3529 350 3589 peccatum,
372 3524 832 3589 superabundavit
851 3534 896 3577 et
931 3531 1115 3592 gratia
1140 3532 1412 3598 (Rom.5.).
1442 3537 1658 3592 Habuit

53 3618 255 3666 autem
279 3627 378 3678 per
412 3614 563 3668 idem
593 3618 819 3681 tempus
849 3619 1023 3670 etiam
1049 3621 1460 3687 Mesopotamia
1499 3627 1656 3681 viros

54 3703 300 3768 nobiles,
313 3703 516 3757 iisdem
532 3705 740 3758 studiis
752 3705 1044 3768 pollentes.
1063 3713 1315 3773 Quorum
1328 3714 1656 3779 aliquantos

54 3794 168 3860 ipsi
195 3806 297 3860 per
319 3807 426 3846 nos
441 3795 594 3860 apud
621 3796 895 3849 Edessam
917 3797 1021 3861 [Αι.
1048 3801 1333 3868 Edissam]
1355 3809 1415 3857 et
1435 3806 1497 3857 in
1523 3808 1656 3860 Car-

56 3896 254 3937 rarum
276 3885 530 3949 partibus
547 3885 815 3953 vidimus,
834 3887 1024 3954 plures
1039 3894 1240 3945 autem
1254 3893 1546 3949 auditione
1569 3897 1656 3950 di-

59 3973 327 4028 dicimus.

673 4075 904 4130 CAPUT
938 4078 1037 4130 IX.

150 4161 228 4214 De
259 4161 507 4229 Gregorio
551 4169 598 4216 et
629 4166 836 4217 Basilio
871 4167 1220 4233 Cappadociae
1257 4169 1558 4239 Episcopis.

121 4277 231 4331 Sed
261 4283 460 4333 neutra
482 4279 687 4333 barum
717 4281 1103 4337 infmcundior
1134 4286 1489 4351 Cappadocia
1525 4289 1653 4356 fuit,

123 4405 142 4426 ·
177 4395 352 4474 Aliter
384 4398 824 4465 Guarnerianus,
857 4415 1084 4467 sumus;
1110 4406 1168 4456 et
1190 4417 1346 4470 mox,
1390 4405 1654 4474 descripta

57 4472 204 4529 sunt,
242 4468 478 4532 tegimus.

121 4541 144 4570 δ
167 4540 552 4605 Bononiensis,
577 4557 613 4591 a
642 4543 929 4598 Thebaida.
979 4547 1182 4599 Confer
1205 4549 1357 4602 hanc
1382 4550 1452 4602 de
1474 4552 1653 4603 Anto-

58 4612 156 4665 nio
173 4613 655 4685 narratiunculam
672 4628 805 4666 cum
829 4617 1163 4683 Hieronymi
1184 4622 1436 4685 Epistola
1450 4623 1510 4673 in
1525 4636 1655 4674 nos-

60 4689 148 4736 tra
163 4683 486 4736 recensione
499 4685 746 4752 LXVIII,
757 4687 830 4738 ad
842 4691 1200 4742 Castrucium
1218 4683 1355 4744 num
1366 4731 1378 4743 .
1393 4692 1445 4747 ‘2.
1461 4696 1526 4745 In
1541 4697 1654 4747 ﬁne

60 4755 320 4821 legimus,
341 4760 387 4804 et
409 4754 600 4820 quibus
618 4757 772 4821 Deus,
787 4763 914 4823 etc.,
933 4773 1067 4812 cum
1089 4775 1202 4814 ms.
1227 4765 1654 4826 Guarneriano.,

61 4841 162 4893 pro
183 4840 295 4892 quo
306 4829 582 4884 hactenus
604 4828 819 4882 lectum
842 4836 949 4895 est,
974 4849 1000 4881 ε
1023 4834 1234 4899 quibus,
1261 4841 1366 4889 etc.
1386 4838 1531 4889 Tum
1555 4839 1658 4891 Bo-

60 4901 373 4962 noniensis,
402 4915 503 4965 pro
536 4916 643 4965 quo
667 4915 768 4967 pro
788 4918 887 4968 per
908 4920 1060 4968 quos.

121 4979 141 5002 ⁸
174 4972 348 5044 Idem,
388 4976 436 5044 et
455 4973 735 5044 prodigia
756 4977 1065 5036 Apostoticae
1097 4977 1231 5044 vita,
1257 4985 1303 5030 et
1327 4980 1503 5031 cordis
1524 4980 1656 5031 sim-

61 5043 287 5110 plicitate
307 5042 592 5108 faciebant.

125 5114 151 5190 δέ
179 5115 342 5190 Apud
353 5115 966 5190 Qacciariumaliusquc
989 5132 1003 5184 ;
1033 5125 1176 5186 tum,
1191 5122 1253 5171 de
1269 5123 1538 5189 interiori,
1553 5137 1653 5190 pro

64 5187 345 5261 inferiori.
379 5186 608 5261 Dictum
631 5189 702 5241 de
736 5191 963 5243 duobus
988 5194 1249 5245 Macariis
1290 5208 1480 5261 supra,
1516 5186 1574 5248 et
1594 5198 1656 5249 in

65 5259 310 5315 Historia
333 5259 742 5313 Monachorum
767 5275 886 5327 cap.
914 5263 1000 5318 ‘28.
1026 5267 1107 5316 De
1129 5259 1584 5329 reliquis—confer
1607 5269 1656 5321 si

64 5334 216 5387 lubet
237 5331 620 5396 Rosweydum
637 5333 696 5385 in
713 5334 860 5387 Vitis
877 5336 1124 5401 Patrum,
1147 5350 1332 5403 neque
1355 5343 1510 5392 enim
1529 5339 1656 5394 haec

64 5405 321 5473 persequi
340 5405 508 5456 nobis
536 5409 720 5458 vacat.

123 5487 142 5510 ⁶
167 5475 338 5530 Valde
353 5488 570 5542 vereor,
595 5489 669 5529 ne
692 5477 1050 5532 librariorum
1078 5480 1306 5535 inscitia
1329 5486 1654 5545 depravatum

66 5562 269 5604 nomen
289 5547 397 5601 hoc
421 5549 513 5621 sit,
533 5552 702 5614 cujus
719 5552 1109 5616 suspicionem
1133 5555 1255 5607 vitii
1277 5561 1455 5621 auget
1481 5558 1657 5609 Bono-

69 5621 277 5677 niensis
311 5633 418 5673 ms.
438 5619 606 5674 lectio
623 5622 884 5689 Quirtori,
909 5625 982 5676 ab
1004 5626 1286 5692 impressa
1302 5619 1654 5693 Sc'yrionim-

69 5697 535 5768 maneiquantum
553 5694 798 5748 diversa.
825 5698 988 5768 Certe
1003 5712 1108 5752 nec
1131 5701 1414 5766 Socrates,
1439 5701 1536 5766 qui
1559 5715 1657 5768 per

71 5767 253 5822 Ruﬁni
263 5765 502 5832 vestigia
521 5765 736 5820 incedit
748 5768 810 5822 in
824 5767 915 5822 his
927 5781 1156 5836 quoque
1179 5765 1442 5826 Patribus
1458 5765 1657 5827 Mona-

75 5840 302 5899 chorum
330 5839 720 5908 recensendis,
743 5853 852 5898 nec
873 5843 1226 5902 Sozomenus
1249 5845 1350 5914 qui
1371 5844 1471 5903 lib.
1504 5847 1600 5901 VI.
1621 5858 1658 5902 a

1778 911 2081 964 novellam.
2109 913 2218 966 Sed
2252 914 2347 966 isti
2371 917 2656 983 prmcipue
2693 918 2846 970 velut
2874 919 2989 972 duo
3014 921 3114 971 ﬁlii
3137 922 3377 986 pingue-

1780 998 1949 1059 dinis,
1969 1002 2306 1054 assistenter
2317 1004 2552 1056 dextera
2564 1004 2824 1070 laevaque
2841 1008 3194 1072 candelabro,
3219 1013 3375 1060 instar

1781 1086 1798 1152 [
1802 1088 1843 1136 Α
1853 1087 1886 1138 ι.
1905 1089 2182 1155 allinstar]
2205 1092 2449 1144 duorum
2465 1093 2594 1145 coeli
2610 1095 2978 1148 luminarium
2992 1098 3368 1163 refulgebant.

1775 1177 1934 1230 Unde
1958 1178 2199 1244 dignum
2231 1186 2368 1244 puto
2400 1181 2472 1234 de
2512 1182 2602 1234 his
2647 1197 2831 1248 pauca
2880 1198 3053 1250 supra
3095 1191 3372 1251 repetere-

1773 1267 1960 1318 Ambo
1984 1267 2223 1332 nobiles,
2247 1270 2416 1321 ambo
2428 1268 2670 1323 Athenis
2692 1272 2916 1336 eruditi,
2943 1274 3113 1325 ambo
3137 1274 3370 1340 collegaa

1770 1354 1940 1405 ambo
1975 1355 2046 1406 de
2073 1356 2353 1409 auditorio
2375 1357 2618 1422 digressi
2642 1359 2714 1411 ad
2739 1361 3119 1426 proﬁtendam
3159 1363 3372 1416 Rheto-

1769 1443 1941 1497 ricam
1967 1445 2331 1509 rogabantur.
2347 1447 2510 1509 Quod
2522 1460 2666 1512 opus
2678 1449 2982 1514 magniﬁce
3009 1451 3242 1514 quidem
3265 1453 3368 1504 im-

1770 1530 1964 1596 plebat
1986 1533 2248 1593 Basilius,
2274 1535 2579 1597 Gregorius
2600 1549 2732 1588 vero
2747 1539 3207 1602 magniﬁcentius
3232 1553 3368 1592 con-

1770 1623 2078 1674 temnebat.
2105 1623 2323 1687 Quique
2344 1637 2476 1675 cum
2503 1637 2563 1676 se
2583 1629 2764 1676 totum
2788 1628 2885 1678 Dei
2901 1628 3135 1680 servitio
3152 1631 3366 1682 manci-

1766 1715 1978 1775 passet,
2009 1714 2232 1763 tantum
2257 1713 2327 1764 de
2341 1713 2779 1778 collegaaamore
2805 1718 3155 1781 praesumsit,
3183 1722 3249 1769 ut
3271 1731 3363 1770 se-

1765 1799 1994 1851 dentem
2028 1800 2316 1862 Basilium,
2352 1801 2424 1853 de
2456 1801 2704 1854 doctoris
2736 1805 3006 1857 cathedra
3037 1805 3359 1871 deponeret,

1684 1871 1737 1944 B
1764 1901 1830 1939 ac
1848 1902 2043 1940 secum
2060 1890 2130 1940 ad
2151 1891 2562 1942 monasterium
2581 1905 2754 1944 manu
2778 1892 2990 1958 injecta
3008 1895 3358 1960 perduceret,

1761 1976 1954 2040 ibique
1976 1990 2077 2041 per
2098 1989 2281 2029 annos
2308 1978 2448 2042 (utai
2459 1979 2575 2043 unt)
2605 1981 2895 2043 tredecim,
2913 1983 3181 2036 omnibus
3207 1985 3359 2038 Gree-

1760 2078 1958 2117 corum
1988 2074 2006 2104 σ
2038 2065 2399 2119 saecularium
2442 2067 2602 2120 libris
2653 2071 2907 2135 remotis,
2954 2072 3091 2124 solis
3151 2073 3364 2130 divinae

1760 2155 2070 2219 Scriptura;
2111 2155 2500 2209 voluminibus
2533 2170 2763 2222 operam
2787 2159 3022 2225 dabant,
3047 2174 3361 2228 earumque

1756 2243 2211 2308 intelligentiam,
2231 2259 2350 2296 non
2371 2259 2442 2297 ex
2470 2247 2694 2310 prOpria
2717 2251 3146 2313 praesumtione,
3166 2254 3267 2305 sed
3285 2267 3359 2306 ex

1757 2333 2042 2398 maiorum
2068 2333 2293 2398 scriptis
2317 2339 2373 2387 et
2393 2337 2729 2388 auctoritate
2755 2339 3142 2400 sequebantur
3165 2355 3178 2392 :
3211 2355 3357 2406 quos

1757 2426 1816 2472 et
1838 2422 1994 2485 ipsos
2023 2421 2126 2484 [Αι.
2141 2427 2197 2473 et
2220 2422 2362 2488 ipsa]
2391 2436 2462 2475 ex
2502 2425 2830 2488 Apostolica
2866 2429 3231 2482 successione
3264 2432 3357 2483 in-

1756 2510 2046 2574 telligendi
2072 2513 2328 2574 regulam
2363 2515 2694 2579 suscepisse
2722 2518 3041 2569 constabat.
3099 2521 3354 2581 Quorum

1753 2601 2044 2665 praecipue
2066 2600 2126 2651 in
2155 2601 2462 2666 Prophetas
2482 2602 2586 2668 (At.
2599 2605 2947 2670 prophetias]
2974 2613 3355 2660 commentarios

1752 2688 2149 2750 discutientes,
2176 2687 2478 2741 thesauros
2503 2691 2798 2754 sapientiae
2819 2696 2876 2744 et
2893 2694 3144 2746 scientiae
3167 2708 3356 2748 recon-

1753 2777 1904 2830 ditos
1936 2777 1993 2828 in
2018 2779 2176 2829 vasis
2201 2778 2473 2830 lictilibus
2495 2781 2914 2844 perquirehant.
2947 2781 3118 2851 280
3144 2787 3354 2840 Verum

1752 2880 1884 2918 cum
1896 2867 2019 2931 jam
2043 2866 2153 2931 ipsi
2176 2866 2524 2920 sufﬁcienter
2545 2869 2810 2922 instructi
2837 2872 3042 2924 Divina
3063 2875 3353 2939 dispensa-

1751 2957 1906 3010 tione
1942 2956 2015 3007 ad
2045 2956 2390 3009 imbuendos
2430 2958 2674 3022 populos
2713 2966 3072 3025 vocarentur,
3116 2967 3172 3015 et
3205 2962 3352 3018 alius

1746 3044 1858 3097 alio
1882 3045 2170 3106 itinere,ad
2196 3044 2348 3096 idem
2368 3051 2563 3098 tamen
2586 3060 2730 3112 opus
2755 3052 2994 3113 uterque
3013 3053 3353 3114 traheretur,

1762 3132 2006 3184 Basilius
2043 3133 2204 3185 I'onli
2238 3134 2407 3185 urbes
2442 3138 2502 3186 et
2546 3148 2678 3186 rura
2709 3137 3075 3200 circumiens,
3122 3139 3354 3194 desides

1763 3221 1949 3286 gentis
1970 3221 2122 3273 illius
2137 3221 2360 3274 animos
2376 3226 2433 3274 et
2455 3235 2656 3287 parum
2673 3224 2743 3276 de
2761 3238 2861 3290 spe
2878 3225 3072 3278 futura
3088 3229 3359 3282 sollicitos

1758 3311 2051 3364 stimulare
2081 3311 2294 3373 verbis,
2329 3315 2386 3363 et
2418 3312 2824 3375 praedicatione
2849 3317 3212 3379 succendere,
3236 3321 3354 3371 cal-

1755 3399 1991 3463 lumque
2040 3400 2113 3450 ab
2158 3399 2249 3450 his
2283 3399 2473 3465 longa)
2505 3401 2871 3466 negligentia
2904 3407 3080 3470 capit
3107 3408 3353 3470 abolere,

1756 3490 2117 3555 subegitque,
2158 3489 2398 3554 abjectis
2429 3489 2690 3543 inanium
2721 3505 2911 3545 rerum
2938 3499 2995 3546 et
3018 3496 3360 3551 secularium

1755 3579 1926 3640 curis,
1953 3578 2166 3630 suimet
2186 3578 2453 3631 notitiam
2471 3581 2736 3646 recipere,
2767 3581 2826 3634 in
2840 3597 3017 3635 unum
3039 3585 3209 3645 coire,
3236 3600 3360 3640 mo-

1753 3666 2007 3718 nasteria
2028 3672 2375 3731 construere,
2408 3669 2664 3734 psalmis,
2703 3675 2760 3722 et
2793 3671 3044 3736 hymnis,
3069 3677 3125 3725 et
3148 3676 3358 3728 oratio-

1755 3755 1928 3808 nibus
1942 3755 2138 3807 docuit
2154 3769 2373 3817 vacare,
2389 3769 2708 3822 pauperum
2725 3773 2922 3812 curam
2938 3765 3358 3828 gerere,eisque

1756 3844 2081 3897 habitacula
2101 3844 2365 3910 honesta,
2393 3848 2452 3898 et
2474 3860 2606 3910 quas
2648 3849 2720 3898 ad
2765 3849 2985 3901 victum
3031 3855 3358 3908 necessaria

1757 3938 1911 3996 sunt,
1934 3933 2208 3998 praebere,
2228 3934 2476 3998 virgines
2492 3936 2810 4002 instituere,
2827 3938 3096 4002 pudicam
3112 3946 3358 3994 castam-

1756 4036 1869 4089 que
1900 4023 2082 4077 vitam
2106 4023 2377 4075 omnibus
2405 4037 2551 4089 pene
2573 4025 3008 4078 desiderabilem
3037 4029 3235 4082 facere.
3271 4033 3358 4085 Ita

1755 4115 1914 4167 brevi
1945 4119 2267 4180 permutata
2304 4115 2394 4166 est
2437 4114 2612 4166 totius
2634 4115 2951 4179 provinciae
2975 4118 3167 4182 facies,
3207 4125 3273 4172 ut
3297 4121 3360 4173 in

1753 4205 1912 4257 arido
1946 4208 2004 4257 et
2028 4202 2314 4268 squalenti
2337 4215 2538 4268 campo
2562 4204 2849 4257 videretur
2871 4219 3038 4271 seges
3064 4208 3356 4276 facunda,

1753 4308 1820 4348 ac
1852 4295 1987 4348 laeta
2013 4294 2184 4346 vinea
2219 4293 2558 4346 surrexisse.
2609 4295 2914 4360 Gregorius
2960 4309 3098 4350 vero
3137 4299 3357 4352 bonum

1752 4425 1857 4478 cap
1900 4409 1988 4466 23.
2012 4411 2100 4463 ad.
2126 4407 2212 4466 35.
2232 4413 2536 4464 sexcentos
2559 4410 2630 4464 de
2648 4412 2884 4465 nomine
2905 4412 3124 4477 laudat,
3143 4427 3360 4469 eorum-

1754 4499 1866 4550 que
1882 4490 2074 4536 narrat
2087 4487 2404 4553 insigniora
2421 4488 2600 4548 gesta,
2615 4497 2720 4534 nec
2732 4485 2978 4548 denique
2994 4487 3355 4550 Rosweydus

1679 4570 1736 4644 ι)
1762 4562 1879 4609 ιοιο
1898 4557 2044 4644 libro
2067 4557 2311 4644 devius
2332 4555 3044 4644 Persaeus???“
3069 4558 3356 4644 ξσξιῑίοιιίε

1762 4628 2110 4683 mentionem
2138 4630 2368 4682 faciunt.
2397 4627 2503 4690 Qui
2527 4630 2788 4689 sequitur
2811 4628 3047 4692 Ρωνηοη,
3071 4631 3132 4680 in
3163 4632 3356 4684 Bono-

1755 4700 1940 4760 niensi
1965 4713 2071 4753 ms.
2108 4701 2320 4766 Pymcn
2351 4698 2685 4766 appellatur,
2723 4699 2943 4751 vitiose.
2999 4701 3160 4754 Idem
3183 4705 3353 4768 paulo

1755 4778 1890 4844 post
1912 4774 2055 4822 viros
2089 4777 2254 4825 tacet.

1815 4847 1834 4878 ι
1865 4844 2076 4898 Eadem
2107 4849 2198 4896 est
2224 4843 2412 4897 Nostri
2430 4843 2489 4894 in
2501 4840 2700 4894 Histor
2733 4842 3143 4896 Monachorum
3161 4858 3283 4912 cap.
3302 4846 3354 4901 7.

1753 4922 1885 4972 ante
1916 4916 2172 4968 medium
2202 4918 2500 4978 sententia,
2527 4915 2589 4965 in
2610 4927 2735 4966 eam
2747 4928 2858 4979 que
2879 4929 3000 4967 rein
3029 4916 3183 4969 idem
3217 4924 3356 4971 Scri-

1753 4997 1958 5058 pturaa,
1985 5000 2117 5052 qua:
2140 4989 2268 5041 heic
2289 4989 2574 5050 laudatur,
2599 5000 2761 5038 usus.
2786 4989 2929 5038 Mihi
2956 4990 3170 5039 videtur
3191 4993 3355 5041 etiam

1753 5061 1994 5128 Apostoli
2031 5062 2233 5109 dictum
2279 5061 2340 5110 in
2383 5061 2458 5110 eis
2509 5074 2612 5108 esse
2661 5061 2977 5123 completum
3003 5076 3025 5110 :_
3067 5063 3218 5120 Quod
3264 5063 3354 5112 ubi

1753 5132 2052 5185 abundavit
2080 5137 2374 5196 peccatum,
2408 5131 2483 5180 ibi
2517 5131 2981 5192 superabundavit
3003 5134 3202 5195 gratia.
3231 5134 3353 5186 I—Ioo

1756 5206 2080 5259 testimonio
2105 5203 2538 5255 Guarneriarius
2563 5204 2669 5254 Ms.
2695 5209 2868 5266 caput
2890 5202 2940 5255 8.
2967 5206 3269 5270 concludit,
3295 5211 3352 5257 et

1753 5290 1975 5331 nonum
2002 5277 2076 5327 ab
2098 5275 2534 5338 insequentibus
2559 5276 2767 5338 verbis,
2792 5274 2996 5324 Habuit
3017 5282 3215 5341 autem,
3241 5281 3349 5328 etc.

1753 5349 2066 5404 exorditur.

1817 5431 1835 5462 ι
1867 5424 1935 5473 In
1958 5417 2344 5472 Guarneriano
2367 5431 2474 5470 ms.
2507 5417 2859 5481 scholarium,
2901 5431 3032 5482 quas
3078 5433 3184 5472 nec
3227 5420 3352 5486 ipsa

1755 5491 2174 5547 contemnenda
2195 5491 2359 5542 lectio
2382 5495 2487 5542 est.
2514 5493 2643 5541 Mox
2667 5492 3038 5542 Bononiensis
3061 5507 3354 5557 eorumque

1755 5565 2095 5631 diligentiam
2115 5577 2214 5629 pro
2230 5562 2658 5627 intelligentiam.
2678 5563 2838 5626 Quod
2860 5567 3120 5628 sequitur
3139 5580 3353 5620 nomen

1753 5639 1984 5706 prapr-ia
2016 5639 2332 5692 Cacciarius
2365 5645 2567 5693 contra
2597 5655 2738 5692 mss.
2765 5641 2968 5692 saltem
2998 5642 3210 5705 quibus
3242 5655 3352 5694 nos

1754 5711 1990 5779 utimur,
2015 5711 2366 5781 aliorumque
2389 5714 2674 5768 editorum
2697 5714 2959 5768 codicum
2984 5716 3176 5778 ﬁdem,
3202 5727 3352 5783 prte-

1754 5783 2021 5840 termlslt.
