3900 6396
509 362 614 425 519
1538 354 1782 410 RUFINI
1815 348 2305 416 AQUILEIENSIS
2337 348 2768 403 PRESBYTERI
3299 406 3302 409 ,
3456 370 3459 371 ν
3700 349 3806 408 520

510 491 714 533 semen
732 490 849 531 non
876 475 1211 542 patiebatur,
1228 477 1329 524 aut
1353 483 1522 536 super
1548 468 1742 534 spinas
1765 467 1975 532 jacere,
1999 468 2100 517 aut
2122 467 2181 540 Α
2199 466 2328 517 rent
2349 462 2640 523 Basilium,
2666 462 2731 513 ut
2751 461 3012 526 precibus
3038 460 3161 511 suis
3182 460 3559 515 intercederet
3581 476 3686 529 pro
3707 466 3813 531 eis,

508 569 658 622 inter
688 580 830 620 saxa
852 566 1196 631 dispergere,
1223 561 1322 613 sed
1346 562 1558 613 bonam
1576 563 1783 611 terram
1800 556 1988 609 cordis
2013 560 2105 611 sui
2203 566 2275 604 ne
2298 553 2471 604 etiam
2492 551 2618 615 ipsi,
2636 553 2694 602 et
2710 550 2949 614 quidem
2965 547 3371 613 multojustius
3389 552 3654 605 similiter
3679 556 3810 604 inte-

504 657 631 724 jugi
648 657 806 709 cultu
821 659 877 706 et
892 652 1175 706 exercitiis
1191 648 1652 702 indesinentibus
1669 646 1981 699 excolebat.
2004 655 2021 675 ·
2036 650 2104 701 Et

511 745 694 799 multo
716 744 963 809 amplius
986 741 1080 793 hic
1103 741 1162 791 in
1180 739 1510 803 semetipso,
1535 748 1711 801 quam
1732 736 1826 788 ille
1851 736 1911 788 in
1938 739 2103 789 caetem

507 836 586 889 ris
609 833 955 901 proficiebat.
976 831 1275 895 Suscipere
1295 828 1407 892 ille,
1430 839 1562 892 quae
1585 825 1984 879 renuntiantes
2010 838 2102 878 se-

509 923 637 976 culo
661 921 991 973 deferebant
1011 918 1084 971 ad
1113 917 1288 983 pedes
1313 930 1468 977 suos,
1495 920 1553 968 et
1577 915 1834 968 dividere
1854 919 1920 967 ut
1943 914 2103 979 quis-

512 1024 625 1077 que
648 1010 923 1077 eguisset,
948 1020 1147 1060 curam
1170 1007 1421 1072 gerebat,
1444 1007 1560 1057 Iste
1582 1004 1725 1056 nihil
1745 1004 2018 1064 habendi,
2047 1006 2104 1055 et

508 1100 702 1154 omnia
730 1096 1065 1165 possidendi
1080 1099 1386 1148 contentus
1409 1097 1785 1155 sacramento,
1804 1106 1939 1157 erga
1951 1093 2102 1145 solas

511 1189 808 1256 sapientiae
831 1186 1062 1241 divitias
1085 1198 1298 1237 avarus
1320 1188 1377 1237 et
1398 1184 1645 1236 multum
1668 1182 1910 1247 cupidus
1921 1183 2103 1236 inhae-

508 1281 687 1334 rebat.
711 1278 811 1331 Ille
834 1277 981 1329 coire
1003 1274 1193 1342 plures
1215 1274 1276 1326 in
1308 1286 1510 1337 unum,
1548 1277 1606 1325 et
1642 1271 1732 1324 sui
1765 1272 2011 1324 invicem
2044 1273 2104 1324 in

507 1368 846 1423 necessariis
869 1367 1080 1418 habere
1119 1363 1555 1416 sollicitudinem
1591 1361 1850 1413 docebat.
1882 1362 1988 1412 Hic
2012 1361 2105 1413 sui

507 1456 773 1523 exemplo
796 1455 952 1521 quod
977 1455 1099 1507 erat
1120 1453 1423 1505 absolutus
1439 1455 1494 1503 et
1514 1450 1657 1503 liber
1679 1451 1719 1513 ι’,
1742 1451 1967 1503 cunctis
1994 1463 2107 1503 ser-

509 1560 681 1603 mone
710 1544 1038 1611 Apostolico
1070 1542 1420 1608 prmdicabat
1456 1556 1472 1589 :
1510 1541 1625 1604 Ego
1654 1546 1833 1590 autem
1870 1540 1984 1589 volo
2017 1555 2106 1590 vos

529 1639 649 1688 sine
683 1633 1047 1686 sollicitudine
1084 1647 1187 1682 esse
1213 1630 1277 1695 (1.
1311 1631 1433 1682 Cor.
1473 1629 1523 1684 7.
1560 1627 1695 1694 39.);
1743 1634 1817 1693 et,
1843 1629 2111 1680 Dominus

2200 641 2392 692 rirent.
2420 641 2509 691 Sic
2532 639 2757 703 accidit,
2775 643 2838 691 ut
2873 652 3005 691 cum
3042 652 3244 691 omnes
3290 640 3600 694 catholicos
3626 656 3815 709 expu-

2199 729 2442 794 ierit[At.
2460 729 2785 794 expelleret]
2821 729 3052 793 Valens,
3078 728 3321 781 Basilius
3346 742 3529 795 usque
3550 732 3623 783 ad
3653 733 3816 786 vitae-

2201 819 2422 871 exitum
2438 818 2776 870 intemerato
2801 819 3225 870 communionis
3243 825 3601 873 sacramento
3620 821 3683 873 in
3708 824 3815 874 Ec-

2200 908 2375 961 clesia
2399 907 2746 972 perduraret.
2771 908 3077 971 Gregorius
3102 921 3237 960 vero
3259 909 3407 973 apud
3430 919 3447 947 κ
3472 911 3806 963 Nazianzon

2200 997 2475 1063 oppidum
2495 996 2559 1058 in
2582 997 2769 1048 locum
2790 997 2967 1061 patris
2987 997 3300 1062 Episcopus
3325 999 3678 1064 subrogatus
3694 1001 3815 1052 bae-

2200 1088 2509 1139 reticorum
2526 1086 2811 1138 turbinem
2823 1085 3066 1138 fideliter
3082 1087 3230 1145 tulit.
3251 1087 3494 1139 Reddita
3510 1102 3647 1141 vero
3664 1103 3815 1154 pace

2201 1174 2757 1239 Constantinopolim
2794 1174 2867 1226 ad
2903 1175 3215 1226 Ecclesiam
3252 1176 3570 1228 docendam
3608 1179 3815 1231 venire

2202 1265 2222 1294 ¹³
2252 1268 2541 1325 exoratus,
2568 1275 2684 1315 non
2710 1262 2934 1315 abnuit.
2964 1263 3071 1315 Ubi
3108 1264 3270 1316 brevi
3292 1268 3545 1329 tempore
3571 1270 3811 1320 tantum

2200 1353 2274 1407 ad
2289 1353 2715 1407 emendandum
2732 1353 3008 1419 populum
3026 1354 3268 1407 vetustis
3277 1354 3689 1409 haereticorum
3715 1358 3812 1410 in-

2202 1443 2418 1496 fectum
2435 1443 2669 1496 venenis
2687 1444 2697 1473 ί
2717 1442 2958 1508 proficit,
2981 1450 3047 1496 ut
3062 1446 3199 1495 tunc
3222 1444 3470 1508 primum
3494 1446 3815 1500 Christiani

2203 1542 2311 1595 sibi
2335 1543 2457 1595 ﬁeri
2474 1542 2821 1603 viderentur,
2848 1542 3200 1596 etnovellam
3216 1542 3402 1595 lucem
3419 1546 3686 1597 veritatis
3711 1559 3810 1597 as-

2202 1632 2407 1699 picere,
2446 1644 2579 1683 cum
2603 1630 2886 1695 religionis
2916 1630 3115 1684 doctor
3146 1632 3327 1684 multa
3365 1630 3537 1700 282
3566 1634 3807 1698 quidem

512 1728 574 1778 in
585 1725 845 1793 proximo
859 1727 931 1773 est
952 1740 963 1772 :
983 1719 1359 1774 nihilsolliciti
1377 1720 1522 1783 sitis,
1537 1720 1637 1771 sed
1657 1724 1931 1784 tanquam
1954 1720 2105 1771 servi
2128 1784 2176 1793 _
2208 1722 2418 1783 verbis,
2438 1721 2597 1785 plura
2622 1724 2815 1771 tamen
2827 1720 3055 1773 doceret
3084 1721 3360 1786 exemplis
3385 1736 3398 1772 :
3416 1736 3522 1774 nec
3542 1723 3813 1777 viderent

511 1784 750 1875 Christi,
774 1812 885 1865 hoc
908 1811 1096 1863 solum
1120 1812 1305 1861 estote
1339 1807 1595 1871 solliciti,
1634 1807 1867 1884 quando
1906 1809 2101 1861 redeat
2127 1784 2184 1860 B
2209 1811 2281 1862 ab
2311 1822 2377 1862 eo
2398 1810 2411 1851 ἰ
2435 1784 2729 1874 discipulis
2764 1809 2978 1874 aliquid
3013 1784 3295 1876 imperari,
3325 1811 3478 1875 quod
3502 1825 3624 1864 non
3647 1815 3813 1878 prius

511 1902 795 1956 Dominus
818 1901 888 1953 de
916 1900 1026 1965 [AL
1050 1897 1103 1963 a]
1126 1897 1359 1963 nuptiis.
1387 1897 1485 1949 Ille
1507 1896 1976 1961 delinquentibus
2004 1897 2114 1949 mi—
2209 1900 2332 1964 ipse
2356 1899 2599 1950 fecisset.
2626 1898 2735 1949 Sed
2758 1899 2854 1949 ubi
2876 1899 3113 1963 gloriam
3128 1901 3437 1952 subsecuta
3458 1901 3680 1954 invidia
3700 1907 3814 1966 est,

515 1990 877 2046 sericorditer
912 1986 1235 2051 condolere,
1279 1990 1337 2037 et
1366 1996 1401 2037 a
1432 1984 1638 2037 delicto
1675 1997 1937 2037 revocare
1969 1999 1981 2035 :
2019 1985 2111 2037 hic
2210 1988 2388 2041 obniti
2413 1988 2665 2052 quidam,
2689 1992 2745 2039 et
2768 1988 3512 2057 l[proscriptionibusminus
3538 1991 3702 2043 sanis
3727 1994 3813 2044 uti

512 2095 614 2148 per
635 2080 815 2133 divini
838 2076 1047 2142 eloquii
1068 2077 1312 2141 gratiam
1337 2073 1704 2138 delinquendi
1742 2074 2114 2126 incitamenta
2210 2090 2453 2142 coepere,
2487 2081 2550 2128 ut
2570 2078 2694 2141 ipso
2717 2076 2789 2128 ad
2813 2078 3037 2142 propria
3060 2083 3367 2142 remeante,
3392 2079 3539 2131 alius
3573 2081 3815 2134 ordina-

514 2168 851 2236 przevenire,
894 2178 1000 2218 nec
1024 2164 1210 2216 sinere
1232 2161 1343 2214 labi
1369 2176 1519 2219 eum,
1546 2162 1645 2226 qui
1677 2162 1981 2214 diﬁlculter
2004 2162 2113 2215 eri-
2209 2173 2368 2220 retur
2391 2167 2722 2231 Episc0pus.
2747 2167 2909 2228 Quod
2932 2166 3027 2219 ille
3042 2170 3323 2221 susurrari
3341 2172 3588 2233 tantum,
3613 2175 3675 2224 et
3699 2175 3811 2225 sub

510 2262 743 2325 geretur
770 2256 966 2309 elisus.
997 2252 1097 2305 Ille
1125 2252 1185 2303 in
1229 2252 1342 2303 fide
1365 2264 1563 2316 purus,
1595 2250 1687 2302 hic
1707 2260 1725 2280 ε
1748 2251 1808 2303 in
1832 2251 2106 2315 praedica-

2211 2265 2223 2300 ι
2253 2266 2424 2317 dente
2453 2266 2709 2317 sentiens
2724 2266 3014 2326 ruminari,
3038 2266 3162 2331 ipse
3185 2267 3410 2332 profert,
3434 2270 3591 2332 quod
3616 2269 3812 2323 dicere

509 2345 666 2396 tione
690 2342 935 2394 liberior.
966 2340 1112 2409 281
1147 2340 1242 2393 Ille
1266 2341 1385 2392 Deo
1409 2339 1660 2402 humilis,
1687 2338 1781 2390 hic
1812 2340 1982 2390 etiam
2006 2339 2107 2392 ho-

507 2432 763 2485 minibus
785 2434 930 2483 erat.
957 2430 1054 2482 Ille
1075 2432 1409 2494 arrogantes
1433 2431 1747 2491 contemtu,
1772 2428 1866 2479 hic
1890 2429 2109 2480 ratione

510 2521 797 2577 vincebat.
823 2520 914 2571 Sic
940 2520 1001 2571 in
1021 2524 1264 2582 utroque
1288 2517 1520 2569 diversa
1546 2518 1730 2582 gratia
1753 2529 1933 2568 unum
1962 2530 2108 2581 opus

510 2611 876 2678 perfectionis
886 2609 1172 2674 explebat.
1194 2608 1371 2672 Igitur
1386 2607 1626 2659 Basilius
1643 2620 1761 2658 non
1776 2606 1960 2657 multo
1976 2608 2108 2671 post

513 2703 792 2754 Cmsareae
817 2698 1186 2764 Cappadociae
1216 2697 1553 2762 Episcopus,
1578 2709 1712 2748 cum
1734 2709 1769 2749 a
1790 2696 2029 2747 Valente
2046 2696 2107 2748 in

513 2776 749 2844 exilium
775 2788 795 2818 "
819 2801 920 2854 pro
938 2788 1049 2839 ﬂde
1066 2791 1380 2851 cogeretur,
1406 2785 1700 2838 exhibitus
1723 2788 1810 2836 est
1826 2786 1899 2836 ad
1924 2785 2107 2837 tribu-

512 2880 608 2934 nal
642 2878 916 2942 Praefecti,
958 2877 1386 2938 terroribusque
1421 2875 1503 2941 (ut
1526 2874 1605 2927 illi
1648 2875 1823 2926 moris
1861 2879 1950 2926 est
1988 2875 2106 2939 [Αἰ.

513 2969 654 3033 erat]
671 2967 1020 3035 potestati)et
1033 2966 1202 3018 minis
1219 2965 1488 3017 maximis
1504 2964 1597 3028 agi
1613 2964 1804 3029 caepit.
1825 2968 1891 3016 ut
1907 2964 2009 3029 [Αι.
2030 2966 2105 3031 et]

2207 2355 2259 2408 ei
2274 2354 2468 2408 nullus
2480 2356 2753 2407 audebat:
2769 2356 2955 2420 Absit,
2972 2356 3181 2421 inquit,
3196 2361 3260 2409 ut
3279 2358 3391 2409 mei
3403 2371 3616 2411 caussa
3633 2362 3811 2422 aliqua

2206 2445 2471 2498 simultas
2493 2445 2555 2496 in
2577 2444 2680 2496 Dei
2704 2444 3098 2497 sacerdotibus
3118 2448 3352 2499 oriatur.
3377 2448 3431 2500 Si
3460 2453 3700 2513 propter
3721 2462 3814 2501 me

2206 2546 2296 2595 est
2317 2543 2427 2594 ista
2452 2547 2784 2608 tempestas,
2803 2542 2981 2595 tollite
3004 2556 3117 2608 me,
3135 2548 3193 2596 et
3215 2543 3422 2596 mittite
3443 2557 3535 2596 me
3551 2545 3615 2597 in
3628 2559 3809 2609 mare,

2205 2637 2264 2686 et
2286 2632 2508 2684 desinet
2529 2644 2563 2685 a
2578 2633 2744 2684 vobis
2767 2632 3078 2695 quassatio.
3104 2634 3247 2685 Tum
3269 2646 3589 2699 regressus,
3614 2636 3680 2687 in
3705 2638 3813 2688 Ec-

2205 2729 2379 2783 clesia
2400 2742 2506 2781 sua
2530 2728 2634 2794 |At.
2653 2729 2963 2782 Ecclesium
2989 2730 3176 2797 suam]
3193 2731 3352 2795 quod
3366 2732 3652 2797 superfuit
3669 2734 3811 2786 vitae

2204 2822 2433 2884 tempus
2458 2819 2666 2883 exegit.
2698 2821 2768 2871 Et
2795 2820 3066 2883 quoniam
3083 2822 3205 2884 jam
3228 2820 3382 2872 fessa
3404 2825 3659 2885 aetate,et
3684 2836 3812 2875 cor-

2205 2921 2340 2973 pore
2369 2908 2657 2960 invalidus
2682 2913 2819 2973 erat,
2853 2922 3251 2961 successorem
3280 2910 3390 2961 sibi
3418 2910 3540 2975 ipse
3570 2910 3809 2977 delegit,

2206 3020 2321 3072 quo
2343 3008 2655 3060 Ecclesiam
2674 3009 3052 3073 gubernante,
3080 3008 3386 3061 debilitatis
3410 3014 3467 3062 et
3486 3012 3812 3064 senectutis

509 3059 623 3111 nisi
637 3057 940 3123 praeceptis
964 3055 1236 3120 Principis
1249 3053 1519 3117 obediret,
1543 3053 1837 3106 interitum
1855 3054 1962 3105 sibi
1981 3056 2103 3119 jam
2134 3065 2183 3137 ρ
2208 3053 2323 3149 38")
3157 3053 3811 3165 ὦξᾷἆὲίᾘέἐὲὲῑζοῖ

513 3150 552 3165 2-
566 3161 614 3165 __A
636 3162 651 3165 _
668 3161 701 3165 --
715 3160 734 3165 Α
766 3149 1010 3165 -..-..-..Αι
1039 3144 1264 3165 Ξ-Ακ-..)
1278 3146 1364 3165 ΑωΑ
1420 3145 1563 3165 "1......
1600 3152 1618 3165 ι
1641 3142 1729 3165 ειιλ
1757 3143 1831 3165 ζει.
1845 3144 2075 3165 ...Ακζηι--,

502 3150 740 3215 jamque
763 3149 1017 3213 speraret
1038 3144 1384 3210 impendere.
1420 3145 1569 3196 Tum
1600 3152 1618 3173 '
1640 3142 1731 3195 ille
1754 3143 2098 3209 intrepidus,

509 3241 569 3292 et
592 3240 813 3301 absque
835 3235 954 3287 ulla
984 3234 1162 3287 animi
1185 3234 1612 3299 perturbatione
1635 3233 1765 3287 haec
1790 3233 1898 3284 sibi
1930 3236 2102 3287 mini-

507 3328 657 3381 tanti
697 3324 972 3402 Prsefegto
1008 3323 1378 3389 respdndisse
1414 3322 1593 3375 fertur
1624 3341 1635 3372 :
1664 3327 1854 3387 Atque
1876 3325 2102 3378 utinam

506 3415 724 3481 aliquid
737 3414 881 3466 mihi
896 3417 1049 3467 esset
1063 3411 1498 3478 dignimuneris,
1512 3412 1667 3477 quod
1682 3413 1938 3466 offerrem
1950 3414 2100 3479 huic,

486 3488 611 3571 qui
637 3503 919 3557 maturius
943 3502 1218 3555 Basilium
1241 3502 1313 3554 de
1341 3502 1492 3554 nodo
1517 3501 1672 3554 follis
1699 3501 1878 3567 hujus
1911 3502 2103 3556 absol-

509 3598 689 3650 veret.
719 3595 979 3658 Cumque
1002 3593 1235 3645 daretur
1257 3591 1308 3644 ei
1337 3604 1475 3656 nox,
1500 3604 1634 3656 quae
1659 3596 1781 3644 erat
1796 3594 2001 3659 media,
2026 3593 2100 3647 ad

509 3682 1141 3751 spatiumdeliberandi,
1158 3681 1528 3747 respondisse
1539 3682 1728 3735 denuo
1742 3682 2097 3747 perhibetur:

509 3776 630 3839 Ego
652 3773 903 3826 crastino
924 3772 1048 3837 ipse
1070 3784 1167 3825 ero
1206 3772 1306 3837 qui
1326 3784 1482 3823 nunc
1513 3790 1527 3824 :
1566 3776 1632 3825 tu
1656 3778 1710 3826 te
1734 3774 1959 3826 utinam
1984 3787 2102 3827 non

506 3867 782 3918 mutares.
809 3865 879 3916 Et
907 3862 1041 3914 filla
1086 3861 1316 3927 quidem
1340 3866 1509 3915 nocte
1552 3875 1701 3915 uxor
1740 3863 2101 3929 imperatoris

507 3956 663 4009 velut
684 3953 997 4007 tortoribus
1023 3952 1230 4005 tradita
1242 3952 1554 4005 cruciatur:
1580 3952 1734 4005 illius
1752 3965 1889 4007 vero
1906 3953 2005 4018 qui
2018 3952 2101 4006 eis

507 4050 630 4099 erat
651 4044 880 4109 unicus,
905 4042 1196 4095 extinctus
1228 4046 1487 4106 paterna)
1517 4042 1831 4107 impietatis
1855 4042 2104 4095 creditur

508 4133 827 4189 exsolvisse
850 4132 1142 4199 supplicia.
1159 4134 1246 4185 Ita
1260 4136 1393 4185 ante
1411 4134 1601 4185 lucem
1622 4130 1807 4197 missi,
1826 4132 1926 4197 qui
1945 4144 2104 4198 roga-

572 4311 592 4335 ·
624 4304 887 4358 Barraaus
901 4302 1227 4368 pericopam
1237 4302 1385 4355 hanc
1402 4303 1711 4356 verborum
1722 4302 2013 4367 omiserat,
2033 4303 2104 4355 Et

507 4377 679 4427 multo
702 4376 959 4442 amplius,
975 4379 1105 4441 etc.,
1129 4389 1314 4441 usque
1332 4374 1638 4441 proﬁciebat
1663 4392 1677 4435 ς
1703 4387 1877 4440 quam
1899 4389 2008 4428 nos
2032 4388 2106 4430 ex

506 4450 635 4503 aliis
656 4449 816 4501 libris
846 4448 1198 4500 suifecimus.

568 4523 591 4553 "
622 4521 989 4582 Bononiens.,
1014 4520 1175 4571 libero
1199 4521 1402 4571 cunctis
1421 4534 1664 4571 sermone
1695 4533 1716 4581 ,'
1758 4519 1874 4575 duo
1895 4522 2097 4585 Vatic.,
2123 4485 2183 4562 D

506 4594 638 4645 liber
660 4610 697 4644 a
713 4594 934 4655 cunctis,
965 4595 1075 4645 etc.

565 4678 586 4700 ο
617 4666 777 4718 Idem
792 4668 854 4715 in
868 4665 1332 4730 praepositionem
1358 4668 1514 4721 tacet
1539 4687 1552 4731 ;
1580 4670 1751 4734 paulo
1772 4673 1903 4735 post
1913 4667 2107 4718 divina

503 4738 688 4804 gratia
708 4737 882 4790 habet
903 4749 1005 4802 pro
1029 4737 1256 4803 diversa,
1281 4744 1389 4791 etc.

570 4808 592 4839 δ
624 4810 766 4861 Haec
789 4808 1041 4861 referunt
1081 4808 1155 4860 ad
1194 4822 1288 4862 an.
1328 4810 1451 4866 372.
1499 4810 1707 4863 eruditi
1748 4809 2103 4865 Benedictim

508 4882 761 4949 Operam
775 4883 827 4933 S.
850 4881 1038 4932 Basilii
1049 4882 1314 4947 editores,
1328 4883 1391 4934 in
1406 4884 1455 4947 ej
1464 4896 1534 4935 us
1552 4884 1682 4935 Vita
1698 4895 1873 4947 quam
1887 4883 2106 4936 videsis

508 4968 633 5020 cap.
658 4953 728 5009 “20
770 4966 805 5006 a
847 4966 1008 5006 num.
1062 4952 1113 5008 6.
1144 4953 1219 5005 ad
1241 4954 1419 5005 ﬁnem
1451 4966 1657 5019 usque.
1694 4956 1829 5008 Mox
1867 4954 2012 5008 illud
2035 4958 2105 5005 est

509 5028 753 5082 verbum
772 5026 957 5079 nostri
978 5038 1120 5078 mss.
1146 5026 1432 5091 ignorant.

570 5108 591 5130 '
622 5102 826 5152 Denuo
841 5100 1183 5152 Bononiens.
1213 5098 1408 5149 Tamen
1432 5098 1536 5165 itte,
1563 5104 1689 5166 etc,
1714 5106 1842 5155 tum
1861 5098 2104 5150 minanti

510 5173 778 5237 Prafecto,
803 5176 912 5225 etc.

569 5246 589 5281 ί
620 5245 1012 5310 Regio-Vatic.
1056 5243 1119 5293 in
1162 5241 1261 5293 illa
1286 5256 1300 5306 ;
1325 5244 1449 5295 tum
1483 5245 1875 5309 Guarnerian.,
1899 5246 2106 5296 crucia.-

505 5320 665 5370 batur
686 5331 788 5384 pro
811 5318 1115 5379 cruciatur,
1158 5319 1215 5368 et
1250 5316 1401 5365 missi
1425 5324 1549 5368 sunt
1573 5320 1668 5383 qui
1692 5324 1966 5385 rogarent,
1992 5322 2102 5370 etc.

570 5402 588 5432 ι
620 5394 820 5445 Ferme
835 5390 1046 5443 rectius
1062 5390 1122 5440 in
1137 5389 1496 5453 Bononiensi,
1510 5390 1853 5443 Nammium
1868 5389 2106 5452 ;deinde

507 5465 896 5531 Guarnerian.,
922 5466 984 5514 in
1008 5463 1116 5514 loco
1131 5464 1334 5530 patris,
1359 5470 1418 5518 et
1441 5465 1665 5529 feliciter
1688 5465 1811 5516 tulit
1830 5477 1933 5531 pro
1975 5464 2107 5530 ﬁde-

511 5540 648 5602 liter,
679 5546 788 5593 etc.

575 5618 597 5646 ¹³
630 5615 1005 5669 Restituimus
1039 5624 1113 5665 ex
1147 5612 1537 5672 Guarnerian.,
1562 5619 1832 5675 exoratus,
1858 5624 1960 5678 pro
1990 5628 2106 5681 quo

518 5691 663 5747 male
670 5690 1082 5752 hactenus,aut
1096 5690 1247 5739 certe
1262 5687 1456 5739 minus
1467 5686 1764 5741 Latinelec
1771 5691 2106 5751 tum,cxhor-

514 5772 673 5823 tatus.
699 5766 838 5818 Haec
848 5773 1067 5815 annum
1082 5773 1215 5828 spec
1223 5765 1347 5815 tant
1360 5761 1484 5825 380,
1509 5764 1574 5816 ut
1585 5774 1739 5829 saepe
1753 5767 2019 5821 notatum
2033 5773 2107 5822 est

2204 3187 2463 3239 nimenta
2477 3186 2785 3251 magnifica
2800 3189 3192 3252 Tractatuum,
3210 3201 3356 3253 quos
3373 3202 3445 3241 ex
3458 3193 3725 3255 tempore
3748 3191 3809 3244 in

2204 3285 2470 3337 Ecclesiis
2488 3286 2901 3340 declamabant.
2929 3290 3003 3338 Ex
3025 3287 3238 3351 quibus
3273 3300 3380 3339 nos
3417 3287 3597 3340 denas
3621 3288 3811 3342 ferme

2202 3385 2234 3405 -
2247 3375 2604 3439 singulorum
2619 3375 3015 3428 Oratiunculas
3032 3374 3444 3429 transfudimus
3458 3378 3518 3429 in
3532 3379 3809 3431 Latinum

2204 3473 2397 3524 Basilii
2412 3478 2689 3538 praeterea
2707 3474 2977 3526 Instituta
2998 3475 3425 3539 monachorum,
3451 3478 3739 3540 optantes,
3760 3480 3807 3526 si

2205 3564 2601 3628 poterimus,et
2616 3563 2715 3616 Dei
2733 3563 2892 3617 favor
2906 3563 2998 3629 adj
3008 3564 3210 3627 uverit,
3225 3578 3423 3617 eorum
3436 3564 3600 3630 plura
3614 3572 3737 3618 tran
3746 3579 3806 3617 s-

2208 3660 2370 3714 ferre.
2396 3663 2650 3714 Fuerunt
2672 3665 2950 3727 praeterea
2970 3662 3173 3715 fratres
3195 3663 3310 3715 duo
3338 3662 3560 3726 Basilio,
3595 3665 3808 3728 Grego-

2205 3752 2327 3804 rius
2341 3758 2396 3804 et
2411 3754 2630 3805 Petrus.
2646 3756 2898 3815 Quorum
2910 3753 3050 3806 alter
3072 3753 3136 3806 in
3159 3754 3334 3807 verbo
3360 3754 3809 3817 doctrinw,alter

2205 3849 2266 3903 in
2282 3852 2551 3916 operibus
2574 3851 2709 3903 ﬂdei
2732 3852 2965 3905 fratrem
2988 3852 3067 3905 ita
3082 3853 3443 3917 exmquabat,
3466 3856 3531 3904 ut
3555 3856 3802 3917 uterque

2205 3951 2297 4003 vel
2315 3950 2601 4013 Basiliam,
2620 3951 2710 4004 vel
2724 3952 3061 4015 Gregorium
3075 3951 3355 4004 redderet.
3370 3952 3615 4003 Exstant
3624 3952 3807 4005 etiam

2202 4040 2390 4106 ipsius
2420 4040 2671 4105 Gregorii
2700 4042 2943 4105 junioris
2965 4041 3158 4106 aliqua
3179 4040 3472 4105 Opuscula
3492 4040 3794 4095 luculenta

2208 4139 2318 4192 Sed
2341 4139 2413 4192 de
2446 4140 2535 4192 his
2548 4140 2689 4192 satis
2710 4140 2949 4193 dictum.
2972 4149 2994 4170 ’³
3016 4139 3080 4193 1n
3101 4139 3369 4193 Occiduis
3382 4146 3515 4195 vero
3535 4140 3803 4206 partibus

2205 4304 2375 4364 nobis
2397 4310 2469 4363 ad
2493 4311 2929 4376 Hieronymum,
2957 4311 3054 4377 qui
3076 4324 3175 4377 per
3196 4311 3254 4364 id
3289 4323 3495 4377 nempe
3520 4310 3803 4377 temporis

2206 4383 2695 4448 Constantinopoli
2726 4387 2956 4449 agebat.

2266 4460 2278 4487 ί
2312 4458 2501 4509 Nostri
2532 4470 2695 4522 mss.,
2730 4459 2953 4522 profecit
2980 4477 2992 4520 ;
3020 4462 3142 4511 tum
3173 4470 3329 4510 unus
3361 4456 3660 4522 aspicerent
3698 4469 3803 4523 pro

2201 4544 2459 4596 aspicere.

2261 4604 2276 4643 1
2309 4603 2488 4654 Iidem
2525 4602 2644 4667 pari
2682 4614 2987 4665 consensu,
3043 4602 3295 4668 itemque
3326 4613 3480 4656 unus
3523 4601 3711 4654 Vatic.
3743 4601 3804 4653 in

2203 4679 2359 4729 recto
2383 4676 2657 4739 discipuli.
2881 4724 2887 4729 ,

2266 4752 2289 4785 ι
2321 4749 2693 4801 Guarnerian.
2710 4760 2843 4800 cum
2854 4747 3259 4814 Regio-Vatic.,
3276 4745 3801 4813 praescriptionibus.

2204 4822 2515 4874 Historiam
2532 4822 2683 4884 quod
2708 4825 2945 4884 spectat,
2968 4819 3098 4873 vide
3113 4833 3240 4880 nos,
3258 4822 3308 4872 si
3321 4820 3480 4884 libet,
3497 4831 3636 4871 cum
3649 4819 3806 4883 alibi,

2206 4902 2331 4950 tum
2353 4897 2415 4947 in
2438 4897 2491 4948 S.
2526 4895 2861 4958 Hieronymi
2895 4894 3027 4946 Vita
3056 4905 3178 4958 cap.
3206 4890 3292 4947 13.
3316 4904 3479 4944 num.
3503 4891 3556 4945 1.
3587 4896 3650 4944 et
3679 4904 3797 4955 seq.

2266 4970 2278 4999 ι
2313 4969 2457 5020 Male
2493 4967 2734 5020 Cacciar.
2781 4979 2897 5018 uno
2942 4966 3118 5019 verbo
3165 4964 3462 5028 subdente;
3505 4975 3617 5016 nec
3662 4963 3803 5015 bene

2205 5040 2598 5106 Guarnerian.,
2639 5039 2948 5102 subdentes;
2988 5043 3112 5091 tum
3154 5037 3519 5099 Bononiens.,
3556 5037 3697 5101 quia
3719 5036 3804 5086 di-

2203 5131 2330 5168 cere.
2364 5116 2472 5166 etc;

2266 5197 2298 5218 π·
2331 5185 2579 5251 Gregorii
2602 5184 2839 5249 quidem
2862 5182 3060 5236 decem
3080 5180 3385 5249 Opuscula,
3410 5180 3605 5233 Basilii
3641 5188 3801 5231 autem
3841 5194 3855 5210 -

2203 5260 2331 5313 oct’o
2355 5258 2650 5323 Homilias,
2677 5262 2736 5310 et
2759 5262 3037 5322 praeterea
3050 5257 3345 5322 Regulam,
3358 5267 3533 5320 quam
3552 5253 3800 5302 lnslituta

2201 5335 2597 5384 Monacltorum
2624 5337 2806 5385 vocat.
2836 5335 2959 5383 Hrec
2982 5344 3090 5383 nos
3124 5331 3316 5382 omnia
3341 5330 3520 5379 Tomo
3546 5326 3803 5379 secundo

2204 5406 2768 5460 exhibebimusﬂeic
2781 5402 3426 5470 pravainterpunctione
3438 5414 3651 5453 sensus
3666 5406 3801 5449 antea

2202 5480 2517 5539 laborabat,
2544 5491 2718 5542 quem
2740 5492 2846 5531 nos
2882 5478 3261 5531 restituimus.
3288 5477 3421 5528 Mox
3456 5476 3797 5527 Bononiens.

2201 5553 2538 5619 potuerimus
2558 5565 2658 5616 pro
2681 5553 2992 5613 poterimus,
3019 5555 3077 5604 et
3100 5553 3333 5601 Fuerant
3357 5562 3459 5615 pro
3482 5550 3744 5600 Fuerunt.

2267 5635 2290 5655 ιι
2325 5626 2695 5677 Guarnerian.
2721 5627 2794 5679 ab
2816 5625 2925 5681 hoc
2948 5627 3073 5679 loco
3095 5636 3316 5680 novum
3339 5626 3531 5691 caput,
3559 5624 3686 5681 sive
3708 5621 3799 5676 de.

2205 5699 2422 5754 cimum
2446 5697 2760 5753 exorditur.
