3900 6394
57 414 156 470 521

895 418 1231 473 HISTORIA
1265 419 1828 476 ECCLESIASTICA.
1861 422 2072 476 LIBER
2105 423 2489 481 SECUNDUS.

3250 439 3354 496 522

57 528 495 582 Valentinianus
511 528 622 582 fide
641 530 927 596 religionis
947 531 1183 596 illaasus,
1209 536 1394 588 veteri
1412 536 1655 590 Romani
1677 540 1734 613 Α
1750 535 1866 588 bito
1889 537 2103 590 clamor
2123 544 2181 591 et
2209 554 2325 593 vox
2347 556 2466 595 una
2479 545 2794 610 consurgit,
2819 550 3190 604 Ambrosium
3203 549 3356 619 Epis-

56 619 279 684 imperii
302 631 548 672 censura
559 621 973 686 rempublicam
997 625 1368 688 gubernabat.

650 776 876 827 CAPUT
910 776 980 828 X.

184 901 262 951 De
285 901 525 950 Da'maso
553 899 837 964 Episcopo,
859 905 904 950 et
935 901 1121 951 Ursini
1139 900 1494 967 subreptione.

113 1025 404 1075 Damasus
427 1027 558 1088 post
584 1023 868 1075 Liberium
887 1036 985 1088 per
1014 1025 1438 1078 successionem
1465 1038 1648 1079 sacer-

55 1113 276 1166 dotium
301 1122 318 1142 ⁸
341 1113 403 1164 in
428 1115 566 1164 urbe
595 1114 774 1164 Roma
823 1111 996 1180 283
1065 1119 1410 1178 susceperat.
1467 1116 1650 1178 Quem

55 1201 355 1266 praelatum
391 1202 501 1253 sibi
545 1213 664 1253 non
702 1201 889 1254 ferens
937 1202 1174 1254 Ursinus
1216 1203 1451 1267 quidam
1495 1205 1650 1268 ejus-

55 1293 181 1344 dem
223 1291 490 1344 Ecclesise
527 1291 804 1343 diaconus
860 1293 1153 1344 intentum
1200 1292 1410 1346 furoris
1447 1293 1648 1358 erupit,

53 1383 114 1432 ut
159 1393 438 1446 persuaso
493 1380 744 1444 quodam
802 1381 944 1432 satis
991 1381 1250 1443 imperito
1312 1385 1369 1434 et
1436 1383 1651 1448 agresti

51 1471 69 1498 ⁸
103 1470 402 1536 Episcopo,
501 1469 736 1522 collecta
824 1470 1290 1522 turbulentorum
1377 1477 1434 1523 et
1498 1473 1651 1524 sedi-

54 1560 324 1612 tiosorum
349 1558 653 1612 hominum
682 1571 876 1622 manu,
907 1560 970 1612 in
1005 1561 1248 1612 Basilica
1289 1573 1422 1624 quae
1453 1569 1470 1589 °
1516 1560 1654 1613 Sici-

51 1649 164 1701 nini
218 1649 556 1714 appellatur,
604 1649 952 1714 Episcopum
1006 1662 1069 1700 se
1110 1649 1233 1701 ﬁeri
1289 1653 1654 1713 extorqueret

48 1739 266 1802 legibus
301 1743 361 1790 et
377 1739 576 1790 ordine
595 1744 654 1790 et
677 1737 698 1766 ἀ
723 1737 1030 1790 traditione
1075 1739 1380 1804 perversis.
1405 1739 1527 1800 Quo
1578 1751 1654 1790 ex

51 1828 192 1880 facto
209 1832 374 1880 tanta
397 1827 620 1892 seditio,
637 1827 753 1878 imo
780 1840 916 1880 vero
931 1831 1092 1879 tanta
1114 1827 1260 1878 bella
1276 1832 1470 1880 coorta
1500 1831 1638 1880 sunt

47 1918 382 1970 alterutrum
397 1917 842 1970 defendentibus
853 1917 1098 1982 populis,
1114 1923 1176 1970 ut
1189 1917 1537 1982 replerentur
1552 1919 1656 1970 hu-

47 2020 209 2059 mano
234 2008 524 2072 sanguine
556 2008 881 2060 orationum
903 2006 1059 2059 loca.‘
1095 2010 1236 2070 Quae
1273 2021 1365 2060 res
1413 2010 1655 2060 iactione

48 2105 63 2124 ο
87 2097 388 2148 Maximini
404 2097 662 2150 Prmfecti
684 2097 827 2150 saevi
841 2097 1112 2162 hominis,
1132 2097 1205 2148 ad
1222 2097 1502 2150 invidiam
1520 2098 1654 2150 boni

51 2191 103 2236 ct
123 2186 452 2236 innocentis
479 2198 647 2237 versa
670 2190 758 2237 est
787 2186 1116 2248 sacerdotis,
1150 2187 1230 2238 ita
1265 2191 1330 2237 ut
1351 2199 1559 2238 caussa
1581 2187 1652 2238 ad

51 2275 398 2326 Clericorum
423 2287 601 2338 usque
627 2277 910 2327 tormenta
925 2274 1326 2327 deduceretur.
1346 2276 1455 2328 Sed
1470 2287 1652 2328 asser-

53 2371 136 2416 tor
155 2365 507 2417 innocentia:
526 2367 671 2416 Deus
686 2365 871 2421 aii‘uit,
897 2370 956 2416 et
979 2365 1038 2415 in
1051 2369 1226 2429 caput
1245 2378 1444 2418 eorum
1456 2367 1651 2430 quiin-

53 2454 350 2506 tenderant
383 2455 600 2518 dolum,
626 2465 798 2518 pcena
820 2465 1105 2506 conversa
1137 2458 1243 2505 est.

666 2597 898 2650 CAPUT
921 2597 1019 2648 XI.

530 2705 604 2754 De
625 2704 904 2756 Ambrosio
928 2705 1212 2770 Episcopo.

102 2833 327 2884 Interea
336 2829 608 2884 defuncto
619 2830 636 2860 ί
649 2831 801 2895 apud
817 2831 1206 2884 Mediolanum
1216 2831 1506 2883 Auxentio
1526 2830 1648 2883 hm-

47 2923 346 2974 reticorum
366 2921 662 2984 Episcopo,
687 2921 990 2984 utriusque
1006 2921 1184 2984 partis
1199 2920 1394 2986 p0puli
1403 2921 1648 2974 diversis

48 3011 244 3062 studiis
268 3010 614 3062 ferebantur.
630 3011 928 3061 Dissensio
943 3011 1138 3074 gravis
1153 3013 1210 3062 et
1224 3009 1646 3075 periculosase-

47 3099 172 3152 ditio
188 3101 320 3152 urbi
340 3099 586 3165 propriae
601 3105 892 3150 maturum
910 3101 1147 3164 parabat
1161 3100 1418 3165 exitium,
1437 3101 1487 3150 si
1511 3112 1642 3164 pars

1748 639 1957 691 copum
1983 629 2357 694 postulantes,
2387 631 2658 696 baptizari
2680 633 2838 688 hunc
2867 636 3041 706 284
3089 643 3354 706 protinus

1751 717 2142 785 clamant(erat
2156 723 2308 775 enim
2323 725 2788 790 catechumenus)
2806 729 2976 780 etsibi
3005 731 3354 796 Episcopum

1749 808 1899 860 dari:
1933 823 2038 861 nec
2059 811 2222 862 aliter
2252 825 2434 864 unum
2471 815 2747 878 populum
2771 816 2889 869 fore
2905 820 3080 881 atque
3094 831 3273 872 unam
3289 822 3358 873 il-

1748 897 1899 963 dem,
1922 899 2035 950 nisi
2050 901 2388 952 Ambrosius
2412 903 2520 954 sibi
2557 904 2789 958 daretur
2810 907 3100 959 sacerdos.
3141 909 3355 962 Obluc-

1750 991 1906 1039 tante
1927 988 2022 1040 illo
2045 993 2103 1040 et
2126 991 2432 1054 plurimum
2467 995 2788 1056 resistente,
2833 997 2905 1048 ad
2947 999 3354 1062 Imperatorem

1749 1078 1994 1128 relatum
2009 1079 2200 1144 populi
2224 1079 2588 1142 desiderium,
2609 1084 2766 1135 omni
2777 1087 3108 1138 maturitate
3120 1088 3355 1152 jubetur
3451 1072 3465 1080 ’

1747 1167 1992 1231 impleri.
2019 1169 2118 1220 Dei
2159 1169 2332 1234 enim,
2363 1171 2462 1223 ait.
2510 1184 2654 1234 esse,
2709 1176 2863 1237 quod
2889 1174 3313 1230 discordantem
3341 1179 3353 1209 ί

1749 1257 1943 1322 populi
1969 1257 2160 1322 ﬁdem,
2174 1264 2230 1310 et
2247 1259 2473 1312 animos
2484 1261 2830 1316 dissidentes
2844 1266 3145 1318 conversio
3163 1267 3354 1320 subita

1749 1347 1808 1398 in
1835 1360 2018 1399 unum
2034 1360 2387 1400 consensum
2399 1351 2571 1414 atque
2583 1351 2644 1402 in
2655 1365 2833 1405 unam
2851 1359 3053 1407 senten
3061 1355 3356 1409 tiamrevo—

1751 1441 1922 1489 caret.
1946 1439 2196 1502 Moxque
2218 1438 2580 1504 Deigratiam
2596 1446 2968 1508 consecutus,
2991 1448 3050 1496 et
3065 1443 3356 1498 initiatus!

1751 1526 1946 1590 sacris,
1983 1531 2040 1579 et
2063 1527 2332 1580 sacerdos
2362 1529 2599 1580 effectus
2615 1536 2722 1583 est.

2344 1645 2572 1698 CAPUT
2633 1647 2759 1700 XII.

2213 1760 2286 1810 De
2318 1760 2690 1812 Valentiniani
2710 1764 2836 1825 ﬁne.

1640 1867 1655 1893 ’
1681 1855 1735 1931 Β
1813 1878 2036 1928 Interea
2061 1889 2195 1928 cum
2211 1877 2280 1928 ad
2296 1877 2508 1929 bellum
2526 1879 2903 1932 Sarmaticum
2915 1880 3356 1935 Valentinianus

1755 1965 1827 2018 de
1854 1965 2051 2019 Gallias
2080 1966 2340 2030 partibus
2363 1967 2619 2020 venisset
2639 1971 2661 2004 ιι
2677 1968 2989 2034 Illyricum,
3013 1971 3093 2023 ibi
3115 1971 3357 2024 vixdum

1756 2059 1946 2120 coepto
1961 2054 2472 2120 bello,aagritudine
2486 2057 2678 2110 subita
2690 2071 3004 2124 oppressus
3019 2061 3168 2112 diem
3179 2061 3322 2112 obiit
3345 2062 3356 2091 ¹

1753 2141 2311 2194 relietishaaredibus
2328 2144 2389 2194 in
2411 2145 2653 2209 Imperio
2678 2145 2826 2208 filiis,
2845 2147 3113 2200 Gratiano
3129 2150 3354 2212 Augus-

1755 2235 1832 2295 to,
1857 2231 2373 2295 Valentinianoque
2393 2233 2709 2284 admodum
2726 2235 2986 2300 parvulo,
3011 2241 3070 2288 et
3094 2235 3356 2288 nondum

1751 2321 1924 2386 regiis
1937 2321 2264 2386 insignibus
2278 2321 2399 2374 initi
2406 2325 2708 2386 ato.Quem
2729 2327 2922 2377 tamen
2935 2326 3249 2377 necessitas
3267 2339 3355 2378 eo-

1749 2411 2002 2474 rum,qui
2014 2413 2287 2475 tanquam
2305 2423 2550 2464 vacuum
2561 2412 2784 2477 imperii
2795 2413 2986 2490 locum
3001 2415 3357 2467 conabantur

1747 2500 2036 2566 invadere,
2075 2499 2351 2566 compulit
2387 2501 2560 2553 etiam
2609 2501 2710 2566 [Αι.
2758 2503 2832 2567 et]
2867 2505 3107 2556 absente
3161 2503 3351 2569 fratre,

1747 2602 2001 2654 purpura
2028 2589 2207 2654 indui,
2254 2591 2434 2644 Probo
2471 2594 2611 2644 tunc
2639 2592 2912 2646 Prmt‘ecto
2957 2593 3200 2647 ﬁdeliter
3231 2606 3354 2647 rem

1747 2683 1978 2745 gerente
1989 2717 2002 2730 .

2326 2781 2555 2833 CAPUT
2625 2781 2776 2834 XIII.

1744 2906 1820 2956 De
1850 2905 2150 2956 Gothorum
2159 2921 2256 2970 per
2283 2906 2542 2956 Thracias
2554 2907 2926 2972 irruptione,et
2950 2908 3186 2960 Valentis
3211 2925 3349 2964 nece.

1806 3023 1912 3074 Per
1925 3021 2077 3073 idem
2093 3025 2319 3086 tempus
2341 3022 2400 3074 in
2417 3023 2664 3074 Orientis
2680 3035 2858 3087 regno
2872 3024 3190 3078 Gothorum
3205 3027 3350 3092 gens

1745 3111 1979 3163 sedibus
1992 3111 2116 3162 suis
2141 3111 2324 3174 pulsa,
2350 3123 2449 3176 per
2476 3125 2679 3164 omnes
2712 3125 2775 3165 se
2807 3113 3076 3166 Thracias
3118 3115 3347 3188 infudit,

47 3194 275 3254 umque
301 3189 743 3241 cumdiversum
761 3188 948 3252 Vellet,
961 3201 1329 3253 nequaquam
1351 3189 1504 3254 quoa
1517 3203 1638 3254 PFO-
1667 3181 1716 3256 C
1734 3201 2026 3264 armisque
2047 3207 2219 3252 urbes
2244 3205 2300 3252 et
2340 3212 2509 3264 agros
2543 3203 2770 3254 vastare
2793 3211 2824 3232 "
2865 3203 3109 3256 feraliter
3151 3181 3344 3270 coepit;

44 3284 324 3344 posuerat,
366 3281 664 3331 obtineret.
699 3281 1041 3334 Ambrosius
1065 3289 1083 3318 ε
1140 3283 1280 3330 tunc
1313 3279 1638 3332 Consularis

42 3370 294 3432 ejusdem
308 3369 617 3434 provinciae
633 3371 818 3421 fasces
835 3370 1086 3433 gerebat.
1106 3370 1160 3420 Is
1179 3381 1312 3420 cum
1328 3369 1636 3432 perniciem

43 3459 246 3511 civitati
272 3459 497 3512 videret
517 3459 865 3524 impendere,
881 3471 984 3523 pro
995 3460 1114 3510 loco
1125 3466 1301 3522 atque
1323 3460 1511 3510 ofﬁcio
1529 3472 1634 3512 suo

41 3549 333 3602 confestim
345 3548 678 3611 Ecclesium,
699 3549 1041 3600 seditionem
1051 3549 1247 3614 populi
1263 3547 1634 3613 mitigaturus

40 3640 367 3704 ingreditur.
398 3640 654 3702 Cumque
678 3637 819 3689 inibi
841 3639 1025 3690 multa
1055 3639 1376 3690 secundum
1397 3639 1554 3702 leges
1577 3641 1636 3691 et

37 3729 314 3793 publicam
337 3729 696 3792 disciplinam
713 3741 814 3792 pro
838 3727 1030 3791 quiete
1052 3732 1109 3780 et
1123 3728 1528 3792 tranquillitate
1537 3741 1634 3793 pe-

34 3825 288 3885 rorasset,
306 3821 618 3885 pugnantis
632 3819 783 3871 inter
799 3832 861 3872 se
873 3823 930 3872 et
944 3818 1278 3871 dissidentis
1291 3818 1313 3847 ⁸³
1325 3819 1518 3884 populi
1532 3832 1632 3871 su-

85 3991 361 4045 aDamasi
390 3991 807 4043 ordinationem
829 4003 981 4043 anno
1010 3989 1111 4044 367
1139 3987 1476 4055 Chronologi
1499 4001 1630 4041 eru-

35 4064 256 4117 ditiores
303 4066 656 4114 adscribunt.
703 4065 1014 4115 Hiswi-iam
1047 4063 1386 4116 s‘cliismatis
1418 4062 1626 4122 Ursini,

35 4151 146 4188 sive
167 4137 411 4188 Ursicini
437 4149 508 4186 ex
531 4136 746 4187 Libello
769 4148 1006 4200 precum
1029 4134 1339 4187 Marcellini
1363 4141 1420 4186 et
1442 4136 1628 4184 Faus-

34 4211 122 4257 tini
136 4210 206 4260 ad
233 4207 696 4259 Valentinianum
723 4207 1013 4271 juniorem
1034 4208 1251 4258 disces:
1279 4209 1626 4259 recentiores

33 4286 324 4332 sexcentos
340 4283 734 4344 praetermitto.

82 4353 165 4403 *ls
185 4352 397 4404 Paulus
415 4353 750 4403 Tiburtinus
767 4350 1075 4416 episcopus
1101 4350 1328 4402 dicitur.
1415 4379 1424 4384 -

84 4433 100 4451 ε
121 4426 509 4486 Uuarnerian.,
535 4425 791 4488 Sycinia;
815 4423 1155 4488 CaCCiarius,
1183 4425 1488 4472 Siciniana.
1505 4425 1621 4471 Eam

33 4502 208 4548 tamen
234 4497 333 4550 alii
351 4497 648 4548 Basilicam
685 4497 892 4547 Liberii
915 4499 1125 4548 vocant
1145 4509 1158 4558 ;
1179 4500 1390 4546 suntet
1413 4495 1512 4558 qui
1536 4493 1621 4544 di-

29 4575 147 4620 cunt
161 4572 186 4620 J
200 4571 317 4622 ulli.
328 4573 662 4620 Ammianus
677 4573 869 4620 autem
883 4569 1245 4620 Marcellinus
1270 4569 1366 4618 lib.
1385 4567 1610 4616 XXVII.

1737 3293 1886 3342 Tum
1904 3303 2040 3343 vero
2058 3289 2316 3342 Valentis
2337 3289 2484 3342 bella
2509 3303 2641 3354 quas
2674 3289 2944 3344 Ecclesiis
2968 3293 3266 3360 inferebat,
3283 3295 3344 3354 in

1733 3381 1962 3432 hostem
1977 3385 2166 3445 ccepta
2177 3379 2430 3432 converti
2445 3392 2684 3444 seraque
2699 3381 3346 3450 pcenitentiaEpiscOpos

1740 3469 1912 3537 285
1939 3474 1998 3522 et
2019 3469 2383 3534 presbyteros
2405 3469 2648 3522 relaxari
2669 3470 2772 3535 [Αι.
2817 3471 3093 3536 relaxare]
3137 3473 3342 3538 exiliis,

1733 3573 1800 3612 ac
1831 3559 1900 3612 de
1921 3558 2166 3611 metallis
2176 3559 2387 3611 resolvi
2406 3559 2724 3611 monachos
2733 3559 2918 3623 jubet.
2946 3562 3074 3626 Ipse
3101 3569 3266 3612 tamen
3281 3567 3344 3613 ab

1732 3649 1999 3701 hostibus
2024 3649 2450 3702 circumventus
2463 3649 2521 3699 in
2537 3649 2892 3714 praedio,quo
2917 3662 2990 3702 ex
3004 3650 3150 3704 bello
3167 3653 3342 3717 trepi-

1731 3738 1841 3790 dus
1869 3739 2182 3803 cofugerat,
2197 3736 2510 3802 impietatis
2532 3749 2655 3790 suae
2677 3751 2880 3803 poenas
2896 3748 2918 3768 υ
2943 3739 3064 3804 igni
3097 3745 3340 3794 exustus

1730 3829 1904 3888 dedit,
1929 3829 2100 3880 annis
2127 3827 2190 3878 in
2217 3828 2459 3892 Imperio
2498 3839 2632 3879 cum
2662 3827 2833 3881 fratre
2854 3828 3054 3893 primo,
3103 3834 3160 3882 et
3208 3835 3342 3895 post

1727 4001 1839 4050 eius
1861 4015 1980 4050 vero
2015 4004 2162 4060 tunc,
2208 4003 2316 4050 etc.
2343 4011 2358 4062 ;
2389 4009 2520 4062 qum
2537 4000 2732 4050 autem
2768 3997 3102 4062 praecedunt
3136 3998 3338 4051 itidem

1728 4071 2077 4139 praecedenti
2111 4068 2373 4134 Capitulo
2405 4069 2696 4120 adtribuit.
2746 4070 2852 4121 Pro
2884 4070 3091 4133 gerebat
3133 4072 3334 4135 verbo,

1728 4145 1882 4210 quod
1909 4145 2184 4208 sequitur,
2202 4141 2342 4194 falso
2373 4140 2690 4192 Cacciurius
2713 4140 2806 4204 ait,
2828 4141 2981 4206 apud
3012 4143 3196 4194 editos
3221 4141 3334 4207 legi

1725 4216 1951 4281 regebat,
1971 4215 2159 4268 editus
2181 4218 2392 4278 quippe
2404 4215 2758 4277 Barraeanus,
2778 4217 2843 4264 ut
2857 4226 3235 4278 unum,quem
3261 4216 3334 4266 ob

1727 4289 1908 4341 oculis
1948 4289 2150 4347 habeo,
2195 4285 2446 4348 laudem,
2483 4283 2690 4348 gerebat
2741 4285 3052 4337 manifesto
3105 4285 3334 4350 praefert

1727 4361 2058 4412 Econtrario
2093 4357 2303 4422 regebat
2329 4369 2435 4407 ms.
2473 4355 2878 4408 Bononiensis.

1788 4432 1808 4460 ’-
1832 4434 2033 4482 Denuo
2067 4430 2409 4482 Bononiens.
2450 4439 2562 4478 ms.
2593 4427 2963 4476 Dissentientis
2987 4427 3335 4491 :pauloquo-

1723 4517 1835 4569 que
1864 4508 2010 4567 post,
2034 4508 2193 4564 atque
2220 4501 2387 4548 ultam
2409 4500 2586 4560 ﬁdem,
2609 4509 2708 4562 pro
2731 4502 2891 4561 atque
2915 4512 3106 4557 unam,
3126 4503 3236 4550 etc.

1785 4571 2211 4629 ’(vllitl‘nel'ian.,
2250 4569 2642 4630 discordantis;
2671 4581 2806 4619 mox
2834 4569 3202 4634 Bononiens.,
3245 4584 3334 4620 su-

30 4605 662 4622 νμμυυιμμηιμμμηιμυυ
677 4605 1245 4620 μυυνμιηωηωμμμυ
1270 4605 1366 4618 ...η
1386 4605 1492 4616 ι-.-
1514 4605 1526 4615 .
1547 4605 1610 4616 --.
1785 4605 1795 4613 .
1822 4605 2211 4629 “mnuum...”
2250 4605 2410 4618 .mw.
2429 4605 2610 4618 eum...
2628 4605 2642 4630 ,
2671 4605 2806 4619 ...νη
2834 4605 2996 4620 mmo.

28 4657 135 4706 cap.
162 4643 216 4696 3.
249 4645 360 4694 sub
384 4643 576 4702 linem,
603 4643 666 4690 In
679 4641 1084 4702 concertatione,
1100 4640 1305 4704 inquit,
1337 4653 1616 4702 superave-
1640 4605 1700 4679 D
1725 4647 1830 4696 bito
1864 4659 1962 4710 pro
1998 4644 2196 4703 subita,
2223 4647 2269 4690 et
2285 4641 2546 4690 revocarit
2586 4652 2686 4704 pro
2715 4645 2996 4694 revocaret.

26 4721 102 4761 rut
121 4715 409 4775 Damasus,
429 4721 585 4780 parte
607 4715 781 4778 (ιιιωοί
795 4713 1268 4776 favebatinstante.
1285 4713 1608 4774 Constatque

26 4784 78 4834 in
106 4787 325 4837 basilica
353 4793 629 4849 SiuINiNi,
665 4785 756 4835 ubi
779 4788 918 4834 ritus
944 4785 1250 4834 Christiani
1273 4791 1344 4832 est
1373 4798 1606 4833 conven-

27 4862 256 4922 ticulum,
281 4876 393 4911 uno
418 4861 504 4910 die
523 4865 734 4909 centum
750 4859 978 4922 triginta
994 4861 1188 4920 septem
1210 4862 1420 4920 reperta
1442 4858 1607 4906 cada-

26 4949 135 4983 veru
187 4939 605 5000 peremptorum,
651 4931 1031 4996 efferatamque
1072 4931 1172 4978 diu
1221 4929 1425 4994 ptebem
1473 4943 1607 4993 aegre

25 5012 187 5069 ροδιεα
209 5007 514 5067 detinitam,
537 5010 645 5057 θιο.

79 5079 97 5108 ⁴
115 5083 386 5132 Notatum
409 5080 631 5130 Bari-eeo
653 5077 728 5128 ad
749 5077 877 5128 libri
899 5087 1078 5139 oram,
1112 5075 1242 5140 legi,
1273 5074 1346 5126 at.
1373 5074 1606 5135 ratione,

27 5157 82 5204 ut
107 5159 162 5205 et
180 5155 352 5218 paulo
373 5159 506 5216 post
527 5149 879 5213 deferentibus
905 5161 1004 5214 pro
1039 5147 1456 5212 defendentibus.

79 5233 94 5253 ε
115 5228 198 5276 ita
221 5230 278 5276 et
301 5230 480 5275 nostri
505 5237 650 5274 mss.
681 5227 738 5274 et
763 5223 978 5286 vulgati
996 5221 1127 5272 libri
1150 5233 1352 5272 omnes
1375 5219 1606 5270 habent.

27 5299 331 5350 nacciarius
353 5297 609 5348 rescribit
631 5295 886 5354 Maximi,
899 5306 1006 5344 nec
1026 5299 1222 5344 tamen
1238 5293 1375 5356 quid
1393 5291 1612 5356 sibicve-

27 5375 95 5433 lit,
119 5369 590 5422 adnotatiuncula
609 5382 716 5420 sua
743 5369 1004 5431 explicat.
1051 5367 1182 5416 Mox
1215 5363 1610 5426 Guarnerian.,

26 5443 90 5490 ita.
114 5450 166 5492 ut
189 5457 383 5492 caussa
411 5441 738 5492 Ctericorum
761 5453 935 5504 usque
975 5439 1048 5488 ad
1089 5444 1353 5486 tormenta
1388 5435 1612 5484 deduce-

26 5521 188 5576 itur;
232 5515 576 5566 Bononiens.
629 5525 762 5564 cum
825 5511 962 5564 olim
1006 5510 1258 5574 vulgatis
1300 5510 1606 5574 plerisque,

27 5588 307 5636 duceretur.

77 5656 462 5710 ‘Auxentium
492 5669 641 5709 anno
665 5656 788 5718 371i,
814 5655 887 5708 ad
911 5656 1102 5721 plures
1127 5655 1356 5716 abiisse,
1383 5654 1613 5705 eodem-

27 5743 125 5790 que
146 5745 300 5783 anno
317 5732 560 5796 septimo
580 5731 714 5782 ldus
729 5729 1056 5782 Decembris
1073 5730 1445 5781 Ambrosium
1469 5729 1612 5778 ordi-

29 5807 211 5855 nitum
226 5805 402 5856 fuisse
419 5803 780 5868 Episcopum,
798 5802 1157 5854 ostendimus
1173 5809 1230 5854 et
1251 5814 1358 5853 nos
1373 5801 1431 5852 in
1447 5800 1613 5851 Chro-

27 5874 300 5942 nologicis
319 5879 390 5930 ad
400 5883 643 5943 primam
670 5875 1002 5941 Hieronymi
1025 5874 1338 5940 Epistolam
1367 5872 1547 5925 Notis.

79 5958 96 5986 '
125 5953 493 6008 Guarnerian.
509 5955 582 6008 ab
607 5954 702 6008 his
726 5956 899 6020 caput
923 5951 1008 6008 11.
1047 5952 1359 6011 exorditur,
1382 5948 1613 6001 Ambro-

301 6087 590 6146 PATROL.
629 6081 801 6141 XXI.

1770 4728 1780 4756 ³
1806 4716 1980 4770 Addit
2003 4721 2074 4765 est
2093 4717 2335 4766 verbum
2361 4711 2706 4775 Caeciarius,
2731 4713 2886 4776 quod
2902 4716 2958 4764 et
2981 4726 3120 4766 mss.
3138 4715 3324 4767 nostri

1710 4795 1768 4843 et
1795 4789 2015 4854 vulgati
2040 4788 2170 4838 libri
2190 4799 2395 4838 omnes
2417 4786 2705 4849 ignorant.

1767 4863 2010 4925 Quidam
2056 4873 2128 4912 ex
2171 4859 2340 4910 editis
2385 4857 2448 4906 in
2491 4857 2792 4922 Illyricum,
2833 4857 3048 4910 nostris
3077 4871 3327 4931 quoque,
3401 4869 3406 4872 '

1701 4933 2160 5003 repugnantibus
2180 4943 2321 4983 mss.

1771 5000 2010 5059 iGeni‘er
2037 5004 2410 5056 Ammianum
2432 5001 2528 5054 lib.
2575 5001 2760 5052 XXX.
2801 5013 2924 5066 cap.
2952 5000 3003 5055 6.
3029 5003 3325 5056 Zosimum

1704 5081 1802 5134 lib.
1824 5080 1918 5131 IV.
1941 5077 2196 5128 Idacium
2219 5077 2277 5126 in
2312 5074 2514 5134 Fastis,
2538 5075 2596 5125 et
2634 5075 3054 5137 Hieronymum
3099 5087 3326 5138 quoque

1705 5157 1972 5206 nostrum
1991 5148 2164 5213 Epist.
2187 5147 2298 5197 LX.
2318 5148 2391 5198 ad
2408 5145 2804 5204 Heliodorum,
2831 5150 2887 5196 et
2898 5145 2997 5208 qui
3019 5158 3150 5195 eum
3163 5159 3327 5197 men-

1708 5227 1866 5284 titur,
1891 5225 2202 5274 Auctorem
2226 5217 2418 5281 Epist.
2444 5216 2515 5266 ad
2537 5216 2880 5267 Praesidium
2904 5215 2974 5266 de
2989 5218 3160 5268 Cerco
3189 5217 3324 5268 Pas-

1683 5296 1875 5358 _chali.
1903 5297 2068 5346 Anno
2095 5288 2225 5344 375.
2271 5294 2328 5339 et
2348 5287 2454 5338 XV
2491 5287 2615 5335 Kal.
2654 5287 2918 5336 Decembr.
2967 5286 3322 5340 Valentinia-

1710 5381 1852 5421 num
1877 5367 2088 5418 obiisse
2115 5373 2215 5426 pro
2241 5363 2532 5424 comperto
2557 5358 2820 5410 habetur.

1772 5451 1804 5472 "'
1823 5444 1946 5492 Duo
1973 5449 2102 5489 rece
2122 5436 2340 5485 ntiores
2375 5431 2576 5492 Vatic.,
2607 5430 2869 5493 ferociter.
2891 5431 3025 5482 Mox
3057 5431 3308 5482 Guarne-

1710 5513 1858 5566 rian.
1869 5550 1885 5574 ,
1910 5512 2053 5561 Tunc
2082 5521 2222 5571 vero,
2239 5509 2298 5556 et
2319 5508 2480 5568 empta
2499 5517 2524 5551 c
2537 5503 2779 5551 onvertit.

1774 5596 1796 5616 ιι
1827 5573 1953 5637 Non
1967 5576 2390 5634 contemnenda
2407 5574 2572 5626 lectio
2585 5573 2954 5626 Uuarnoriani
2969 5587 3080 5625 ms.
3115 5573 3173 5622 in
3187 5589 3322 5639 pm-

1711 5658 1870 5718 sidio,
1904 5669 2005 5721 pro
2029 5666 2142 5718 quo
2159 5651 2372 5702 lectum
2410 5648 2693 5698 hactenus
2740 5646 2801 5721 i'n
2823 5646 3046 5721 praedio
3084 5645 3317 5721 reliquis

1711 5730 1870 5782 libris
1899 5719 2189 5780 omnibus.
2210 5725 2278 5774 Et
2301 5733 2438 5772 sane
2463 5723 2725 5772 Socrates
2742 5719 2802 5769 in
2821 5719 2950 5770 libri
2967 5721 3058 5770 IV.
3085 5719 3199 5770 fine
3217 5731 3317 5784 pe-

1711 5803 1877 5856 riisse
1909 5800 2206 5851 Valentem
2228 5799 2438 5854 narrat,
2463 5805 2595 5844 cum
2620 5792 2681 5842 in
2711 5791 2903 5843 vicum
2920 5789 3231 5854 quemdam
3254 5785 3317 5849 εἷς

1713 5876 1881 5942 κώμην
1916 5871 2288 5936 confugisset,
2345 5879 2518 5942 quem
2560 5863 3038 5942 supervenientes
3080 5863 3314 5942 Barbari

1713 5932 2171 6002 concremarunt.
2186 5940 2724 5996 Ammianusautem
2739 5933 3099 5992 Marcellinus
3119 5945 3190 5989 ex
3205 5932 3316 5988 alio

2893 6051 2958 6109 ‘17
