3900 6386
599 398 705 455 523

1606 397 1850 449 RUFINI
1901 396 2387 458 AQUILEIENSIS
2442 397 2878 450 PRESBYTERI
3791 401 3870 455 52$

597 523 733 565 cum
747 509 900 563 filliis
910 509 1118 575 fratris,
1133 507 1567 572 quatuordecim
1585 509 1788 572 pariter
1803 509 2040 560 exactis.
2054 510 2192 570 Quae
2213 514 2269 586 Α
2297 509 2387 562 da).
2403 509 2713 561 rimabatur
2728 509 3016 563 Ecclesia.
3046 509 3156 562 Sed
3183 509 3452 574 quamvis
3474 510 3768 563 illaJezabel
3789 517 3872 573 spi-

600 613 798 667 pugna
809 599 1032 652 initium
1050 597 1185 649 mali
1200 599 1456 650 Romano
1471 597 1715 662 Imperio
1736 602 1870 649 tunc
1888 603 1945 650 et
1961 601 2196 663 deinceps

599 691 722 742 fuit.
744 700 760 719 ·
772 690 951 754 Igitur
965 689 1265 740 Gratianus
1282 701 1412 739 cum
1427 688 1596 739 fratre
1609 687 1922 740 admodum
1935 693 2192 759 parvulo,

597 785 728 844 post
741 779 929 844 patrui
965 791 1165 830 necem
1181 778 1427 830 Orientis
1463 790 1691 842 quoque
1734 780 1988 844 suscepit
2011 783 2197 846 impe-

593 871 762 920 rium.
799 870 856 920 Is
890 867 1099 933 pietate
1133 872 1190 920 et
1212 867 1484 932 religione
1525 880 1728 918 omnes
1749 879 1912 932 pene,
1939 871 2036 933 qui
2063 875 2196 924 ante

591 958 818 1010 fuerant
871 957 1177 1022 principes,
1224 957 1546 1022 superabat.
1585 958 1707 1008 Usu
1741 970 2034 1010 armorum
2059 965 2196 1012 stre-

588 1061 764 1113 nuus,
823 1047 996 1101 velox
1037 1060 1288 1112 corpore,
1346 1051 1404 1099 et
1444 1047 1673 1112 ingenio
1698 1048 1890 1100 bonus
1913 1056 2049 1115 erat,
2088 1050 2190 1102 sed

584 1135 829 1202 juvenili
855 1135 1211 1189 exultatione
1227 1136 1357 1200 plus
1379 1135 1496 1187 fere
1517 1135 1710 1197 laetus,
1747 1148 1923 1200 quam
1945 1139 2196 1192 sufﬁcie-

589 1229 704 1290 bat,
721 1231 780 1280 et
791 1227 924 1293 plus
942 1225 1322 1289 verecundus,
1337 1237 1512 1289 quam
1522 1225 1873 1290 Reipublicae
1888 1227 2180 1282 intererat.

1178 1350 1410 1402 CAPUT
1443 1350 1592 1402 XIV.

597 1459 660 1510 Ut
686 1457 981 1508 Gratianus
993 1457 1294 1522 Imperator
1318 1456 1675 1506 Theodosium
1691 1457 1849 1521 regni
1867 1459 2191 1523 participem

649 1530 952 1592 adsciverit,
994 1535 1040 1578 et
1089 1534 1203 1592 post
1242 1529 1418 1578 multa
1460 1529 1709 1592 religiose
1750 1535 1794 1577 et
1816 1529 2028 1592 fortiter
2049 1537 2191 1594 gesta

648 1603 886 1652 Maximi
921 1604 1150 1666 tyranni
1181 1601 1402 1650 insidiis
1424 1602 1782 1653 succubuerit.

650 1718 874 1782 Quique
891 1717 1095 1772 videns
1111 1717 1266 1782 utile,
1280 1717 1468 1771 virum
1479 1721 1648 1769 annis
1670 1722 1961 1770 maturum
1976 1719 2037 1772 in
2067 1725 2191 1772 tan-

588 1809 664 1862 tis
685 1809 849 1874 regni
889 1809 1042 1860 curis
1078 1808 1288 1859 habere
1325 1807 1674 1872 participem,
1720 1811 1776 1860 et
1803 1809 1956 1872 quia,
1995 1822 2184 1861 sermo

587 1899 821 1952 divinus
855 1901 1078 1950 monet:
1096 1897 1285 1946 Melius
1309 1899 1435 1958 duo,
1455 1913 1624 1962 quam
1649 1913 1782 1946 unus
1797 1899 2004 1963 (Eccles.
2019 1899 2069 1953 4.
2089 1900 2180 1964 9.),

587 1993 914 2042 consortem
941 1987 1212 2040 adsciscit
1238 1987 1625 2039 'Iheodosium
1649 1988 1686 2050 ι’,
1735 1988 1898 2052 eique
1939 1987 2183 2040 Orientis

586 2078 981 2144 procuratione
996 2080 1296 2142 permissa,
1312 2082 1502 2141 partes
1520 2077 1630 2128 sibi
1656 2091 1720 2128 ac
1737 2077 1894 2129 fratri
1911 2078 2183 2130 Oceiduas

584 2161 925 2212 reservavit.
960 2161 1171 2210 Verum
1188 2158 1238 2208 is
1262 2170 1280 2191 ο
1303 2163 1615 2222 postquam
1634 2160 1817 2210 multa
1840 2159 2102 2224 religiose
2117 2173 2183 2210 ac

585 2251 806 2302 fortiter
837 2249 1040 2314 gessit,
1063 2262 1098 2301 a
1121 2247 1373 2300 Maximo
1413 2253 1656 2313 tyranno
1680 2250 1833 2312 apud
1859 2250 2182 2300 Britannias

583 2345 800 2404 exorto,
807 2353 906 2404 per
924 2339 1383 2405 Andragatliium
1399 2341 1627 2403 ducem,
1655 2333 2183 2402 Lugduni,suorum

582 2431 768 2497 magis
789 2431 1127 2497 proditione,
1153 2443 1326 2495 quam
1353 2431 1412 2484 vi
1433 2430 1708 2493 hostium,
1725 2435 2056 2494 peremptus
2074 2434 2180 2481 est.

1171 2575 1404 2626 CAPUT
1459 2575 1585 2626 XV.

582 2691 656 2743 De
677 2691 1060 2743 Valentiniano
1068 2705 1258 2756 puero.
1291 2691 1456 2755 thue
1467 2696 1639 2739 mater
1662 2690 1776 2754 ejus
1790 2690 2011 2740 Justina
2025 2689 2182 2740 Aria-

613 2779 748 2816 nam
759 2764 997 2814 haeresim
1011 2763 1576 2825 defendens,b‘cclesias
1587 2762 1901 2827 perturbare
1913 2769 2106 2812 conata
2123 2772 2185 2813 sit

651 2888 908 2960 286M
924 2889 1360 2942 Valentinianus
1378 2889 1437 2940 in
1452 2889 1614 2941 Italia
1629 2888 2032 2952 degens,fratris
2043 2904 2178 2952 nece,

578 2988 752 3048 atque
765 2981 951 3034 hostis
967 2985 1126 3032 metu
1137 2977 1863 3044 perterritus,simulatione
1874 2980 2088 3026 oblatam
2099 2993 2184 3039 pa-

579 3086 703 3126 cem
731 3084 766 3124 a
789 3071 1058 3134 Maximo,
1086 3069 1366 3121 simulans
1382 3069 1505 3133 ipse
1533 3080 1764 3131 quoque
1786 3067 2028 3120 libenter
2055 3080 2180 3119 am-

578 3163 860 3229 plectitur.
879 3160 1259 3214 Cuminterim
1273 3161 1302 3212 J
1311 3161 1505 3211 ustina
1521 3161 1702 3210 mater
1727 3158 2005 3222 ejusdem,
2026 3159 2180 3209 Aria-

2295 599 2408 651 ritu
2428 602 2705 663 pugnaret
2727 605 2964 663 armata,
2996 601 3296 651 resistebat
3316 606 3506 652 tamen
3531 602 3872 653 Ambrosius.

2296 688 2431 740 Eliee
2456 689 2666 741 virtute
2696 689 2946 752 repletus
2971 691 3027 740 et
3050 690 3250 754 gratia.
3269 692 3615 754 Ipsaautem
3639 691 3700 742 in
3716 692 3873 743 Eccle-

2297 777 2397 828 siis
2413 777 2675 843 garrire,°
2717 784 2989 843 strepere,
3022 783 3295 843 animare,
3341 785 3397 832 et
3433 781 3793 832 inﬂammare
3821 783 3873 832 ad

2295 867 2638 918 discordiam
2675 868 2915 932 populos
2943 869 3044 932 [AL
3069 871 3198 920 add.
3237 869 3430 934 coepit]
3458 884 3470 920 :
3499 870 3608 922 sed
3635 871 3784 934 quod
3800 873 3874 921 mi.

2294 969 2406 1008 nus
2419 969 2509 1008 res
2529 970 2603 1008 ex
2628 959 2914 1010 sententia
2930 958 3173 1010 cederet.
3189 959 3456 1024 injuriam
3475 966 3702 1024 putare,
3721 965 3775 1012 et
3796 975 3872 1025 pro

2293 1045 2402 1098 hoc
2423 1046 2526 1112 [Αι.
2553 1047 2678 1110 hac]
2701 1047 2851 1112 apud
2868 1047 3048 1100 ﬁlium
3069 1049 3358 1113 conqueri.
3373 1049 3536 1101 Unde
3562 1049 3872 1102 adolescen-

2294 1136 2453 1187 tulus
2470 1148 2572 1200 pro
2588 1138 2951 1190 contumeliae
2960 1138 3193 1199 invidia,
3203 1151 3374 1204 quam
3387 1139 3530 1191 falso
3547 1142 3873 1192 conﬂaverat

2295 1231 2495 1290 mater,
2513 1239 2808 1292 accensus,
2827 1234 3178 1281 armatorum
3215 1229 3446 1294 globum
3471 1229 3546 1281 ad
3586 1230 3872 1283 Ecclesiam

2292 1316 2493 1368 mittit:
2520 1318 3038 1381 confringijanuas,
3057 1319 3376 1382 oppugnari
3398 1319 3415 1348 ί
3445 1323 3674 1384 sancta,
3706 1321 3872 1372 Sacer-

2293 1405 2488 1458 dotem
2499 1407 2768 1471 pertrahi,
2785 1413 2956 1472 atque
2979 1408 3036 1459 in
3052 1407 3284 1460 exilium
3298 1408 3408 1473 agi,
3427 1411 3698 1473 protinus
3713 1411 3869 1473 jubet.

2293 1495 2403 1548 Sed
2428 1498 2587 1548 tanta
2617 1496 2721 1548 fuit
2739 1498 3160 1561 perseverantia
3172 1497 3424 1549 fidelium
3450 1497 3869 1564 populorum,ut

2291 1585 2514 1638 animas
2537 1586 2692 1652 prius
2717 1587 2994 1650 amittere,
3020 1600 3196 1652 quam
3233 1588 3580 1653 Episcopum
3609 1589 3845 1640 mallent.

2879 1741 3110 1793 CAPUT
3145 1740 3296 1791 XVI.

2205 1844 2260 1918 B
2349 1857 2425 1906 De
2465 1856 2709 1906 Benevoli
2731 1857 2979 1921 Magistri
3021 1858 3292 1907 memoriae
3316 1856 3464 1920 ﬁdeli
3501 1859 3818 1908 constantia.

2368 1988 2539 2058 287
2560 1991 2792 2042 Interim
2815 1990 3086 2043 dictanda
3121 1989 3433 2044 adversum
3457 1990 3671 2045 .tldem
3697 1999 3862 2052 patrm;

2283 2081 2584 2144 Imperiala
2627 2081 2881 2132 decretaIt
2904 2079 3252 2132 mandantur
3281 2080 3594 2144 Benevolo,
3612 2084 3748 2132 tunc
3773 2094 3865 2131 me-

2283 2171 2481 2222 moriw
2507 2169 2732 2220 scriniis
2758 2169 3111 2234 praesidenti.
3139 2170 3250 2221 Sed
3261 2169 3355 2221 ille
3379 2172 3472 2221 cui
3494 2171 3571 2222 ab
3603 2173 3862 2220 incunabu-

2281 2259 2352 2310 lis
2377 2273 2538 2312 sacra
2560 2260 2725 2323 fides,
2751 2264 2808 2312 et
2836 2259 3176 2312 venerabilis
3201 2259 3328 2323 fuit,
3351 2261 3606 2324 abnegat
3631 2273 3693 2313 se
3715 2262 3858 2324 impii

2283 2351 2458 2404 verba
2481 2363 2652 2414 posse
2706 2350 2972 2414 proferre,
2998 2355 3054 2402 et
3094 2353 3294 2402 contra
3325 2351 3512 2402 Deum
3533 2349 3716 2414 loqui.
3741 2352 3857 2399 Tum

2282 2453 2416 2493 vero
2431 2453 2503 2491 ne
2518 2441 2836 2504 incoeptum
2857 2440 3071 2504 reginae
3095 2440 3353 2492 frustrari
3372 2439 3684 2504 videretur,
3707 2443 3856 2488 celsior

2281 2531 2332 2582 ei
2368 2530 2550 2582 honor
2585 2531 2954 2595 promittitur,
2982 2531 3028 2581 si
3057 2531 3317 2594 impleret
3352 2531 3636 2594 iniuncta.
3671 2531 3764 2581 Ille
3784 2529 3858 2591 qui

2281 2621 2525 2673 nobilior
2566 2621 2628 2672 in
2671 2621 2784 2673 ﬁde
2811 2633 2942 2673 esse
2971 2633 3147 2684 quam
3191 2620 3251 2672 in
3273 2620 3595 2672 honoribus
3620 2627 3854 2685 cuperet:

2282 2711 2429 2774 Quid
2445 2711 2604 2774 mihi,
2634 2711 2730 2775 ait,
2748 2723 2848 2776 pro
2871 2711 3180 2776 impietatis
3192 2710 3455 2763 mercede
3478 2710 3740 2763 altiorem
3775 2725 3858 2770 pro-

2280 2802 2508 2853 mittitis
2535 2801 2992 2866 gradum?Hunc
3015 2803 3226 2866 ipsum,
3254 2814 3428 2865 quem
3453 2801 3646 2854 habeo
3669 2800 3855 2853 tollite:

2281 2896 2508 2943 tantum
2530 2891 2675 2942 mihi
2699 2892 3053 2943 conscientia
3076 2891 3210 2943 ﬁdei
3234 2891 3399 2943 duret
3413 2890 3626 2944 illaesa.
3651 2893 3780 2942 Haec
3792 2889 3857 2940 di-

2281 2995 2435 3046 cens,
2457 2987 2591 3033 ante
2615 2982 2790 3046 pedes
2801 2982 2976 3046 impia
2988 2981 3444 3046 praacipientium
3455 2984 3718 3044 cingulum
3723 2980 3852 3046 jecit.

2279 3073 2620 3124 Ambrosius
2654 3085 2786 3124 vero
2817 3072 3125 3124 adversum
3156 3071 3424 3136 Reginae"
3454 3071 3727 3133 furorem,
3756 3084 3849 3122 non

2280 3175 2342 3214 se
2362 3175 2538 3214 manu
2557 3162 2896 3214 defensabat
2915 3165 3016 3214 aut
3038 3161 3170 3223 telo,
3190 3161 3294 3214 sed
3318 3161 3561 3227 jejuniis
3586 3162 3849 3215 continua-

577 3253 972 3307 nmheereseos
1009 3251 1260 3312 alumna,
1285 3250 1594 3314 impietatis
1619 3261 1742 3301 sua:
1769 3261 2004 3308 venena,
2023 3260 2173 3311 quae,
2202 3272 2250 3348 ρ
2282 3253 2470 3316 tisque
2483 3252 2694 3316 vigiliis
2721 3253 2828 3303 sub
2851 3252 3014 3303 altari
3037 3251 3300 3316 positus:
3325 3265 3425 3316 per
3448 3253 3849 3304 obsecrationes

582 3345 814 3398 vivente
838 3343 978 3404 viro,
1005 3345 1419 3406 suppresserat,
1445 3341 1560 3392 tilio
1575 3339 1738 3391 facile
1753 3339 1988 3403 decepto
2003 3339 2176 3390 ﬂden-

581 3439 668 3486 ter
703 3432 806 3497 [AL
843 3431 1103 3495 libenter]
1131 3432 1372 3496 aperuit.
1404 3430 1584 3494 Igitur
1615 3428 1769 3494 apud
1793 3428 2174 3481 Mediolanum

580 3536 789 3598 posita,
803 3531 1141 3583 conturbare
1157 3529 1537 3580 Ecclesiarum
1556 3532 1792 3591 statum,
1809 3527 2142 3579 comminari
2154 3528 2175 3556 δ

583 3619 977 3674 sacerdotibus
1013 3619 1398 3684 depulsiones,
1439 3619 1624 3679 exilia,
1659 3619 1771 3669 nisi
1795 3618 2175 3670 Ariminensis

583 3712 802 3764 concilii
819 3711 1062 3772 decreta,
1080 3710 1290 3774 quibus
1307 3709 1448 3760 lldes
1466 3714 1692 3774 patrum
1713 3713 1983 3761 temerata
2001 3711 2174 3770 fuerat,

580 3798 938 3854 revocarent.
985 3802 1107 3862 Quo
1140 3799 1289 3852 bello
1333 3800 1600 3851 Ecclesia:
1630 3812 1860 3850 murum
1883 3804 1940 3851 et
1975 3799 2175 3850 turrim

579 3892 994 3948 validissimam
1018 3891 1284 3957 pulsabat
1305 3891 1693 3954 Ambrosium,
1710 3893 1970 3954 Eumque
1982 3889 2174 3952 minis,

579 3985 888 4037 terroribus
909 3981 1488 4048 [At.terroribusque],
1508 3987 1681 4045 atque
1699 3981 1856 4033 omni
1881 3992 2176 4044 oppugna-

578 4075 752 4128 tionis
769 4085 976 4140 genere
991 4073 1256 4138 fatigans,
1275 4073 1528 4136 primum
1544 4072 1654 4124 sibi
1669 4071 1890 4124 aditum
1913 4073 2177 4120 debellan-

582 4260 710 4300 rum
728 4244 1009 4297 sententia
1025 4243 1214 4309 tradit,
1230 4257 1362 4296 eum
1385 4259 1508 4293 cum
1529 4241 1868 4304 Candidatis,
1907 4248 1951 4292 et
1982 4243 2178 4308 spado-

583 4319 743 4369 nibus
758 4318 951 4384 paucis
978 4331 1144 4382 prOpe
1176 4317 1249 4366 ad
1271 4323 1536 4368 Aeni-ierim
1563 4331 1747 4366 casam
1771 4316 2061 4368 relatum...
2079 4317 2181 4366 cir-

583 4405 907 4442 cumsessum
922 4389 988 4440 ab
1000 4390 1252 4450 hostibus,
1272 4404 1301 4453 q
1311 4389 1368 4436 ui
1389 4389 1588 4452 esset,ig
1597 4390 1934 4451 norantibus,
1951 4390 2179 4453 ﬂamma

581 4464 860 4530 supposita
905 4463 1226 4515 incensum.
1261 4463 1411 4513 Tum
1433 4462 1818 4526 Regio-Vatic.
1841 4463 2054 4527 fugerat
2076 4475 2178 4526 pro

583 4538 912 4601 confugerat,
935 4535 1278 4588 Bononiens.
1302 4533 1517 4598 ignibus
1539 4547 1640 4599 pro
1664 4535 1800 4597 igni.
1822 4537 2028 4586 Annus
2047 4549 2182 4600 age-

585 4609 756 4659 batur
771 4605 892 4661 378.
911 4607 1103 4670 quinto
1127 4606 1251 4655 idus
1265 4605 1514 4669 Augusti,
1538 4610 1604 4656 ut
1632 4606 1856 4657 Idacius
1868 4607 2083 4671 scribit,
2105 4621 2177 4658 ex

2277 3343 2635 3394 defensorem
2655 3341 2763 3392 sibi
2775 3347 2947 3406 atque
2959 3341 3230 3394 Ecclesiae
3252 3343 3431 3394 Deum
3445 3343 3702 3407 parabat.
3726 3345 3850 3391 Dum-

2273 3446 2383 3497 que
2398 3433 2543 3484 ihaec
2556 3435 2608 3480 in
2623 3433 2858 3497 longum
2876 3432 3120 3484 diversis
3138 3433 3414 3484 machinis
3427 3437 3484 3484 et
3497 3432 3847 3498 oppugnatio-

2275 3523 2448 3574 nibus
2473 3534 2720 3586 nequam
2743 3523 2972 3574 Justina
2997 3523 3311 3587 moliretur,
3339 3522 3652 3586 Maximus,
3689 3522 3776 3585 qui
3801 3531 3844 3569 se

2275 3626 2484 3665 exuere
2508 3612 2996 3677 tyranniinfamia,
3016 3618 3073 3664 et
3095 3612 3414 3676 legitimum
3440 3613 3746 3678 principem
3759 3625 3844 3670 gus-

2276 3703 2408 3754 tiret
2452 3703 2771 3765 ostendere,
2811 3701 2960 3753 datis
3007 3701 3211 3754 litteris
3248 3702 3484 3764 impium
3524 3704 3844 3766 protestetur

2275 3793 2610 3857 inemptum,
2637 3793 2812 3843 Iidem
2835 3793 2932 3843 Dei
2957 3793 3600 3856 impugnari,etslatuta
3621 3793 3841 3841 catholica

2277 3883 2546 3934 Ecclesia:
2581 3883 2800 3944 subrui,
2825 3885 2882 3934 et
2902 3881 3051 3934 inter
3079 3884 3205 3934 hinc
3235 3883 3694 3947 appropinquare
3721 3881 3732 3920 i
3755 3882 3840 3929 Ita-

2274 3973 2368 4026 lite
2390 3973 2578 4038 cmpit.
2601 3976 2721 4036 Quo
2746 3973 2976 4024 Justina
2997 3975 3302 4037 comperto,
3324 3972 3491 4025 hoste
3504 3972 3680 4024 simul
3697 3973 3837 4032 atque

2277 4065 2585 4131 impietatis
2609 4064 2963 4118 conscientia
3005 4068 3364 4128 perurgente,
3389 4063 3448 4115 in
3476 4062 3678 4127 fugam
3707 4069 3840 4112 versa

2277 4236 2470 4290 monio
2499 4239 2560 4289 in
2593 4237 2868 4301 Epitome.

2341 4310 2362 4338 δ
2381 4310 2540 4361 Idem
2572 4309 2940 4360 Guarnerian.
2966 4307 3310 4430 comminari
3338 4306 3492 4372 ccepit
3515 4302 3835 4358 sacerdotibu.t

2347 4383 2629 4430 uulsiones.
2655 4382 2841 4430 exilia.
2869 4387 2974 4430 etc.
3001 4383 3070 4430 Et
3094 4395 3249 4430 sane.
3311 4382 3609 4430 evulsiones
3631 4391 3726 4430 pro
3748 4385 3834 4430 (1υο

2279 4383 2629 4448 depulsiones,
2655 4382 2841 4441 exilia,
2869 4387 2974 4432 etc.
3001 4383 3070 4434 Et
3094 4395 3249 4444 sane,
3275 4382 3609 4446 depulsiones
3631 4391 3726 4445 pro
3748 4385 3834 4438 quo

2277 4454 2491 4507 lectum
2514 4454 2795 4506 hactenus
2825 4457 2913 4504 est
2929 4453 3274 4517 depulsionis,
3298 4452 3523 4504 restitui
3549 4455 3733 4504 visum
3753 4449 3834 4498 est.

2279 4529 2388 4578 Pro
2416 4531 2687 4589 temerata,
2712 4525 2864 4589 quod
2890 4525 3166 4589 sequitur,
3191 4525 3472 4587 Barraius,
3497 4520 3836 4581 nonnullique

2279 4600 2374 4652 alii
2393 4598 2529 4650 editi
2569 4597 2698 4648 libri
2714 4597 3027 4645 intemerata
3041 4596 3226 4660 praefei
3241 4597 3430 4647 ebant.
3457 4593 3838 4650 Caeciariuspro

586 4690 771 4742 eoque
787 4665 996 4742 Pagius
1027 4677 1307 4730 edisserit.
1327 4665 1526 4730 Confer
1541 4681 1596 4729 et
1611 4677 1910 4730 Libanium
1945 4678 2006 4730 in
2039 4665 2179 4732 Ora—
2205 4665 2263 4738 D
2281 4676 2586 4723 revocarent
2607 4669 2839 4742 coniicit
2862 4667 3286 4742 rescribendum
3319 4673 3655 4742 renovarent.

587 4752 743 4804 tione
766 4750 841 4801 ad
864 4749 1250 4802 Theodosium
1273 4750 1344 4801 de
1380 4751 1538 4803 caede
1559 4750 1766 4801 Juliani
1789 4751 2149 4806 vindicanda.

653 4830 670 4850 ·
695 4822 784 4873 Ab
812 4820 922 4871 hoc
942 4819 1066 4873 loco
1089 4824 1262 4885 caput
1296 4821 1382 4875 14.
1408 4823 1781 4873 Guarnerian.
1814 4825 1939 4875 cod.
1965 4826 2184 4878 exordi-

586 4897 696 4956 tur,
749 4892 902 4958 quod
938 4896 996 4944 et
1046 4893 1220 4945 ferme
1271 4894 1479 4945 rectius
1523 4906 1657 4944 cum
1702 4897 2086 4961 subsequente
2120 4899 2184 4950 in

583 4979 766 5019 unum
790 4965 1108 5030 coniungit.
1151 4966 1402 5016 Gratiani
1438 4965 1641 5016 laudes
1666 4969 1963 5031 magnifice
1999 4969 2184 5024 extol-

582 5041 710 5092 lunt
741 5041 793 5092 S.
831 5038 1172 5090 Ambrosius
1203 5039 1274 5088 de
1303 5038 1464 5089 obitu
1489 5038 1761 5100 Valentis,
1789 5047 1848 5092 et
1877 5043 1937 5093 in
1973 5043 2179 5095 Psalm.

583 5126 702 5166 in.
741 5113 1014 5172 Zosimus,
1061 5112 1358 5162 Ausonius
1401 5111 1460 5161 in
1508 5111 1660 5162 Grat.
1705 5119 1813 5164 act.
1851 5127 1952 5178 pro
1975 5117 2100 5167 Cos.
2126 5119 2183 5168 et

585 5187 928 5240 Ammianus
952 5185 1073 5248 ipse
1094 5183 1455 5234 Marcellinus
1472 5185 1566 5236 lib.
1601 5185 1808 5237 XXXI.

651 5261 674 5289 ⁸³
705 5262 872 5312 Anno
910 5256 1032 5310 379.
1075 5256 1215 5308 XIV.
1256 5259 1388 5320 (non
1444 5259 1616 5309 XVII.
1665 5262 1728 5310 ut
1762 5271 2056 5323 perperam
2089 5259 2184 5311 alii

593 5335 866 5395 scribunt)
906 5331 1030 5381 Kal.
1068 5331 1410 5394 Februarias,
1449 5336 1515 5382 ut
1557 5331 1792 5396 Idatius,
1839 5333 2183 5383 Chronicum

592 5406 961 5459 Alexandrin.
983 5407 1235 5467 itemque
1260 5405 1504 5468 Farrago
1530 5406 1932 5464 Alexandrina,
1957 5409 2012 5455 et
2036 5405 2184 5454 Mar-

593 5481 832 5533 cellinus
856 5481 916 5530 in
939 5479 1215 5530 Chronico
1251 5478 1472 5528 docent.
1501 5477 1649 5526 Hinc
1681 5489 1830 5527 nova
1852 5477 2077 5538 Imperii
2100 5477 2186 5526 di-

592 5555 754 5606 visio.
805 5553 1126 5604 Theodosio
1160 5549 1360 5602 Oriens
1405 5561 1539 5599 cum
1562 5547 1799 5598 Thracia
1824 5552 2014 5610 cessit,
2039 5548 2186 5599 inter

591 5630 925 5682 Gratianum
947 5631 1139 5678 autem
1154 5629 1211 5676 et
1229 5622 1688 5676 Valentinianum
1711 5620 1911 5674 fratres
1935 5621 2186 5673 divisum

591 5702 900 5766 Imperium
923 5697 1302 5751 Occidentale.

659 5765 757 5826 "In
791 5772 1160 5826 Guarnerian.
1197 5782 1328 5834 ms.,
1375 5767 1572 5820 Verum
1614 5766 1725 5832 ipse
1758 5765 1822 5816 is.
1847 5770 1904 5818 et
1933 5778 2070 5818 mox
2089 5779 2190 5830 per

592 5847 1034 5910 Andragathum.
1047 5843 1271 5897 Obiisse
1285 5840 1621 5894 Gratianum
1638 5841 1784 5892 VIII.
1800 5839 1921 5892 Kal.
1939 5839 2188 5904 Septem-

592 5920 712 5974 bris
725 5919 868 5974 annl
887 5917 1011 5975 383.
1033 5917 1393 5972 demonstrat
1414 5913 1626 5980 Pagius
1653 5925 1728 5966 ex
1749 5911 1996 5966 Victoris
2017 5911 2184 5965 testi-

2343 4753 2361 4774 ⁶
2385 4746 2510 4794 Duo
2529 4743 2656 4795 hinc
2692 4741 2868 4794 verba
2898 4741 3130 4805 garrire,
3169 4744 3226 4791 et
3251 4745 3474 4804 strepere
3517 4735 3832 4790 Bononiens.

2280 4830 2390 4868 ms.
2418 4819 2579 4867 tacet.

2343 4887 2542 4939 'Alius
2589 4886 2788 4936 Sancta
2831 4884 3157 4934 Sanctorum
3199 4883 3259 4934 in
3303 4881 3531 4936 duobus
3555 4880 3730 4934 Vatic.
3757 4877 3837 4927 Pro

2283 4958 2544 5023 agiquod
2575 4961 2836 5020 sequitur
2869 4960 2990 5008 erat
3010 4956 3070 5006 in
3099 4958 3272 5007 antea
3293 4955 3544 5019 vulgatis
3569 4953 3720 5003 mitti.

2345 5042 2362 5070 ε
2384 5021 3088 5097 Guarnerian..mutuntur,
3109 5033 3232 5078 tum
3260 5029 3316 5078 et
3332 5027 3584 5076 Benivolo
3607 5041 3692 5086 pro
3714 5021 3837 5097 Berg-

2282 5104 2415 5167 volo,
2442 5117 2586 5153 mss.
2616 5087 2965 5166 quoquealii.
2991 5087 3342 5152 Soaomenus
3365 5099 3460 5150 lib.
3489 5101 3611 5150 VII.
3632 5108 3741 5158 cap.
3773 5087 3832 5142 13-

2282 5178 2552 5229 Μενίῧολον
2578 5181 2764 5238 vocat,
2793 5173 3235 5225 faciliinGr-mcis
3261 5175 3288 5222 6
3309 5173 3366 5222 in
3393 5191 3426 5233 μ
3449 5171 3725 5222 literarum
3746 5172 3833 5227 per

2282 5248 2618 5300 mutatione.
2647 5249 2780 5298 Mox
2800 5249 2859 5297 in
2889 5245 3278 5306 Regio-Vatic.
3305 5259 3436 5292 cara
3456 5243 3583 5305 [Ides
3599 5253 3694 5307 pro
3713 5245 3832 5284 sum

2196 5329 2212 5348 ⁸
2281 5323 2428 5386 ﬁdes.
2451 5321 2870 5372 Guarnerian.et
2896 5317 3154 5382 copulam
3183 5317 3636 5379 subsequentem
3653 5307 3828 5360 omittit:

2283 5393 2488 5446 deinde
2555 5393 2698 5440 Tunc
2736 5407 2854 5440 vero
2882 5390 3015 5453 legit
3047 5401 3146 5453 pro
3191 5389 3340 5446 Tum,
3377 5391 3482 5438 etc.

2346 5475 2367 5504 "
2394 5476 2756 5536 Bononiens,
2805 5471 3064 5535 fer-vorem
3114 5473 3172 5521 et
3214 5466 3518 5532 defendebat
3561 5477 3658 5531 pro
3689 5457 3832 5520 (lC/1""

2283 5547 2448 5598 sabat.

2349 5621 2359 5649 ι
2389 5619 2546 5669 Idem
2579 5629 2712 5668 cum
2745 5615 3134 5673 Guarnerian.,
3171 5614 3410 5676 Cumque
3437 5613 3560 5662 haec.
3597 5611 3712 5679 etc"
3738 5604 3830 5679 tum

2281 5691 2498 5756 junctis
2532 5694 2590 5741 et
2623 5688 2910 5740 Vaticanis
2960 5688 3206 5745 duobus,
3250 5685 3621 5750 nequidquam
3646 5678 3830 5756 austum

2285 5752 2508 5813 inolitur
2525 5774 2625 5827 pro
2676 5776 2912 5826 nequam
2935 5759 3158 5809 Justina
3194 5762 3325 5821 etc.,
3349 5756 3525 5808 ferme
3549 5752 3738 5827 verius-

2345 5819 2576 5888 jNostri
2616 5819 2771 5886 mss.-
2817 5831 3036 5882 Italiam
3078 5843 3180 5896 pro
3220 5819 3406 5881 Italic.
3441 5830 3508 5882 In
3547 5826 3656 5881 ﬁne
3696 5819 3831 5871 (ἕω

2285 5910 2524 5974 nerian.,
2543 5906 2778 5974 parabat
2787 5917 2890 5972 pro
2916 5902 3282 5971 praeparabat.
