3900 6390
573 397 678 454 527

1595 394 1840 446 RUFINI
1873 393 2366 455 AQUILEIENSIS
2400 392 2839 445 PRESBYTERI

571 512 686 564 niis
709 515 1010 576 urgeretur
1039 509 1268 573 (quibus
1296 507 1417 571 ipse
1453 507 1734 558 Dominus
1770 511 1828 557 et
1865 505 2125 557 Salvator
2149 515 2166 535 ·
2191 511 2245 582 Α
2271 506 2455 558 destia
2479 507 2604 570 ejus
2628 508 2930 561 contemta,
2957 505 3101 556 alius
3125 516 3159 555 a
3191 503 3396 556 Meletii
3430 503 3703 568 partibus
3737 506 3882 555 ordi-

573 601 784 653 habere
808 613 870 652 se
888 610 1139 650 animam
1159 597 1472 660 proiitetur,
1499 599 1555 648 et
1571 608 1778 658 ponere
1801 608 1924 646 eam
1941 595 2168 658 quando

575 691 716 750 vult,
740 695 797 742 et
821 691 1026 740 iterum
1055 699 1353 738 assumere
1373 698 1504 738 eam
1529 699 1543 749 ;
1573 697 1864 748 quamque
1881 686 2170 736 turbatam

571 785 629 833 et
657 780 875 832 tristem
892 777 1027 828 dicit
1049 789 1178 828 esse
1200 788 1384 839 usque
1408 775 1480 827 ad
1503 775 1757 835 mortem)
1777 775 1944 825 vertit
1969 787 2030 824 se
2042 779 2171 838 post

570 876 712 924 etne
737 881 808 920 ex
838 870 954 919 toto
968 866 1129 928 verti,
1149 865 1242 918 vel
1267 865 1418 918 vinci
1440 865 1744 925 videretur,
1762 863 1858 926 ait,
1881 876 2016 914 eum
2041 863 2169 926 qui-

569 959 700 1011 dem
727 956 1004 1009 habuisse
1027 955 1298 1018 animam,
1327 954 1425 1005 sed
1443 965 1561 1006 non
1573 967 1642 1004 ex
1658 968 1722 1004 ea
1747 958 1902 1016 parte
1920 964 2051 1015 quas
2077 963 2170 1003 ra-

567 1046 857 1100 tionabilis
886 1051 1000 1109 est,
1028 1045 1130 1097 sed
1146 1056 1220 1096 ex
1237 1057 1302 1095 ea
1318 1044 1503 1094 solum
1528 1054 1641 1107 qua
1664 1042 1916 1093 viviﬁcat
1930 1054 2162 1106 corpus.

567 1137 656 1189 Ad
687 1135 1151 1202 supplementum
1189 1146 1326 1186 vero
1365 1131 1723 1184 rationabilis
1755 1131 1950 1194 partis,
1974 1131 2166 1194 ipsum

566 1226 824 1278 Verbum
859 1224 960 1275 Dei
977 1223 1153 1274 fuisse
1182 1221 1528 1286 perhibebat.
1555 1222 1693 1280 Quae
1715 1220 1960 1270 assertio
1985 1219 2164 1282 primo

566 1316 628 1367 in
650 1315 793 1366 urbe
826 1315 1008 1365 Roma
1053 1311 1156 1375 [Αι.
1185 1311 1459 1372 Romana]
1499 1321 1534 1360 a
1565 1310 1812 1360 Damaso
1855 1309 1876 1336 δ
1909 1313 1966 1359 et
2003 1309 2166 1359 Petro

566 1402 954 1456 Alexandrino
976 1402 1254 1465 Episc0po
1278 1398 1516 1450 concilio
1546 1400 1892 1462 congregato
1925 1395 2020 1448 tali
2035 1409 2166 1448 sen-

565 1493 747 1545 tentia
769 1491 1010 1556 depulsa
1032 1495 1137 1554 est,
1177 1493 1242 1540 ut
1264 1489 1652 1548 decernerent,
1704 1489 1760 1538 Si
1798 1488 1927 1550 quis
1949 1486 2164 1537 lilium

566 1582 684 1643 Dei,
719 1581 816 1645 qui
844 1580 996 1632 sicut
1012 1591 1146 1632 vere
1171 1580 1344 1642 Deus,
1360 1586 1376 1606 τ
1397 1582 1477 1628 ita
1499 1581 1555 1628 et
1577 1589 1710 1629 vere
1731 1576 1905 1628 homo
1925 1576 2050 1639 fuit,
2072 1575 2166 1627 vel

563 1669 946 1723 humanitatis
969 1667 1207 1731 aliquid,
1233 1666 1323 1717 vel
1347 1666 1578 1718 deitatis
1608 1666 1803 1716 minus
1828 1665 2040 1716 diceret
2062 1665 2166 1715 ha-

565 1760 780 1820 buisse,
803 1759 1024 1810 alienus
1047 1758 1120 1808 ab
1137 1756 1389 1807 Ecclesia
1396 1756 1768 1819 judicaretur.
1787 1755 1923 1814 Quae
1943 1758 2166 1805 senten-

565 1849 645 1900 tia
686 1850 744 1900 et
775 1846 926 1912 apud
962 1844 1368 1897 Alexandriam
1404 1844 1736 1895 conﬁrmata
1771 1847 1877 1905 est,
1927 1847 1982 1894 et
2010 1842 2163 1907 apud

565 1935 1115 2000 Constantinopolim
1137 1934 1364 1986 decreto
1386 1934 1619 1986 concilii.
1648 1936 1733 1984 Ex
1753 1933 1848 1984 illo
1877 1931 2164 1996 Apollina-

564 2027 725 2078 ristte
741 2026 812 2076 ab
825 2024 1079 2077 Ecclesia
1093 2023 1462 2081 declinantes,
1494 2028 1551 2073 et
1573 2024 1610 2073 Ε
1619 2022 1882 2086 piscopos
1909 2022 2015 2072 sibi
2039 2034 2162 2074 suae

563 2115 764 2181 partis,
791 2118 847 2166 et
869 2114 1148 2178 dogmata
1169 2112 1394 2178 propria
1411 2111 1805 2174 Ecclesiasque
1826 2110 2158 2162 defendunt.

1157 2257 1389 2308 CAPUT
1427 2256 1579 2307 XXI.

662 2402 729 2456 De
770 2401 1159 2466 Episcoporum
1197 2398 1609 2450 successionibus
1639 2414 1736 2463 per
1780 2398 2064 2448 Orientem.

646 2540 793 2612 291
835 2543 1017 2608 Igitur
1053 2542 1114 2594 in
1136 2541 1276 2594 urbe
1300 2542 1482 2593 Roma
1515 2545 1645 2604 post
1677 2540 1993 2591 Damasum
2024 2538 2160 2590 Siri-c

562 2634 688 2686 cius
712 2633 734 2662 ⁴¹
756 2631 1026 2684 Εοοιθεὶω
1051 2631 1310 2695 suscepit
1335 2628 1733 2680 sacerdotium.
1754 2631 1920 2692 Apud
1947 2631 2160 2677 Alexan-

564 2723 744 2773 driam
769 2732 902 2772 vero
915 2720 1188 2770 deiuncto
1209 2720 1390 2780 Petro,
1413 2717 1830 2777 Timotheus,et
1849 2720 1980 2782 post
2001 2717 2158 2768 hunc

565 2810 914 2876 Theophilus
951 2825 962 2860 :
990 2809 1052 2860 in
1085 2809 1457 2871 Jerosolymis
1490 2813 1685 2858 autem
1725 2811 1853 2870 post
1887 2807 2157 2871 Cyrillum

562 2904 832 2964 Joannes,
857 2898 1214 2964 Apostolicas
1239 2901 1502 2961 reparant
1536 2896 1719 2947 sedes.
1756 2895 1924 2960 Apud
1959 2898 2158 2948 Antio-

561 2991 748 3042 chiam
773 3002 908 3041 vero
933 2988 1201 3039 defuncto
1227 2985 1448 3037 Meletio
1474 2985 1840 3036 substituitur
1864 2989 2152 3038 Flavianus.

561 3081 668 3132 Sed
693 3079 846 3143 quod
878 3077 1148 3128 Paulinus
1170 3077 1362 3128 adhuc
1386 3080 1696 3140 supererat,
1724 3074 1817 3138 qui
1841 3075 1900 3125 in
1917 3075 2153 3127 catholi-

560 3183 758 3222 corum
807 3180 1035 3232 semper
1085 3166 1353 3218 societate
1401 3169 1807 3229 permanserat,
1853 3165 2037 3216 multa
2079 3165 2156 3216 ibi

2270 601 2457 646 natur.
2494 599 2592 645 Sed
2619 598 2675 646 et
2713 595 2772 645 in
2805 595 3002 645 multis
3024 593 3148 645 aliis
3175 593 3414 646 urbibus
3447 594 3739 655 Orientis,
3779 594 3885 646 hu-

2265 684 2519 748 jusmodi
2545 683 2911 735 confusiones
2937 684 3224 735 contentio
3253 684 3452 748 genuit
3482 685 3880 736 sacerdotum.

2269 773 2438 837 Apud
2460 774 3009 836 Constantinopolim
3035 786 3170 824 vero
3193 773 3490 825 Nectarius
3512 787 3586 826 ex
3613 775 3877 825 Prae-tore

2270 863 2499 914 Urbano
2523 862 2970 913 catechumenus
3000 867 3054 912 et
3076 874 3260 926 nuper
3281 862 3572 926 baptisma
3597 875 3883 915 consecu-

2269 954 2382 1011 tus,
2417 952 2798 1004 sacerdotium
2824 951 3094 1016 suscepit.

2840 1094 3069 1146 CAPUT
3104 1093 3286 1145 XXII.

2452 1237 2526 1286 De
2554 1237 2809 1286 seditione
2845 1237 3199 1300 Paganorum
3231 1243 3417 1286 contra
3459 1237 3684 1288 Fideles.

2328 1381 2550 1430 Interea
2581 1379 2733 1443 apud
2759 1379 3163 1430 Alexandriam
3203 1379 3339 1430 novi
3365 1384 3560 1430 motus
3585 1385 3651 1431 et
3674 1386 3874 1431 contra

2265 1471 2588 1532 temporum
2614 1469 2784 1520 iidem
2825 1468 3133 1519 adversum
3168 1469 3473 1520 Ecclesium
3501 1469 3877 1520 concitantur

2262 1570 2334 1608 ex
2367 1557 3082 1620 occasionehujuscemodi
3109 1559 3308 1608 oborti.
3328 1559 3569 1609 Basilica
3590 1559 3872 1614 quaedam

2262 1647 2474 1710 publici
2511 1648 2716 1710 operis,
2755 1650 2982 1697 vetusta
3014 1651 3070 1697 et
3102 1646 3413 1698 admodum
3447 1647 3721 1711 neglecta
3749 1648 3872 1706 fuit,

2265 1748 2435 1799 quam
2473 1735 2492 1769 τ
2524 1737 2894 1786 Constantius
2928 1737 3240 1798 Imperator
3276 1735 3525 1787 donasse
3563 1737 3871 1802 Episc0pis

2265 1825 2553 1888 perfidiam
2569 1839 2733 1875 suam
2749 1824 3197 1888 praedicantibus
3211 1826 3514 1877 ferebatur.
3535 1827 3686 1886 Quae
3698 1827 3871 1890 longa

2261 1914 2476 1965 incuria
2501 1914 2639 1965 nihil
2667 1914 2918 1965 validum
2954 1919 3157 1978 praeter
3186 1916 3426 1978 parietes
3467 1915 3747 1967 habebat.
3786 1917 3871 1966 \‘i-

2264 2016 2392 2054 sum
2416 2008 2504 2054 est
2527 2004 2804 2067 Episcopo
2829 2003 2927 2066 qui
2953 2015 3050 2066 per
3073 2003 3221 2054 idem
3247 2009 3473 2067 tempus
3497 2005 3869 2067 gubernabat

2262 2091 2592 2154 Ecclesiam,
2620 2092 2769 2142 hanc
2791 2093 2863 2141 ab
2881 2095 3220 2157 Imperatore
3231 2093 3556 2156 deposcere,
3591 2091 3780 2161 292
3812 2099 3868 2145 ut

2259 2181 2648 2232 crescentibus
2681 2180 2935 2231 fidelium
2966 2180 3210 2244 populis,
3261 2183 3588 2232 orationum
3623 2195 3867 2246 quoque

2259 2274 2577 2322 crescerent
2601 2279 2618 2307 α
2641 2270 2868 2322 domus.
2889 2271 3188 2334 Quamque
3211 2283 3343 2322 cum
3364 2276 3664 2336 acceptam
3695 2275 3867 2324 vellet

2259 2359 2536 2423 excolere,
2560 2365 2784 2424 reperta
2801 2365 2936 2411 sunt
2952 2360 3151 2412 inloco
3168 2365 3329 2412 antra
3341 2361 3652 2425 quaedaml.
3664 2369 3788 2414 iten
3798 2366 3867 2414 tia

2259 2453 2316 2500 et
2333 2452 2495 2500 terrae
2507 2447 2754 2510 defossa,
2771 2448 3082 2500 latrociniis
3094 2453 3151 2500 et
3168 2448 3478 2500 sceleribus
3501 2451 3697 2514 magis
3711 2468 3744 2512 q
3755 2470 3861 2500 nam

2259 2537 2617 2589 caeremoniis
2650 2541 2802 2601 apta.
2849 2539 3026 2601 Igitur
3063 2538 3328 2600 Gentiles,
3360 2539 3381 2567 "
3407 2539 3506 2602 qui
3536 2545 3730 2603 retegi
3767 2543 3865 2592 cri-

2257 2629 2481 2678 minum
2501 2639 2718 2678 suorun
2732 2627 2979 2679 latebras
2991 2631 3047 2679 et
3060 2628 3404 2692 ﬂagitiorum
3418 2641 3704 2682 cavernis
3729 2647 3758 2676 ι·
3771 2635 3862 2680 ide

2258 2722 2390 2768 runt
2428 2717 2534 2779 lAt.
2573 2717 2868 2779 viderent],
2894 2730 3012 2768 non
3035 2718 3279 2769 ferentes
3303 2723 3499 2782 operta
3522 2721 3610 2771 tot
3645 2721 3862 2772 seculis

2257 2805 2407 2856 mala
2439 2811 2496 2857 et
2521 2807 2770 2858 tenebris
2795 2808 3023 2858 obtecta
3052 2809 3307 2869 reserari,
3347 2808 3502 2859 velut
3531 2808 3861 2863 draconum

2258 2895 2430 2945 calice
2459 2899 2667 2957 potato,
2688 2895 2935 2946 insanire
2959 2908 3159 2947 omnes
3181 2908 3248 2947 ac
3267 2896 3451 2960 palam
3467 2895 3646 2948 furere
3674 2911 3863 2962 ccepe-

2257 2989 2409 3036 runt.
2443 2986 2557 3035 Nec
2580 2985 2817 3036 vocibus
2837 2985 2955 3048 jam
2981 2988 3035 3035 et
3056 2985 3453 3047 seditionibus,
3479 2991 3544 3037 ut
3567 2985 3859 3050 solebant,

2259 3074 2358 3124 sed
2372 3086 2547 3124 manu
2565 3074 2825 3138 ferroque
2847 3075 3134 3126 decertare
3155 3075 3437 3127 nituntur.
3455 3075 3702 3126 Crebros
3727 3090 3857 3128 con-

2257 3162 2447 3214 ﬂictus
2481 3175 2649 3228 agere
2672 3165 2732 3214 in
2755 3163 2972 3228 plateis,
3001 3164 3264 3228 belloque
3283 3169 3478 3228 aperto
3505 3167 3759 3228 uterque
3783 3182 3860 3226 po-

550 3260 745 3324 jurgia
776 3261 835 3310 et
863 3256 1064 3308 multm
1097 3257 1505 3308 controversia:
1531 3267 1684 3318 saepe
1703 3259 2025 3316 commota},
2050 3267 2157 3306 nec
2181 3249 2229 3323 ρ
2259 3253 2428 3317 pulus
2462 3253 2610 3304 inter
2632 3266 2692 3303 se
2723 3253 2888 3304 coire.
2935 3255 3010 3304 At
3033 3253 3214 3304 nostri
3244 3265 3482 3305 numero
3514 3258 3571 3304 et
3597 3256 3859 3318 putentia

563 3351 754 3397 tamen
781 3355 1012 3395 summa
1035 3341 1423 3393 vmitentibus
1447 3341 1593 3402 aliis,
1619 3339 1741 3390 aliis
1763 3341 2156 3391 obnitentibus

565 3434 578 3498 [
587 3433 668 3483 At.
696 3431 1132 3492 obtinentibus],
1158 3430 1413 3494 ipsisque
1436 3429 1494 3479 in
1529 3428 1636 3479 hoc
1660 3428 1958 3479 elementis
1989 3433 2157 3480 ter-rte

560 3525 851 3586 marisque
871 3523 1141 3586 fatigatis,
1157 3519 1343 3584 potuit
1359 3518 1668 3581 aliquando
1681 3519 1834 3582 pacis
1851 3529 1868 3550 ε
1890 3517 2040 3567 ullus
2052 3518 2154 3567 ob-

561 3612 726 3665 tineri
749 3613 978 3674 modus,
1002 3623 1136 3662 cum
1163 3611 1363 3671 utique
1385 3608 1512 3658 iidei
1535 3607 1656 3670 jam
1679 3605 1838 3657 nulla
1868 3606 2158 3657 videretur

559 3703 801 3753 subesse
827 3699 1126 3752 discordia.
1152 3699 1274 3748 Hoc
1302 3697 1451 3746 idem
1473 3695 1623 3760 apud
1639 3697 1852 3760 Tyrum
1877 3695 1985 3746 fuit
2011 3712 2021 3744 :
2049 3694 2156 3745 Ubi

559 3803 689 3842 cum
714 3789 1183 3850 Diodorus,unus
1203 3798 1340 3836 sane
1357 3799 1428 3836 ex
1446 3785 1700 3848 antiquis
1726 3784 2021 3836 catholicis
2047 3783 2152 3847 vir,

556 3886 613 3934 et
637 3879 1018 3932 tentationum
1040 3876 1403 3929 documentis
1418 3875 1711 3939 probatus,
1726 3875 2027 3926 Athanasii
2041 3879 2154 3925 tes-

556 3971 792 4024 timonio
810 3973 964 4022 esset
978 3981 1012 4020 a
1025 3966 1458 4020 confessoribus
1486 3965 1796 4030 Episcopus
1812 3964 2021 4027 factus,
2038 3976 2155 4016 mo-

555 4141 749 4190 teltem’t
773 4145 816 4188 et
841 4138 1068 4203 scripsit.
1101 4138 1376 4199 Adeoque
1401 4140 1458 4186 et
1486 4137 1683 4186 Graeco
1709 4134 1986 4186 vocabulo
2017 4129 2153 4185 οἷκο-

553 4213 748 4275 νομίαν.
765 4211 921 4261 Idem
936 4209 1158 4259 ilieron.
1183 4211 1336 4268 Epist.
1351 4207 1781 4270 84.Apollinaris
1803 4207 2154 4254 dimidiatam

557 4283 760 4334 Christi
780 4281 1090 4330 introduxit
1107 4279 1475 4328 teconomiam.
1498 4277 1663 4328 Plura
1678 4279 1894 4328 nosibi.
1907 4282 2151 4326 Craterum

554 4354 920 4407 Guarnerian.
947 4365 1054 4402 ms.
1082 4356 1378 4414 susceptam
1405 4361 1503 4414 pro
1525 4354 1823 4412 susceptam
1853 4351 2003 4412 legit.

619 4436 635 4455 '
670 4426 846 4478 Addit
868 4438 939 4476 ex
963 4425 1190 4476 duobus
1217 4423 1396 4472 Vatic.
1425 4421 1745 4472 Cacciarius
1776 4428 1970 4485 noster,
1997 4419 2151 4483 quod

551 4510 865 4564 pronomen
878 4505 1001 4549 tum
1017 4495 1219 4558 reliqui
1239 4506 1374 4544 mss.
1403 4496 1614 4555 quibus
1636 4505 1776 4544 usus
1801 4493 1920 4556 ipse
1937 4499 2151 4543 estcnm

553 4571 750 4628 nostri,
777 4574 836 4620 et
857 4567 1210 4633 vulgatilibri
1225 4576 1427 4617 omnes
1452 4565 1578 4616 heic
1599 4567 1854 4616 reticent.
1875 4565 2048 4616 Paulo
2075 4564 2154 4614 in-

554 4641 638 4692 ira
660 4639 1030 4692 Guarnerian.
1055 4639 1208 4689 uertit
1229 4653 1280 4687 se
1301 4645 1414 4702 post
1439 4639 1562 4698 Iwc,
1589 4642 1634 4685 et
1674 4651 1738 4684 ne
1773 4650 1841 4684 ea:
1869 4641 1970 4684 toto
2003 4635 2147 4684 vinci

554 4711 850 4772 vide-retur;
865 4716 972 4762 etc.
998 4711 1186 4762 Verba
1207 4710 1360 4758 vertit
1383 4723 1452 4771 se,
1477 4711 1598 4759 tum
1609 4706 1704 4757 illa
1718 4712 1851 4756 verti
1868 4707 1944 4756 vel
1967 4706 2027 4758 in
2040 4720 2145 4758 an-

557 4786 646 4835 tea
673 4783 922 4846 vulgatis
947 4783 1196 4844 deerant,
1224 4794 1356 4846 qua:
1384 4781 1636 4848 plerique
1675 4790 1815 4829 mss.
1857 4778 2154 4831 suiﬂciunt

557 4855 812 4918 Denique
835 4857 892 4904 et
909 4853 970 4903 in
994 4856 1367 4916 sequentibus
1390 4858 1651 4906 Barraaus
1675 4854 1826 4902 tacet
1849 4856 2014 4914 parte.

617 4927 638 4954 "
671 4924 923 4978 Libellus
953 4927 1270 4989 Synodicus
1291 4927 1437 4988 apud
1463 4924 1756 4976 Labbeum
1780 4927 1914 4974 tom.
1942 4924 2036 4974 III.
2064 4925 2154 4973 Pe-

555 5005 668 5048 trus
680 4996 1124 5061 (Alexandrinus
1137 4998 1452 5062 Episcopus
1470 4995 1811 5048 Alexandria
1822 4997 2046 5060 pulsus)
2059 4995 2154 5043 Ro-

555 5085 704 5118 mam
728 5068 998 5118 contendit
1024 5085 1034 5116 :
1062 5083 1224 5132 eoque
1253 5074 1472 5132 recepto,
1497 5069 1651 5128 Papa
1685 5066 1954 5116 Dama-sus
1978 5067 2153 5115 Romae

555 5143 805 5192 divinam
834 5147 880 5190 et
901 5145 1147 5189 sanctam
1174 5141 1458 5205 Synodum
1482 5141 1799 5197 convocavit,
1829 5156 1945 5204 qute
1967 5153 2157 5187 amen-

555 5220 654 5262 tem
679 5215 836 5262 illum
849 5213 1278 5278 Apollinarium,
1295 5213 1737 5277 Stcphanumque
1754 5212 1935 5275 [facile
1959 5209 2154 5270 rescri-

553 5287 811 5338 bendum
855 5285 1332 5350 Timotheumque]
1381 5292 1424 5334 et
1463 5287 1726 5334 latronem
1768 5285 1995 5334 Lucium
2022 5283 2036 5344 (
2061 5281 2153 5332 hic

554 5359 962 5411 Alexandriam
981 5360 1176 5409 sedem
1191 5360 1493 5420 invaserat)
1513 5359 1856 5407 anathemate
1869 5355 2154 5404 ἀαηιηαι-ἱι

555 5433 795 5484 Proinde
825 5431 966 5482 nihil
996 5436 1084 5482 est
1121 5431 1382 5492 dubium,
1418 5432 1518 5494 qui
1547 5430 1620 5480 ad
1643 5429 1791 5480 hanc
1837 5426 2152 5492 Synodum,

555 5503 647 5555 cui
676 5506 874 5556 i’etrus
893 5504 1314 5556 Alexandrinus
1337 5503 1613 5564 interfuit,
1639 5504 1870 5552 Decreta
1896 5502 2155 5550 subnexa

555 5577 879 5640 pertineant
902 5590 914 5626 :
937 5589 1181 5640 eumque
1203 5583 1370 5628 antea
1392 5577 1566 5627 fuisse
1591 5574 1953 5634 celebratam,
1981 5584 2153 5635 quam

558 5650 757 5700 Petrus
801 5647 1212 5700 Alexandriam
1245 5650 1538 5700 remearet.
1566 5648 1643 5696 Eo
1667 5649 1860 5696 autem
1885 5657 2154 5694 reversus

557 5725 649 5770 est
672 5721 889 5780 Petrus,
915 5724 1061 5773 teste
1085 5725 1315 5772 Socrate
1339 5720 1430 5770 lib.
1483 5719 1579 5770 IV.
1627 5730 1676 5768 c.
1709 5716 1794 5771 37.
1843 5720 2155 5778 antequam

557 5790 961 5844 Valensexiret
987 5791 1163 5856 Regia
1196 5793 1334 5842 urbe
1367 5790 1440 5842 ad
1472 5789 1689 5842 bellum
1732 5787 2011 5840 adversus
2056 5789 2158 5840 Go-

559 5865 711 5929 thos,
732 5864 796 5918 in
813 5876 930 5928 quo
945 5869 1002 5918 et
1025 5864 1192 5929 periit
1201 5863 1293 5917 die
1309 5862 1360 5918 9.
1377 5861 1626 5928 Augusti
1645 5873 1796 5914 anno
1820 5859 1948 5916 378.
1977 5860 2158 5926 Igitur

2258 3343 2442 3394 multo
2455 3343 2664 3406 plures,
2681 3343 2782 3394 sed
2800 3342 3080 3394 modestia
3095 3343 3384 3408 religionis
3407 3343 3605 3394 minus
3630 3343 3857 3396 feroces

2256 3435 2435 3484 erant.
2468 3434 2552 3483 Ex
2577 3445 2690 3496 quo
2715 3433 3043 3495 frequenter
3068 3437 3400 3484 nostrorum
3433 3431 3700 3497 plurimis
3732 3435 3858 3484 vul-

2254 3522 2482 3582 neratis,
2519 3521 2826 3585 aliquantis
2857 3523 3026 3573 etiam
3073 3521 3404 3582 interfectis,
3455 3521 3528 3573 ad
3575 3524 3856 3587 templum

2257 3611 2418 3673 quasi
2435 3611 2507 3662 ad
2523 3625 2710 3662 arcem
2728 3611 3013 3674 quandam
3035 3612 3409 3676 refugiebant.
3427 3613 3551 3674 Quo
3567 3616 3855 3660 nonnullos

2256 3713 2326 3752 ex
2361 3699 2695 3752 Christianis
2725 3705 2922 3764 captos
2947 3714 3143 3752 secum
3168 3700 3521 3752 abducentes
3544 3701 3652 3762 [Αι.
3677 3701 3851 3753 addu-

2255 3790 2488 3850 centes],
2515 3789 2777 3840 accensis
2796 3790 2910 3840 aris
2926 3788 3219 3841 immolare
3236 3791 3518 3853 cogebant
3543 3804 3556 3840 :
3583 3793 3856 3839 renitentes

2255 3878 2422 3929 novis
2452 3882 2509 3930 et
2533 3879 2833 3942 exquisitis
2860 3879 3152 3942 suppliciis
3173 3879 3531 3931 excruciatos
3547 3881 3852 3939 necabant,

2253 3967 2396 4019 alios
2421 3967 2692 4030 patibulis
2715 3968 3031 4032 adigentes,
3057 3969 3198 4020 alios
3217 3968 3522 4020 contractis
3550 3970 3562 4000 ί
3587 3971 3853 4022 cruribus

2254 4137 2405 4189 circa
2427 4138 2866 4202 hujusmetanni
2886 4138 3113 4190 initium
3133 4139 3320 4203 Synod
3331 4153 3398 4191 us
3417 4143 3543 4192 acta
3555 4145 3663 4200 est,
3679 4153 3850 4204 quam

2252 4210 2496 4260 Ruﬁnus
2520 4210 2691 4261 tradit
2708 4211 2954 4274 primum
2967 4210 3186 4262 dixisse
3201 4211 3505 4262 anathema
3520 4213 3848 4276 Apollinari,

2254 4281 2407 4344 quod
2433 4286 2490 4332 et
2515 4283 2861 4334 Sozomenus
2887 4283 2979 4333 lib.
3010 4284 3102 4334 Vl.
3125 4297 3246 4348 cap.
3273 4281 3358 4336 ‘25.
3377 4283 3702 4347 iisdemque
3735 4286 3845 4336 fere

2253 4357 2428 4416 atque
2463 4353 2511 4402 is
2539 4353 2728 4403 verbis
2761 4357 3021 4404 testatur.

2318 4434 2335 4454 τ
2370 4423 2545 4476 Addit
2565 4430 2650 4486 est,
2678 4426 2918 4476 verbum
2932 4425 3300 4478 Guarnerian.
3325 4426 3493 4490 paulo
3518 4430 3652 4490 post
3675 4427 3852 4479 Bono-

2253 4497 2434 4557 niens,
2463 4496 2665 4545 decreta
2691 4497 2951 4558 Concilio,
2978 4511 3079 4562 pro
3101 4497 3298 4546 decreto
3326 4497 3574 4547 Consilii.

2315 4567 2336 4596 "
2371 4568 2488 4620 Sub
2506 4568 2681 4620 ﬁnem
2701 4567 2838 4619 anni
2865 4567 2986 4622 384.
3014 4569 3293 4620 successit
3319 4570 3560 4619 Damaso
3591 4568 3848 4620 Siricius.

2256 4641 2333 4692 De
2369 4640 2602 4703 reliquis
2645 4641 2933 4704 majorum
2968 4641 3344 4692 Ecclesiarum
3378 4640 3676 4704 Episcopis
3719 4654 3851 4692 con-

2253 4711 2375 4764 sule
2399 4713 2686 4764 Socratem
2706 4711 2804 4764 lib.
2827 4713 2895 4764 V.
2914 4724 3035 4777 cap.
3057 4711 3106 4768 3.
3134 4725 3166 4766 e
3183 4712 3592 4766 recentioribus
3614 4712 3848 4777 Pagiuin

2249 4787 2423 4847 atque
2458 4784 2618 4835 alios.

2313 4864 2330 4884 °
2365 4855 2753 4918 Guarnerian.,
2788 4857 2937 4921 pacis
2960 4855 3108 4906 illius
3129 4872 3146 4917 ;
3170 4859 3227 4908 et
3257 4855 3426 4920 paulo
3465 4859 3615 4920 post,
3643 4856 3847 4920 juncto

2251 4927 2426 4979 etiam
2465 4927 2828 4988 Bononiensi,
2857 4929 2991 4979 Cum
3036 4929 3332 4978 Athanasii
3372 4928 3690 4990 testimonio,
3727 4935 3774 4978 et
3817 4944 3844 4976 a

2254 4998 2672 5061 Confesseribus,
2700 5004 2809 5050 etc.

2315 5071 2334 5105 ί
2365 5071 2542 5121 Idem.
2567 5084 2695 5134 ms.,
2725 5072 3112 5121 Constantinus
3137 5072 3454 5136 Imperator.

2314 5153 2330 5179 ε
2365 5145 2549 5193 Antea
2574 5142 2853 5206 impressi,
2878 5145 3009 5194 loca.
3036 5143 3352 5195 Cacciarius
3377 5143 3560 5192 domos
3595 5141 3654 5194 in
3679 5155 3846 5194 accu-

2255 5214 2417 5264 sandi
2441 5228 2594 5276 casu,
2618 5220 2740 5266 tum
2759 5231 3094 5279 quamquam
3112 5229 3211 5280 pro
3229 5230 3518 5280 quamque.
3553 5215 3671 5266 Nos
3696 5216 3846 5267 codi-

2255 5301 2349 5338 ces
2379 5291 2607 5337 nostros
2639 5288 3019 5352 prteferimus.

2317 5360 2338 5387 ³³
2373 5359 2736 5422 Bononiens.,
2771 5375 2893 5408 cum
2930 5359 3108 5422 relegi.
3134 5360 3266 5410 Mox
3301 5359 3415 5410 duo
3451 5359 3655 5418 Vatic.,
3692 5357 3848 5422 ﬂagi-

2257 5432 2457 5479 tiorum
2487 5446 2731 5491 suorum,
2757 5437 2861 5483 etc.
2890 5432 3105 5495 Specus
3131 5431 3237 5481 hoc
3264 5431 3486 5482 Mithrae
3511 5429 3711 5492 fuisse,
3723 5443 3844 5494 pro-

2255 5505 2385 5568 pius
2415 5502 2487 5553 ad
2514 5515 2712 5553 verum
2737 5509 2930 5554 narrat
2955 5507 3216 5555 Socrates
3238 5503 3330 5552 lib.
3357 5504 3448 5553 III.
3474 5515 3596 5566 cap.
3618 5499 3668 5555 2.

2319 5576 2330 5605 ί
2364 5576 2675 5638 Rescripsit
2691 5576 3009 5626 Caeciarius
3026 5575 3286 5633 crucibus,
3313 5577 3546 5625 Lectore
3571 5586 3674 5624 nec
3703 5576 3843 5620 verbo

2256 5651 2425 5698 tenus
2469 5645 2779 5698 admonito.
2821 5649 2888 5697 Et
2921 5649 3180 5698 Socrates
3213 5646 3334 5708 ipse
3379 5645 3613 5708 quidem
3644 5643 3842 5694 afﬁxus

2255 5718 2537 5781 quosdam
2553 5720 2704 5769 cruci
2718 5723 2926 5780 narrat,
2941 5717 3095 5782 quod
3106 5717 3358 5768 Gentiles
3373 5715 3482 5768 hoc
3497 5727 3706 5780 genere
3726 5726 3844 5777 sup-

2254 5789 2402 5855 plicii
2428 5802 2528 5842 eos
2544 5789 2615 5842 de
2631 5789 2916 5842 industria
2929 5789 3224 5842 efﬁcerent
3240 5789 3301 5840 in
3313 5799 3492 5840 sacrae
3504 5787 3700 5839 Crucis
3714 5798 3841 5838 con-

2254 5861 2569 5917 tumeliam.
2585 5862 2727 5916 Heic
2740 5865 2955 5928 tamen,
2972 5865 3355 5928 prteterquam
3370 5857 3525 5926 quod
3535 5859 3839 5924 incongruo
