3900 6394
3 323 130 378 5‘29
885 321 1228 375 HISTORIA
1268 319 1828 374 ECCLESIASTICA.
1866 318 2076 372 LIBER
2108 317 2496 374 SECUNDUS.
3235 316 3342 374 530

3 438 76 488 in
103 433 431 500 speluncas
461 434 904 500 prmcipitantes,
947 446 1093 498 quas
1125 435 1198 486 ob
1235 433 1644 486 sacriﬁciorum
1661 435 1714 508 Α
1742 436 1999 496 centum,
2025 437 2125 486 aut
2156 447 2224 485 eo
2247 433 2490 497 amplius
2522 431 2756 496 gradus,
2780 429 2842 484 in
2865 429 3110 484 sublime
3131 445 3343 493 suspen-

6 524 406 590 sanguinem,
426 527 778 588 craterasque
796 525 1151 588 impuritates
1167 523 1386 574 delubri
1406 526 1645 585 recipien-
1747 537 1868 588 sus,
1913 523 2208 587 quadratis
2229 527 2286 574 et
2318 522 2652 587 ingentibus
2687 521 2888 586 spatiis
2909 521 3068 574 omni
3089 534 3161 572 ex
3185 525 3344 585 parte

3 617 150 679 das,
183 619 458 667 vetustas
475 615 698 695 curiosa
721 619 1140 666 construxerat.
1168 615 1380 664 Verum
1405 613 1530 666 haec
1549 625 1646 676 per
1745 613 2059 665 distentus:
2099 617 2306 665 cuncta
2342 625 2496 672 vero,
2519 625 2632 675 quo
2649 611 2722 664 ad
2739 624 3034 663 summum
3053 611 3344 676 pavimen-

13 705 156 756 dies
191 704 463 768 singulos
487 705 670 769 primo
695 718 828 770 cum
852 709 1030 764 metu,
1057 704 1260 755 deinde
1283 715 1415 754 cum
1440 702 1649 755 ﬁducia

7 798 84 846 et
119 794 176 844 de
202 793 531 858 speratione
553 807 762 858 gerere,
790 798 964 857 atque
987 793 1136 844 intra
1163 791 1437 856 templum
1467 791 1647 842 clausi

20 887 206 947 rapto
231 887 294 934 et
315 883 509 947 praeda
525 883 737 934 vivere.
764 883 852 934 Ad
872 888 1228 946 postremum
1244 883 1646 944 grassantesin

17 973 388 1036 sanguinem
405 972 640 1034 civium,
666 975 870 1024 ducem
895 970 1125 1023 sceleris
1147 976 1204 1022 et
1229 970 1488 1023 audaciae
1523 981 1648 1021 sua;

25 1062 316 1125 deligunt
362 1061 694 1127 Olympium
744 1061 1050 1126 quendam,
1089 1060 1323 1112 nomine
1355 1063 1412 1112 et
1454 1059 1648 1111 habitu

32 1161 54 1178 '
75 1151 515 1216 philosophum,
533 1165 648 1216 quo
663 1152 1044 1215 antesignano
1059 1163 1246 1202 arcem
1261 1149 1648 1215 defenderent,

31 1245 100 1290 et
139 1241 509 1304 tyrannidem
541 1246 818 1292 tenerent.
845 1243 914 1292 At
941 1240 1000 1291 hi
1029 1241 1238 1304 quibus
1261 1242 1650 1290 Romanarum

30 1329 248 1392 legum
273 1331 557 1393 custodia,
577 1331 839 1394 jurisque
855 1329 1081 1380 dicendi
1095 1342 1234 1381 cura
1248 1328 1526 1393 permissa
1541 1329 1648 1395 est,

39 1419 303 1481 cognitis
319 1432 451 1483 quae
478 1424 643 1485 gesta
665 1419 908 1481 fuerant,
937 1419 1148 1470 turbati
1171 1423 1346 1482 atque
1373 1411 1653 1482 perterriti

15 1508 103 1559 ad
119 1509 409 1574 templum
423 1509 750 1570 convolant,
771 1522 1009 1561 caussas
1021 1509 1278 1560 audaciie
1291 1513 1653 1572 perconctan'

21 1603 145 1662 tur,
175 1600 394 1664 etquid
431 1600 540 1650 sibi
567 1599 741 1651 vellet
768 1599 860 1650 ille
897 1612 1236 1662 concursus,
1274 1597 1334 1649 in
1369 1609 1483 1661 quo
1521 1609 1655 1648 cum

19 1693 201 1740 tanto
234 1688 450 1741 scelere
475 1694 604 1740 ante
628 1702 754 1740 aras
780 1689 1018 1752 sanguis
1043 1688 1258 1740 civium
1298 1687 1648 1738 funderetur,

1747 697 2854 769 torumevadatur,opere294forniceo
2867 703 3216 752 constructa.
3231 713 3342 760 qua:

1745 791 2045 843 immensis
2070 791 2316 856 desuper
2330 791 2732 849 luminaribus,
2750 795 2807 842 et
2819 788 3056 841 occultis
3073 788 3344 852 adytibus

1745 881 1998 932 invicem
2021 881 2079 931 in
2101 883 2282 932 semet
2301 879 2607 933 distinctis.
2625 892 2797 930 usum
2821 878 3064 930 diversis
3081 877 3344 928 ministe-

1747 969 1845 1020 riis
1867 974 1923 1022 et
1945 968 2317 1020 clandestinis
2355 969 2558 1020 ciliciis
2591 969 2958 1019 exhibebant.
2991 968 3123 1018 Jam
3145 981 3264 1014 vero
3288 967 3342 1014 in

1749 1059 2138 1124 superioribus
2151 1061 2410 1110 extrema
2431 1057 2610 1110 totius
2625 1056 2876 1108 ambitus
2897 1055 3079 1120 spatia
3101 1060 3344 1116 occupant

1749 1149 1978 1201 exedris
2015 1154 2072 1200 et
2095 1147 2464 1212 pastophoria
2489 1135 2904 1211 (tabernacula),
2942 1145 3264 1207 domusque
3285 1142 3346 1194 in

1749 1238 2043 1290 excelsum
2071 1241 2362 1301 porrectae,
2381 1237 2442 1288 in
2467 1236 2676 1300 quibus
2693 1235 2784 1287 vel
2800 1233 3015 1295 aeditui,
3034 1233 3125 1286 vel
3145 1232 3346 1292 iniquos

1749 1325 2144 1392 appellabant"
2169 1323 2478 1392 ἁγνεύοντας,
2500 1325 2559 1376 id
2603 1329 2707 1387 est,
2757 1323 2852 1388 qui
2902 1336 2964 1374 se
3007 1321 3344 1382 castiﬁcant,

1750 1430 2112 1468 commanere
2137 1416 2289 1468 soliti
2310 1417 2490 1468 erant.
2515 1415 2772 1466 Porticus
2801 1425 3032 1478 quoque
3066 1411 3346 1477 posthaec

1751 1519 1982 1559 omnem
2003 1506 2285 1558 ambitum
2309 1503 2603 1569 quadratis
2625 1502 2922 1556 ordinibus
2938 1499 3227 1552 distinctaa
3259 1497 3346 1549 in—

1752 1596 2033 1648 trinsecus
2057 1594 2448 1646 circumibant.
2477 1595 2540 1644 In
2586 1591 2774 1644 medio
2799 1590 2976 1642 totius
3001 1587 3169 1654 spatii
3191 1587 3346 1640 sedes

1753 1689 1890 1748 erat,
1917 1683 2178 1749 pretiosis
2196 1683 2347 1734 edita
2362 1681 2644 1734 columnis
2667 1684 2726 1732 et
2747 1679 3045 1732 marmoris
3075 1689 3222 1737 saxo
3247 1687 3348 1727 ex-

18 1777 358 1842 inquirunt.
397 1779 504 1830 Sed
531 1779 609 1830 illi
639 1778 940 1830 obfirmato
967 1777 1126 1829 aditu
1161 1777 1415 1828 confusis
1441 1779 1498 1828 et
1521 1776 1644 1826 dis-
1677 1759 1728 1834 Β
1749 1775 2032 1826 trinsecus
2053 1773 2238 1838 ample
2257 1771 2674 1836 magnificoque
2693 1772 3040 1820 constructa.
3067 1768 3134 1817 In
3154 1765 3264 1816 hac
3281 1764 3350 1816 si-

27 1869 208 1920 sonis
221 1869 465 1921 vocibus
491 1865 662 1936 293
679 1868 960 1920 rationem
981 1867 1115 1919 facti
1139 1866 1376 1930 nullam,
1402 1866 1502 1919 sed
1535 1867 1650 1918 cla-

21 1971 266 2009 morem
288 1957 622 2010 reddebant.
650 1957 840 2009 Missis
869 1961 1060 2008 tamen
1083 1957 1156 2009 ad
1181 1970 1281 2008 eos
1312 1957 1552 2020 nuntiis,
1577 1957 1649 2008 de

31 2047 295 2099 Romani
317 2047 536 2112 imperii
553 2050 851 2112 potestate,
879 2047 950 2098 de
970 2046 1223 2099 vindicta
1251 2047 1462 2112 legum,
1489 2052 1548 2098 et
1581 2047 1650 2098 de

27 2138 132 2188 his
160 2150 300 2201 quas
340 2135 513 2189 taliab
559 2137 808 2188 solerent
849 2137 1141 2201 subsequi,
1187 2138 1646 2188 commonebant.

23 2229 304 2291 Cumque
348 2225 457 2278 loci
499 2226 745 2278 munitio
787 2227 930 2277 nihil
952 2227 1260 2278 adversum
1289 2239 1504 2278 vesana
1525 2239 1650 2278 mo-

25 2317 246 2368 lientes
271 2316 386 2380 agi,
412 2315 524 2367 nisi
548 2317 601 2366 vi
626 2317 862 2380 majore,
895 2316 1128 2379 sineret,
1154 2329 1246 2366 res
1261 2319 1428 2379 gesta
1450 2315 1522 2367 ad
1546 2317 1651 2366 lm-

27 2411 362 2470 peratorem
401 2404 656 2456 refertur.
710 2405 806 2455 Ille
845 2405 944 2468 qui
982 2405 1242 2469 ingenita
1273 2405 1484 2456 mentis
1536 2405 1648 2456 cle-

29 2495 262 2546 mentia
295 2499 550 2546 errantes
590 2494 788 2546 mallet
831 2495 1138 2546 emendare
1169 2507 1344 2558 Quam
1393 2493 1648 2558 perdere,

27 2584 322 2644 rescribit,
349 2582 574 2635 illorum
591 2583 822 2647 quidem
847 2583 1181 2646 vindictam,
1201 2596 1347 2646 quos
1363 2587 1498 2634 ante
1519 2595 1648 2634 aras

28 2673 284 2737 sanguis
301 2673 379 2724 eil
378 2686 526 2724 usus
537 2673 814 2737 Martyres
829 2673 1032 2735 effecit,
1059 2685 1169 2724 non
1183 2685 1314 2724 esse
1331 2673 1648 2735 poscendam,

28 2764 94 2814 in
114 2763 336 2826 quibus
361 2762 614 2814 dolorem
635 2763 904 2814 interitus
934 2761 1481 2826 superaveritgloria
1505 2759 1650 2810 meri‘

32 2860 252 2905 torum.
270 2853 351 2903 De
373 2855 579 2904 caetero
592 2865 729 2904 vero
752 2853 1038 2904 malorum
1063 2863 1335 2903 caussam
1353 2853 1648 2913 radicesque

30 2941 366 3005 discordiae,
385 2955 517 3005 qua:
533 2954 633 3004 pro
655 2942 1133 2993 simulachrorum
1149 2942 1442 2990 defensioue
1466 2941 1650 2994 venie-

30 3035 196 3093 bant,
217 3031 450 3096 penitus
473 3031 678 3082 debere
705 3031 952 3082 succidi:
981 3031 1192 3094 quibus
1228 3030 1644 3093 exterminatis,

1749 1863 2109 1914 mulachrum
2125 1861 2348 1926 Serapis
2367 1861 2446 1912 ita
2465 1865 2588 1912 erat
2609 1861 2861 1917 vastum,
2886 1855 3168 1908 utdextra
3187 1869 3348 1903 unum

1747 1953 2041 2018 parietem,
2067 1951 2310 2004 alterum
2334 1951 2465 2002 leva
2489 1948 2508 1984 ί
2539 1948 2970 2014 perstringeret:
2997 1943 3154 2010 quod
3177 1955 3347 1995 mon-

1749 2045 1936 2095 strum
1961 2055 2032 2094 ex
2051 2041 2320 2092 omnibus
2335 2039 2644 2105 generibus
2661 2037 3022 2090 metallorum
3037 2035 3351 2100 lignorum-

1748 2147 1860 2197 que
1872 2133 2257 2196 compositum
2269 2131 2572 2182 ferebatur.
2587 2127 2888 2180 Interiores
2903 2125 3123 2177 delubri
3137 2125 3349 2186 parietes

1749 2223 1979 2275 laminis
2001 2221 2182 2286 primo
2193 2219 2381 2272 aureis
2407 2217 2616 2279 vestiti,
2633 2229 2806 2281 super
2825 2215 2930 2267 has
2942 2213 3248 2278 argenteis,
3272 2211 3346 2264 ad

1749 2317 2109 2378 postremum
2133 2310 2300 2362 aereis
2317 2309 2698 2368 habebantur,
2716 2317 2849 2369 quae
2859 2303 3222 2356 munimento
3237 2299 3348 2366 [ΑΙ.

1749 2399 2137 2462 monimenta]
2179 2397 2611 2462 pretiosioribus
2643 2393 2890 2446 metallis
2930 2392 3138 2444 forent.
3171 2393 3344 2443 Erant

1749 2492 1920 2542 etiam
1935 2489 2203 2553 quaedam
2218 2487 2289 2538 ad
2309 2492 2603 2550 stuporem
2615 2481 3167 2544 admirationemque
3177 2481 3348 2529 viden-

1750 2581 1915 2642 tium,
1933 2579 2079 2630 dolis
2096 2583 2154 2630 et
2168 2583 2289 2629 arte
2307 2575 2641 2640 composita.
2655 2575 2928 2626 Fenestra
2942 2570 3250 2636 perexigua
3271 2568 3344 2620 ab

1749 2673 1877 2720 ortu
1903 2669 2038 2719 solis
2072 2668 2151 2718 ita
2177 2671 2300 2718 orat
2319 2667 2532 2729 aptata,
2555 2667 2622 2715 ut
2650 2663 2740 2714 die
2757 2674 2872 2726 qua
2895 2659 3082 2712 fuerat
3112 2658 3346 2710 institu-

1751 2761 1872 2811 tum
1897 2757 2308 2809 simulachrum
2335 2754 2479 2806 Solis
2503 2753 2576 2805 ad
2607 2752 2839 2816 Serapim
2863 2748 3234 2802 salulandum
3257 2747 3344 2798 in-

1749 2847 1990 2910 troferri,
2043 2845 2344 2910 diligenter
2381 2841 2736 2916 temporibus
2781 2838 3119 2902 observatis,
3152 2837 3346 2902 ingre-

1747 2937 1940 2989 diente
1979 2935 2325 2986 simulachro
2361 2931 2557 2984 radius
2582 2930 2719 2982 solis
2760 2942 2859 2994 per
2893 2927 3136 2978 eandem
3161 2926 3345 2978 fenes-

1748 3031 1896 3078 tram
1913 3025 2212 3084 I‘directus,
2230 3028 2361 3074 oset
2376 3021 2533 3074 labra
2571 3018 2798 3082 Serapis
2829 3017 3155 3080 illustraret,
3190 3017 3260 3064 ita
3291 3020 3345 3063 ut

31 3123 214 3174 etiam
243 3119 519 3171 bellorum
543 3133 751 3171 caussa
775 3120 982 3185 pariter
1005 3119 1452 3184 conquiesceret.
1473 3121 1646 3171 Cum—
1673 3129 1722 3204 ρ
1744 3117 2103 3180 inspectante
2133 3112 2363 3177 populo,
2389 3109 2592 3162 osculo
2615 3108 2899 3159 salutatus
2925 3103 3146 3168 Serapis
3181 3103 3344 3155 vide-

33 3224 152 3275 que
177 3211 310 3262 haec
345 3209 556 3274 scripta
599 3210 918 3272 venissent,
945 3211 1002 3260 et
1025 3209 1182 3260 velut
1215 3213 1347 3274 post
1381 3208 1645 3260 inducias

37 3300 207 3367 parvi
235 3299 508 3362 temporis
521 3299 593 3350 ad
613 3299 961 3350 audiendum
977 3303 1216 3362 uterque
1241 3299 1486 3363 populus
1511 3311 1648 3350 con—

38 3390 305 3444 venisset
322 3387 393 3439 ad
423 3388 720 3452 templum,
746 3389 944 3440 statim
961 3393 1028 3440 ut
1050 3389 1232 3453 prima
1257 3389 1523 3452 Epistolas
1547 3401 1648 3452 pa—

34 3482 476 3545 gina‘reserata
498 3483 602 3539 est,
622 3479 680 3530 in
702 3481 865 3542 cujus
893 3478 1126 3530 exordio
1153 3490 1303 3529 vana
1335 3477 1646 3530 Gentilium

35 3569 376 3634 superstitio
403 3569 755 3633 culpabatur,
781 3567 995 3619 clamor
1024 3579 1058 3619 a
1087 3567 1299 3619 nostris
1325 3568 1648 3620 immensus

35 3659 564 3722 attollitur,stupor
587 3670 652 3709 ac
664 3671 838 3722 pavor
859 3658 976 3708 Gen
987 3657 1169 3708 tilium
1181 3657 1646 3720 populosinvadit.

35 3749 318 3802 Latebras
330 3747 728 3810 unusquisque
741 3750 1302 3810 quarere,angustos
1315 3745 1488 3810 fulgze
1499 3748 1650 3795 calles

33 3838 260 3899 rimari,
287 3837 614 3888 autnostris
633 3850 694 3888 se
715 3836 1339 3899 latenterimmergere:
1367 3839 1433 3886 ut
1452 3839 1514 3884 ab
1539 3851 1650 3884 om-

43 3929 224 3980 nibus
253 3926 350 3990 qui
373 3927 612 3978 aderant
627 3928 978 3982 nosceretur,
998 3924 1303 3988 praesentia
1318 3925 1418 3976 Dei
1439 3924 1648 3990 populo

39 4017 349 4070 audaciam
381 4017 682 4074 tribuente,
715 4015 960 4067 furorem
995 4013 1278 4066 daemonis
1313 4015 1414 4078 qui
1447 4014 1508 4065 in
1538 4013 1648 4065 illis

37 4109 198 4172 prius
224 4105 611 4157 debacchatus
643 4104 844 4166 fuerat,
873 4103 1210 4167 ell‘ugatum.

601 4230 831 4282 CAPUT
881 4229 1086 4280 XXIII.

199 4348 278 4398 De
307 4347 414 4396 situ
439 4346 621 4412 templi
655 4347 896 4412 Serapis,
927 4352 974 4395 et
997 4343 1332 4395 subversione
1360 4345 1491 4410 ejus.

1744 3210 1902 3257 retur
1916 3216 1950 3255 a
1962 3203 2098 3254 sole.
2127 3203 2224 3252 Era
2237 3206 2257 3252 t
2271 3204 2328 3251 et
2349 3199 2503 3250 aliud
2523 3196 2740 3250 fraudis
2756 3207 2940 3260 genus
2959 3191 3296 3258 hujusmodi
3328 3206 3341 3242 :

1743 3297 1962 3346 Natura
1994 3293 2014 3322 "
2045 3291 2250 3356 lapidis
2288 3289 2572 3354 Magnetis
2602 3287 2780 3350 hujus
2813 3284 3042 3360 virtutis
3067 3295 3194 3335 esse
3217 3293 3345 3347 per-

1745 3385 1992 3446 hibetur,
2029 3385 2092 3433 ut
2119 3382 2189 3432 ad
2213 3394 2274 3432 se
2303 3380 2558 3444 rapiatet
2578 3376 2830 3430 attrahat
2854 3373 3082 3426 ferrum.
3103 3373 3341 3436 Signum

1746 3473 1892 3526 Solis
1909 3471 1980 3524 ad
2005 3473 2114 3523 hoc
2131 3471 2320 3536 ipsum
2343 3482 2415 3520 ex
2437 3468 2584 3520 ferro
2608 3464 2990 3518 subtilissime
3017 3475 3195 3515 manu
3218 3460 3348 3514 arti-

1745 3563 1869 3614 Ilcis
1882 3562 2068 3613 fuerat
2091 3560 2445 3619 fabricatum,
2462 3561 2528 3609 ut
2547 3555 2742 3620 lapsis,
2761 3555 2930 3618 cujus
2953 3555 3222 3604 naturam
3238 3550 3348 3603 fer-

1745 3665 1874 3703 rum
1891 3651 1962 3702 ad
1981 3663 2043 3702 se
2062 3650 2284 3702 trahere
2309 3648 2584 3706 diximus,
2615 3646 2858 3709 desuper
2887 3643 2949 3694 in
2971 3641 3346 3706 laquearibus

1744 3742 1919 3802 ilxus,
1940 3753 2071 3791 cum
2091 3741 2402 3802 temperate
2418 3737 2528 3788 sub
2544 3737 2669 3800 ipso
2681 3734 2838 3786 radio
2854 3733 2924 3784 ad
2949 3731 3154 3784 libram
3171 3732 3348 3780 fuisset

1745 3830 1998 3894 positum
2039 3827 2474 3890 simulachrum,
2501 3827 2557 3876 et
2579 3823 2637 3875 vi
2661 3821 2907 3874 naturali
2939 3819 3012 3872 ad
3037 3832 3099 3871 se
3130 3821 3350 3884 raperet

1746 3920 1976 3979 ferrum,
2038 3915 2402 3968 assurexisse
2445 3912 2656 3978 populo
2711 3909 3144 3968 simulachrum,
3191 3909 3247 3959 et
3287 3907 3364 3958 in‘

1745 4020 1872 4060 aere
1897 4005 2144 4072 pendere
2171 4003 2478 4057 videretur.
2511 4002 2580 4052 Et
2599 4013 2673 4052 nc
2697 3999 2806 4050 hoc
2834 3998 2997 4061 lapsu
3015 3993 3187 4064 295
3214 4007 3348 4060 pro-

1743 4110 1879 4162 pero
1924 4095 2276 4161 proderetur,
2337 4089 2584 4143 ministri
2633 4087 2892 4148 fallaciae,
2929 4083 3188 4138 Surrexit
3239 4082 3345 4148 [Αι.

1747 4185 2099 4249 Surrexerit],
2131 4184 2383 4246 aiebant,
2410 4181 2521 4244 Sol,
2557 4181 2620 4232 ut
2645 4176 2972 4232 valedicens
2995 4173 3204 4239 Serapi,
3230 4172 3351 4225 dis-

1747 4277 1914 4329 cedat
1961 4275 2035 4328 ad
2089 4273 2331 4340 propria.
2393 4270 2502 4322 Sed
2557 4273 2616 4322 et
2665 4265 2849 4319 multa
2888 4265 3001 4318 alia
3031 4261 3352 4326 decipiendi

1748 4377 1958 4418 caussa
2002 4377 2036 4416 a
2081 4363 2372 4416 veteribus
2425 4361 2485 4412 in
2540 4358 2665 4411 loco
2725 4355 2954 4408 fuerant
2996 4352 3348 4414 constructa,

107 4464 344 4529 Serapis
355 4463 509 4528 apud
526 4463 930 4515 Alexandriam
944 4465 1054 4514 tem
1065 4461 1218 4526 plum
1229 4461 1494 4514 auditum
1524 4461 1650 4526 qui-
1669 4451 1727 4524 D
1753 4467 1884 4518 quae
1909 4467 2064 4506 nunc
2087 4453 2324 4518 longum
2359 4455 2450 4502 est
2477 4457 2811 4502 enumerare
2835 4456 2935 4509 per
2960 4440 3204 4506 singula.
3233 4440 3348 4492 Ve-

45 4555 180 4608 dem
207 4554 480 4606 omnibus
507 4559 662 4618 puto,
702 4551 1024 4618 plerisqued
1055 4565 1192 4604 vero
1222 4551 1394 4602 etiam
1428 4555 1650 4602 notum.

45 4646 233 4698 Locus
245 4646 462 4695 estnon
485 4648 707 4706 natura,
724 4643 826 4695 sed
837 4655 1016 4695 manu
1048 4647 1104 4694 et
1121 4644 1544 4694 constructione
1563 4655 1654 4702 per

48 4815 193 4866 satis
221 4825 402 4864 sensu
425 4812 719 4876 confractis
743 4811 988 4862 crucibus
1011 4811 1308 4862 diceretur.
1337 4810 1476 4860 Mss.
1507 4821 1652 4873 quos

46 4885 473 4946 consuluimus,
499 4885 898 4947 editorumque
921 4885 1180 4935 omnium
1202 4883 1477 4934 librorum
1509 4881 1652 4932 ﬁdes

47 4970 486 5020 consensusque
517 4957 796 5020 optimam
842 4956 1145 5008 lectionem
1177 4953 1420 5004 crucibus
1445 4953 1655 5004 mutari

49 5043 164 5082 non
194 5030 414 5080 sinunt.

111 5111 128 5131 ·
157 5100 338 5153 Addit
363 5101 628 5159 Cacciar.,
655 5113 728 5152 ex
750 5099 979 5151 duobus
997 5097 1198 5160 Vatic.,
1224 5097 1350 5159 solo,
1375 5095 1528 5160 quod
1545 5107 1658 5148 cm-

53 5174 156 5226 teri
182 5173 307 5224 libri
335 5185 540 5224 omnes
570 5186 780 5223 nomen
803 5172 1088 5237 ignorant.

109 5247 131 5275 δ
155 5245 318 5296 Alias
349 5245 584 5307 vulgati,
623 5245 824 5301 solent;
865 5249 982 5294 tum
1025 5240 1366 5292 Bononiens.
1399 5252 1490 5290 ms
1517 5277 1530 5300 ,
1569 5238 1656 5287 ob-

52 5317 202 5381 ειηκὶ
229 5329 327 5380 pro
361 5316 610 5380 subsequi
627 5335 636 5376 ;
691 5315 1118 5368 Guarnerianus
1148 5311 1354 5363 deinde
1379 5311 1655 5360 vesaniam

55 5403 150 5451 pro
184 5404 382 5438 vesano
420 5402 432 5450 ς
459 5393 516 5438 et
538 5389 704 5450 paulo
729 5389 873 5439 intra
901 5385 1126 5450 sanguis
1150 5385 1305 5447 fusus
1325 5396 1420 5446 pro
1436 5382 1654 5447 effusus.

59 5461 264 5510 Haberi
289 5460 500 5510 dicitur
525 5461 727 5510 horum
764 5461 1075 5522 Martyrum
1118 5454 1389 5507 memoria
1411 5455 1466 5505 in
1492 5455 1654 5504 Rom.

59 5531 456 5595 tiartyrologio
490 5532 580 5582 die
607 5531 672 5585 17
698 5530 900 5584 Martii.

111 5613 128 5633 ε
159 5604 408 5655 Cacciar.
437 5616 508 5654 ex
523 5602 750 5654 duobus
779 5602 960 5654 Vatic.
980 5597 1390 5652 recentioribus
1414 5596 1654 5656 recitata,

62 5675 250 5727 minus
275 5678 427 5727 certe
459 5675 620 5727 bene.
664 5673 840 5726 Paulo
863 5677 996 5738 post
1027 5670 1394 5724 Guarnerian.
1421 5680 1655 5732 quoque

1749 4557 1878 4596 rum
1905 4548 1968 4594 ut
1987 4543 2171 4594 dicere
2190 4553 2565 4607 coeperamus,
2585 4537 2882 4600 Rescripto
2905 4532 3157 4591 recitato,
3183 4541 3350 4595 para-

1751 4633 1794 4685 ti
1830 4633 2059 4696 quidem
2111 4636 2272 4684 erant
2302 4633 2632 4682 nostrorum
2676 4623 2868 4692 populi
2893 4623 2966 4676 ad
3009 4621 3350 4674 subverten-

1752 4815 1861 4854 ms.
1899 4815 2030 4854 cum
2056 4801 2308 4864 vulgatis
2340 4804 2642 4850 nosceretur
2657 4810 2754 4862 pro
2778 4796 3192 4860 dignoscerct-ur.

1814 4873 2030 4923 dTacet
2053 4861 2442 4935 Guarnerian.,
2493 4861 2836 4930 vero;iinfra
2883 4866 3058 4918 habet
3107 4861 3354 4935 evaditnr

1753 4958 1851 5009 pro
1871 4945 2155 5004 evadalur;
2174 4949 2295 4996 tum
2314 4933 2654 4996 Bononiens.
2675 4939 2930 4990 immissis
2942 4950 3042 5003 pro
3056 4933 3349 5009 immensis.

1816 5026 1832 5045 ε
1858 5015 2199 5068 Bononiens.
2226 5015 2445 5065 Latinis
2479 5013 2658 5064 literis
2681 5015 2994 5075 agnevotes;
3023 5011 3142 5059 tum
3168 5006 3352 5056 Guar-

1753 5089 1968 5139 nerian.
2007 5089 2271 5148 castigant
2312 5099 2412 5148 pro
2436 5085 2751 5148 castiﬁcanl.
2787 5083 2970 5132 Taceo
2995 5079 3208 5132 leviora
3243 5075 3354 5128 alia

1754 5161 1978 5220 menda,
2029 5163 2084 5210 et
2127 5157 2413 5219 Cacciarii,
2443 5155 2664 5216 quoties
2701 5156 2966 5205 Grmcum
2989 5152 3232 5204 verbum
3257 5159 3355 5200 oc-

1753 5233 1948 5295 currit,
1981 5235 2284 5295 perpetuos
2309 5239 2545 5280 errores.

1816 5307 1836 5341 ί
1855 5291 2244 5361 Ουᾶὶδῐιρῖὶξωη
2264 5301 2602 5366 pertingerel,
2629 5300 2688 5348 et
2707 5295 2877 5360 paulo
2903 5300 3033 5358 post
3055 5291 3349 5352 Inferioris,

1754 5391 1884 5431 cum
1913 5375 2166 5436 vulgatis
2195 5379 2364 5426 antea
2384 5371 2546 5424 libris
2581 5382 2682 5432 pro
2703 5367 3007 5416 Interiores.

1818 5460 1836 5488 ε
1859 5451 2015 5500 Idem
2041 5447 2297 5511 direptus,
2311 5462 2385 5505 os,
2411 5450 2454 5492 el
2473 5440 2616 5491 labia
2651 5439 2886 5511 Serapis,
2913 5442 3018 5511 etc.

1816 5521 1837 5550 "
1868 5521 2025 5572 Idem
2051 5520 2108 5570 in
2130 5503 2301 5576 rector,
2349 5503 2528 5582 lapis,-
2562 5512 2661 5576 qui
2689 5515 2746 5562 et
2779 5509 2984 5582 deinde
3027 5505 3153 5582 plus
3177 5503 3354 5582 habet

1755 5593 1987 5657 Signum
2017 5607 2134 5640 vero
2159 5591 2316 5654 Solis,
2340 5575 2446 5641 etc.
2484 5575 2615 5638 MOI:
2649 5581 2966 5636 Cacciarius
2997 5577 3164 5633 male,
3197 5575 3352 5640 cujus

1754 5671 1961 5730 natura
1981 5665 2209 5727 ﬁ'rrmn,
2235 5667 2341 5714 etc.
