3900 6386
611 337 710 394 531

1645 336 1886 389 RUFINI
1917 335 2409 397 AQUILEIENSIS
2442 334 2881 389 PRESBYTERI
3810 335 3886 389 53f

611 449 753 502 dum
774 448 980 501 erroris
991 452 1284 501 auctorem
1307 448 1628 514 :persuasio
1643 453 1836 499 tamen
1861 447 2129 511 quaedam
2144 449 2215 499 ab
2238 452 2290 525 Α
2318 452 2570 510 truncus,
2609 447 2709 512 qui
2744 446 3117 511 superfuerat,
3142 445 3203 497 in
3226 445 3654 510 amphitheatro
3687 457 3886 499 concre-

606 539 749 603 ipsis
774 538 1092 590 Gentilibus
1117 539 1302 590 fuerat
1335 538 1611 603 dispersa,
1651 538 1803 601 quod
1852 538 1899 589 si
1946 538 2203 589 humana

605 640 814 678 manus
841 627 1249 679 simulachrum
1277 627 1418 678 illud
1453 628 1806 691 contigisset,
1856 630 2001 678 terra
2044 627 2203 677 dehi-

606 730 773 769 scens
796 717 944 768 illico
970 719 1289 769 solveretur
1311 718 1370 768 in
1400 717 1595 775 chaos,
1629 718 1945 780 caelumque
1972 718 2203 780 repente

605 812 793 859 rueret
832 808 892 858 in
926 820 1199 872 praeceps.
1251 810 1391 868 Quae
1428 819 1518 856 res
1574 806 1866 870 paululum
1913 812 2204 868 stuporem

610 897 920 960 quemdam
945 896 1170 962 populis
1196 896 1387 947 dabat.
1415 897 1556 947 Cum
1574 910 1701 948 ecce
1732 896 1835 960 [Αι.
1863 897 2034 961 esset]
2057 909 2203 947 unus

611 999 681 1038 ex
709 985 987 1037 militibus
1010 985 1122 1037 fide
1144 997 1319 1048 quam
1341 985 1516 1035 armis
1532 985 1713 1049 magis
1736 986 2203 1048 munitus,corre—

611 1080 768 1140 ptam
780 1075 1421 1139 bipennem,insurgens
1440 1076 1594 1126 omni
1610 1076 1759 1136 nisu,
1780 1075 2030 1126 maxillae
2046 1080 2203 1126 vete-

611 1164 817 1216 ratoris
848 1163 1051 1214 inlidit.
1084 1162 1306 1213 Clamor
1329 1162 1606 1214 attollitur
1628 1168 2005 1227 utrorumque
2028 1176 2205 1227 popu-

606 1253 795 1305 lorum
821 1264 1042 1314 :neque
1069 1256 1261 1304 tamen
1283 1256 1382 1304 aut
1397 1253 1603 1304 caalum
1634 1254 1763 1315 ruit,
1792 1258 1892 1303 aut
1919 1258 2090 1303 terra-
2108 1253 2207 1304 de-

606 1342 773 1394 sedit.
802 1341 941 1392 Inde
968 1341 1177 1393 iterum
1191 1342 1578 1405 atqueiterum
1605 1339 1778 1410 296
1806 1348 2205 1407 repetens,pu-

627 1431 871 1497 trisligni
896 1432 1189 1483 fumosum
1210 1431 1440 1495 genium
1476 1432 1497 1460 ι’
1525 1432 1694 1482 credit
1719 1448 1729 1479 :
1768 1444 1882 1495 quo
1915 1444 1933 1465 ο
1962 1433 2202 1495 dejecto,

608 1521 726 1585 igni
749 1520 1004 1571 adhibito
1030 1524 1144 1572 tam
1168 1520 1350 1583 facile,
1379 1533 1549 1583 quam
1576 1521 1797 1582 lignum
1822 1522 2044 1572 aridum
2072 1534 2205 1572 con-

613 1609 896 1674 ﬂagravit.
912 1610 1045 1660 Post
1059 1609 1166 1661 hoc
1188 1609 1487 1661 revulsum
1509 1610 1911 1665 cervicibus.et
1934 1610 2203 1674 depresso

608 1699 816 1761 modio,
843 1699 1086 1750 trahitur
1109 1702 1307 1763 caput:
1334 1704 1472 1750 tunc
1484 1700 1677 1763 pedes,
1696 1699 1917 1763 aliaque
1939 1702 2197 1751 membra

2301 543 2513 593 matur:
2539 550 2818 600 vanisque
2838 536 3257 599 superstitionis
3273 540 3328 587 et
3350 535 3557 585 erroris
3583 534 3885 597 antiquiSe-

2301 631 2454 694 rapis
2478 630 2570 679 hic
2595 628 2726 677 finis
2753 628 2874 676 fuit.
2902 628 2982 676 De
3009 627 3174 688 cujus
3210 625 3424 687 origine
3464 624 3704 675 diversa
3736 625 3885 676 fertur

2301 720 2493 784 opinio
2528 720 2908 779 Paganorum.
2943 716 3049 765 Alii
3070 717 3274 765 Jovem
3298 718 3525 776 putant:
3544 714 3719 775 cujus
3745 718 3885 777 capiti

2302 809 2528 860 modius
2557 806 2976 869 superpositus,
3006 804 3094 855 vel
3122 804 3397 866 quiacum
3420 815 3699 853 mensura
3722 804 3883 853 medi»

2303 911 2413 963 que
2440 900 2650 948 cuncta
2672 894 2882 945 indicet
2907 893 3205 954 moderari,
3230 892 3321 943 vel
3356 893 3536 943 vitam
3564 892 3881 943 mortalibus

2302 988 2531 1050 frugum
2546 986 2805 1047 largitate
2822 983 3057 1047 praeberi
3083 982 3137 1044 [Α
3149 982 3179 1030 ι.
3196 981 3467 1044 praebere]
3482 1019 3490 1029 .
3508 980 3622 1031 Alii
3637 982 3885 1033 virtutem

2306 1075 2417 1127 Nili
2442 1074 2715 1129 ﬂuminis,
2741 1073 2909 1134 cujus
2922 1074 3201 1134 rEgyptus
3222 1070 3427 1133 Opibus
3450 1072 3505 1120 et
3524 1070 3882 1122 feecunditat:

2305 1169 2590 1228 pascatur.
2624 1161 2863 1222 Quidam
2882 1161 2937 1210 in
2958 1160 3228 1211 honorem
3250 1160 3428 1209 nostri
3452 1159 3675 1223 Joseph
3702 1159 3881 1209 forma.

2306 1260 2430 1306 tum
2443 1252 2745 1317 perhibent
2760 1249 3187 1312 simulachrum,
3206 1244 3377 1315 297
3395 1249 3467 1299 ob
3484 1248 3880 1300 dimensionem

2306 1343 2597 1404 frumenti,
2626 1353 2739 1403 qua
2777 1339 2944 1389 famis
2980 1343 3232 1402 tempore
3286 1338 3557 1389 subvenit
3607 1339 3878 1402 Egyptiis,

2307 1432 2417 1484 Alii
2442 1434 2735 1495 repertum
2760 1430 2819 1480 in
2844 1428 3099 1480 historiis
3135 1428 3465 1480 Graecorum
3500 1429 3801 1480 veteribus
3827 1429 3883 1478 fe-

2302 1526 2457 1585 runt,
2491 1521 2644 1583 Apin
2670 1518 2983 1582 quemdam
3010 1517 3477 1581 patremfamilias
3505 1530 3615 1569 seu
3634 1530 3821 1580 regem
3842 1518 3880 1567 in

2304 1614 2547 1675 zEgypto
2576 1608 2859 1672 Memphis
2880 1607 3302 1671 positum,cum
3316 1606 3482 1657 famis
3505 1611 3767 1671 tempore
3792 1611 3879 1657 fru-

2316 1705 2511 1752 menta
2527 1699 2679 1762 apud
2694 1698 3097 1749 Alexandriam
3111 1696 3473 1759 defecissent,
3498 1709 3571 1747 ex
3585 1698 3805 1761 proprie
3823 1697 3879 1746 ai-

602 1801 754 1842 caasa
766 1788 1064 1840 securibus
1099 1793 1156 1840 et
1176 1790 1338 1853 rapta
1372 1788 1607 1839 funibus
1632 1787 1653 1816 δ
1684 1789 2101 1854 distrahuntur,
2132 1803 2198 1842 ac
2227 1772 2281 1845 Β
2308 1790 2472 1841 fatim
2496 1789 2720 1841 civibus
2745 1788 3014 1838 alimenta
3036 1787 3369 1850 praebuisse.
3386 1788 3507 1847 Quo
3528 1785 3819 1847 defuncto,
3840 1786 3879 1835 ir.

604 1891 705 1943 per
728 1879 955 1943 singula
982 1878 1105 1929 loca
1132 1878 1493 1929 membratim
1532 1878 1589 1929 in
1620 1885 1931 1942 conspectu
1955 1880 2202 1931 cultricis

604 1968 969 2022 Alexandriae
992 1981 1171 2021 senex
1182 1973 1521 2021 veternosus
1538 1970 1811 2021 exuritur.
1832 1970 1917 2021 Ad
1936 1969 2203 2023 ultimum

670 2148 688 2168 ·
724 2138 878 2191 Nihil
903 2138 1296 2191 dubitavimus
1319 2139 1627 2190 rescribere
1645 2152 1716 2190 ex
1734 2139 1966 2204 ingenio
1988 2140 2199 2205 desedit,

603 2225 701 2277 pro
715 2224 828 2275 quo
853 2213 1063 2263 lectum
1075 2216 1164 2263 est
1182 2212 1461 2263 hactenus
1478 2212 1791 2273 incongrue
1809 2225 1981 2263 sensu
1999 2214 2199 2263 (lescen-

602 2284 720 2346 dit.,
748 2283 937 2334 Mirari
959 2288 1154 2334 autem
1188 2283 1360 2345 subit,
1405 2283 1635 2333 nullum
1669 2297 1698 2334 e
1726 2288 1808 2334 tot
1831 2298 1975 2334 mss.
2025 2284 2201 2348 libris,

604 2366 753 2418 quos
777 2359 946 2407 vocat
964 2355 1281 2406 Cacciarius
1305 2355 1680 2417 Archetypos,
1712 2357 1987 2418 tantisper
2012 2360 2202 2405 variare

601 2427 727 2479 heic
755 2427 884 2489 loci,
909 2431 971 2478 ut
995 2427 1322 2490 depravatae
1346 2425 1624 2485 lectionis,
1646 2440 1831 2479 errore
1849 2427 2051 2478 saltem
2077 2444 2201 2491 suo,

600 2498 807 2562 aliquis
831 2501 1079 2549 moneat.
1103 2498 1266 2557 Quod
1301 2511 1404 2560 ego
1434 2498 1533 2548 vix
1569 2511 1825 2561 unquam
1859 2501 2114 2549 adducar
2140 2508 2201 2553 ut

601 2571 831 2621 credam
854 2588 866 2631 ;
901 2582 1033 2619 nam
1049 2582 1079 2619 e
1100 2570 1345 2629 duobus,
1373 2569 1584 2631 quibus
1602 2573 1749 2631 utor,
1764 2572 2125 2632 Bononiensi,
2146 2578 2203 2623 et

601 2641 1008 2704 Guarneriano,
1034 2640 1126 2690 hic
1158 2640 1257 2702 qui
1280 2642 1337 2690 et
1359 2640 1610 2691 melioris
1641 2642 1729 2691 est
1764 2648 1936 2701 notae,
1982 2644 2203 2694 literula

602 2726 719 2765 una
744 2713 994 2771 varians,
1021 2712 1295 2768 discindit,
1334 2711 1405 2761 de
1441 2712 1738 2775 impressae
1775 2713 2032 2763 lectionis
2064 2716 2201 2765 vitio

602 2786 799 2849 injecit
833 2783 1241 2848 suspicionem,
1280 2786 1338 2834 et
1370 2788 1433 2833 ut
1469 2783 1808 2834 medicinam
1848 2785 2198 2845 adhibercm,

603 2855 1057 2908 commonefecit.
1098 2855 1378 2905 Caeterum
1406 2858 1463 2904 et
1487 2856 1740 2918 superior
1764 2859 2087 2917 contextus,
2107 2858 2202 2908 ubi

605 2934 747 2978 terra
776 2928 1046 2977 dehiscens
1062 2926 1344 2988 scribitur,
1363 2930 1422 2977 et
1443 2931 1634 2976 rectus
1652 2927 1721 2977 ad
1748 2928 1933 2977 Rufini
1949 2935 2201 2980 mentem

607 3013 834 3061 sensus,
862 2999 1177 3062 deseditpro
1202 2998 1463 3046 descendit
1498 2999 1701 3059 corrigi
1735 3000 2077 3061 postulabat.
2111 3002 2200 3051 Di-

602 3077 759 3124 ctum
791 3076 848 3121 et
871 3070 1122 3121 Ciceroni
1144 3082 1210 3120 eo
1237 3083 1429 3130 sensu,
1460 3075 1600 3117 terra
1625 3072 1836 3119 dosmlit.

665 3144 699 3227 λ’,
719 3143 856 3194 Heio
881 3143 1118 3227 genium,
1144 3145 1209 3191 ut
1244 3154 1410 3192 nemo
1435 3154 1553 3227 non
1587 3142 1759 3227 videt,
1788 3143 2009 3206 proprio
2035 3157 2207 3195 voca-
2228 3152 2275 3227 ρ

606 3214 759 3277 bulo,
778 3220 837 3265 et
871 3211 1125 3279 εἰρωνικῶς
1160 3217 1349 3263 tamen
1374 3214 1854 3275 scribitRufinus,
1890 3215 2041 3276 quod
2082 3230 2205 3278 per-

603 3286 735 3337 inde
761 3291 867 3343 est,
895 3298 960 3335 ac
989 3285 1035 3334 si
1061 3285 1219 3332 deum
1244 3285 1486 3334 dixisset
1509 3300 1520 3334 :
1545 3286 1729 3333 Putris
1767 3286 1903 3347 ligni
1926 3286 2202 3347 [mnosum

604 3358 761 3406 deum
786 3358 949 3405 caedit.
979 3357 1296 3407 Caeciarius
1318 3362 1511 3407 autem
1542 3369 1647 3407 nec
1670 3358 1936 3407 Auctoris
1967 3360 2051 3408 sui
2081 3374 2207 3410 sen-

607 3442 735 3480 sum
767 3432 1094 3482 assecutus.
1120 3440 1225 3478 nec
1250 3427 1375 3485 sibi,
1404 3427 1495 3478 vel
1514 3428 1585 3477 ab
1604 3427 1829 3489 lectore,
1851 3440 2019 3490 quem
2049 3430 2206 3481 falle-

602 3504 708 3559 ret,
737 3499 825 3550 vel
850 3512 882 3548 a
908 3512 998 3549 me
1023 3512 1195 3561 quem
1220 3498 1525 3561 suggillare
1543 3498 1601 3547 in
1618 3499 1809 3548 animo
1827 3498 2081 3550 fortassis
2104 3502 2205 3551 ha-

602 3571 742 3630 buit,
764 3574 1047 3633 metuens,
1064 3570 1233 3633 trium
1249 3582 1519 3621 versuum
1534 3569 2001 3621 adnetatiuncula
2017 3589 2205 3623 errores

605 3646 868 3704 quatuor,
894 3644 994 3692 aut
1016 3641 1267 3704 quinque
1281 3645 1449 3701 errat,
1479 3654 1625 3703 quos
1650 3646 1702 3691 et
1730 3643 2042 3693 mendaciis
2069 3647 2203 3695 toti-

606 3713 735 3764 dem
777 3717 959 3763 ornat.
1024 3713 1143 3774 His,
1180 3713 1385 3775 inquit,
1426 3713 1613 3763 verbis
1651 3713 1925 3775 [curiosum
1962 3716 2201 3779 genium,

604 3784 775 3835 etiam
806 3784 986 3834 utitur
1008 3784 1353 3847 Theophilus
1376 3783 1446 3835 de
1487 3784 1872 3835 Alexandrino
1920 3787 2202 3850 Serapidis

607 3854 815 3918 templo
838 3854 1077 3917 loquens
1098 3856 1153 3905 in
1181 3855 1429 3919 Epistola
1451 3855 1746 3918 Synedica.
1774 3856 1880 3905 Vix
1904 3858 2071 3908 credo
2102 3872 2203 3917 po-

603 3928 807 3979 tuisset
835 3926 996 3991 plura
1026 3928 1280 3978 breviore
1298 3927 1444 3990 style
1460 3941 1690 3990 peccaro
1714 3940 1780 3977 ac
1797 3928 2041 3980 mentiri.
2078 3930 2203 3980 Fal-

604 4012 734 4051 sum
758 4000 940 4062 primo
965 4004 1069 4059 est,
1098 3999 1474 4063 Theophilum
1493 3999 1582 4049 his
1613 4000 1803 4048 verbis
1828 4004 1907 4049 uti
1922 4001 2199 4061 fumosum

600 4071 837 4132 genium.
874 4070 1103 4121 Falsum
1136 4070 1360 4132 deinde,
1397 4070 1546 4131 quod
1587 4070 1755 4121 unice
1800 4073 2073 4122 memorat
2100 4073 2199 4120 Ge-

600 4142 778 4204 nium,
813 4141 921 4192 loci
945 4154 1156 4192 nomen
1181 4141 1434 4203 (etiamsi
1475 4145 1626 4191 recte
1672 4142 1877 4192 habeat
1901 4143 2197 4205 scriptura,

599 4224 712 4274 qua
733 4212 803 4263 de
837 4225 896 4262 re
920 4224 1054 4262 mox
1081 4212 1356 4273 dicemus)
1404 4212 1611 4262 habere
1645 4226 1949 4263 commune
1985 4214 2198 4275 aliquid

601 4294 731 4333 cum
770 4282 992 4333 fumoso
1025 4285 1135 4333 iste
1166 4283 1333 4346 genio
1358 4283 1508 4345 apud
1538 4285 1824 4333 Nostrum.
1853 4285 2108 4346 Denique
2144 4290 2199 4335 et

598 4353 805 4404 falsum
830 4358 934 4415 est,
964 4353 1035 4404 de
1070 4353 1352 4416 Serapidis
1370 4355 1585 4418 templo
1610 4354 1762 4416 loqui
1794 4355 2193 4418 Theophilum,

597 4428 697 4476 aut
725 4424 796 4476 de
826 4426 951 4488 ejus
977 4425 1112 4475 Idoli
1140 4425 1324 4487 genie.
1350 4416 1545 4475 Vicum
1574 4426 1805 4487 scilicet,
1846 4416 2193 4489 autiforum,

595 4501 697 4549 aut
719 4497 853 4560 quid
886 4497 1070 4548 simile
1093 4497 1248 4559 dicit,
1273 4497 1333 4547 in
1359 4509 1469 4559 quo
1496 4510 1557 4548 se
1580 4498 1895 4549 adversarii
1921 4498 2008 4547 sui
2040 4512 2191 4548 rece-

598 4568 821 4632 pissent
843 4569 916 4621 ad
941 4569 1174 4619 ciendas
1198 4571 1393 4619 contra
1412 4582 1471 4619 se
1489 4572 1702 4628 turbas,
1718 4571 1937 4631 sibique
1954 4572 2189 4627 majorem

597 4640 751 4704 apud
769 4640 1305 4693 Gentilesinvidiam
1324 4642 1739 4693 concitandam.
1761 4643 1820 4689 In
1844 4641 1969 4694 loco,
1990 4641 2191 4704 inquit,

597 4711 747 4761 urbis
769 4712 1116 4775 celeberrimo,
1140 4729 1297 4778 quem
1322 4715 1382 4762 ini
1405 4714 1584 4776 fallor,
1614 4713 1843 4760 Genium
1862 4718 2066 4772 vocant,
2090 4714 2193 4762 col-

601 4783 861 4832 locantur.
893 4784 1001 4835 Sed
1027 4786 1286 4849 expenda
1310 4798 1442 4849 quae
1466 4785 1525 4835 in
1550 4797 1658 4834 nos
1684 4784 1872 4835 bonus
1897 4785 2194 4836 Carmelita

602 4854 821 4918 reliqua
843 4856 936 4907 illa
958 4857 1423 4909 adnetatiuncula
1436 4869 1542 4907 sua
1558 4855 1814 4906 blaterat.
1832 4857 2193 4908 Novissimus

601 4928 793 4978 autem
819 4928 929 4991 (ait)
958 4929 1149 4981 Editor
1173 4930 1421 4993 Operam
1458 4928 1511 4977 S.
1538 4926 1871 4989 Hieronymi
1903 4928 2196 4979 existimat

600 4999 723 5049 ἐνιον
767 5012 868 5050 seu
902 4996 1063 5051 κένίον
1104 5002 1222 5063 (sic)
1252 5002 1441 5051 locum
1491 4998 1684 5059 fuisse,
1712 4999 1807 5048 ubi
1833 4999 2087 5063 hospites
2108 5014 2196 5050 re-

601 5071 939 5135 ciperentur.
972 5076 1124 5124 Deus
1150 5071 1400 5123 meliora.
1429 5071 1544 5132 Ego
1566 5082 1696 5119 cum
1722 5071 2195 5133 Epistolamillam

600 5154 738 5192 auro
752 5155 817 5194 ac
829 5145 1073 5207 gemmis
1098 5145 1297 5195 contra
1320 5140 1740 5199 mstimandam,
1763 5155 1891 5192 cum
1910 5142 2035 5192 aliis
2052 5156 2197 5193 nen-

598 5212 772 5264 nullis
797 5216 1091 5278 quantivis
1119 5213 1298 5277 pretii,
1324 5212 1441 5262 fato
1474 5212 1781 5274 proximas,
1818 5218 1875 5265 et
1908 5214 2100 5265 blattis
2131 5214 2196 5263 ti-

597 5286 840 5349 neisque
852 5290 1073 5350 ereptas
1088 5287 1305 5349 primus
1323 5282 1442 5334 orbi
1454 5282 1698 5335 literarie
1713 5286 2130 5336 communicare
2140 5298 2196 5335 in

600 5357 673 5420 (id
698 5358 853 5421 quod
879 5371 966 5410 νιν
990 5357 1291 5421 religiosus
1307 5355 1529 5406 silentio
1546 5358 1767 5420 premit,
1785 5357 2010 5408 tametsi
2040 5357 2197 5407 dictu

597 5431 1008 5492 necessarium,
1039 5433 1106 5479 ut
1145 5441 1320 5491 quam
1351 5428 1917 5493 laudaret'l‘heophili
1957 5428 2199 5492 Synodi-

598 5514 740 5563 cam,
776 5503 976 5552 Lector
1000 5498 1249 5561 intellige
1275 5502 1329 5550 et
1351 5502 1365 5562 )
1384 5501 1454 5551 ad
1478 5500 1775 5552 laudatum
1802 5500 1973 5551 modo
2002 5500 2195 5551 locum

598 5572 928 5638 suspicatus
966 5585 1113 5632 sum,
1162 5572 1395 5620 Xenium
1437 5572 1615 5635 accipi
1656 5584 1827 5637 posse
1873 5583 1973 5634 pro
2010 5570 2192 5631 Genio,

598 5644 1069 5708 quandoquidem
1092 5643 1268 5695 lociin
1288 5644 1428 5695 urbe
1450 5642 1816 5705 celeberrimi,
1845 5643 1967 5693 sive
1992 5642 2193 5705 plateae

598 5729 809 5769 nomen
833 5722 988 5769 erat:
1011 5717 1183 5781 idque
1216 5716 1576 5780 paucissimis
1617 5715 1774 5765 hisce
1808 5715 1997 5765 verbis
2031 5725 2193 5764 com-

612 5791 841 5853 plexus,
867 5790 969 5841 Est
992 5792 1183 5842 autem
1208 5792 1275 5839 ut
1314 5787 1542 5841 videtur
1563 5786 1753 5848 Ξένιον,
1786 5786 1995 5836 Xenion
2014 5785 2194 5845 locus,

607 5860 706 5912 ubi
728 5859 988 5925 hospites
1016 5859 1406 5914 convenirent.
1439 5858 1674 5910 Falsum
1702 5858 1878 5921 igitur
1901 5863 1989 5912 est
2020 5868 2195 5921 quam

2216 4528 2272 4601 D

2304 1881 2579 1932 honorem
2604 1878 2729 1942 ejus
2754 1877 3108 1929 instituerint
3131 1876 3281 1939 apud
3312 1876 3601 1939 Memphis
3630 1876 3874 1939 templum

2302 1970 2363 2021 in
2389 1981 2502 2033 quo
2520 1969 2624 2019 bos
2648 1966 2811 2030 quasi
2835 1966 3111 2017 indicium
3128 1965 3326 2030 optimi
3348 1965 3617 2028 agricola;
3640 1965 3875 2016 nutritur.

2303 2141 2456 2206 quod
2486 2139 2755 2201 maxime,
2782 2138 2998 2189 dixisse
3015 2150 3122 2193 me,
3148 2142 3247 2188 aut
3267 2137 3636 2189 existimasse
3662 2138 3780 2188 ἑνιον
3802 2150 3875 2187 seu

2303 2210 2464 2265 κένίον
2484 2212 2804 2275 (sic)locum
2828 2211 3026 2271 fuisse,
3051 2214 3156 2260 etc.
3186 2209 3359 2260 Multo
3381 2209 3552 2261 etiam
3580 2209 3766 2273 magis
3800 2209 3874 2259 fal-

2305 2299 2434 2336 sum
2459 2290 2563 2344 est,
2579 2283 2704 2334 haec
2718 2296 2808 2333 me
2829 2282 3129 2345 scripsisse
3152 2284 3414 2343 portenta
3430 2281 3760 2339 verborum,
3777 2292 3875 2341 quae

2304 2356 2624 2409 Cacciarius
2637 2356 2705 2405 de
2720 2356 2946 2405 cerebro
2963 2366 3067 2403 suo
3080 2353 3253 2414 cudit,
3269 2358 3326 2403 et
3350 2357 3413 2403 ut
3434 2352 3599 2415 nihil,
3616 2353 3877 2403 velGrzere

2306 2429 2646 2490 significent,
2680 2426 2770 2478 vel
2802 2427 2873 2477 ad
2910 2438 3029 2475 rem
3067 2425 3196 2485 sint,
3232 2424 3449 2487 aliquot
3495 2426 3675 2475 etiam
3716 2436 3874 2488 prava

2306 2501 2605 2561 scripturae
2630 2498 2786 2549 vitiis
2812 2497 3148 2547 cumulavit.
3177 2495 3395 2546 Scilicet
3420 2501 3482 2546 ut
3511 2496 3872 2546 obtreclatieui

2304 2583 2571 2622 caussam
2596 2570 2654 2619 in
2674 2570 2918 2633 speciem
2936 2573 3219 2630 quaereret
3242 2584 3253 2615 :
3271 2567 3423 2629 quod
3443 2569 3653 2627 quidem
3672 2586 3879 2629 συκοᾳιν·

2303 2645 2406 2697 τίαις
2432 2655 2611 2706 genus
2635 2645 2723 2691 est
2746 2641 2916 2703 longe
2940 2639 3356 2702 turpissimum,
3378 2638 3515 2689 mihi
3534 2643 3603 2688 ut
3623 2638 3873 2689 adscribet

2304 2714 2770 2765 hallucinationes
2797 2724 2933 2761 suas
2955 2712 3109 2775 ipsas
3133 2715 3189 2760 et
3214 2709 3691 2773 perperamdicta,
3718 2714 3769 2759 et
3797 2710 3873 2757 Le-

2304 2789 2526 2836 cteruni
2552 2784 2774 2834 interim
2802 2783 2995 2844 vulgo,
3022 2781 3253 2831 minime
3280 2782 3335 2831 id
3366 2780 3519 2844 quod
3553 2793 3651 2831 res
3676 2784 3760 2831 est
3778 2782 3871 2827 scire

2304 2856 2526 2919 cupido,
2547 2856 2817 2918 imponat.
2849 2854 2958 2904 Sed
2984 2858 3041 2904 et
3056 2853 3193 2903 illud
3222 2853 3430 2903 falsum
3460 2854 3563 2913 est,
3604 2857 3663 2903 et
3687 2852 3869 2902 calum-

2302 2928 2455 2977 niam
2484 2927 2715 2986 redolet,
2742 2925 2895 2988 quod
2929 2938 3021 2975 me
3045 2925 3140 2985 ait,
3160 2924 3349 2974 locum
3364 2923 3522 2973 illum
3537 2923 3870 2973 existimasse

2302 2999 2400 3048 ubi
2425 2998 2679 3060 hospites
2704 2997 3115 3058 reciperentur:
3140 3008 3344 3058 nempe
3370 3000 3432 3046 ut
3463 2994 3865 3045 Xenodochium

2301 3070 2517 3120 dixisse
2542 3069 2778 3129 viderer,
2805 3067 2959 3130 quod
2993 3067 3174 3118 forum
3200 3067 3507 3126 etplateam
3536 3079 3668 3116 esse
3692 3077 3868 3115 conve—

2307 3154 2511 3191 narum
2549 3140 2882 3191 sentiebam.
2918 3138 3043 3189 Alia
3079 3139 3449 3201 praetermitto
3494 3138 3680 3187 multa
3706 3149 3718 3197 ;
3744 3136 3865 3199 piget

2306 3214 2598 3263 enimvero
2624 3224 2715 3263 me
2741 3223 3011 3274 reponere
3043 3211 3167 3260 haec
3192 3209 3423 3269 homini,
3450 3209 3547 3270 qui
3576 3214 3633 3258 et
3656 3208 3864 3259 Relieie‘

2305 3298 2406 3334 sus
2430 3284 2607 3345 audit,
2635 3288 2690 3334 et
2712 3282 3053 3343 Theologus,
3079 3286 3136 3333 et
3159 3282 3298 3331 Cleri
3326 3280 3565 3331 Romani
3596 3280 3867 3330 Examina—

2305 3360 2392 3406 ter
2426 3355 2807 3418 Apestolicus,
2823 3354 3063 3415 atquein
3076 3353 3310 3415 collegio
3332 3353 3559 3402 Urbano
3576 3353 3863 3415 Propagan-

2304 3427 2393 3478 d'ce
2418 3427 2571 3477 Fidei
2599 3428 2781 3477 Sacra:
2806 3425 3129 3486 Theolegize
3154 3424 3504 3488 Dogmaticae
3538 3424 3751 3474 Lector.

2364 3512 2382 3533 ο
2417 3499 2732 3549 Cacciarius
2760 3513 2970 3561 quoque
2999 3497 3275 3556 rescribit,
3304 3498 3585 3557 ignotum,
3622 3506 3787 3545 suane
3812 3502 3864 3541 an

2302 3585 2419 3622 mss
2432 3571 2803 3627 .auctoritate,
2824 3581 3016 3632 neque
3030 3570 3180 3619 enim
3201 3570 3489 3619 Lector‘em
3502 3574 3717 3618 monet.
3732 3566 3864 3615 Guar

2300 3642 2798 3705 nerian.,quodque
2823 3641 3099 3702 deiectum,
3132 3641 3254 3701 igne
3285 3639 3547 3699 adhibito,
3576 3645 3666 3687 clc.
3687 3634 3863 3689 Deinde

2305 3715 2421 3763 Post
2450 3715 2545 3762 hoc
2570 3714 2837 3761 revulsum
2865 3712 3171 3771 cervicibus,
3193 3717 3237 3759 et
3255 3711 3555 3775 depressum
3584 3710 3865 3769 modie,tm-

2306 3786 2457 3833 hitur
2487 3790 2679 3848 caput:
2709 3785 2799 3833 cui
2842 3789 2897 3833 et
2940 3785 3277 3833 Bononiens.
3328 3786 3625 3839 consonat,
3663 3783 3863 3841 excepta

2301 3857 2481 3904 medio
2506 3868 2602 3919 pro
2627 3869 2739 3918 quo
2761 3857 2816 3902 in
2850 3856 3019 3903 medio
3047 3856 3237 3904 habet.
3257 3854 3574 3904 Caeciarius
3598 3853 3721 3903 heic
3742 3848 3863 3900 desi-

2301 3928 2401 3991 pit,
2431 3927 2529 3990 qui
2560 3931 2617 3977 et
2646 3928 2939 3987 vulgatam
2980 3926 3281 3977 lectionem
3314 3925 3540 3980 retinet,
3564 3930 3623 3975 et
3655 3925 3709 3973 in
3736 3921 3861 3972 Notis

2302 4011 2532 4061 quoque
2582 3998 2793 4051 laudat.
2836 4003 2891 4048 et
2923 3997 3090 4047 aliain
3130 3997 3202 4046 ab
3230 4008 3295 4047 ea
3334 4000 3529 4046 tamen
3569 3997 3705 4046 dicit
3745 4004 3858 4047 esse,

2300 4084 2473 4133 quam
2501 4083 2569 4119 ex
2584 4070 2879 4119 codicibus
2893 4082 3033 4119 mss.
3047 4068 3330 4132 praeferat.
3347 4067 3631 4130 Serapidis
3644 4064 3856 4117 modium

2300 4144 2368 4191 de
2394 4154 2506 4203 quo
2544 4143 2761 4199 Noster,
2792 4141 2970 4190 multa
3000 4141 3317 4191 etiamnum
3345 4139 3688 4190 Centilitatis
3708 4134 3857 4187 meni-

2299 4218 2492 4262 menta
2517 4216 2946 4275 repraesentant,
2961 4213 3208 4262 canistro
3222 4211 3375 4261 senis
3403 4211 3499 4261 Dei
3524 4209 3695 4274 capiti
3716 4209 3859 4268 impo-

2299 4284 2425 4343 sito,
2463 4283 2533 4333 ad
2572 4284 2792 4334 fructus
2826 4283 3245 4345 agricolationis
3293 4282 3571 4337 ferendos,
3615 4286 3671 4332 et
3704 4288 3856 4339 iwan

2299 4367 2445 4417 quos
2471 4355 2769 4404 dicebatur
2790 4356 2908 4417 ipse
2933 4356 3150 4418 primus
3178 4354 3359 4405 facere
3382 4353 3665 4403 decuisse.
3693 4352 3859 4412 Hujus

2299 4426 2453 4477 modi
2478 4430 2563 4476 est
2589 4427 2761 4476 etiam
2792 4427 2847 4476 in
2877 4427 3193 4477 domestico
3223 4428 3433 4476 Musaeo
3472 4432 3669 4476 nostro
3710 4430 3856 4473 unum

2299 4504 2471 4560 atque
2506 4499 2748 4549 alterum
2774 4499 3082 4559 numisma,
3114 4498 3295 4561 capite
3321 4498 3439 4557 ipso
3475 4498 3632 4547 senis
3656 4494 3854 4545 radiate.

2301 4571 2581 4620 Caeterum
2609 4571 2733 4632 ejus
2757 4570 3208 4620 destructionem
3234 4568 3448 4632 templi,
3488 4568 3641 4630 quod
3677 4562 3856 4628 spei-tit

2296 4641 2581 4693 videndus
2606 4642 2898 4703 Eunapius
2926 4642 2985 4691 in
3010 4641 3143 4690 Vita
3168 4641 3394 4699 Edesii,
3429 4639 3527 4690 ubi
3563 4644 3622 4691 et
3646 4638 3717 4689 ab
3740 4638 3857 4709 Evttf

2294 4726 2413 4777 grie
2442 4713 2669 4775 Aﬂgypti
2699 4712 2989 4775 Praefecto,
3017 4717 3073 4762 et
3104 4724 3137 4761 a
3167 4715 3423 4763 Romano
3455 4712 3668 4762 Comite
3692 4708 3761 4759 rei
3783 4708 3855 4777 mi-

2292 4776 2471 4835 litaris
2496 4784 2780 4848 egregiam
2795 4796 3024 4848 operam
3042 4785 3358 4847 pi‘zestitam
3386 4784 3561 4833 fuisse
3585 4775 3854 4853 Theophili)

2294 4858 2573 4920 Episcopo
2596 4855 2669 4906 ad
2694 4855 2835 4906 illud
2870 4855 3261 4917 eVertendum,
3294 4856 3477 4906 tradit.
3505 4858 3607 4905 Est
3636 4854 3853 4904 etiamm

2294 4940 2419 4978 eam
2451 4941 2571 4977 rem
2600 4927 2904 4978 Theodosii
2936 4929 3048 4977 Lex
3073 4926 3144 4975 ad
3180 4927 3488 4989 Evagrium
3516 4925 3676 4976 titulo
3699 4924 3753 4971 de
3773 4921 3853 4989 Pu-

2295 5000 2470 5061 ganis.
2509 5000 2650 5048 Ilinc
2702 4999 2891 5061 templi
2933 4999 3110 5048 fatum
3144 4988 3399 5048 referunt
3431 4997 3522 5047 alii
3544 4997 3615 5047 ad
3638 5009 3728 5045 an.
3757 4988 3849 5066 39l.

2300 5070 2559 5119 Valesius
2575 5074 2766 5120 autem
2793 5083 2862 5119 ex
2887 5067 3087 5119 Marcel
3106 5069 3184 5118 ini
3201 5069 3492 5130 Chronico,
3521 5073 3638 5119 toto
3663 5067 3851 5116 biennio

2296 5142 2674 5204 prmvertihet
2698 5142 2942 5192 triennio
2971 5141 3140 5191 etiam
3166 5154 3235 5191 ex
3266 5140 3374 5191 alio
3405 5140 3613 5191 Zosimi
3645 5136 3851 5208 testime

2296 5214 2391 5264 Ilio
2421 5213 2515 5264 lib.
2537 5215 2574 5263 Ι.
2592 5212 3087 5267 ubiTheodosium
3112 5213 3627 5276 narratimperasse
3644 5212 3849 5276 Cynegtq

2298 5285 2457 5335 Praef.
2497 5285 2781 5341 l’rieterio,
2823 5298 2954 5334 cum
3002 5284 3060 5334 in
3094 5274 3418 5347 Egyptum'
3443 5284 3765 5335 mitteretur,
3800 5274 3849 5352 ,υἱ

2297 5356 2607 5407 Gentilium
2639 5358 2765 5407 fana
2788 5356 3126 5407 destrueret.
3154 5356 3295 5406 Vide
3326 5356 3567 5406 Idatium
3590 5354 3647 5405 in
3679 5352 3848 5402 Fastis-

2296 5432 2353 5478 et
2386 5440 2517 5489 quae
2552 5440 2658 5477 nos
2704 5428 2773 5477 ad
2817 5429 3209 5491 lilicroymum,
3255 5440 3386 5477 cum
3436 5428 3608 5488 Epist.
3650 5421 3757 5477 107.
3796 5412 3848 5491 ξὶίῘ

2296 5488 2532 5559 Latiam,
2560 5503 2684 5551 tum
2708 5498 2807 5552 lib.
2844 5500 2912 5549 de
2938 5488 3204 5563 Scriptor.
3238 5498 3452 5549 Eccles.
3481 5511 3600 5561 cap.
3640 5488 3847 5549 13.4.01?

2296 5582 2617 5620 SUPVOJIIUS.

2356 5638 2377 5667 ·¹
2410 5642 2493 5691 Ita
2519 5653 2590 5691 ex
2625 5640 3011 5691 Guarneriano
3038 5642 3272 5703 optimae
3296 5645 3451 5693 notae
3474 5634 3764 5704 exemplari
3782 5642 3846 5704 rei

2295 5711 2647 5776 scripsimus,
2670 5725 2768 5776 pro
2789 5702 3122 5776 quominus
3138 5712 3279 5764 bene
3292 5712 3572 5764 hactenus
3590 5702 3759 5763 visum
3779 5702 3844 5754 est

2291 5782 2402 5848 legi
2427 5783 2814 5833 detrahuntur.
2843 5782 3004 5834 Idem
3030 5795 3167 5837 mox
3197 5782 3367 5847 paulo
3395 5784 3573 5845 aliter,
3604 5782 3693 5847 qui
3724 5786 3847 5839 super

2290 5854 2472 5917 fuerat
2499 5862 2722 5907 truncus
2745 5855 2868 5918 igne
2890 5861 3264 5905 concrematur
3276 5855 3335 5903 in
3358 5856 3722 5920 amphiteatro.
