3900 6406
21 335 144 392 533
659 331 668 340 ’
881 332 1223 386 HISTORIA
1276 331 1841 385 ECCLESIASTICA.
1899 332 2110 385 LIBER
2167 293 2550 388 SECUl‘lDUS.
3257 334 3364 392 534

23 448 286 500 habens
332 447 603 510 quaedam
627 445 833 498 coloris
867 445 1152 510 insignia'
1194 445 1294 510 qui
1338 457 1412 496 ex
1441 443 1667 497 nomine

1792 470 2015 532 licebat,
2059 473 2370 524 Saturnum
2400 474 2544 525 'sibi
2589 474 2949 539 pmcepisse,
2977 475 3046 526 ut
3085 487 3233 527 uxor
3261 485 3367 526 sua

28 539 175 602 ejus
205 537 359 601 Apis
375 536 690 601 appelletur
715 538 886 602 εσορὸν
905 547 1058 595 vero,
1081 535 1138 586 id
1153 537 1257 596 est,
1277 534 1663 599 sepulchrum,

26 630 103 680 in
130 640 266 690 quo
279 639 495 690 corpus
507 626 556 690 ej
566 639 634 677 us
649 626 832 677 inerat
844 625 1247 677 Alexandriam
1258 625 1279 654 δ
1301 624 1664 686 deduxerint,

35 723 99 769 et
128 719 337 769 Seron
366 716 506 780 Apis
532 715 712 780 primo
735 727 807 766 ex
832 715 1247 779 compositione
1269 715 1523 778 Sorapin,
1539 718 1670 778 post

38 820 196 858 vero
220 819 330 872 per
355 815 373 836 °
397 805 818 869 corruptionem
843 805 1078 868 Serapin
1104 804 1476 856 nominarint.
1506 804 1668 866 Quod

1763 566 2123 626 pernoctaret
2137 562 2196 613 in
2213 562 2444 626 templo.
2464 564 2611 614 Tum
2628 563 2680 614 is
2694 563 2792 627 qui
2811 562 3083 624 audierat,
3103 563 3366 628 gaudens

1767 651 1919 716 quod
1946 665 2090 703 uxor
2114 665 2218 703 sua
2233 652 2564 716 dignatione
2588 653 2844 704 numinis
2869 659 3184 714 vocaretur,
3199 665 3368 706 exor-

1765 743 1962 793 natam
1987 743 2273 806 comptius
2289 743 2522 805 insuper
2533 748 2590 794 et
2603 743 2857 794 donariis
2872 748 3165 806 onustam,
3183 755 3254 795 ne
3267 757 3368 796 va-

37 910 123 949 an
141 910 371 950 verum
402 896 493 959 sit,
520 899 620 958 aut
632 894 776 946 nihil
792 895 1044 958 omnino,
1067 895 1137 946 de
1155 894 1246 946 his
1263 896 1419 946 Deus
1441 894 1666 948 viderit.

43 987 170 1040 Sed
231 986 312 1038 ad
345 985 639 1050 inceptum
661 984 981 1036 redeamus.

635 1128 864 1179 CAPUT
903 1127 1110 1178 XXIV.

48 1249 132 1298 De
152 1245 481 1311 fraudibus,
501 1260 616 1311 quae
639 1246 700 1295 in
725 1245 931 1310 templis
945 1245 1295 1307 Paganorum
1307 1245 1506 1294 detectae
1523 1248 1668 1295 sunt.

119 1359 274 1408 Post
315 1355 446 1408 haec
495 1354 677 1418 capite
709 1353 835 1417 ipso
886 1353 1163 1406 idolatria)
1199 1352 1438 1418 dejecto,
1463 1353 1670 1405 studiis

47 1444 502 1511 vigilantissimi
514 1443 826 1496 sacerdotis
843 1442 947 1508 [Αι.
963 1443 1105 1494 Add.
1121 1443 1370 1507 quoque]
1383 1455 1674 1507 quiscum-

47 1548 174 1600 que
198 1535 432 1586 fuerant
443 1545 540 1598 per
555 1537 738 1584 totam
754 1531 1160 1584 Alexandriam
1177 1534 1442 1597 portenta
1455 1533 1668 1596 potius,

53 1637 249 1689 quam
275 1623 626 1676 simulachra
638 1621 757 1687 pari
774 1622 932 1674 exitu
944 1627 1002 1674 et
1016 1621 1184 1673 simili
1196 1621 1476 1674 dedecore
1488 1622 1670 1686 publi-

55 1716 296 1766 cantur.
335 1713 357 1743 ⁴
392 1714 595 1764 Horret
617 1711 844 1764 animus
868 1711 1072 1773 dicere,
1095 1711 1194 1775 qui
1217 1711 1442 1763 miseris
1465 1713 1678 1764 morta-

1765 845 1872 883 cua
1916 832 2133 883 scilicet
2178 832 2589 895 repudiaretur,
2641 833 2948 896 conjugem
2994 833 3259 884 mittebat
3293 833 3368 886 ad

1767 919 2066 984 templum.
2092 921 2154 970 In
2178 923 2490 984 conspectu
2505 920 2764 974 omnium
2778 921 3180 972 conclusaintri
3191 936 3369 970 nsecus

1769 1013 2050 1068 matrona,
2065 1010 2372 1074 Tyrannus
2384 1009 2596 1060 clausis
2612 1010 2828 1074 januis,
2855 1010 2938 1062 et'
2949 1009 3170 1062 traditis
3190 1009 3370 1062 clavi-

1770 1099 1882 1150 bus
1895 1098 2245 1150 discedebat.
2261 1098 2476 1150 Deinde
2501 1097 2648 1151 facto
2668 1098 2910 1163 silentio,
2925 1113 3026 1163 per
3040 1099 3296 1152 occultos
3311 1103 3370 1151 et

1773 1189 2177 1240 subterraneos
2205 1189 2436 1254 adytus,
2454 1189 2605 1241 intra
2626 1198 2643 1228 ι
2661 1189 2852 1254 ipsum
2887 1190 3114 1242 Saturni
3137 1189 3370 1242 simula-

1776 1278 1978 1330 chrum
2002 1279 2212 1344 patulis
2235 1280 2504 1343 erepebat
2519 1280 2801 1332 cavernis.
2827 1280 2960 1332 Erat
2974 1282 3170 1332 autem
3195 1279 3372 1331 simu-

1768 1369 2032 1422 lachrum
2068 1369 2208 1421 illud
2233 1382 2266 1421 a
2281 1373 2440 1434 tergo
2459 1369 2481 1398 "
2499 1381 2760 1433 exesum,
2777 1375 2836 1422 et
2857 1369 3056 1435 parieti
3071 1369 3372 1434 diligenter

1771 1471 2083 1510 annexum.
2100 1459 2569 1523 Ardentibusque
2581 1459 2730 1511 intra
2745 1458 3280 1522 mdemluminibus,
3298 1460 3373 1507 in-

1771 1549 1946 1600 tentae
2017 1548 2481 1612 supplicantique
2525 1547 2753 1600 mulieri
2794 1559 3000 1600 vocem
3043 1547 3233 1600 subito
3271 1559 3372 1611 per

1773 1637 2185 1690 simulachrum
2237 1638 2368 1690 aeris
2418 1637 2656 1690 concavi
2701 1637 3040 1702 proferebat,
3085 1637 3166 1688 ita
3180 1638 3247 1688 ut
3269 1648 3373 1700 pa-

1777 1740 1912 1783 vore
1958 1732 2015 1778 et
2067 1727 2278 1792 gaudio
2327 1726 2525 1778 infelix
2567 1726 2771 1778 mulier
2823 1725 3154 1790 trepidaret,
3218 1724 3370 1789 quod

57 1805 227 1856 libus
276 1802 468 1866 laquei
496 1815 530 1853 ει
561 1802 926 1854 daemonibus
953 1801 1253 1866 praeparati
1278 1801 1410 1862 sint,
1434 1813 1565 1864 quae
1588 1801 1671 1853 ru-
1704 1776 1758 1850 B
1779 1776 2014 1879 aa}...
2062 1776 3180 1880 :41...“suam;gratiaeque.
3206 1776 3372 1865 P‘ost-

59 1905 230 1957 nera,
250 1905 387 1956 quis
410 1891 692 1944 scelerain
717 1891 992 1954 illis,qua3
1005 1890 1391 1954 dicebant[Al.
1408 1889 1678 1942 diceban-

63 1984 187 2046 tur]
223 1983 405 2044 ἄδυτα,
447 1985 806 2045 tegerentur:
852 1980 1004 2044 quod
1047 1980 1126 2031 ibi
1170 1979 1455 2031 infantum
1493 1981 1679 2044 capita

63 2073 312 2124 desecta
354 2072 632 2123 inauratis
650 2071 820 2122 labris
841 2071 1078 2122 inventa
1101 2069 1253 2122 sint:
1281 2075 1422 2134 quot
1449 2070 1680 2122 misero-

65 2175 210 2215 rum
251 2161 610 2213 cruciabules
635 2166 851 2211 mortes
867 2160 1127 2224 depicta.
1161 2162 1303 2222 Quae
1319 2173 1452 2210 cum
1477 2160 1679 2224 prode-

63 2255 280 2304 rentur
302 2251 363 2302 in
385 2249 601 2314 lucem,
634 2263 700 2301 ac
725 2251 834 2300 sub
857 2262 1026 2301 auras
1057 2251 1272 2314 prolata
1297 2249 1596 2310 ferrentur,
1615 2249 1680 2300 li-

68 2347 164 2394 cet
195 2341 539 2394 confusione
563 2341 687 2406 ipsa
703 2340 954 2392 Gentiles
975 2343 1033 2392 et
1056 2339 1272 2405 pudore
1307 2339 1674 2402 diii‘ugerent:

71 2439 279 2485 tamen
335 2431 387 2483 si
421 2431 554 2494 quis
588 2431 792 2482 adesse
813 2429 1016 2494 potuit,
1042 2430 1354 2481 mirabatur
1373 2433 1456 2480 tot
1471 2428 1679 2480 seculis

72 2536 140 2574 se
163 2523 279 2573 illis
316 2527 432 2574 tam
446 2520 674 2573 nefariis
699 2525 756 2572 et
785 2525 899 2571 tam
917 2520 1200 2584 pudendis
1225 2519 1525 2571 fraudibus
1544 2519 1680 2572 irre-

77 2613 276 2664 titum.
305 2611 468 2664 Unde
491 2615 547 2662 et
575 2609 805 2675 plurimi
841 2605 1014 2676 298
1040 2621 1110 2658 ex
1154 2607 1262 2664 his,
1303 2607 1680 2658 condemnato

73 2714 274 2754 errore
319 2705 378 2753 et
417 2700 628 2752 scelere
645 2699 1021 2765 deprehenso.
1046 2697 1219 2748 fidem
1249 2697 1456 2748 Christi
1482 2701 1539 2748 et
1557 2696 1680 2748 cul-

80 2795 210 2843 tum
235 2803 392 2843 verae
411 2789 702 2854 religionis
727 2789 975 2853 amplexi
994 2789 1308 2838 sunt.Nam
1333 2789 1399 2838 ut
1421 2786 1683 2838 omittam

80 2887 295 2934 caetera
310 2881 544 2944 ﬂagitia,
560 2892 691 2944 quas
702 2879 761 2930 in
773 2878 898 2929 aliis
923 2877 1063 2928 locis
1086 2875 1144 2929 vi
1167 2876 1388 2928 necatis
1402 2875 1658 2940 parvulis
1669 2911 1682 2933 ,

83 2969 516 3034 despicatisque
539 2970 612 3021 ob
638 2969 908 3019 fibrarum
931 2967 1346 3030 inSpectionem
1361 2965 1683 3029 virginibus

86 3061 455 3125 gerebantur,
483 3071 663 3110 unum
688 3057 1048 3110 solummodo
1073 3055 1230 3119 quod
1261 3055 1322 3106 in
1344 3054 1555 3119 templo
1585 3056 1686 3106 Sa-

1776 1917 1841 1955 ea
1889 1917 2066 1968 quam
2104 1918 2241 1957 vero
2278 1917 2411 1969 quae
2455 1903 2681 1956 libitum
2722 1904 2922 1966 fuerat,
2977 1903 3069 1955 vel
3109 1902 3182 1955 ad
3231 1914 3374 1954 con-

1779 1995 2192 2047 sternationem
2249 1996 2544 2058 majorem,
2604 1993 2698 2046 vel.
2743 1993 2816 2044 ad
2876 1992 3127 2044 libidinis
3176 1992 3376 2043 incita-

1777 2093 2058 2149 mentum,
2091 2081 2262 2153 299
2291 2084 2893 2136 disseruissetnumen
2909 2084 2920 2113 ί
2937 2083 3012 2134 im
3022 2085 3378 2146 purum,arte

1781 2176 2032 2239 quadam
2046 2175 2293 2227 linteolis
2309 2175 2592 2237 obductis,
2605 2177 2841 2239 repente
2853 2173 3071 2225 lumina
3081 2173 3381 2237 extingue-

1779 2266 1992 2317 bantur
2014 2265 2310 2316 universa.
2331 2265 2478 2315 Tum
2495 2263 2528 2315 d
2543 2263 2862 2315 escendens
2879 2261 3296 2326 obstupefacta
3321 2265 3380 2312 et

1779 2357 2162 2406 consternatae
2209 2353 2563 2406 mulierculae
2586 2352 2830 2404 adulteri
2846 2351 3043 2404 fucum
3062 2350 3374 2417 prophanis

1779 2443 2360 2496 commentationibus
2397 2443 2693 2495 inferebat.
2725 2443 2864 2494 Haec
2898 2454 3029 2493 cum
3047 2453 3147 2506 per
3174 2452 3376 2492 omnes

1778 2534 2116 2584 miserorum
2131 2537 2422 2584 matronas
2433 2531 2742 2594 multojam
2761 2535 3011 2596 tempore
3025 2533 3377 2594 gererentur,

1779 2623 1986 2674 accidit
2013 2623 2305 2686 quandam
2320 2621 2542 2686 pudicae
2556 2621 2766 2673 mentis
2781 2620 3073 2672 faeminam
3085 2619 3378 2671 horruisse

1780 2712 2004 2764 facinus
2027 2718 2082 2763 et
2097 2711 2800 2775 attentiusdesignantem,
2815 2711 3144 2776 cognovisze
3176 2723 3380 2762 vocem

1783 2803 2052 2867 Tyranni,
2080 2815 2146 2854 ac
2169 2801 2405 2854 domum
2423 2814 2767 2866 regressam,
2782 2801 2902 2853 viro
2915 2799 2986 2852 de
3009 2799 3230 2852 fraudel
3257 2812 3380 2852 sce-

1780 2892 1914 2944 leris
1938 2893 2242 2962 indicas‘se.
2271 2891 2370 2944 Ille
2387 2892 2457 2944 de
2486 2891 2698 2956 injuria
2721 2890 3000 2956 conjugis,
3031 2889 3146 2942 imo
3187 2889 3380 2954 potius

1785 2997 1908 3048 sua,
1933 2985 2228 3039 ardentius
2242 2983 2647 3045 inﬂammatus,
2663 2981 3008 3045 inscriptum
3046 2981 3377 3044 Tyrannum

1787 3077 1860 3129 ad
1887 3080 2170 3128 tormenta
2193 3073 2442 3125 deducit.
2461 3074 2582 3134 Quo
2611 3070 2872 3122 convicto
2895 3073 3068 3132 atque
3091 3068 3376 3130 confesso,

85 3150 246 3202 turni
287 3149 425 3214 geri,
458 3149 530 3200 ab
552 3147 809 3200 omnium
832 3146 989 3199 venit
1011 3145 1439 3209 conseiemiami
1463 3156 1684 3196 memo‘
1707 3142 1758 3218 C
1785 3167 2070 3230 caecisque
2086 3163 2384 3216 fraudibus
2400 3159 2687 3224 revelatis,
2700 3159 2885 3225 pudor
2899 3158 3088 3210 omnis
3099 3160 3380 3210 etdedecus

85 3241 230 3292 rabo
254 3253 267 3290 :
295 3252 368 3291 ex
393 3239 688 3303 quoetiam
705 3241 912 3290 caetera
934 3248 1068 3300 quae
1099 3235 1423 3296 omisimus,
1451 3246 1686 3300 perpen-

85 3330 314 3382 dantur.

628 3425 862 3477 CAPUT
928 3419 1138 3484 Χχνι

90 3547 165 3596 De
203 3544 433 3596 Saturni
454 3543 722 3595 sacerdote
739 3543 954 3664 Tigrane
978 3542 1141 3591 totius
1175 3556 1308 3606 pene
1341 3539 1690 3590 Alexandriae

755 3631 788 3664 a
833 3616 1021 3664 uttero.

755 3616 1021 3664 adultero.

161 3731 436 3787 Sacerdos
479 3737 602 3784 erat
649 3730 801 3796 apud
838 3743 938 3783 eos
975 3729 1222 3792 Saturni,
1271 3731 1571 3792 Tyrannus
1587 3739 1694 3780 no-

93 3824 266 3877 mine.
291 3823 396 3874 Hie
419 3823 434 3888 [
456 3822 542 3874 At.
561 3824 615 3874 Is
640 3821 656 3887 ]
683 3821 848 3886 quasi
865 3832 935 3872 ex
961 3831 1236 3884 responso
1263 3817 1694 3879 numinis,ado—

93 3914 353 3967 rantibus
376 3913 436 3964 in
462 3911 670 3976 templo
693 3911 980 3964 nobilibus
999 3909 1322 3974 quibusque
1342 3912 1398 3959 et
1413 3906 1694 3966 primariis

93 4003 254 4066 viris,
266 4015 512 4068 quorum
530 4002 641 4053 sibi
659 4003 935 4053 matronae
949 3998 1326 4052 adiibidinem
1342 3995 1695 4062 placuissent

163 4186 181 4206 ·
213 4173 572 4235 Bononiens.,
595 4187 737 4236 qum;
770 4177 894 4222 tum
923 4169 1313 4233 Guarnerian.,
1359 4165 1692 4232 appellatur;

97 4254 158 4301 et
214 4246 428 4298 Latinis
483 4245 662 4296 literis
701 4245 874 4293 Somn
915 4257 1055 4303 vero,
1081 4246 1189 4292 etc.

161 4320 182 4350 δ
217 4319 421 4370 Mirum
462 4322 568 4377 est,
616 4320 673 4366 et
697 4315 807 4377 legi
833 4313 1116 4365 Cacciario
1145 4313 1216 4363 ab
1239 4311 1364 4376 ipso
1387 4307 1692 4374 vulgatum

98 4390 439 4452 deduxerint,
479 4395 538 4440 et
563 4387 735 4438 simul
759 4385 1065 4450 improbari
1088 4385 1148 4435 in
1173 4385 1350 4438 Notis.
1367 4385 1642 4444 tanquam
1659 4394 1693 4432 a

99 4464 213 4516 fide
235 4463 553 4514 Vaticanor.
586 4460 848 4510 codicum
867 4459 1124 4509 omnium
1141 4455 1411 4506 alienum.
1427 4453 1573 4516 Quid
1597 4453 1698 4517 igi-

103 4544 196 4590 tur
226 4535 410 4586 ferunt
447 4532 675 4584 tandem
703 4531 962 4581 Vaticani
982 4527 1178 4580 ‘ISiiet.
1206 4527 1413 4589 Utique
1437 4525 1694 4575 Guarne-

1785 3259 2143 3321 Paganorum
2167 3255 2499 3318 pervaserat
2515 3250 2737 3313 domos,
2761 3249 3054 3302 adulterus
3079 3248 3380 3312 matribus,

1783 3345 2022 3399 incestis
2038 3343 2314 3409 patribus,
2332 3341 2524 3393 liberis
2537 3339 2746 3404 spuriis
2759 3336 3146 3404 deprehensis.
3161 3337 3382 3400 Quibus

1785 3434 2096 3502 divulgatis
2130 3438 2187 3485 et
2215 3431 2471 3498 proditis,
2503 3429 2711 3494 raptim
2742 3441 2876 3480 cum
2938 3426 3302 3480 simulachris
3331 3430 3386 3480 et

1787 3527 2012 3580 aedibus
2081 3521 2488 3576 excidebantur
2545 3523 2604 3572 et
2659 3518 2916 3571 crimina.

2341 3663 2574 3716 CAPUT
2624 3662 2832 3715 XXVI.

2132 3789 2206 3838 Dc
2269 3788 2480 3852 Canopi
2515 3785 2684 3836 initio
2721 3790 2767 3836 et
2797 3785 3042 3836 interitu.

1851 3918 1980 3968 Jam
2010 3928 2148 3968 vero
2174 3913 2380 3974 CanOpi
2410 3913 2431 3942 ¹·
2456 3913 2586 3976 quis
2611 3912 2908 3964 enumeret
2931 3909 3390 3974 superstiosafia-

1791 3989 1972 4054 gitia‘.’
2013 3986 2112 4039 ubi
2153 3987 2438 4052 prsetextu
2476 3981 2911 4036 sacerdotalium
2932 3980 3249 4033 litterarum
3294 3979 3389 4045 (ita

1791 4173 1940 4212 mss.
1983 4157 2208 4210 codices
2241 4155 2440 4218 nostri,
2486 4151 2864 4205 Bononiensis
2893 4150 3389 4204 etGuarnerianus

1791 4233 1910 4297 pari
1927 4243 2230 4284 consensu.
2247 4228 2391 4292 Quid
2409 4231 2503 4278 est
2518 4227 2728 4289 itaque,
2741 4224 2893 4288 quod
2908 4223 3225 4276 Cacciarius
3235 4234 3392 4297 som-

1791 4295 1929 4356 niat.
1963 4306 2065 4356 aut
2109 4301 2308 4355 lectori
2345 4299 2574 4352 credulo
2610 4297 2869 4362 imponit.
2895 4310 2963 4348 ea
2977 4297 3174 4347 dicens
3197 4295 3302 4346 abs
3328 4306 3390 4346 se

1793 4376 1990 4427 addita
2029 4388 2102 4427 ex
2133 4378 2364 4426 vetusto
2406 4371 2604 4423 codice
2625 4369 2817 4434 Regio,
2843 4367 2996 4432 quod
3022 4367 3166 4418 male
3189 4366 3392 4416 deesse

1793 4448 2190 4499 viderenturin
2209 4446 2396 4507 editis,
2414 4447 2611 4508 utpote
2631 4443 2701 4493 ad
2727 4439 3120 4505 complendam
3131 4437 3390 4489 fraudem

1793 4533 2030 4586 prorsus
2048 4517 2366 4570 necessaria
2391 4521 2414 4567 Ρ
2450 4507 2661 4579 Nempe
2678 4514 2798 4586 ipse
2832 4511 3088 4586 fraudem
3100 4509 3295 4586 sciens
3309 4507 3392 4558 fa-

431 4569 919 4656 ῐῖἓεῖίῖττιιιωανιιηι.
949 4576 1056 4652 Sed
1095 4600 1278 4664 placet
1304 4569 1600 4660 receptam
1621 4595 1694 4646 le-
1718 4569 1776 4641 D
1795 4569 1888 4654 bit,
1903 4594 1968 4670 ut
1981 4603 2114 4641 suas
2134 4603 2305 4670 curas
2321 4601 2552 4670 quoquo
2564 4569 2736 4669 modb
2753 4582 3029 4670 anteactis
3042 4581 3394 4670 editionibup

103 4667 348 4734 ctionefn
372 4679 612 4728 retinere
625 4677 822 4739 utpote
847 4672 1162 4730 contextui,
1181 4676 1235 4722 et
1254 4668 1529 4733 superiori
1547 4667 1700 4715 insti-

107 4750 326 4811 tuerint,
341 4747 726 4810 etinsequenti
742 4744 1087 4794 nominarinl
1104 4741 1296 4794 verbis
1309 4739 1698 4791 cohaarentem

110 4821 313 4887 magis,
351 4825 407 4872 et
442 4832 616 4882 quam
640 4818 980 4869 Bononiens.
1011 4819 1418 4887 praetereams.
1445 4811 1666 4887 probat.

173 4882 489 4944 °Notatum
535 4892 762 4941 1331‘er
805 4888 876 4940 ad
902 4887 1026 4938 libri
1043 4883 1397 4950 oram,allias
1413 4882 1697 4932 corrc:rtio-

115 4977 270 5026 nem;
333 4963 731 5024 Guarnerian.,
794 4960 1143 5024 correptione,
1185 4960 1243 5008 et
1284 4968 1421 5006 mox
1445 4954 1701 5026 nomina-

113 5043 240 5088 runt
260 5023 277 5101 7;
303 5034 674 5097 Bononiens.,
711 5023 1152 5081 nominarerunt.
1184 5027 1372 5091 Pergit
1394 5038 1559 5090 porro
1587 5023 1698 5088 ille,

115 5111 255 5172 Quid
297 5123 480 5157 verum
517 5107 602 5160 sit,
645 5111 740 5153 aut
784 5105 830 5152 si
855 5103 999 5151 nihil
1020 5102 1264 5154 omnino.
1283 5102 1390 5150 etc.

177 5183 198 5212 δ
222 5183 304 5233 Ab
329 5181 440 5231 hoc
471 5179 593 5229 loco
624 5179 794 5240 caput
818 5175 904 5229 94.
937 5173 1168 5225 inchoat
1196 5169 1565 5240 Guarnerian.
1591 5180 1701 5218 ms.

119 5257 213 5320 qui
253 5259 308 5305 et
357 5265 493 5303 mox
540 5239 836 5314 preparari
871 5252 1007 5320 sunt
1032 5246 1186 5307 legit,
1211 5247 1269 5295 ct
1285 5241 1501 5320 Latinis
1518 5239 1705 5320 literis

1799 4651 2064 4729 praeferat
2075 4666 2132 4712 et
2143 4651 2353 4712 locum,
2368 4651 2706 4719 restituisse,
2719 4654 2947 4721 expleta
2975 4651 3394 4729 lacuncula,_vi-

1797 4722 2016 4786 deatur.
2063 4733 2302 4796 Pignore
2345 4731 2514 4782 etiam
2559 4741 2748 4782 ausxm
2785 4725 3148 4796 contendere,
3187 4723 3248 4796 in
3270 4722 3394 4775 aliis

1799 4817 2029 4870 quoque
2065 4794 2246 4854 Vatic.
2276 4814 2418 4853 mss.
2468 4800 2678 4864 quibus
2706 4800 2993 4870 utebatur,
3019 4808 3088 4849 ea
3109 4794 3238 4859 legi.

1862 4886 1880 4914 ε
1900 4865 2294 4935 Guarnerian.,
2342 4873 2530 4936 infra;
2559 4877 2680 4923 tum
2705 4869 3070 4930 Bononiens.,
3117 4865 3320 4932 patulis
3343 4880 3397 4916 se

1800 4945 2084 5013 repedabat
2115 4946 2356 4995 cavernis
2381 4963 2393 5003 ;
2414 4943 2528 4995 duo
2561 4943 2768 5005 Vatic.,
2796 4941 3024 5013 repebat.

1863 5009 1884 5048 λ
1912 5019 2187 5070 Notatum
2223 5019 2449 5069 Barran
2473 5015 2546 5067 ad
2574 5014 2702 5066 libri
2731 5014 2949 5078 album,
2967 5012 3108 5062 alias
3132 5009 3398 5061 cmcissum

1786 5091 1932 5155 legi.

1866 5161 2266 5216 ieuarnerian.
2291 5171 2424 5221 ms.,
2457 5158 2680 5206 numim‘
2705 5157 2958 5221 impuro;
2988 5168 3125 5207 mox
3155 5166 3257 5220 pro
3295 5151 3402 5202 lin-

1807 5237 1951 5286 teolis
1965 5230 2464 5287 habettlacciarius
2495 5228 2720 5292 lineolis,
2734 5227 2889 5292 quod
2901 5227 3097 5278 malim
3122 5230 3400 5288 Operarum

1805 5308 2045 5361 incuriae
2069 5305 2272 5356 vitium
2291 5300 2556 5354 adscribi.

1867 5381 1982 5432 iita
2029 5383 2086 5429 et
2113 5374 2330 5437 vulgati
2361 5373 2505 5436 libri,
2532 5374 2592 5423 et
2621 5384 2762 5422 mss.
2797 5367 2981 5421 nostri
3003 5368 3238 5420 habent.
3265 5368 3409 5419 Cac-

1810 5453 1966 5516 ciar.,
2015 5451 2077 5500 dc
2103 5446 2320 5514 fraudis
2362 5443 2562 5495 scelere.
2592 5444 2742 5516 Tum
2765 5439 3138 5516 Bonosiensis
3155 5475 3168 5499 ,
3193 5438 3266 5486 ad
3291 5443 3404 5487 tor-

1812 5511 2057 5574 mentum.
2103 5511 2202 5587 pro
2243 5522 2523 5574 tormenta,
2549 5527 2615 5568 ac
2653 5512 2860 5587 deinde
2899 5511 3080 5577 pudor
3101 5523 3284 5587 omnes
3302 5519 3406 5587 pro

1809 5597 1988 5645 omnis
2026 5579 2266 5645 fortasse
2312 5588 2543 5642 rectius.
2575 5588 2640 5638 In
2661 5585 2774 5637 line
2796 5585 3056 5636 Barrmus
3085 5580 3232 5634 male
3261 5579 3408 5629 caeci-

1813 5667 2070 5717 tabantur
2133 5678 2232 5730 pro
2267 5659 2667 5712 ercidrbantur.

1873 5739 1896 5770 ι
1921 5740 2026 5791 Hic
2066 5722 2226 5790 locus
2264 5737 2371 5795 est,
2391 5745 2566 5797 quem
2588 5730 2971 5794 Hieronymus
3000 5727 3061 5780 in
3082 5724 3321 5790 Pr010go
3335 5722 3410 5797 ad

1819 5810 2104 5874 Regulam
2129 5809 2182 5859 S.
2211 5796 2506 5860 Pachoinii
2524 5808 2678 5856 tomo
2695 5802 2942 5867 Operum
2955 5801 3108 5852 II.ex
3133 5796 3417 5852 recensio-

117 5313 300 5391 τὶίιυια,
328 5329 447 5375 tum
477 5313 681 5370 ini'eeta
715 5325 842 5367 sunt
867 5331 967 5382 pro
989 5318 1242 5391 inventa,_
1264 5327 1399 5391 nam
1424 5316 1480 5362 et
1518 5313 1704 5391 Bono-

121 5383 300 5452 niens.
321 5401 445 5444 sunt
474 5393 647 5445 habet
670 5404 769 5457 pro
793 5392 900 5439 sint
927 5429 942 5456 ,
967 5394 1023 5441 et
1048 5386 1349 5438 truciabiles
1369 5395 1470 5450 pro
1499 5383 1706 5432 crueia-

123 5473 258 5521 biles.

183 5555 202 5577 ο
224 5542 540 5593 Pronomen
552 5535 652 5585 sibi
669 5533 1062 5597 Guarnerian.,
1079 5531 1307 5594 duoque
1323 5529 1417 5581 alii
1448 5525 1708 5580 Vaticani

125 5626 260 5668 mss.
316 5610 620 5662 sufﬁciunt.

186 5687 201 5717 ¹
228 5684 454 5737 Habent
483 5681 609 5732 haec
632 5679 834 5744 utique
851 5677 966 5729 duo
983 5677 1177 5737 verba,
1202 5673 1425 5726 traditis
1458 5670 1710 5744 claribus,

135 5761 250 5810 tum
269 5757 570 5808 Barrwana
593 5743 787 5815 editio,
831 5762 964 5801 cum
987 5745 1330 5799 Basileensis
1353 5743 1629 5805 Rhenani,
1648 5746 1714 5794 ut

137 5835 228 5883 eas
251 5827 419 5882 modo
440 5825 692 5886 laudem,
718 5834 850 5887 quae
872 5821 929 5872 in
953 5823 1222 5886 promptu
1236 5821 1388 5870 sunt.
1407 5816 1636 5868 Habent
1658 5817 1717 5866 et
