3900 6384
569 291 676 347 535

1546 267 1564 283 ’
1597 295 1842 347 RUFINI
1872 295 2364 358 AQUILEIENSIS
2397 295 2834 350 PRESBYTER!

3761 305 3855 363 536

571 415 1083 482 etenimappellant
1096 417 1364 481 antiquas
1385 417 1776 482 Egyptiorum
1789 416 2022 481 litteras)
2039 430 2166 470 ma-
2195 414 2249 485 Α
2273 415 2421 486 30|
2443 419 2666 484 dejecta
2688 426 2845 484 sunt,
2871 424 2932 472 et
2951 421 3068 474 veri
3095 422 3198 474 Dei
3227 423 3439 489 temple.
3462 425 3732 492 Ecclesim
3756 430 3856 481 cel-

569 505 716 570 gicm
737 507 877 558 artis
923 509 1043 558 erat
1074 519 1218 570 pene
1248 507 1476 570 publica
1522 505 1736 558 schola.
1763 509 1946 568 Quem
1971 505 2163 559 locum

568 594 732 646 velut
755 595 971 647 fontem
1007 595 1296 658 quendam
1319 597 1494 658 atque
1523 595 1801 660 originem
1831 595 2165 650 daemonum

567 684 856 736 intantum
887 685 1304 736 venerabantur
1328 684 1560 748 Pagani,
1586 689 1652 736 ut
1674 683 1854 736 multo
1876 684 1954 735 ibi
1979 687 2164 748 major

565 771 876 835 celebritas,
901 783 1075 834 quam
1097 771 1253 836 apud
1277 772 1688 824 Alexandriam
1703 773 2025 826 haberetur.
2053 773 2162 826 Sed

565 860 635 912 de
663 860 837 924 hujus
873 873 1104 925 quoque
1141 862 1385 913 monstri
1411 874 1616 925 errore,
1639 863 1965 925 cujusmodi
1989 863 2164 926 origi-

563 961 696 1000 nem
724 949 966 1012 tradant,
997 950 1318 1002 absurdum
1350 964 1468 1002 non
1502 951 1610 1002 erit
1635 951 1830 1013 paucis
1855 964 2161 1014 exponere.

560 1039 774 1090 Ferunt
809 1038 1122 1102 aliquando
1154 1039 1454 1092 Chaldaeos
1472 1041 1669 1104 Ignem
1682 1043 1872 1092 Deum
1891 1054 2063 1092 suum
2074 1043 2168 1090 cir-

561 1127 1102 1192 cumferentes,cum
1113 1129 1372 1180 omnium
1384 1129 1808 1194 provinciarum
1821 1132 1920 1178 diis
1932 1133 2165 1179 habuisse

561 1213 916 1275 conflictum,
941 1227 1056 1279 quo
1075 1215 1401 1280 scilicetqui
1423 1217 1674 1279 vicisset,
1691 1219 1783 1269 hic
1800 1233 1927 1270 esse
1945 1222 2074 1268 Deus
2093 1220 2169 1270 ab

571 1304 844 1356 omnibus
856 1305 1196 1368 crederetur_
1225 1303 1278 1372 3
1289 1303 1338 1373 ο
1351 1303 1399 1373 ο
1415 1306 1783 1370 Reliquai'um
1797 1310 2168 1368 provinciarum

568 1393 658 1444 Dii
689 1393 792 1456 [AL
810 1393 952 1458 Dei],
977 1394 1106 1445 aeris
1125 1399 1228 1446 aut
1242 1395 1382 1459 auri,
1413 1403 1430 1423 ·
1455 1395 1767 1458 argentive,
1787 1395 2062 1460 autligni,
2089 1394 2170 1445 vel

561 1482 786 1548 lapidis,
807 1483 897 1534 vel
919 1496 991 1534 ex
1017 1496 1366 1548 quacunque
1393 1485 1631 1536 materia
1651 1487 2010 1549 constabant,
2038 1499 2170 1549 quae

561 1585 664 1637 per
685 1571 882 1636 ignem
912 1571 1110 1636 procul
1130 1572 1305 1625 dubio
1329 1579 1804 1638 corrumperetur.
1834 1577 1918 1626 Ex
1941 1587 2054 1638 quo
2071 1574 2172 1626 ﬁe-

561 1662 679 1726 bat,
704 1665 768 1712 ut
793 1661 948 1726 Ignis
972 1661 1114 1714 locis
1130 1663 1398 1722 omnibus
1423 1664 1720 1716 obtineret.
1749 1666 1886 1716 Haec
1903 1677 2036 1716 cum
2060 1678 2167 1716 au-

559 1749 742 1801 disset
753 1750 964 1815 Canopi
976 1751 1545 1813 sacerdos,callidum
1557 1754 1832 1817 quiddam
1845 1757 2156 1816 excogitavit.

559 1835 798 1900 Hydrim
813 1835 934 1886 fieri
961 1836 1152 1888 solent
1163 1837 1223 1888 in
1234 1839 1459 1903 Egyptl
1477 1840 1736 1903 partibus
1750 1840 1968 1903 fictiles,
1994 1841 2171 1891 undi-

560 1937 674 1989 que
697 1924 932 1988 crebris,
957 1930 1015 1978 et
1054 1925 1294 1978 minutis
1317 1927 1634 1980 admodum
1679 1929 2056 1981 foraminibus
2079 1943 2172 1994 pa-

560 2012 718 2077 tulae,
744 2013 958 2078 quibus
982 2015 1208 2068 turbida
1231 2029 1384 2080 aqua
1409 2017 1722 2081 desudans,
1747 2018 2084 2072 defaecatior
2104 2032 2172 2071 ac

559 2102 754 2168 purior
787 2102 1042 2154 redditur
1067 2102 1171 2169 [Αι.
1212 2105 1583 2170 redderetur].
1630 2109 1850 2159 Harum
1878 2107 1970 2160 ille
1995 2121 2172 2160 unam

562 2203 692 2243 cera
707 2191 1083 2243 foraminibus
1110 2193 1411 2254 obturatis,
1439 2195 1690 2259 desuper
1705 2197 1881 2248 etiam
1900 2197 2068 2249 variis
2081 2210 2169 2249 co-

557 2279 777 2332 loribus
807 2281 1038 2344 pictam,
1069 2294 1219 2344 aqua
1257 2286 1534 2347 repletam
1559 2287 1761 2337 statuit
1786 2291 1850 2338 ut
1872 2288 2072 2338 Deum.
2101 2289 2170 2339 Et

563 2369 825 2422 excisum
839 2368 1046 2422 v'eteris
1065 2371 1414 2435 simulachri,
1437 2375 1589 2438 quod
1613 2376 1853 2427 Menelai
1882 2377 2170 2440 guberna-

564 2458 737 2510 toris“
761 2459 1064 2523 ferebatur,
1097 2464 1268 2526 caput
1311 2462 1556 2528 desuper
1584 2465 1842 2528 positum
1871 2467 2171 2532 diligenter

561 2547 798 2612 aptavit.
825 2548 1060 2600 Adsunt
1112 2555 1246 2614 post
1271 2551 1400 2603 haec
1437 2553 1715 2606 Chaldaei:
1763 2555 1878 2608 itur
1899 2556 1956 2607 in
1981 2557 2170 2608 confli-

562 2640 720 2687 ctum
746 2636 898 2688 circa
927 2637 1195 2702 hydriam
1225 2639 1378 2703 ignis
1411 2643 1770 2695 accenditur:
1797 2658 1925 2696 cera
1953 2659 2068 2708 qua
2089 2646 2170 2698 fo-

561 2724 783 2777 ramina
795 2726 1020 2778 fuerant
1034 2727 1319 2791 obturata,
1343 2731 1682 2796 resolvitur;
1703 2733 1948 2787 sudante
1967 2736 2170 2800 hydria

564 2813 716 2878 ignis
746 2815 1124 2880 extinguitur.
1153 2817 1475 2871 Sacerdotis
1509 2820 1703 2874 fraude
1727 2825 1992 2889 Canopus
2015 2826 2170 2878 Chal-

557 2904 809 2956 daeorum
827 2905 1011 2956 victor
1024 2907 1362 2960 ostenditur.
1385 2909 1545 2962 Unde
1561 2911 1752 2976 ipsum
1771 2915 1984 2980 Canopi
1997 2917 2172 2968 simu-

2263 519 2346 558 saa
2368 515 2386 536 ⁸
2431 510 2801 560 constructae.
2831 511 2975 561 Nam
3005 515 3062 562 et
3085 511 3144 562 in
3168 512 3393 576 Serapis
3433 513 3716 578 sepulcro,
3741 530 3855 580 pro-

2263 596 2470 660 phanis
2487 597 2711 649 aedibus
2730 598 3127 662 complanatis,
3145 613 3216 651 ex
3229 614 3345 653 uno
3355 601 3532 654 latere
3549 608 3852 666 Martyrium.

2262 697 2336 736 ex
2359 684 2537 736 altero
2567 687 2863 752 consurgit
2909 689 3176 740 Ecclesia.
3224 689 3459 742 Occasio
3503 697 3703 745 autem
3728 695 3857 746 Mar-

2263 773 2376 824 tirii
2417 775 2785 827 construendi
2819 777 2972 828 unde
3011 777 3145 829 data
3191 779 3286 843 sit,
3337 779 3578 845 dignum
3622 783 3856 836 arbitror

2263 874 2602 915 memorare.
3475 859 3484 868 ’

2793 983 3026 1034 CAPUT
3051 984 3306 1035 XXVIII.

2389 1068 2466 1118 De
2487 1069 2725 1118 Joannis
2756 1071 2995 1134 sepulcro
3022 1072 3218 1122 violato
3246 1080 3290 1122 et
3318 1075 3565 1140 reliquiis
3589 1079 3746 1142 apud

2696 1143 3096 1194 Alexandriam
3122 1148 3459 1197 conservatis.

2327 1229 2540 1282 Juliani
2567 1232 2918 1296 temporibus
2941 1233 3101 1284 velut
3117 1235 3387 1286 relaxatis
3402 1236 3577 1290 frenis
3601 1239 3858 1291 efferbuit

2267 1317 2325 1368 in
2348 1332 2576 1372 onmem
2595 1321 2882 1373 saevitiam
2895 1321 3077 1373 feritas
3091 1323 3468 1387 Paganorum.
3485 1326 3567 1377 Ex
3581 1339 3702 1390 quo
3725 1329 3856 1380 acci-

2270 1407 2371 1473 dit,
2405 1409 2558 1473 apud
2605 1411 2878 1462 Sebasten
2903 1411 3225 1480 Palaestina}
3250 1415 3452 1466 urbem
3496 1415 3856 1479 sepulchrum

2269 1496 2289 1530 τ
2309 1498 2546 1548 Joannis
2557 1499 2829 1563 Baptistae
2843 1505 3036 1552 mente
3051 1501 3246 1553 rabida
3260 1506 3320 1554 et
3333 1501 3578 1556 funestis
3596 1507 3861 1558 manibus

2270 1585 2618 1648 invaderent,
2646 1601 2782 1640 ossa
2795 1589 3204 1653 dispergerent,
3229 1595 3403 1655 atque
3419 1605 3485 1644 ea
3506 1606 3741 1646 rursum
3763 1599 3862 1644 col-

2267 1673 2424 1737 lecta,
2446 1676 2562 1740 igni
2587 1680 2928 1742 cremarent,
2955 1684 3011 1730 et
3028 1685 3257 1730 sanctos
3269 1681 3488 1734 cineres
3518 1683 3744 1747 pulveri
3766 1685 3861 1736 im~

2268 1765 2501 1830 mixtos,
2529 1780 2628 1831 per
2643 1779 2812 1831 agros
2825 1769 2880 1819 et
2895 1781 3029 1820 rura
3044 1768 3449 1833 dispergerent.
3476 1771 3586 1823 Sed
3609 1775 3711 1825 Dei
3739 1787 3862 1837 pro-

2274 1854 2526 1906 videntia
2559 1855 2774 1907 factum
2819 1860 2923 1916 est,
2962 1858 3242 1920 quosdam
3278 1859 3350 1910 de
3374 1861 3750 1924 Jerosolymis
3775 1876 3861 1914 ex-

2270 1945 2617 1996 monasterio
2631 1945 2868 2011 Philippi
2879 1947 3128 1998 hominis
3140 1948 3260 2012 Dei,
3273 1949 3543 2000 orationis
3555 1953 3682 1999 illuc
3691 1966 3863 2000 caussa

2269 2045 2368 2096 per
2395 2033 2547 2085 idem
2559 2039 2786 2098 tempus
2799 2036 3045 2087 venisse.
3065 2037 3171 2099 Qui
3186 2050 3321 2088 cum
3340 2041 3560 2090 tantum
3586 2040 3750 2092 nefas
3761 2041 3863 2091 hu-

2268 2123 2458 2174 manis
2482 2125 2712 2187 quidem
2725 2127 3014 2191 manibus,
3037 2127 3138 2178 sed
3155 2127 3334 2179 ferina
3354 2132 3544 2180 mente
3569 2129 3693 2181 ﬁeri
3721 2130 3864 2182 vide-

2269 2215 2410 2275 rent,
2429 2214 2573 2265 mori
2597 2215 2816 2279 gratius
2834 2216 3130 2280 habentes,
3145 2231 3318 2282 quam
3341 2219 3744 2284 hujuscemodi
3763 2227 3862 2284 pia-

2269 2301 2398 2353 culo
2453 2302 2749 2366 funestari,
2795 2305 2943 2357 inter
2988 2319 3086 2358 eos
3118 2309 3216 2371 qui
3251 2321 3383 2358 ossa
3406 2309 3478 2362 ad
3501 2311 3862 2364 exurendum

2267 2389 2550 2456 legebant,
2576 2393 2742 2444 mix’ti
2758 2393 3107 2458 diligentius,
3124 2397 3180 2447 in
3198 2404 3480 2461 quantum
3505 2413 3595 2450 res
3611 2401 3864 2464 patieba-

2268 2485 2376 2544 tur,
2411 2493 2478 2531 ao
2508 2481 2828 2546 religiosius
2847 2487 3280 2549 congregantes,
3306 2486 3503 2538 furtim
3537 2501 3599 2540 se
3628 2489 3716 2540 vel
3741 2495 3866 2541 stu-

2268 2571 2556 2632 pentibus,
2574 2569 2667 2622 vel
2680 2570 3105 2624 insanientibus
3119 2575 3474 2638 subtraxere,
3487 2588 3518 2627 e
3531 2576 3636 2628 tad
3652 2577 3868 2642 religio-

2270 2671 2401 2710 sum
2425 2664 2644 2723 patrem
2656 2659 2974 2725 Philippum
3001 2663 3358 2714 venerandas
3381 2665 3646 2729 reliquias
3673 2671 3867 2730 pertu-

2267 2745 2398 2798 lere.
2421 2746 2517 2798 Ille
2535 2761 2708 2812 supra
2724 2761 2785 2800 se
2798 2749 3036 2814 ducens,
3052 2755 3274 2802 tantum
3293 2753 3625 2805 thesaurum
3642 2760 3868 2816 propriis

2269 2848 2498 2887 servare
2519 2837 2744 2901 vigiliis,
2763 2838 2832 2888 ad
2853 2840 3182 2892 Pontificem
3200 2842 3518 2894 maximum
3532 2848 3668 2896 tunc
3692 2845 3871 2896 Atha-

2269 2925 2496 2976 nasium
2505 2964 2519 2988 ,
2537 2925 2743 2979 hostiae
2761 2927 3146 2982 immaculatas
3172 2931 3444 2995 reliquias
3457 2946 3554 2997 per
3565 2935 3594 2985 J
3603 2933 3866 2986 ulianum

558 2991 840 3058 lachrum,
855 2993 1103 3059 pedibus
1122 2997 1471 3062 perexiguis,
1485 3004 1729 3054 attracto
1748 3003 1908 3064 collo,
1927 3009 1985 3056 et
2008 3014 2174 3070 quasi
2273 3015 2579 3068 diaconum
2603 3029 2796 3082 suum,
2814 3023 2946 3082 post
2967 3021 3140 3072 etiam
3161 2991 3482 3074 Palaestinae
3495 3023 3653 3074 urbis
3669 3027 3870 3085 Episco-

560 3093 578 3112 ε
600 3082 846 3148 suggilla
865 3087 1071 3136 ventre
1089 3085 1310 3136 tumido
1326 3087 1382 3137 in
1399 3088 1638 3140 modum
1659 3089 1879 3154 liydriee
1895 3108 2006 3142 cum
2038 3098 2159 3144 dor-

2270 3119 2403 3170 pum
2431 3106 2624 3158 mittit.
2649 3109 2802 3170 Quas
2833 3107 2926 3159 ille
2951 3114 3268 3173 susceptas,
3287 3112 3482 3174 paucis
3504 3082 3730 3164 arbitris
3751 3115 3848 3164 sul

559 3184 622 3224 so
646 3171 946 3236 aequaliter
981 3173 1146 3226 tereti
1189 3175 1484 3229 formatur.
1522 3181 1609 3229 Ex
1649 3179 1757 3231 hac
1789 3185 2161 3246 persuasione

557 3259 721 3312 velut
743 3261 898 3311 Deus
925 3260 1108 3313 victor
1138 3263 1400 3316 omnium
1433 3266 1738 3320 colebatur.
1772 3271 1876 3321 Sed
1913 3273 2163 3336 profece-

565 3348 681 3400 rint
713 3347 843 3401 haec
876 3349 1120 3402 fortasse
1152 3351 1461 3415 aliquando
1499 3355 1800 3409 Chaldaeis.
1831 3361 1997 3412 Nunc
2029 3375 2161 3414 vero

563 3436 910 3490 adventante
935 3439 1230 3491 sacerdote
1253 3441 1352 3492 Dei
1376 3442 1706 3508 TheOphilo,
1731 3447 1928 3500 nullus
1950 3451 2163 3514 profuit

565 3525 758 3590 sudor,
776 3539 883 3578 nec
897 3527 1041 3578 ceris
1054 3528 1210 3580 fraus
1227 3530 1454 3582 obtecta
1469 3535 1754 3587 subvenit.
1768 3537 2006 3590 Vastata
2023 3544 2162 3592 sunt

565 3615 778 3680 omnia,
811 3619 986 3680 atque
1036 3617 1108 3668 ad
1143 3617 1329 3670 solum
1350 3619 1618 3674 deducta.

1111 3736 1344 3788 CAPUT
1381 3738 1617 3790 XXVII.

656 3819 731 3870 De
752 3821 998 3871 Ecclesiis
1021 3828 1066 3873 et
1103 3825 1389 3890 Marti/riis
1413 3843 1530 3891 qua:
1563 3829 1624 3878 in
1647 3829 1913 3881 idolorum
1939 3831 2066 3884 locis

1116 3903 1419 3948 constructa
1454 3905 1599 3952 sunt.

627 3981 738 4033 Sed
761 3980 783 4010 δ
805 3981 947 4034 nihil
970 3989 1201 4047 gestum
1225 3990 1332 4050 est,
1359 3988 1513 4051 quod
1535 3989 1594 4040 in
1629 3990 1954 4054 squalorem
1979 3999 2162 4047 verte-

566 4073 654 4122 ret
679 4070 890 4123 locum.
929 4071 1296 4138 Flagitiorum
1328 4090 1609 4144 cavernae,
1647 4085 1953 4154 veternosa
1989 4085 2163 4138 busta

565 4253 637 4292 ne
653 4243 864 4314 nostra,
884 4242 1103 4295 dudum
1122 4247 1306 4310 turpis
1324 4247 1832 4314 Idolicognominis
1848 4253 2005 4306 cultu
2018 4258 2164 4306 luxu-

561 4324 674 4375 que
689 4312 982 4376 infamem,
1017 4317 1434 4369 sanctificatum
1455 4312 1720 4373 exsruclo
1750 4323 1826 4374 ibi
1861 4331 2162 4378 monasterio

560 4387 854 4461 memorat.
891 4387 956 4434 In
979 4390 1324 4461 monasterio,
1362 4390 1568 4454 inquit,
1594 4394 1882 4457 Melanceze,
1925 4400 2070 4461 quod
2099 4402 2161 4450 de

563 4455 776 4507 Canobo
799 4458 854 4506 in
868 4459 1240 4522 pcenitentiam
1255 4463 1400 4522 felici
1426 4465 1664 4514 nominis
1687 4455 2024 4520 conversione
2039 4487 2158 4521 mu-

555 4533 730 4604 latum
755 4535 839 4604 est.
855 4517 1212 4604 Athanasius
1232 4517 1530 4598 Presbyter
1545 4538 1754 4590 Libello
1768 4517 1940 4604 quem
1957 4517 2159 4604 Sin-odio
2190 4517 2248 4590 Ι)

556 4599 947 4678 Chalcedonen
956 4603 1007 4678 si
1021 4616 1052 4654 ο
1061 4603 1226 4678 btullt
1237 4605 1308 4678 ad
1318 4619 1344 4656 V
1353 4619 1442 4658 eI'S
1450 4621 1517 4658 us
1533 4599 2130 4678 Dioscorurn,1tpooiqre:ov
2139 4656 2151 4675 ,

553 4669 924 4748 suburbanum
943 4673 1303 4727 Alexandriae
1318 4684 1502 4729 vocat.
1530 4681 1623 4728 Est
1646 4669 1844 4748 autem,
1871 4669 1967 4748 ait,
1992 4669 2154 4736 Mela».

556 4755 676 4789 mea
687 4741 1061 4792 suburbanum
1074 4749 1327 4796 maximae
1342 4749 1536 4799 urbisA
1548 4741 2011 4819 lcacandritégucid
2021 4758 2151 4807 olim

556 4814 806 4876 Canopus
819 4813 1117 4867 vacabatur.
1128 4818 1278 4876 Quod
1289 4819 1537 4882 q-uidems
1547 4822 1784 4872 nburban
1797 4813 2015 4891 uirijum
2029 4831 2152 4878 inde

552 4899 586 4932 τι
599 4884 792 4949 priscis
805 4887 1143 4951 temporibus,
1174 4894 1218 4936 el
1243 4904 1308 4938 ea"
1325 4893 1475 4956 antiq
1485 4908 1552 4941 ua
1572 4884 1952 4946 consuetudine
1964 4906 2154 4963 portus

549 4961 663 5004 erat
673 4971 735 5004 ac
741 4956 960 5019 perfugi
968 4972 1056 5005 um
1088 4961 1426 5012 miserorum.
1453 4964 1632 5012 Totum
1657 4969 1802 5014 cnim
1833 4956 2152 5021 videt-arceas

549 5027 644 5076 sub
679 5029 839 5077 tutela
861 5030 1186 5080 sanctissimi
1218 5035 1538 5082 monasterii
1566 5036 2008 5102 Talmmcnsium,
2041 5044 2150 5092 imo

549 5100 712 5148 etiam
751 5101 901 5149 intra
925 5102 1193 5151 ambitum
1218 5107 1597 5156 sacratissima?
1627 5109 1722 5157 Dei
1752 5100 2006 5174 Each-sise,
2041 5120 2148 5166 etc.

614 5181 632 5244 ξ
661 5174 746 5224 Ita
769 5185 841 5223 ex
865 5173 1254 5226 Guarneriano
1288 5190 1301 5240 ;
1325 5176 1436 5242 alii,
1466 5181 1801 5244 argentique.

612 5243 634 5273 ⁵
657 5245 932 5297 Fabulam
957 5244 1028 5298 de
1048 5248 1280 5299 Canobo
1307 5250 1539 5301 Menelai
1567 5243 1792 5316 proreta
1811 5257 2008 5308 multis
2025 5261 2154 5308 edis-

551 5316 688 5394 serit
712 5318 1050 5394 Eustathius
1077 5319 1136 5394 in
1161 5320 1415 5394 Dionysii
1441 5324 1655 5387 Perieg.
1693 5340 1839 5379 vers.
1873 5327 1951 5383 i3.
1979 5343 2150 5394 quem

550 5388 790 5466 videsis.
807 5389 966 5466 Adde
991 5395 1049 5466 et
1073 5391 1362 5466 Scylacem
1386 5394 1446 5446 in
1473 5397 1684 5461 Periplo
1708 5412 1836 5464 pag.
1865 5400 1948 5454 43.
1981 5388 2150 5466 atque

551 5460 712 5541 alios.
743 5463 874 5514 Mox
900 5463 1270 5516 Guarnerian.
1293 5466 1392 5518 Ms.
1422 5460 1618 5517 iterum
1641 5460 1830 5522 minus
1851 5473 1998 5527 bene
2016 5460 2152 5541 legit

553 5544 653 5596 pro
681 5532 810 5585 itur.

617 5604 794 5675 °_Cod.
820 5606 1163 5660 Bononiens.
1185 5607 1491 5674 legendum
1508 5613 1847 5675 compendio
1861 5615 2149 5672 literarum

561 5672 774 5756 indicat
788 5672 1606 5756 subligata.liiqxﬁuarnertian.
1637 5672 1707 5734 Ει
1728 5700 1794 5734 ea:
1811 5686 1912 5739 hac
1929 5707 2151 5756 persua-

557 5745 724 5811 sione,
755 5753 814 5802 et
836 5749 1044 5806 deinde
1066 5751 1171 5804 Sed
1200 5754 1398 5819 fecerit,
1423 5755 1641 5809 minore
1665 5769 1904 5813 numero
1925 5745 1942 5814 Ξ
1978 5765 2152 5821 Bono-

2266 3198 2470 3247 cavato
2487 3205 2504 3233 κ
2529 3197 2764 3248 sacrarii
2793 3197 3004 3262 pariete
3028 3197 3297 3264 inclusas,
3317 3200 3645 3264 prophetico
3659 3203 3796 3266 spiri
3806 3207 3843 3254 ti

2263 3284 2590 3349 profuturas
2615 3286 2968 3350 generationi
2989 3291 3240 3352 posterae
3257 3292 3646 3343 conservavit:
3675 3295 3837 3352 qulbL

2261 3387 2415 3426 nunc
2449 3375 2688 3440 dejectis
2711 3381 2769 3428 et
2791 3380 3090 3442 prostratis
3119 3378 3453 3432 idololatria)
3487 3381 3766 3446 vestigiis,
3804 3384 3864 3434 ir:

2265 3463 2488 3514 aedibus
2507 3465 2796 3528 quondam
2811 3467 3119 3530 prophanis
3133 3480 3308 3520 aurea
3325 3473 3476 3521 tecta
3489 3479 3869 3532 consurgerent.

2265 3553 2372 3604 Sed
2389 3558 2520 3618 post
2535 3567 2806 3606 occasum
2825 3552 2938 3623 30
2950 3555 2999 3623 2
3021 3557 3263 3622 Serapis,
3278 3558 3378 3621 qui
3392 3571 3707 3622 numquam
3726 3563 3874 3612 vixe-

2262 3644 2365 3704 rat,
2390 3654 2523 3706 quaa
2537 3643 2657 3706 jam
2674 3643 2910 3696 alterius
2923 3645 3206 3698 daemonis
3236 3652 3387 3699 stare
3400 3647 3638 3701 delubra
3666 3655 3871 3714 potue-

2260 3736 2430 3784 runt?
2459 3733 2664 3784 Parum
2689 3733 2950 3798 dixerim,
2977 3735 3024 3787 si
3047 3748 3250 3787 omnes
3274 3749 3405 3800 quas
3427 3741 3592 3790 erant
3613 3738 3870 3794 Alexan-

2262 3820 2402 3873 driae
2447 3834 2546 3886 per
2591 3822 2852 3886 singulas
2897 3837 3042 3889 pene
3087 3825 3386 3879 columnas
3440 3829 3872 3894 cujuscumque

2271 3911 2552 3964 daemonis
2578 3913 2840 3966 mdiculm
2870 3913 3093 3967 infultaa
3117 3916 3461 3969 ceciderunt.
3478 3919 3584 3969 Sed
3601 3931 3700 3982 per
3719 3933 3872 3973 cun-

2262 4006 2384 4052 ctas
2413 4002 2642 4068 Egypti
2664 4003 2854 4068 urbes,
2881 4017 2980 4069 per
2995 4005 3243 4069 castella,
3263 4021 3361 4072 per
3385 4008 3670 4074 vicos,per
3691 4023 3872 4064 omne

2261 4103 2378 4151 rus,
2402 4104 2501 4156 per
2527 4093 2680 4156 ripas
2703 4094 2972 4158 fluminis,
3005 4108 3104 4159 per
3125 4108 3378 4148 eremum
3404 4110 3649 4164 quoque,
3676 4100 3726 4152 si
3750 4114 3871 4165 qua

2265 4261 2450 4326 niens,
2474 4264 2736 4326 fecerunt,
2767 4270 2824 4317 et
2851 4266 3089 4316 Chaldaei
3109 4267 3170 4319 in
3185 4273 3338 4320 recto
3357 4283 3370 4320 :
3387 4269 3868 4336 Vulgatiprofcce-

2260 4339 2392 4410 rint.
2408 4337 2518 4410 alio
2545 4337 2855 4410 intellectu.
2890 4341 3174 4392 Caeterum
3191 4346 3247 4392 et
3269 4342 3617 4406 Theophilus
3633 4347 3868 4410 ipsemet,

2261 4408 2316 4458 in
2341 4409 2560 4460 dudum
2585 4409 2820 4461 laudata
2837 4411 3116 4474 Synodica
3128 4427 3192 4462 ex
3210 4413 3540 4478 Hieronymi
3564 4408 3870 4476 interprets;

2267 4481 2419 4533 tione
2437 4483 2654 4546 Latina,
2669 4495 2840 4546 quam
2855 4498 2962 4536 nos
2978 4485 3144 4548 primi
3168 4486 3471 4550 edidimus,
3489 4488 3813 4538 destruction
3825 4491 3870 4539 is

2267 4554 2500 4618 Serapii,
2523 4559 2567 4602 et
2591 4553 2830 4604 aliorum
2851 4557 3147 4606 [doliorum
3189 4558 3270 4607 sic
3298 4559 3447 4610 enim
3480 4560 3870 4614 emendamus

2257 4639 2358 4689 pro
2389 4627 2685 4690 I'dolorum)
2717 4630 3074 4681 mentionem
3098 4631 3244 4681 facit.

2321 4697 2342 4726 τι
2359 4699 2703 4749 Caeciarium
2725 4698 2872 4762 fugit
2887 4713 3163 4764 perquam
3185 4702 3405 4754 erudita
3421 4703 3624 4756 Barraai
3642 4704 3718 4755 ad
3743 4709 3866 4755 libri

2258 4780 2414 4819 oram
2439 4770 2926 4832 adnotatiuncula,
2954 4787 3070 4836 qua
3092 4774 3303 4825 rectius
3326 4775 3560 4826 fortasse
3586 4777 3864 4836 legendum

2257 4846 2470 4900 monet,
2509 4841 2576 4890 Et
2610 4842 2758 4891 nihil
2781 4859 2890 4892 non
2915 4851 3117 4907 gestum.
3153 4851 3238 4896 cst.
3267 4845 3593 4908 Optandum
3619 4849 3685 4897 ut.
3708 4851 3767 4900 et
3791 4849 3867 4901 de

2258 4923 2400 4962 mss.
2425 4912 2719 4966 codicibus
2743 4914 2950 4977 aliquis
2976 4916 3396 4978 suffragaretur.

2320 4990 2338 5010 υ
2363 4983 2577 5034 Tacent
2625 4984 2752 5036 libri
2793 4985 2888 5036 alii
2911 4999 3112 5038 omnes
3149 4987 3305 5036 celsae.
3334 4987 3464 5039 Mox
3487 4987 3657 5038 habet
3678 4989 3868 5042 Guar-

2259 5053 2472 5105 nerian.
2495 5070 2562 5104 ex
2591 5055 2700 5105 alio
2724 5071 2824 5120 pro
2849 5057 3032 5109 altero.
3050 5059 3195 5109 Vide
3209 5061 3491 5110 Socratem
3509 5059 3603 5111 lib.
3622 5060 3691 5110 ν.
3711 5077 3864 5122 capp.

2259 5123 2344 5178 '16.
2376 5129 2433 5176 et
2455 5124 2539 5178 17.
2562 5126 2618 5177 in
2651 5141 2900 5192 eumque
2927 5129 3135 5180 Valesii
3173 5131 3526 5193 aliorumque
3553 5131 3864 5184 doctorum

2257 5195 2556 5248 hominum
2583 5200 2778 5258 Notas,
2805 5201 3040 5260 Pagiuin
3061 5215 3288 5265 quoque
3309 5201 3381 5252 ad
3401 5213 3492 5254 an.
3521 5203 3643 5256 389.

2321 5268 2339 5301 τ
2363 5269 2648 5332 ΡΗΒΡΟΙΙῘῙ,
2683 5273 3050 5324 Guarnerian.
3098 5275 3248 5323 hcali.
3309 5276 3442 5326 Mox
3487 5275 3857 5336 Bononiens.,

2256 5355 2373 5388 ossa
2403 5349 2732 5402 spargerent.
2761 5345 2840 5395 De
2864 5345 3141 5408 Reliquiis
3159 5348 3212 5395 S.
3229 5346 3467 5397 Joannis
3485 5347 3759 5411 Baptista:
3775 5349 3856 5392 vi-

2257 5411 2342 5471 de,
2393 5417 2456 5462 ut
2487 5425 2670 5464 unum
2700 5413 2927 5466 laudem
2978 5430 3096 5481 prae
3146 5417 3386 5475 caeteris,
3443 5417 3854 5470 Theodoritum

2255 5483 2400 5532 llist.
2441 5484 2650 5535 Eccles.
2677 5484 2773 5536 lib.
2807 5488 2900 5538 IlI.
2929 5501 3050 5551 cap.
3079 5487 3129 5542 7.

2319 5563 2336 5592 ι
2358 5554 2514 5604 Idem
2535 5557 2808 5617 sacriﬁcii.
2834 5559 3096 5612 Barrseus
3134 5559 3305 5611 Paulo
3329 5564 3460 5624 post
3483 5561 3583 5612 ubi
3626 5559 3857 5622 dicitur,

2258 5626 2468 5747 Bagam
2485 5626 2738 5708 dixerim,
2763 5629 3002 5684 adnotat
3023 5632 3095 5684 ad
3109 5632 3236 5684 libri
3257 5644 3434 5696 oram,
3456 5633 3626 5696 Forte,
3643 5633 3861 5684 Parum

2258 5713 2302 5746 Si,
2364 5713 2576 5747 ιωενιτη.

2255 5713 2302 5746 ει
2322 5713 2576 5748 αιωενυη.
