3900 6396
82 330 195 387 537

961 337 1303 391 HISTORIA
1332 337 1875 391 ECCLESIASTCA.
1912 338 2120 394 LIBER
2153 340 2537 395 SECUNDUS.

3283 348 3388 406 538

81 444 283 509 phana
328 444 421 497 vel
459 445 568 511 [Al.
604 447 929 512 sequotius
959 450 1129 501 busta
1149 450 1331 514 reperi
1357 454 1689 515 potuerunt,
1716 454 2104 527 Aauctorem,
2131 454 2408 507 subverso
2430 454 2559 519 ejus
2590 454 2957 520 simulachro,
2994 458 3227 525 ignique
3250 475 3387 527 con;-

79 533 370 586 instantia
387 535 560 587 unius
585 540 675 597 cui
684 550 869 601 usque
882 538 1141 603 Episc0pi
1161 540 1419 602 subruta,
1445 546 1504 593 et
1517 542 1589 593 ad
1607 555 1693 595 so-

81 623 210 673 lum
236 623 487 676 deducta
504 630 660 689 sunt,
697 626 855 678 itaut
883 627 1074 680 denuo
1097 642 1196 681 rus
1226 629 1469 682 culturae
1490 631 1692 683 redde-

86 717 267 771 retur,
305 713 458 776 quod
479 714 693 777 injuste
722 715 903 768 fuerat
925 716 1288 770 daemonibus
1333 718 1690 783 deputatum.

656 849 890 901 CAPUT
929 851 1132 901 XXVI.

86 963 162 1012 De
191 961 529 1011 Thoracibus
557 961 777 1028 Serapis
798 966 949 1030 apud
971 965 1372 1018 Alexandriam
1396 969 1625 1032 abrasis,
1644 977 1691 1021 et

347 1053 504 1117 signo
533 1054 733 1104 Christi
766 1055 824 1107 in
863 1056 968 1106 loco
999 1073 1187 1107 eorum
1215 1058 1440 1112 reddito.

150 1184 267 1237 Sed
292 1190 349 1237 et
368 1185 506 1237 illud
530 1187 684 1251 apud
712 1188 1117 1242 Alexandriam
1141 1195 1388 1257 gestum,
1415 1195 1690 1259 est,quod

86 1275 269 1325 etiam
294 1274 581 1328 Thoraces
608 1278 850 1342 Serapis,
885 1279 985 1343 qui
1014 1292 1114 1344 per
1148 1281 1406 1345 singulas
1430 1296 1690 1348 quasque

93 1363 306 1414 domos
362 1364 420 1415 in
460 1365 786 1431 parietibus,
831 1366 893 1419 in
925 1368 1298 1433 ingressibus,
1324 1372 1385 1422 in
1430 1374 1691 1437 postibus

89 1453 269 1503 etiam
319 1464 386 1505 ac
419 1453 524 1518 [Αι.
572 1455 651 1518 in]
695 1455 961 1508 fenestris
990 1464 1151 1510 erant
1183 1460 1261 1511 ita
1281 1463 1524 1513 abscissi
1556 1466 1691 1515 sunt

92 1552 110 1570 ·
134 1555 343 1594 omnes
370 1544 720 1605 etabrasi,ut
740 1557 813 1597 ne
838 1548 1144 1612 vestigium
1170 1550 1402 1612 quidem
1421 1565 1686 1618 usquam,

89 1630 189 1682 vel
211 1632 467 1684 numinis
479 1634 800 1699 appellatio,
816 1642 916 1687 aut
932 1637 1134 1701 ipsius,
1162 1644 1264 1690 aut
1285 1639 1594 1704 cujuslibet
1617 1641 1691 1693 al-

92 1722 273 1773 terius
317 1722 597 1775 diemonis
637 1732 981 1790 remaneret;
1014 1728 1117 1779 sed
1136 1742 1237 1792 pro
1252 1730 1343 1780 his
1368 1732 1562 1783 Crucis
1588 1734 1692 1784 Do-

1796 545 2007 602 sumto,
2034 554 2235 594 omnes
2264 542 2435 595 simul
2459 545 2765 609 negabant,
2792 546 3264 615 Serapininjurim
3275 565 3389 606 me—

1793 643 2026 691 morem,
2051 643 2233 696 aquas
2252 632 2400 684 ultra
2422 644 2488 684 ac
2511 633 2830 687 °afﬂuentia
2847 634 3385 704 solitalarg'iturum.

1795 719 1980 771 Sedut
2014 722 2344 774 ostenderet
2385 723 2536 774 Deus
2565 736 2680 775 non
2693 726 2943 790 Sarapin,
2958 727 3056 790 qui
3071 729 3254 781 multo
3267 736 3387 783 erat

1792 809 1918 861 Nilo
1942 810 2239 874 posterior,
2265 811 2367 863 sed
2384 824 2445 863 se
2468 824 2615 876 esse,
2636 815 2737 877 qui
2759 826 2940 878 aquas
2966 817 3223 870 fluminis
3250 820 3385 871 tem-

1792 899 2027 963 poribus
2041 899 2162 950 suis
2168 901 2394 964 juberet
2408 913 2751 966 excrescere,
2771 907 2930 955 tanta
2944 917 3017 956 ex
3055 918 3122 957 eo
3146 911 3203 958 et
3223 907 3385 959 dein-

1792 1000 1925 1051 ceps
1941 986 2048 1039 fuit
2071 975 2388 1053 inundatio,
2413 994 2685 1053 quantam
2700 991 2878 1045 fuisse
2892 993 3045 1057 prius
3062 996 3204 1047 mtas
3226 995 3385 1047 nulla

1791 1077 2148 1129 meminerat.
2175 1080 2243 1129 Et
2264 1078 2392 1129 ideo
2416 1079 2779 1144 ulnaipsa,id
2801 1085 2907 1145 est,
2922 1094 3089 1146 aquae
3111 1096 3384 1137 mensura

1784 1154 1961 1229 quam
1978 1166 2001 1196 ἀ
2022 1185 2185 1233 πηχυν
2210 1171 2436 1227 vocant,
2466 1169 2537 1219 ad
2554 1181 2835 1233 aquarum
2859 1171 3166 1224 Dominum
3189 1173 3247 1225 in
3272 1175 3382 1225 Ec-

1793 1255 2027 1307 clesiam
2071 1257 2261 1320 coepta
2306 1256 2527 1309 deferri.
2554 1258 2661 1309 Sed
2674 1258 2773 1310 ubi
2787 1258 2915 1311 haec
2934 1263 3099 1324 gesta
3119 1261 3383 1325 religioso

1792 1345 2034 1409 Principi
2071 1346 2332 1398 nuntiata
2354 1352 2508 1412 sunt,
2527 1348 2777 1399 extentis
2799 1349 2872 1400 ad
2915 1348 3124 1402 cmlum
3160 1351 3380 1414 palmis,

1791 1447 1924 1485 cum
1938 1434 2152 1497 ingenti
2172 1436 2348 1487 fertur
2362 1444 2379 1465 '
2395 1437 2748 1489 exultatione
2760 1438 3002 1492 dixisse:
3020 1439 3242 1491 Gratias
3262 1440 3384 1502 tibi,

1791 1523 2013 1576 Christe
2057 1525 2210 1588 quod
2246 1526 2467 1589 absque
2515 1527 2678 1579 urbis
2715 1526 2865 1579 illius
2889 1539 3118 1592 magnae
3141 1529 3384 1593 pernicie

1791 1614 1908 1666 tam
1932 1617 2199 1667 vetustus
2222 1616 2327 1681 [At.
2352 1617 2541 1681 vetus]
2570 1629 2724 1668 error
2753 1617 3047 1669 extinctus
3071 1622 3175 1670 est.

2354 1724 2586 1776 CAPUT
2610 1725 2819 1776 XXXI.

101 1771 106 1772 ,
155 1771 169 1773 -
213 1771 220 1772 -
256 1771 262 1772 -
361 1771 594 1775 "ﬁrme
638 1771 981 1790 -______,_,
1014 1771 1343 1792 νηνηων
1372 1771 1562 1783 “ww
1588 1771 1668 1784 ,ν
2365 1771 2471 1775 ____
2503 1771 2530 1776 -
2556 1771 2577 1775 _
2614 1771 2818 1776 _______-

93 1811 327 1863 mimicae
341 1812 1055 1879 signumunusquisquein
1069 1771 1766 1885 postibusiningressi-B
1824 1822 1895 1871 De
1931 1823 2300 1873 Valentiniani
2338 1824 2583 1888 junioris
2618 1824 2858 1887 interitu,
2887 1828 2932 1873 et
2956 1827 3079 1873 ortu
3101 1823 3353 1886 Eugenii.

94 1902 224 1957 bus.
250 1901 310 1952 in
335 1902 618 1965 fenestris,
638 1904 697 1955 in
721 1906 1049 1969 parietibus,
1065 1907 1465 1973 columnisque
1487 1912 1695 1976 depin-

92 1996 275 2053 geret.
302 1991 465 2052 Quod
494 2005 627 2043 cum
663 1991 907 2045 factumh
930 2008 1059 2047 esse
1092 1997 1153 2048 hi
1177 1999 1276 2061 qui
1299 2000 1696 2060 superfuerant

92 2091 168 2130 ex
204 2080 447 2144 l’aganis
489 2081 767 2145 viderent,
790 2083 851 2135 in
872 2085 1319 2138 recordationem
1361 2089 1441 2140 rei
1466 2103 1695 2154 magnae

92 2181 168 2219 ex
187 2170 487 2222 traditione
513 2172 1070 2237 sibimetantiquitus
1084 2178 1483 2229 commendata
1494 2183 1695 2230 venisse

92 2259 496 2323 perhibentur:
514 2261 752 2325 Signum
770 2262 877 2314 hoc
894 2269 1154 2316 nostrum
1171 2267 1482 2320 Dominicaa
1499 2269 1693 2321 Crucis

94 2348 386 2400 interillas
411 2361 558 2413 quas
582 2350 779 2401 dicunt.
825 2352 1078 2418 ἱερατικὰς,
1103 2354 1159 2404 id
1182 2359 1287 2415 est,
1315 2357 1697 2409 sacerdotales

92 2438 310 2501 literas,
339 2438 550 2491 habere
564 2442 816 2505 Egyptii
830 2442 1100 2494 dicuntur
1114 2443 1272 2496 velut
1290 2458 1467 2497 unum
1485 2460 1555 2499 ex
1581 2461 1694 2500 cre-

95 2528 234 2578 teris
248 2528 555 2591 literarum,
571 2542 702 2594 qute
713 2531 866 2595 apud
884 2531 1007 2582 illas
1022 2538 1161 2584 sunt
1175 2533 1493 2586 elementis.
1514 2538 1693 2601 Cujus

98 2618 278 2671 literze
304 2632 407 2671 seu
427 2619 685 2672 vocabuli
700 2620 850 2672 hanc
862 2634 990 2673 esse
1002 2629 1272 2675 asserunt
1283 2624 1693 2691 interpretatio-

99 2721 234 2759 nem
267 2724 280 2759 :
318 2710 436 2759 Vita
462 2718 701 2759 ventnra.
724 2711 1146 2777 Dicebantergo
1162 2713 1220 2765 hi
1239 2715 1336 2777 qui
1359 2719 1495 2767 tunc
1507 2717 1690 2768 admi-

96 2797 317 2848 ratione
328 2810 517 2849 rerum
527 2801 819 2862 gestarum
835 2803 1316 2854 convertebantur
1327 2805 1394 2854 ad
1410 2804 1600 2870 fidem,
1616 2807 1694 2858 ita

99 2887 211 2937 sibi
227 2889 299 2938 ab
315 2888 566 2951 antiquis
590 2888 863 2941 traditum
896 2908 906 2939 :
936 2892 1089 2954 quod
1114 2892 1238 2944 haec
1265 2906 1396 2957 quae
1416 2908 1570 2947 nunc
1600 2910 1695 2948 co-

94 2974 300 3027 luntur
348 2976 567 3030 tamdiu
605 2983 843 3039 starent,
869 2980 1149 3044 quamdiu
1174 2982 1433 3042 viderent
1456 2984 1688 3050 signum

1855 1934 2078 1984 Interea
2088 1932 2522 1985 Valentinianus
2535 1930 2872 1983 inOcciduis
2889 1930 3164 1995 partibus,
3179 1930 3386 1983 animis

1792 2023 1822 2085 (ί
1849 2026 2128 2086 quantum
2140 2027 2283 2075 aetas
2307 2021 2649 2087 patiebatur)
2662 2020 3018 2083 ardentibus,
3056 2019 3386 2084 Rempubli-

1795 2124 1922 2164 cam
1954 2125 2181 2177 gerens,
2244 2113 2435 2164 causis
2475 2112 2647 2164 etiam
2668 2123 2827 2166 nunc
2851 2111 3158 2163 latentibus
3182 2110 3385 2175 laqueo

1794 2202 1972 2254 vitam
1997 2202 2203 2254 ﬁnivit.
2236 2203 2345 2254 Sed
2361 2202 2468 2255 hoc
2484 2204 2718 2267 quidam
2741 2204 2870 2255 dolo
2895 2203 3055 2254 ducis
3093 2201 3183 2253 sui
3207 2202 3387 2252 Arbo-

1793 2292 1945 2355 gasti
1982 2291 2197 2344 factum
2241 2293 2687 2344 confirmabant:
2737 2292 2912 2355 idque
2938 2304 3111 2355 quam
3135 2290 3384 2343 maxime

1792 2380 2020 2443 publica
2050 2382 2278 2432 tenebat
2301 2380 2507 2445 opinio.
2523 2381 2877 2445 Aliiquidem
2896 2392 2932 2432 a
2962 2379 3254 2431 commissi
3277 2379 3382 2443 [Αι.

1791 2471 2120 2535 commisso]
2157 2471 2365 2522 scelere
2389 2471 2594 2523 ducem
2616 2470 2868 2522 alienum
2893 2469 3178 2533 dicebant,
3206 2465 3380 2535 304

1791 2559 1889 2610 sed
1946 2572 2183 2611 caussas
2226 2560 2581 2625 praestitisse,
2609 2560 2821 2624 quibus
2844 2560 2906 2611 in
2928 2558 3383 2610 hocadolescens

1790 2649 1965 2700 animi
1989 2649 2383 2713 indignatione
2408 2653 2734 2715 cogeretur,
2760 2649 2913 2713 quod
2942 2657 2959 2686 ι
2977 2647 3169 2699 minus
3190 2646 3243 2699 ei
3261 2651 3386 2699 tan-

1792 2750 1963 2801 quam
1978 2752 2076 2803 per
2087 2741 2314 2792 aetatem
2326 2739 2587 2791 nondum
2599 2737 2810 2801 valido,
2821 2736 2996 2789 libera
3015 2736 3087 2788 de
3115 2736 3384 2789 omnibus

1788 2827 2111 2891 indulgeret
2130 2828 2383 2892 imperia.
2404 2831 2580 2880 Fuere
2612 2833 2805 2880 tamen
2833 2827 3093 2879 nonnulli
3119 2826 3385 2879 sacerdo-

1792 2920 1933 2981 tum,
1970 2917 2068 2981 qui
2090 2918 2245 2982 pacis
2267 2919 2341 2969 ab
2367 2931 2434 2970 eo
2464 2916 2561 2981 qui
2580 2921 2713 2982 post
2735 2921 2963 2969 creatus
2993 2921 3083 2969 est
3106 2915 3387 2980 legatione

1792 3010 2078 3069 suscepta,
2122 3008 2437 3058 immunem
2492 3019 2621 3059 esse
2644 3006 2852 3059 ducem
2887 3019 2923 3057 a
2950 3004 3153 3058 mortis
3176 3004 3390 3057 scelere

94 3066 257 3118 istud
293 3065 405 3135 3'0
423 3066 801 3134 3venisse,in
827 3082 940 3134 quo
960 3077 1115 3123 esset
1138 3073 1273 3124 vita.
1299 3074 1461 3126 Unde
1485 3075 1690 3127 accidit
1718 3088 1765 3162 ρ
1795 3094 1948 3159 apud
1967 3065 2360 3147 ‘Théodosium
2403 3096 2763 3146 testarentur,

54 3165 65 3181 ‘
94 3161 160 3208 ut
191 3158 375 3222 magis
399 3158 456 3209 hi
479 3158 578 3223 qui
598 3163 763 3211 erant
786 3172 858 3211 ex
889 3161 1283 3215 sacerdotibus
1309 3162 1397 3215 vel
1410 3165 1688 3216 ministris

42 3238 60 3272 ί
96 3248 441 3312 templorum
463 3248 534 3299 ad
560 3249 731 3300 fidem
747 3255 1234 3315 converterentur,
1251 3266 1425 3317 quam
1441 3253 1519 3305 illi
1546 3268 1692 3319 quos

48 3329 347 3390 {errorum
382 3339 690 3405 praestigiae
715 3342 770 3392 et
797 3339 1201 3406 deceptionum
1231 3344 1518 3397 machinae
1546 3344 1691 3397 dele-

34 3446 40 3451 -
91 3428 347 3479 ctabant.

658 3519 890 3571 CAPUT
937 3521 1110 3572 XXX.

102 3632 169 3683 Ut
187 3647 446 3683 mensura
476 3648 631 3698 aquae
658 3633 772 3695 Nil,
805 3635 1071 3698 ﬂuminis,
1118 3652 1291 3700 quam
1313 3643 1478 3705 πῆχυν
1507 3644 1693 3690 vocant

531 3723 604 3772 ad
620 3723 907 3774 Ecrlesiam
960 3725 1250 3787 deferatur.

159 3856 309 3907 Sane
333 3856 609 3920 quoniam
640 3857 815 3909 moris
832 3862 953 3909 erat
974 3857 1034 3908 in
1048 3860 1310 3923 Egypto,
1338 3864 1401 3912 ut
1424 3872 1697 3913 mensura

93 3946 468 3998 ascendentis
484 3946 592 3997 Nili
606 3947 860 3999 fluminis
873 3947 946 3999 ad
962 3950 1243 4013 templum
1275 3949 1500 4013 Serapis
1521 3949 1696 4001 defer-

110 4041 275 4088 retur
298 4036 476 4098 velut,
497 4036 568 4087 ad
594 4037 929 4089 incrementi
948 4034 1227 4101 aquarum
1238 4038 1697 4091 etinundationis

164 4214 182 4233 ·
213 4205 389 4256 Tacet
435 4203 807 4257 Guarnerian.
871 4218 1078 4264 omnes,
1116 4217 1255 4258 mox
1296 4218 1400 4271 pro
1435 4207 1700 4258 Numinis

110 4278 436 4339 Cacciarus,
454 4276 666 4340 aliique
682 4279 853 4328 etiam
875 4290 1018 4329 mss.
1040 4278 1282 4326 nominis
1301 4277 1699 4343 legunt.Paulo

96 4350 243 4401 item
264 4351 399 4413 post
421 4348 763 4400 Bononiens.
791 4349 1004 4398 domini
1030 4350 1198 4401 habet
1232 4363 1335 4415 pro
1358 4351 1630 4401 daemonis.

159 4421 181 4450 δ
210 4423 401 4483 Atque
444 4420 572 4472 heic
595 4433 721 4472 esse
755 4421 1121 4472 Guarnerian.
1146 4426 1311 4486 tacet,
1339 4422 1449 4474 fere
1473 4424 1698 4475 concin-

95 4493 263 4544 nius:
283 4497 404 4544 tum
417 4493 794 4543 commendata:
806 4493 994 4549 habet,
1011 4506 1145 4544 cum
1162 4493 1389 4545 duobus
1400 4495 1579 4547 Vatic.
1598 4508 1695 4558 pro

93 4566 479 4614 commendata
498 4579 511 4628 ;
534 4565 780 4628 denique
796 4578 896 4630 pro
906 4566 1102 4616 Graeco
1118 4568 1265 4613 verbo
1288 4566 1527 4631 ἱερατικὰς
1542 4569 1693 4628 (quod

93 4650 287 4701 neque
312 4636 501 4701 ipsum
528 4637 737 4689 mendo
771 4637 920 4702 apud
954 4637 1281 4688 Cacoiarum
1316 4639 1491 4700 caret]
1525 4638 1700 4689 habet

97 4708 321 4761 Latinis
344 4709 520 4760 literis
545 4709 852 4773 jeroctipas,
870 4708 1129 4773 prorpius
1154 4707 1227 4759 ad
1252 4721 1452 4761 verum
1460 4709 1701 4773 jerogly—

94 4782 309 4846 phicas.
337 4780 825 4843 quemadmodum
839 4785 897 4832 et
922 4781 1181 4831 Socrates
1197 4780 1336 4845 legit
1362 4784 1417 4831 et
1442 4782 1701 4832 Sozome-

95 4865 236 4903 nus.
282 4852 625 4903 Bononiens.
673 4864 804 4904 cum
837 4852 967 4904 aliis
998 4852 1282 4916 jeraticas:
1311 4856 1572 4915 prm‘eere
1605 4851 1700 4902 alii

87 4922 427 4987 jcrogelistas
450 4928 507 4974 et
519 4922 735 4987 jei'ofan
746 4923 848 4972 itas
872 4921 1143 4974 dicuntur
1169 4940 1179 4972 :
1204 4923 1465 4975 Barreeus
1490 4922 1700 4986 aliique

100 4994 324 5058 vulgati
346 4994 579 5060 ἱερατικά.
606 4996 747 5045 Rem
783 5006 947 5057 porro
972 4996 1166 5045 narrat
1204 4994 1373 5057 paulo
1404 4994 1567 5046 aliter
1600 4996 1704 5045 So-

96 5069 285 5118 crates
302 5066 470 5117 lib.V.
497 5078 617 5130 cap.
638 5065 835 5128 i7.qui
856 5068 913 5116 et
929 5066 1117 5116 Ruﬁni
1139 5070 1391 5117 mentem
1415 5079 1532 5117 non
1557 5065 1700 5117 satis

96 5141 408 5190 assecutus
433 5137 675 5188 videtur.
696 5138 976 5189 Caeterum
998 5139 1055 5188 et
1079 5138 1178 5200 qui
1204 5140 1510 5202 Egyptum
1538 5149 1702 5202 pera—

98 5213 342 5273 grarunt
379 5209 531 5260 docti
579 5209 703 5272 viri,
729 5222 873 5272 quos
899 5208 1048 5259 inter
1070 5211 1235 5260 Joan.
1263 5209 1526 5261 Graevius
1549 5209 1701 5260 Oxo-

100 5279 390 5333 niensisin
404 5279 961 5345 Pyramidographia,
978 5283 1060 5330 tes
1069 5284 1277 5336 tantur.
1293 5281 1476 5331 interJ
1487 5279 1701 5344 erogly-

103 5353 271 5415 phica
295 5352 404 5402 sibi
420 5353 710 5403 occurisse
756 5351 1065 5402 videndam
1111 5352 1325 5416 ssepius
1361 5352 1554 5404 Crucis
1590 5352 1701 5403 for-

102 5436 276 5483 mam,
291 5432 533 5485 eamque
557 5435 626 5474 ex
640 5435 782 5474 saxo
799 5422 969 5473 etiam
996 5428 1093 5474 aut
1113 5427 1259 5474 testa
1278 5434 1699 5487 nonnunquam

101 5494 352 5573 conditis
394 5496 790 5559 Egyptiorum
827 5507 986 5545 more
1020 5493 1397 5547 cadaveribus
1423 5507 1699 5559 superpo-

106 5583 293 5617 suam.

135 5573 150 5617 i
218 5579 293 5617 ω.

159 5573 596 5690 Ea(inaruerian.
626 5651 758 5701 ms,
772 5639 828 5690 et
852 5630 1194 5701 a/I‘tuentiam
1209 5638 1444 5699 solitam,
1457 5637 1700 5689 fortasse

110 5723 319 5762 VCI‘IUS.

175 5730 178 5758 ε
274 5725 319 5761 S.

175 5724 337 5835 dmllioc
350 5793 583 5846 quoque
594 5781 837 5834 verbum
854 5780 1172 5834 Cacoiarius
1191 5780 1482 5846 depravat,
1494 5787 1699 5848 ποῦχυν,

2341 3213 2577 3264 CAPUT
2602 3212 2834 3264 XXXII.

2104 3312 2183 3360 De
2247 3312 2516 3375 responsis
2539 3311 2775 3361 Joannis
2802 3309 3077 3359 monachi.

1857 3400 1963 3453 Sed
1988 3399 2078 3452 ille
2096 3400 2274 3451 nihilo
2305 3400 2541 3463 segnius
2569 3399 2961 3451 inﬂammatus
2984 3398 3057 3449 ad
3094 3391 3391 3460 ultionem,

1793 3503 1953 3543 arma
1976 3496 2176 3542 contra
2202 3490 2540 3554 Eugenium,
2563 3489 2661 3552 qui
2690 3490 2749 3540 in
2774 3489 2965 3540 locum
2984 3488 3233 3540 defuncti
3253 3488 3393 3539 sub-

1794 3582 2033 3634 stitutus
2077 3584 2184 3643 est,
2231 3578 2481 3645 corripit,
2529 3580 2710 3644 primo
2760 3578 2863 3630 Dei
2900 3577 3255 3630 voluntatem
3294 3589 3394 3642 per

1794 3673 2077 3723 Joannem
2122 3654 2472 3724 monachum
2495 3670 2587 3735 (de
2607 3683 2721 3735 quo
2746 3682 2917 3734 supra
2963 3669 3117 3735 [Cap.
3169 3666 3393 3731 19.ﬁn.]

1794 3760 2264 3823 memoravimus)
2294 3760 2641 3812 sciscitatus.
2660 3761 2804 3810 Tum
2828 3758 2919 3810 ille
2941 3760 3036 3822 qui
3056 3758 3293 3823 primam
3320 3756 3392 3808 de

1796 3850 2032 3900 Maximo
2062 3849 2113 3900 ei
2137 3850 2433 3901 victoriam
2451 3849 2792 3912 praedixerat
2823 3846 3393 3909 incruentam,etiam

1797 3938 1965 4000 hanc,
1992 3938 2120 3989 licet
2138 3949 2258 3989 non
2278 3939 2500 4000 absque
2525 3937 2770 4000 plurima
2791 3936 3090 3999 utriusque
3103 3935 3394 3997 sanguinis

1793 4027 2185 4091 inundatione,
2237 4026 2532 4091 promittit.

1803 4200 1957 4264 quod
1980 4199 2121 4252 nihil
2134 4204 2240 4264 est,
2256 4198 2514 4250 scribens
2546 4208 2648 4262 pro
2671 4201 2858 4265 πῆχυν,
2883 4195 3040 4260 quod
3060 4199 3209 4247 recte
3230 4194 3399 4246 habe-

1798 4272 1969 4323 batin
1994 4272 2258 4336 vulgatis,
2300 4275 2357 4322 et
2389 4268 2582 4320 ulnam
2630 4273 2734 4320 aut
2768 4267 3310 4319 cubitumsonat.Et
3324 4276 3395 4316 ne

1798 4343 2073 4394 mendum
2091 4347 2404 4406 Operarum
2418 4340 2656 4393 incuriae
2668 4340 2889 4391 tribuas
2909 4336 3371 4402 (cujusmodinul-

1797 4412 1918 4465 lum
1948 4428 2018 4466 ex
2060 4415 2233 4466 ferme
2279 4413 2614 4475 innumeris,
2638 4410 2849 4474 quibus
2868 4409 3041 4461 editio
3074 4408 3170 4460 illa
3193 4410 3390 4463 scatet,

1797 4487 2263 4547 perstrinximus)
2293 4485 2445 4537 idem
2480 4487 2537 4535 et
2568 4484 2625 4534 in
2650 4482 2902 4547 capitum
2940 4480 3207 4542 Elencho,
3252 4484 3310 4530 et
3336 4479 3396 4529 in

1721 4548 2097 4623 Dhujusmet
2163 4558 2363 4623 capitis
2423 4555 2729 4622 epigraphe
2766 4562 2952 4621 ποῡχυν
2995 4554 3115 4614 (sic)
3170 4551 3394 4615 repetit.

1801 4631 2167 4682 Guarnerian.
2204 4644 2314 4682 ms.
2347 4629 2563 4681 Latinis
2587 4627 2762 4678 literis
2794 4626 3016 4691 pec/iur,
3051 4623 3394 4675 Bononiens.

1798 4703 2030 4768 pcochin
2054 4703 2268 4754 scribit.
2308 4703 2439 4753 Mox
2472 4701 2681 4753 iterum
2703 4697 3021 4749 Cacciarius
3046 4709 3118 4747 ex
3140 4708 3255 4746 uno
3284 4707 3391 4768 ms.

1798 4765 1946 4839 cepit
1998 4774 2198 4835 deferri
2222 4787 2321 4839 pro
2347 4778 2539 4839 coepta,
2564 4778 2673 4825 etc.
2697 4770 2853 4835 quod
2870 4773 2961 4821 est
2983 4768 3260 4821 librorum
3276 4765 3396 4819 reli-

1800 4858 2041 4910 quorum
2085 4846 2359 4896 omnium.

1861 4916 2226 4977 Bononiens.,
2272 4916 2681 4980 vociferatione;
2714 4920 2839 4967 tum
2894 4913 3008 4965 duo
3033 4911 3218 4963 Vatic.
3242 4908 3395 4974 apud

1800 4989 2064 5048 Cacciar.,
2086 4989 2293 5051 gratias
2316 4988 2410 5037 tibi
2435 5003 2555 5051 ago,
2584 4987 2815 5042 Christe,
2852 4988 2959 5037 etc.

1862 5061 1882 5095 τ
1903 5061 1963 5112 in
1980 5061 2383 5122 Guarneriano,
2418 5065 2633 5109 tantum
2667 5065 2725 5108 ut
2762 5064 2885 5108 aetas
2917 5056 3248 5124 patiebatur,
3273 5056 3394 5105 tum

1798 5134 1840 5183 Α
1850 5132 2106 5194 rbogastis
2130 5150 2143 5188 ;
2173 5136 2228 5181 et
2239 5131 2409 5195 paulo
2421 5134 2568 5195 post,
2586 5132 2697 5181 Atii
2713 5148 2747 5179 α
2760 5132 3041 5180 commisso
3059 5129 3259 5189 scelere,
3285 5131 3391 5178 etc.

1799 5206 1851 5255 S.
1882 5203 2228 5267 Epiphanius
2246 5202 2386 5253 libro
2407 5204 2476 5253 dc
2497 5201 2910 5253 Ponderibuset
2934 5201 3215 5253 mensuris
3232 5211 3395 5249 num.

1797 5275 1882 5329 20.
1901 5274 2277 5325 Valentiniani
2289 5275 2318 5323 ,Ι
2327 5273 2541 5324 unioris
2552 5273 2771 5325 obitum
2785 5274 2954 5324 certis
2968 5271 3395 5323 characteribus

1798 5347 2096 5410 consignat
2157 5357 2366 5409 nempe
2404 5344 2646 5395 Arcadio
2697 5345 2763 5394 II.
2790 5346 2849 5393 et
2870 5343 3079 5394 Rufino
3106 5345 3263 5393 Coss.
3293 5340 3397 5399 Qui

1796 5420 1891 5479 ait,
1941 5419 2020 5467 uti
2060 5416 2264 5479 ferunt,
2303 5416 2618 5480 prae/beatus
2664 5414 2724 5461 in
2766 5414 2979 5463 Palatio
3040 5417 3280 5476 repertus
3318 5417 3392 5460 est

1796 5490 1979 5541 Idibus
2007 5491 2145 5540 Maii
2173 5489 2349 5553 pridie
2383 5489 2716 5539 Pentecosles,
2745 5485 2829 5534 die
2855 5484 3092 5542 Sabbati,
3119 5484 3235 5545 ipso
3270 5496 3394 5553 vero

1797 5566 1882 5613 die
1930 5551 2246 5613 Pentecostes
2289 5566 2389 5610 δια(
2398 5575 2456 5609 us
2504 5563 2591 5608 est.
2619 5556 2852 5610 OCCiStls
2875 5559 2964 5608 est
2982 5556 3176 5618 itaque
3192 5552 3283 5604 die
3306 5551 3391 5607 15.

1802 5636 1929 5688 Maii
1970 5648 2060 5687 an.
2100 5633 2222 5689 39‘2.
2264 5632 2390 5684 Vid.
2451 5632 2831 5683 Sozomenum
2858 5628 2955 5679 lib.
2982 5627 3101 5678 VII.
3134 5638 3183 5678 c.
3209 5622 3301 5679 ΞΩ.

1864 5718 1881 5747 ι
1907 5707 2262 5760 Adnotatum
2306 5707 2530 5757 Barraao
2564 5705 2623 5755 et
2664 5700 2937 5754 Rhenano
2967 5697 3041 5751 ad
3084 5695 3212 5749 libri
3235 5707 3396 5749 oram

1796 5776 1907 5842 legi
1933 5778 2093 5842 alias,
2118 5778 2303 5826 minus
2338 5776 2499 5825 etiam
2522 5787 2690 5839 quam
2709 5786 2807 5837 per
2845 5775 3046 5822 aetatem
3068 5768 3265 5821 valido.
3283 5771 3391 5822 etc.
