3900 6390
520 322 626 380 539

993 461 998 464 ’
1051 457 1285 508 CAPUT
1325 454 1585 505 XXXIII.

525 578 601 627 De
630 579 903 641 apparatu
924 574 1040 623 belli
1066 573 1317 623 adversus
1338 568 1647 633 Eugenium
1677 565 1970 623 Theodosii,
1987 570 2031 614 et
2052 565 2114 614 de

581 668 811 716 victoria
834 665 945 729 ejus
971 660 1303 713 orationibus
1326 658 1518 722 magis,
1560 672 1725 722 quam
1756 657 1946 704 virtute
1990 671 2115 718 per-

589 763 705 806 acta
718 793 730 805 .

577 872 755 936 Igitur
784 872 1142 933 praeparatur
1164 866 1238 917 ad
1264 864 1480 917 bellum
1523 877 1640 915 non
1675 868 1790 914 tam
1826 873 2116 911 armorum

522 961 903 1022 telorumque,
923 968 1095 1020 quam
1106 955 1456 1021 jejuniorum
1481 953 1917 1015 arationumque
1939 950 2119 1000 subsi-

519 1050 660 1101 diis:
689 1061 796 1100 nec
822 1050 939 1099 tam
952 1045 1325 1098 excubiarum
1339 1042 1571 1107 vigiliis,
1587 1054 1759 1105 quam
1782 1041 2121 1093 obsecratio-

519 1151 660 1190 num
685 1136 1111 1201 pernoctatione
1123 1143 1140 1163 ³
1153 1132 1414 1185 munitus
1425 1130 1776 1193 circumibat,
1791 1143 1920 1180 cum
1936 1143 2121 1181 sacer-

521 1227 759 1278 dotibus
814 1230 873 1277 et
917 1224 1128 1289 populo
1182 1222 1375 1274 omnia
1432 1220 1754 1272 orationum
1797 1219 1938 1279 loca,
1988 1223 2120 1269 ante

522 1318 838 1380 Martyrum
871 1319 927 1367 et
975 1313 1385 1377 Apostolorum
1431 1310 1627 1363 thecas
1666 1310 1894 1373 jacebat
1938 1308 2120 1359 cilicio

521 1408 855 1471 prostratus,
889 1406 946 1455 et
970 1403 1186 1455 auxilia
1216 1403 1325 1453 sibi
1344 1400 1458 1452 ﬁda
1486 1404 1817 1451 sanctorum
1850 1398 2122 1449 interces-

529 1495 689 1546 sione
714 1494 1003 1558 poscebat.
1030 1495 1106 1544 At
1122 1492 1351 1555 Pagani,
1390 1491 1490 1555 qui
1510 1503 1729 1543 errores
1770 1500 1909 1541 suos
1952 1488 2123 1539 novis

526 1597 753 1648 semper
781 1583 1065 1635 erroribus
1091 1582 1111 1611 ι’
1132 1582 1407 1644 animant,
1449 1580 1723 1634 innovare
1749 1580 2040 1643 sacrificia,
2067 1582 2125 1630 et

526 1675 763 1725 Romam
783 1672 1032 1723 funestis
1055 1671 1306 1723 victimis
1326 1675 1640 1733 cruentare,
1685 1671 1963 1733 inspicere
1990 1674 2125 1721 exta

1373 317 1619 370 RUFINI
1651 314 1888 377 AQUIL.
1921 311 2158 364 PRESB.
2192 308 2373 361 HIST.
2409 305 2604 360 ECCL.
2634 305 2766 356 LIB.
2804 305 2946 357 SEC.

2140 424 2195 497 Α
2219 421 2276 473 Si
2297 432 2435 472 vero
2460 431 2592 470 cum
2617 429 2823 468 caussa
2841 414 3134 480 probabili,
3160 420 3216 467 et
3243 414 3303 467 in
3329 420 3383 467 te
3405 414 3685 475 confisus,
3710 414 3831 464 huc

3717 300 3828 355 540

2215 510 2367 567 veni,
2388 509 2615 573 porrige
2640 508 2931 558 dexteram
2963 505 3194 565 tuis,1Ve
3215 504 3350 567 forte
3381 505 3566 553 dicant
3610 506 3827 565 Gentes,

2216 599 2307 647 ubi
2328 604 2396 647 est
2421 598 2558 647 Deus
2581 612 2766 645 eorum
2798 596 2956 660 (Psal.
2986 594 3103 649 113.
3132 594 3234 657 10.)
3267 598 3293 645 ‘I
3318 595 3499 655 Quam
3527 594 3830 658 supplica-

2216 692 2427 741 tionem
2450 689 2523 752 pii
2559 686 2847 750 Principis,
2864 686 3048 736 certia
3071 686 3184 735 Deo
3206 698 3332 736 esse
3357 690 3712 747 susceptam,
3742 683 3831 733 hi-

2217 782 2314 843 qui
2330 780 2569 829 aderant
2586 777 2781 839 duces,
2806 774 3217 825 animanturad
3242 774 3459 825 caedem
3485 788 3497 823 :
3524 779 3582 824 et
3614 775 3833 837 praeci-

2218 882 2329 934 pue
2350 870 2367 898 ¹
2401 868 2693 928 Bacurius,
2712 866 2800 915 vir
2829 865 2957 921 ﬁde,
2986 866 3212 927 pietate,
3253 864 3461 914 virtute
3487 869 3544 914 et
3567 864 3758 914 animi
3778 864 3834 913 (ιι

2219 958 2470 1021 corporis
2493 956 2755 1020 insignis,
2776 957 2830 1006 et
2857 955 2955 1018 qui
2979 967 3172 1005 comes
3187 967 3312 1005 esse
3336 959 3393 1003 et
3417 954 3613 1004 socius
3634 953 3833 1003 Theo-

2218 1048 2362 1099 dosii
2381 1050 2711 1106 mereretur,
2734 1045 3025 1108 proximos
3047 1056 3307 1107 quosque
3324 1047 3509 1103 conto,
3528 1042 3682 1103 telis,
3699 1042 3832 1104 gla-

2220 1138 2313 1189 dio
2348 1135 2564 1201 passim
2584 1134 2801 1195 sternit,
2828 1133 3056 1194 agmina
3072 1132 3325 1182 hostium
3355 1132 3610 1182 conferta
3642 1127 3831 1197 306

2223 1227 2279 1278 et
2312 1224 2631 1287 constipata
2645 1222 2979 1286 perrumpit.
3010 1223 3120 1272 lter
3138 1234 3236 1285 per
3251 1219 3425 1271 millia
3442 1219 3739 1270 ruentium
3760 1217 3833 1267 ad

2222 1316 2416 1380 ipsum
2447 1315 2799 1377 Tyrannum,
2836 1312 3019 1375 ruptis
3053 1311 3400 1373 agminibus,
3429 1314 3487 1360 et
3508 1309 3833 1360 acervatim

2224 1406 2368 1457 fusis
2395 1402 2848 1467 stragibus,agit.
2867 1401 2976 1452 Vix
3003 1400 3328 1451 fortasseab
3349 1400 3536 1463 impiis
3560 1399 3667 1463 [AL
3700 1399 3836 1448 inti-

2224 1493 2803 1557 delibusjcredantur,
2817 1504 2947 1555 quae
2965 1494 3128 1554 gesta
3144 1494 3299 1541 sunt.
3319 1490 3539 1541 Etenim
3571 1502 3836 1551 comper-

2225 1590 2350 1637 tum
2374 1583 2773 1647 est,quodpost
2812 1581 2967 1632 illam
3006 1580 3365 1644 Imperatoris
3389 1592 3613 1643 precem
3648 1590 3833 1642 quam

2224 1677 2339 1727 Deo
2369 1674 2611 1734 fuderat,
2638 1676 2847 1724 ventus
2880 1672 2959 1722 ita
2990 1671 3301 1722 vehemens
3341 1671 3579 1721 exortus
3621 1672 3738 1729 est,
3774 1670 3835 1718 ut

523 1762 831 1829 pecudum,
852 1764 908 1812 et
923 1774 993 1811 ex
1004 1761 1275 1812 fibrarum
1292 1760 1651 1824 prtescientia
1664 1772 1922 1811 securam
1946 1762 2123 1823 Euge-
2148 1797 2154 1805 .

526 1852 613 1869 es-
647 1851 939 1869 --μημῴ
974 1850 1235 1869 __-_..-_-
1264 1849 1722 1869 αηηηηημεη,
1748 1849 1870 1869 ιω
1894 1856 2096 1869 MM..-
2147 1861 2154 1869 ,

2242 1764 2669 1818 .elahostiumin
2686 1775 2783 1813 eos
2799 1762 2896 1825 qui
2904 1763 3550 1825 jecerant,retorqueret.
3566 1759 3835 1820 Cumque

2296 1868 2301 1869 ,
2364 1867 2421 1869 η,
2460 1854 2509 1869 ηε
2540 1867 2561 1869 ,_
2584 1852 2876 1869 -_A:_.-..;-
2904 1854 3068 1869 ---κίκι
3122 1861 3283 1869 -.....Α
3305 1847 3549 1869 :--.-1.-.~.
3576 1847 3830 1869 ..λειω-ην...

526 1852 623 1904 nio
647 1851 947 1904 victoriam
974 1849 1726 1914 nuntiare.Superstitiosius
1748 1849 1873 1901 haec
1893 1856 2117 1912 agente,

526 1942 585 1991 et
613 1951 749 1990 cum
772 1938 931 1990 omni
957 1937 1333 1999 animositate,
1363 1936 1633 1988 Flaviano
1660 1940 1795 1988 tunc
1833 1936 2125 2001 Praefecto,

529 2028 701 2091 cujus
726 2027 1149 2078 assertionibus
1167 2024 1342 2093 305
1370 2038 1581 2089 magna
1606 2025 1755 2077 enim
1781 2028 1901 2076 erat
1924 2026 2049 2089 ejus
2070 2026 2129 2077 in

529 2126 546 2146 ε
559 2116 843 2181 sapientia
856 2116 1249 2181 praerogativa)
1266 2117 1583 2180 Eugenium
1600 2116 1873 2168 victorem
1888 2116 2005 2167 fore
2029 2128 2129 2180 pro

532 2209 687 2258 certo
713 2208 1181 2271 praasumpserat.
1216 2206 1325 2257 Sed
1350 2207 1449 2258 ubi
1472 2219 1626 2259 verae
1649 2206 2130 2269 religionisfretus

533 2296 749 2349 auxilio
775 2295 1153 2355 Theodosius,
1176 2296 1389 2360 alpium
1412 2295 1605 2347 fauces
1631 2296 2007 2360 caepiturgere
2021 2296 2129 2359 pri-

530 2386 609 2436 mi
626 2385 723 2449 illi,
746 2384 953 2447 quibus
978 2384 1364 2448 nequicquam
1388 2384 1565 2436 litatee
1598 2388 1730 2435 sunt
1755 2389 1838 2435 tot
1860 2384 2130 2446 victimae,

533 2476 605 2529 de
630 2476 869 2528 fallaciae
895 2473 1244 2525 conscientia
1277 2473 1480 2537 trepidi
1517 2474 1827 2532 daemones,
1854 2473 1914 2524 in
1939 2473 2131 2536 fugam

537 2566 710 2618 versi.
738 2567 875 2615 Post
907 2563 1079 2614 etiam
1102 2563 1362 2627 magistri
1386 2563 1592 2614 horum
1618 2566 1675 2614 et
1699 2564 1961 2615 doctores
1985 2577 2135 2615 erro-

540 2668 670 2706 rum
699 2654 985 2717 prtecipue
1034 2652 1139 2716 [AL
1185 2652 1605 2716 praecipueque]
1657 2653 1962 2705 Flavianus
2006 2656 2134 2718 plus

534 2743 793 2809 pudoris,
822 2754 993 2807 quam
1019 2741 1246 2792 sceleris
1270 2754 1419 2804 reus,
1447 2754 1577 2792 cum
1594 2743 1874 2805 potuisset
1897 2744 2135 2797 evadere

536 2834 794 2887 eruditus
819 2831 1130 2883 admodum
1154 2831 1258 2891 vir,
1274 2831 1475 2881 mereri
1492 2843 1551 2881 se
1564 2836 1806 2883 mortem
1832 2846 1932 2897 pro
1949 2846 2137 2886 errore

527 2925 767 2989 justius,
794 2935 967 2986 quam
1002 2934 1101 2985 pro
1142 2921 1376 2973 crimine
1408 2921 1707 2984 judicavit.
1760 2924 1961 2975 Caeteri
2004 2937 2136 2975 vero

540 3016 839 3067 instruunt
864 3012 1063 3075 aciem,
1110 3015 1167 3062 et
1208 3011 1499 3062 collocatis
1544 3012 1605 3063 in
1648 3014 1927 3076 superiori
1948 3014 1968 3042 "
1998 3016 2139 3078 jugo

544 3102 786 3165 insidiis,
802 3102 909 3165 ipsi
924 3113 1175 3165 pugnam
1188 3100 1248 3151 in
1260 3100 1543 3152 descensu
1555 3102 1767 3153 montis
1781 3106 2135 3167 exspectant.
2168 3120 2217 3195 ρ

551 3194 765 3244 Verum
790 3192 889 3243 ubi
916 3191 988 3242 ad
1022 3190 1234 3254 primos
1258 3193 1495 3242 ventum
1520 3193 1625 3255 est,
1660 3197 1718 3243 et
1744 3192 1893 3245 illico
1918 3208 1979 3244 se
2002 3194 2142 3259 legi—

552 3283 691 3334 timo
715 3281 959 3344 Principi
973 3280 1357 3332 tradiderunt:
1374 3294 1504 3332 cum
1518 3282 1741 3333 caeteris
1753 3282 1883 3333 imis
1899 3284 2145 3337 vallibus

546 3370 930 3435 deprehensis
957 3372 1263 3422 conflictus
1284 3372 1596 3422 acerrimus
1608 3372 1835 3434 geritur.
1866 3373 2031 3424 Stetit
2049 3374 2148 3424 ali-

544 3460 802 3525 quandiu
815 3473 1027 3523 anceps
1048 3460 1302 3512 victoria:
1324 3459 1927 3512 fundebanturauxilia
1938 3464 2149 3514 Barba-

548 3562 766 3606 rorum,
793 3552 848 3600 et
872 3553 1031 3611 terga
1041 3549 1157 3612 jam
1179 3549 1444 3600 hostibus
1465 3549 1695 3601 dabant.
1723 3551 1831 3602 Sed
1856 3552 2147 3604 ﬁebathoc

555 3652 675 3692 non
700 3641 764 3691 ut
785 3639 1137 3691 Theodosius
1150 3639 1493 3703 vinceretur,
1525 3640 1628 3691 sed
1651 3638 1727 3691 ne'
1746 3654 1848 3705 per
1872 3643 2147 3695 Barbaros

561 3728 792 3781 vincere
829 3727 1130 3779 videretur.
1159 3729 1304 3779 Tum
1337 3727 1429 3778 ille
1460 3732 1528 3779 ut
1568 3742 1876 3781 conversas
1910 3746 2147 3784 suorum

554 3818 707 3869 acies
738 3818 897 3879 vidit,
918 3824 1080 3870 stans
1104 3818 1161 3869 in
1185 3818 1337 3870 edita
1360 3832 1514 3882 rupe,
1540 3820 1693 3871 unde
1730 3826 1788 3871 et
1821 3823 2148 3886 conspicere

547 3910 604 3958 et
647 3908 905 3971 conspici
935 3909 1011 3959 ab
1046 3912 1288 3971 utroque
1340 3913 1536 3971 posset
1572 3911 1840 3974 exercitu,
1881 3913 2149 3975 projectis

548 3997 743 4052 armis,
776 3997 847 4048 ad
874 3996 1058 4047 solida
1083 4010 1144 4047 se
1169 3996 1342 4047 vertit
1371 3998 1602 4058 auxilia,
1639 4002 1695 4049 et
1739 4003 2060 4063 prostratus
2090 4002 2149 4053 in

547 4087 1041 4152 conspectu'Dei:
1082 4087 1778 4150 Tu,inquit,omnipotens
1799 4090 1970 4152 Deus,
1996 4091 2149 4142 nosti

550 4177 689 4240 quia
722 4177 782 4227 in
807 4177 1043 4227 nomine
1070 4176 1276 4226 Christi
1297 4177 1419 4226 Filii
1444 4177 1528 4227 tui
1570 4177 1805 4228 ultionis
1842 4180 2038 4241 justas,
2084 4185 2149 4231 ut

551 4269 707 4333 puto,
735 4267 931 4331 praelia
952 4254 1063 4317 ista
1096 4265 1361 4329 suscepi:
1398 4266 1444 4315 si
1472 4279 1658 4329 secus,
1701 4266 1757 4317 in
1786 4280 1877 4319 me
1924 4270 2149 4322 vindica

618 4446 634 4465 ·
655 4440 714 4489 in
738 4436 1142 4494 Guarneriano,
1168 4436 1437 4486 munitur.
1487 4435 1777 4496 Circuibat,
1814 4443 1923 4490 etc.

615 4508 635 4536 ⁸³
655 4509 878 4560 Barraeo
896 4510 951 4561 et
974 4508 1250 4560 Rhenano
1274 4506 1632 4571 adnotatum,
1656 4509 1767 4573 legi
1798 4510 1958 4575 alias,
1992 4527 2151 4561 accu-
2171 4500 2227 4573 D

552 4579 701 4628 mula
710 4587 790 4629 nt.

615 4659 631 4677 ε
666 4652 790 4702 Uno
812 4652 985 4702 verbo
1012 4650 1405 4713 Guarnerian.,
1432 4652 1768 4715 insipienter,
1786 4653 1881 4716 qui
1905 4656 1959 4705 et
1986 4655 2150 4707 tertio

552 4720 623 4771 ab
649 4721 757 4771 hoc
783 4735 952 4773 versu
974 4729 1100 4770 sunt
1129 4724 1368 4773 verbum
1397 4728 1559 4773 tacet.

614 4792 635 4819 ⁴¹
666 4794 1033 4853 Bononiens.,
1059 4794 1115 4841 in
1130 4795 1396 4856 superiori
1418 4795 1526 4843 loco
1552 4794 1788 4853 insidiis,
1825 4796 2025 4844 Christi
2052 4814 2153 4860 pu-

557 4879 744 4928 gnam,
770 4868 879 4915 etc.
906 4866 1037 4915 Mox
1067 4865 1440 4917 Guarnerian.
1473 4871 1518 4915 el
1541 4866 1622 4914 illi
1645 4881 1694 4913 se
1719 4866 1954 4929 legitimo
1999 4869 2156 4917 Prin-

558 4935 684 4999 cipi,
719 4937 845 4995 etc.,
874 4949 973 5000 pro
1003 4936 1162 4996 illico,
1189 4938 1295 4987 etc.

619 5015 637 5035 ε
662 5008 1028 5057 Guarnerian.
1056 5020 1188 5058 cum
1214 5006 1397 5058 Vatic.
1426 5005 1671 5067 duobus,
1697 5008 1793 5054 Dei
1817 5009 2154 5072 onmipotcn-

554 5079 639 5135 tis;
684 5084 807 5129 tum
856 5079 965 5138 ille,
1007 5078 1209 5142 inquit,
1253 5078 1392 5127 Deus
1439 5082 1495 5125 tu
1520 5078 1678 5136 nosti,
1726 5082 1865 5139 etc.;
1907 5079 2153 5143 denique

550 5151 721 5212 paulo
739 5155 885 5213 post.
912 5152 960 5198 si
971 5165 1114 5199 secus
1131 5156 1197 5199 est
1225 5151 1279 5197 in
1300 5164 1407 5207 mc;
1432 5148 1547 5199 duo
1560 5148 1837 5212 Vaticani,
1867 5149 1965 5198 Sin.
1985 5168 2148 5213 secus,

548 5222 609 5269 in
636 5236 716 5269 me
745 5237 914 5286 puero
941 5228 1030 5272 tuo
1067 5222 1307 5269 vindica.

2226 1867 2434 1921 magna
2457 1854 2514 1905 vi
2538 1852 2881 1917 persistente
2904 1854 3092 1902 vento.
3118 1861 3286 1901 omne
3297 1847 3554 1913 jaculum
3576 1847 3835 1898 missum

2225 1948 2297 1997 ab
2322 1944 2587 1996 hostibus
2606 1942 2977 1993 frustraretur
2999 1940 3102 2005 [AL
3134 1937 3605 2003 perfrustaretur],
3651 1937 3836 1987 fracto

2225 2034 2686 2087 adversariorum
2702 2032 2909 2091 animo,
2940 2044 3041 2081 seu
3058 2030 3247 2094 potius
3276 2028 3554 2079 divinitus
3578 2027 3834 2090 repulso,

2228 2126 2551 2187 Arbogasto
2570 2123 2711 2173 duce
2727 2122 3131 2184 nequicquam,
3147 2129 3164 2157 ε
3188 2120 3305 2170 Deo
3342 2117 3840 2179 adverso,fortiter

2228 2216 2489 2276 faciente,
2506 2212 2800 2276 Eugenius
2816 2216 2947 2261 ante
2964 2208 3469 2272 Theodosiipedes,
3491 2206 3706 2257 vinctis
3734 2205 3837 2269 [ΑΙ.

2231 2303 2484 2367 vinctus]
2500 2304 2626 2366 post
2651 2304 2809 2363 terga
2821 2300 3106 2359 manibus,
3131 2298 3453 2348 adducitur.
3474 2295 3677 2358 Ibique
3702 2295 3837 2346 vitae

2233 2397 2358 2459 ejus
2407 2398 2464 2445 et
2505 2390 2834 2444 certaminis
2882 2390 3014 2440 linis
3063 2388 3183 2438 fuit.
3211 2389 3358 2437 Tum
3403 2397 3541 2437 vero
3565 2384 3838 2448 religioso

2232 2483 2485 2547 Principi
2510 2482 2809 2546 gloriosior
2833 2478 3152 2531 victoriade
3176 2474 3839 2538 frustratisopinionibus

2232 2577 2620 2637 Paganorum,
2647 2582 2822 2634 quam
2858 2568 2927 2618 de
2953 2567 3193 2631 Tyranni
3222 2566 3451 2617 interitu
3472 2564 3601 2615 fuit:
3625 2565 3841 2627 quibus

2234 2666 2254 2694 ¹³
2286 2677 2417 2729 spes
2432 2675 2581 2714 vana
2593 2667 2649 2713 et
2668 2661 2808 2711 falsa
2823 2659 3037 2709 divinat
3050 2658 3102 2708 io
3116 2658 3307 2708 minus
3323 2656 3379 2706 in
3396 2654 3626 2707 interitu
3640 2659 3845 2705 contu-

2237 2754 2303 2806 lit
2328 2764 2704 2818 peene,quam
2729 2748 2957 2814 pudoris
2982 2746 3230 2798 servavit
3252 2746 3309 2797 in
3339 2746 3472 2797 vita.

2787 2866 3011 2917 CAPUT
3048 2863 3303 2915 XXXIV.

2243 2988 2315 3037 De
2346 2987 2453 3049 ﬁne
2493 2983 2771 3033 Theodosii
2813 2987 2928 3046 post
2971 2980 3271 3040 victoriam,
3321 2984 3365 3026 et
3408 2978 3642 3027 Arcadio
3678 2986 3845 3041 atque

2430 3074 2673 3124 Honorio
2698 3071 2879 3121 liberis
2924 3086 3035 3133 PJNS
3085 3075 3129 3117 el
3155 3067 3446 3117 heredibus
3478 3068 3649 3131 regni.

2308 3193 2564 3254 Cumque
2582 3194 2713 3254 post
2737 3189 2861 3239 haec
2884 3186 3282 3238 utfuturorum
3295 3184 3569 3249 praescius
3589 3186 3849 3248 Impera-

2250 3288 2354 3345 tor,
2381 3280 2754 3345 disponendee
2772 3277 3117 3341 Reipublicae
3129 3275 3505 3327 sollicitudine
3534 3274 3850 3338 stringere-

2252 3378 2359 3425 tur.
2385 3371 2458 3423 ad
2482 3371 2760 3422 orientem
2802 3368 3064 3433 protinus
3094 3366 3283 3428 mittit,
3315 3365 3412 3415 ubi
3454 3368 3746 3415 venturus
3781 3363 3846 3413 ad

2247 3461 2479 3520 bellum,
2510 3463 2634 3511 tuta
2658 3458 2865 3509 liberos
2884 3455 3146 3507 custodia
3169 3453 3613 3505 commendarat.
3639 3453 3850 3517 Ibique

2248 3551 2558 3602 Arcadium
2585 3550 2912 3611 Augustum
2931 3558 3174 3608 regnum
3197 3544 3307 3595 sibi
3331 3542 3550 3594 dudum
3568 3542 3845 3594 traditum

2251 3652 2478 3692 servare
2503 3637 2877 3703 prrecipit[At.
2906 3635 3199 3701 praecipit].
3223 3633 3539 3685 Honorium
3560 3645 3698 3684 vero
3730 3634 3849 3697 pari

2248 3730 2579 3795 dignatione
2593 3728 2917 3793 praeditum,
2945 3725 3017 3776 ad
3030 3724 3345 3775 occidentis
3370 3722 3673 3787 imperium
3690 3723 3849 3774 veni-

2246 3824 2331 3873 re‘
2355 3832 2532 3884 ocyus
2558 3819 2742 3883 jubet.
2771 3820 2892 3878 Quo
2920 3818 3210 3879 suscepto,
3258 3818 3315 3865 et
3344 3811 3595 3877 paternis
3631 3814 3848 3864 osculis

2250 3909 2756 3975 complexibusque
2769 3906 3096 3966 constricto,
3112 3904 3335 3955 traditis
3360 3905 3680 3951 occidentalis
3703 3904 3847 3964 regni

2249 3998 2812 4066 gubernaculis,ipse,
2828 3998 3081 4046 Romano
3095 3993 3430 4058 imperioper
3441 3991 3845 4053 annos,decem

2250 4094 2305 4143 et
2328 4093 2569 4154 septemJ
2607 4088 2838 4138 feliciter
2873 4086 3211 4149 gubernato,
3256 4083 3327 4133 ad
3373 4083 3607 4133 meliora
3648 4081 3849 4145 migra-

2252 4181 2353 4243 vit,
2380 4191 2512 4229 cum
2536 4177 2811 4242 piissimis
2837 4174 3196 4237 Principibus
3214 4178 3584 4237 percepturus
3612 4172 3845 4236 praemia

2251 4270 2604 4321 meritorum.
2635 4270 2663 4300 *

2314 4439 2330 4469 τ
2352 4437 2554 4489 Recole
2582 4436 2817 4487 Librum
2840 4436 2883 4498 Ι,
2912 4447 3030 4498 cap.
3072 4432 3155 4485 10.
3186 4431 3242 4482 ίῐ]
3268 4431 3397 4491 fine,
3432 4432 3488 4481 et
3520 4443 3627 4480 nos
3656 4430 3757 4481 ibi.

2311 4521 2327 4549 ε
2362 4511 2549 4561 Verba
2574 4510 2676 4558 Deo
2709 4508 2948 4564 adverso,
2998 4518 3129 4568 quae
3156 4503 3472 4554 Caeciarius
3527 4516 3596 4552 ex
3619 4502 3844 4553 duobus

2251 4583 2433 4633 Vatic.
2460 4580 2671 4639 intulit,
2696 4579 2874 4629 nostri
2902 4589 3129 4640 quoque
3158 4589 3297 4625 mss.
3326 4574 3663 4637 adprobant.

2315 4654 2334 4683 ιι
2369 4652 2763 4707 Guarnerian.,
2791 4650 2983 4713 quibus
3006 4664 3118 4712 spes
3156 4663 3296 4694 vana
3340 4647 3463 4709 fuit,
3501 4646 3780 4693 vehemens
3804 4650 3843 4691 ct

2253 4726 2393 4789 falsa
2410 4725 2694 4773 divinatio.
2711 4723 2855 4772 Tum
2869 4720 3084 4784 aliquot
3102 4720 3279 4770 Vatic.
3296 4718 3445 4783 apud
3462 4718 3725 4779 Cacciar.,
3742 4732 3841 4764 non

2256 4798 2439 4845 minus
2466 4798 2521 4844 in
2546 4794 2786 4855 interitu,
2811 4797 2921 4844 etc.

2318 4870 2328 4899 ί
2355 4867 2721 4927 Bononiens.,
2745 4864 2969 4913 velocius
2985 4862 3131 4927 jubet
3156 4877 3172 4921 ;
3195 4866 3318 4913 tum
3344 4859 3545 4923 juncto
3589 4863 3647 4909 et
3675 4859 3844 4909 Guar-

2254 4940 2508 5001 neriano,
2531 4953 2617 4986 am
2624 4937 2970 5001 plemibusque
2995 4934 3291 4984 constricto.

2312 5012 2525 5061 JTacet
2583 5008 2945 5067 Bononiens,
3000 5005 3240 5068 feliciter.
3306 5001 3507 5053 Confer
3558 5002 3841 5052 Socratem

2252 5082 2353 5132 lib.
2383 5083 2449 5130 V.
2483 5094 2603 5143 cap.
2631 5080 2849 5129 ultimo.
2902 5078 3110 5141 l’agius
3156 5076 3223 5126 ad
3250 5088 3342 5125 an.
3386 5072 3505 5127 395.
3545 5069 3842 5123 Theodosii

2253 5154 2475 5204 obitum
2512 5152 2697 5211 refert,
2746 5163 2915 5214 quem
2950 5149 3189 5199 videsis.

613 5361 641 5389 “
681 5363 804 5409 Vide
827 5364 889 5408 ad
914 5363 1097 5409 calcem
1136 5362 1255 5407 tomi
1294 5360 1510 5425 indicem
1546 5362 1827 5409 varantium
1868 5363 2135 5412 lectionum
2170 5379 2296 5425 quas
2334 5366 2527 5425 excepit
2554 5367 2611 5413 V.
2648 5365 2722 5411 CI.
2762 5360 3079 5410 Dominicus
3111 5362 3351 5419 Ongarus,
3388 5365 3450 5419 et,
3492 5359 3708 5405 editione
3740 5358 3833 5413 jam

550 5426 804 5483 absoluta,
832 5427 893 5472 ad
919 5424 1223 5474 Vallarsium
1252 5423 1406 5473 misit.

3184 5426 3316 5471 Ebrr.
