3900 6416
489 345 594 404 543

1504 355 1747 406 RUFINI
1782 351 2273 415 AQUILEIENSIS
2306 349 2746 402 PRESBYTER!

3676 344 3785 398 544

491 475 613 515 non
660 463 896 516 reddere
918 463 1286 517 maledictum
1317 477 1418 529 pro
1438 464 1760 517 maledicto.
1799 465 1919 515 Hoc
1945 464 2084 516 satis
2101 465 2161 536 Α
2185 460 2312 525 27.).
2349 462 2416 511 Et
2453 461 2693 527 Spiritus
2723 461 2954 510 Sanctus
2977 465 3047 510 est
3071 460 3168 526 qui
3189 464 3460 509 scrutatur
3482 460 3646 508 etiam
3669 457 3782 507 alla

491 564 696 604 verum
738 558 827 604 est
857 568 870 604 :
894 566 1012 604 non
1059 554 1210 605 enim
1244 567 1343 616 pro
1367 553 1684 605 maledictis
1714 551 1816 619 [AL
1844 553 2083 604 maledi-

495 639 633 705 cto],
649 640 749 692 sed
779 654 880 705 pro
903 641 1216 692 benedictis
1240 646 1298 692 et
1318 641 1586 692 laudibus
1611 641 1868 693 convicia
1891 646 1948 693 et
1971 654 2088 692 ma-

494 729 702 781 ledicta
723 730 986 782 restituit.
1013 731 1228 794 Neque,
1242 735 1309 782 ut
1329 731 1428 795 ait,
1445 731 1768 782 verberanti
1793 732 2084 782 dexteram

498 817 788 870 maxillam
820 818 982 870 oﬂ'ert
1016 819 1254 870 alteram
1285 835 1299 872 :
1325 819 1428 871 sed
1451 820 1700 885 palpanti
1725 825 1784 872 et
1813 820 2086 883 leviganti

493 906 802 971 maxillam,
847 919 1107 959 morsum
1145 908 1442 970 improvisi
1485 910 1674 960 dentis
1715 909 1916 972 inﬁgit.
1945 911 2086 960 Cum

495 995 650 1046 enim
673 1007 780 1046 nos
804 996 864 1047 in
887 1009 954 1048 eo
977 1001 1036 1048 et
1057 997 1447 1061 eloquentiam
1458 1011 1525 1049 ac
1549 998 1802 1050 studium
1825 998 2088 1051 laudave-

497 1084 680 1136 rimus
715 1085 1156 1150 (interpretando
1179 1085 1483 1139 dumtaxat
1505 1099 1578 1139 ex
1605 1087 1840 1150 Gracis)
1871 1092 1928 1138 et
1955 1088 2087 1140 ildei

493 1175 622 1238 ejus
640 1187 962 1238 numquam
986 1175 1454 1240 derogaverimus
1479 1190 1494 1239 ;
1526 1176 1648 1228 ille'
1679 1181 1995 1241 utrumque
2027 1177 2088 1228 in

495 1263 669 1316 nobis
693 1263 930 1316 damnat
955 1279 968 1316 :
993 1269 1052 1316 et
1074 1265 1202 1317 ideo
1219 1265 1446 1317 veniam
1457 1265 1629 1317 etiam
1645 1266 1766 1330 ipse
1778 1267 1944 1317 nobis
1961 1280 2090 1317 con-

501 1353 688 1414 cedat,
719 1353 768 1405 si
793 1354 932 1406 t‘orte
953 1354 1186 1418 aliquid,
1203 1359 1305 1406 aut
1319 1358 1712 1418 asperius.aut
1734 1355 2087 1419 incomptius

495 1442 743 1495 dicimus
767 1461 780 1494 :
821 1445 958 1507 quia
998 1444 1326 1508 imperitum
1349 1444 1620 1496 hominen
1643 1445 1714 1497 ad
1739 1447 2090 1510 responden-

495 1531 634 1584 dum
658 1531 970 1597 lacessivit,
999 1545 1172 1596 quem
1197 1534 1368 1585 sciret
1389 1546 1504 1586 non
1522 1547 1690 1598 posse
1720 1548 1821 1599 per
1843 1535 2086 1588 multam

499 1619 727 1672 dicendi
767 1625 948 1673 artem
980 1627 1037 1674 et
1059 1621 1401 1686 eloquentia
1433 1624 1653 1688 copiam
1677 1624 1733 1675 id
1755 1625 2088 1689 agere,utis

497 1723 672 1774 quem
695 1710 900 1762 Iasum
923 1711 1094 1764 vellet
1116 1723 1182 1763 ac
1208 1711 1592 1773 vulneratum,
1617 1727 1724 1765 nec
1752 1715 2087 1767 vulneratus

496 1799 766 1852 videatur
787 1813 917 1852 esse
927 1814 1034 1852 nec
1045 1803 1238 1853 lasus.
1251 1803 1373 1854 Hoc
1391 1815 1528 1867 ergo
1543 1803 1885 1866 eloquentia
1901 1817 2085 1868 genus

496 1889 568 1940 ab
603 1889 727 1953 ipso
763 1889 1103 1954 requiratur,
1150 1891 1248 1954 qui
1269 1891 1341 1942 ad
1367 1891 1711 1956 culpandum
1743 1906 1844 1944 seu
1867 1895 2090 1957 vitupe-

499 1977 872 2041 randumlevi
888 1979 1221 2032 rumusculo
1232 1982 1738 2044 commotus,velut
1749 1981 1878 2046 quis
1891 1996 2092 2034 censor

498 2067 762 2119 accurrit.
795 2068 898 2130 Qui
927 2068 947 2096 ’τ
971 2081 1110 2120 vero
1138 2070 1394 2134 objectas
1415 2070 1694 2134 depellere
1709 2085 1743 2123 a
1761 2085 1821 2122 se
1838 2072 2088 2123 maculas

499 2155 676 2221 cupit,
713 2159 1060 2208 necessitate
1105 2157 1214 2208 sibi
1245 2160 1634 2223 responsionis
1663 2161 1946 2224 imposita,
1971 2174 2088 2212 non

497 2257 672 2308 quam
701 2245 804 2311 [AL
827 2247 1142 2311 nunquam]
1170 2247 1461 2311 eleganter
1483 2254 1540 2300 et
1559 2253 1770 2310 ornate,
1799 2250 1900 2301 sed
1913 2263 2087 2314 quam

500 2347 634 2386 vere
657 2334 1021 2399 respondeat,
1047 2336 1343 2400 cogitavit.

559 2423 611 2478 4.
650 2425 719 2475 Et
743 2424 1018 2487 quoniam
1037 2425 1186 2477 inter
1207 2427 1482 2491 principia
1493 2427 1618 2492 ipsa
1633 2429 1738 2480 ait:
1767 2430 1938 2489 Quasi
1967 2430 2089 2481 sine

494 2525 587 2566 me
623 2513 875 2566 haretici
910 2527 1040 2566 esse
1069 2526 1187 2566 non
1212 2516 1431 2579 possint
1463 2516 1570 2581 [AL
1596 2519 1882 2582 possunt],
1906 2520 2090 2584 primo

499 2601 610 2654 hoc
629 2602 797 2654 nobis
819 2603 1246 2655 ostendendum
1267 2609 1373 2667 est,
1392 2606 1546 2668 quod
1566 2619 1672 2658 nec
1685 2608 1970 2672 cumipso,
1984 2621 2091 2660 nec

496 2691 624 2742 sine
647 2691 771 2755 ipso
793 2691 1046 2744 haeretici
1070 2705 1291 2758 sumus,
1318 2698 1381 2746 ut
1399 2708 1531 2746 cum
1561 2695 1631 2747 de
1647 2697 1815 2747 nobis
1831 2698 2092 2749 constite-

493 2779 569 2832 rit
611 2781 748 2844 quid
795 2782 994 2847 simus,
1047 2787 1183 2834 tunc
1223 2783 1456 2835 demum
1484 2798 1592 2837 nec
1619 2785 1707 2850 [Al
1733 2785 1825 2850 ne]
1851 2786 1921 2838 de
1954 2787 2092 2837 alio-

502 2882 632 2922 rum
656 2871 886 2934 quidem
911 2871 1124 2924 dictisa
1146 2874 1157 2922 1
1182 2887 1290 2925 nos
1317 2875 2090 2940 retorqueripossitinfamia.

499 2961 615 3024 Ego
665 2960 769 3026 [AL
805 2962 983 3027 ergo].
1011 2962 1162 3014 sicut
1182 2967 1239 3015 et
1260 2964 1384 3028 ipse
1403 2968 1462 3015 et
1483 2977 1684 3016 omnes
1704 2971 1934 3027 norunt,
1959 2971 2092 3018 ante

504 3062 688 3101 annos
731 3050 847 3103 fere
879 3063 898 3086 ο
943 3051 1175 3116 triginta
1215 3053 1276 3104 in
1318 3054 1670 3106 monasterio
1697 3055 1816 3118 jam
1847 3046 2089 3120 positus,

2185 553 2281 601 Dei
2306 551 2374 612 (1.
2419 551 2538 602 Cor.
2586 549 2638 604 2.
2679 551 2780 612 10.)
2817 550 3063 602 :etideo
3087 553 3240 601 caret
3271 549 3428 601 omni
3447 549 3783 600 visibilitate

2182 653 2468 704 corporea,
2485 639 2584 690 sed
2610 639 2979 690 intellectuali
3005 638 3100 688 illo
3124 638 3348 689 deitatis
3372 637 3538 689 oculo
3559 647 3578 667 ε’
3603 638 3688 688 sic
3709 638 3784 687 vi-

2181 730 2278 781 det
2324 729 2546 780 Patrem
2579 728 2754 779 Filius
2787 733 2843 779 et
2873 729 3112 792 Spiritus
3151 728 3412 791 Sanctus,
3441 727 3591 778 sicut
3616 729 3785 778 Pater

2183 819 2336 870 videt
2359 817 2562 869 Filium
2594 822 2650 869 et
2677 817 2945 882 Spiritum
2971 819 3266 873 Sanctum;
3295 831 3398 868 nec
3422 821 3509 867 est
3534 829 3775 880 prorsus

2180 907 2298 960 ulla
2325 907 2386 958 in
2411 907 2687 959 Trinitate
2711 906 3033 968 diversitas,
3067 907 3177 958 nisi
3201 906 3355 970 quod
3375 906 3466 956 ille
3494 907 3660 956 Pater
3693 910 3784 954 est

2179 1003 2238 1051 et
2284 998 2378 1049 hic
2418 998 2615 1062 Filius,
2653 1001 2707 1048 et
2742 997 2834 1049 ille
2869 997 3108 1062 Spiritus
3139 999 3400 1048 Sanctus.
3439 997 3688 1048 Trinitas
3723 996 3783 1046 in

2183 1101 2550 1154 personarum
2577 1087 3236 1150 distinctione,unitasin
3261 1087 3498 1138 veritate
3513 1087 3784 1137 substan-

2185 1178 2279 1230 tia
2306 1194 2320 1226 :
2345 1182 2401 1228 et
2422 1178 2578 1240 quod
2603 1177 2935 1242 unigenitus
2953 1175 3128 1227 Filius
3145 1176 3260 1236 Dei,
3282 1189 3379 1240 per
3391 1189 3561 1239 quem
3576 1191 3612 1230 a
3626 1181 3788 1243 prin-

2184 1267 2330 1330 cipio
2355 1268 2548 1318 omnia
2571 1279 2702 1330 qua
2728 1271 2884 1329 sunt,
2911 1265 3056 1316 facta
3073 1269 3226 1322 sunt,
3242 1265 3364 1316 sive
3394 1267 3638 1319 visibilia
3657 1271 3785 1322 sive

2184 1355 2512 1420 invisibilia,
2534 1356 2594 1406 in
2614 1357 2948 1408 novissimis
2968 1357 3173 1409 diebus
3197 1372 3364 1411 carne
3388 1365 3444 1412 et
3459 1359 3657 1411 anima
3671 1361 3786 1412 hu-

2184 1458 2352 1497 mana
2397 1451 2682 1510 suscepta,
2721 1445 2894 1498 homo
2945 1447 3128 1498 factus
3161 1451 3249 1498 est
3285 1448 3389 1513 [AL
3424 1455 3522 1498 tac.
3553 1451 3687 1515 est].
3727 1455 3784 1502 et.

2183 1547 2394 1600 passus
2418 1540 2508 1587 est
2527 1548 2628 1599 pro
2653 1527 2836 1586 salute
2856 1541 3071 1587 nostra.
3092 1538 3158 1588 Et
3189 1539 3348 1589 tertia
3371 1539 3478 1599 die,
3503 1540 3786 1592 suscitata

2185 1623 2281 1676 illa
2331 1625 2458 1689 ipsa
2501 1637 2688 1684 carne,
2723 1637 2856 1688 qua
2884 1625 3070 1688 posita
3091 1624 3275 1678 fuerat
3298 1627 3357 1677 in
3393 1629 3674 1692 sepulcro,
3699 1643 3784 1679 re-

2188 1715 2442 1766 surrexit
2459 1726 2494 1765 a
2517 1715 2779 1766 mortuis.
2805 1716 2875 1766 Et
2896 1727 3028 1765 cum
3054 1714 3179 1778 ipsa
3203 1715 3400 1768 eadem
3425 1716 3445 1750 τ
3467 1730 3634 1768 carne
3657 1717 3787 1782 glo-

2188 1803 2410 1854 riﬁcata
2431 1803 2691 1854 ascendit
2711 1803 2784 1854 ad
2809 1802 3004 1864 caios,
3019 1803 3172 1855 unde
3195 1808 3251 1854 et
3267 1810 3634 1869 exspectatur
3649 1819 3790 1857 ven-

2193 1896 2355 1945 turus
2376 1893 2450 1944 ad
2474 1891 2754 1956 judicium
2779 1891 3046 1944 vivorum
3057 1898 3502 1945 etmortuorum.
3519 1895 3627 1946 Sed
3641 1900 3699 1946 et
3718 1897 3788 1946 si-

2190 1983 2308 2034 mili
2334 1983 2505 2034 modo
2528 1983 2696 2033 nobis
2719 1995 2948 2046 quoque
2975 1995 3136 2046 spem
3154 1984 3586 2036 resurrectionis
3603 1985 3784 2044 dedit,

2191 2078 2254 2124 ut
2275 2072 2478 2124 eodem
2501 2072 2714 2134 ordine,
2733 2071 2932 2122 eadem
2957 2073 3380 2136 consequentia,
3412 2074 3528 2137 pari
3554 2074 3787 2126 eadem-

2190 2175 2299 2226 que
2324 2162 2517 2226 forma,
2541 2174 2653 2224 qua
2675 2162 2794 2226 ipse
2819 2161 3098 2212 Dominus
3130 2163 3439 2214 resurrexit
3460 2177 3493 2214 a
3514 2165 3783 2228 mortuis,

2147 2301 2154 2308 .
2189 2265 2296 2304 nos
2331 2264 2562 2314 quoque
2574 2253 2994 2302 resurrecturus
3008 2264 3135 2302 esse
3151 2251 3458 2304 credamus
3479 2272 3490 2301 :
3507 2268 3607 2300 non
3623 2257 3787 2302 nubes

2189 2349 2207 2378 ι
2230 2344 2331 2392 aut
2357 2343 2763 2401 aurastenues,
2788 2341 2854 2390 ut
2883 2338 3332 2392 calumniantur:
3360 2341 3459 2392 sed
3490 2341 3616 2392 bac
3639 2341 3786 2405 ipsa,

2187 2430 2248 2481 in
2269 2429 2480 2492 quibus
2510 2442 2684 2492 nunc,
2725 2428 2816 2480 vel
2849 2429 3118 2492 vivimus,
3152 2429 3243 2481 vel
3265 2430 3561 2493 morimur,
3586 2437 3789 2482 nostra

2190 2531 2426 2582 corpora
2450 2517 2752 2581 recepturi.
2779 2519 2920 2568 Nam
2955 2517 3241 2580 quomodo
3261 2531 3459 2570 verum
3485 2519 3608 2582 erit,
3627 2520 3786 2583 quod

2188 2607 2664 2659 resurrectionem
2689 2607 2872 2658 carnis
2904 2607 3208 2666 credimus,
3233 2608 3345 2658 nisi
3369 2608 3430 2660 in
3462 2620 3528 2660 ea
3565 2621 3697 2660 vere
3728 2614 3790 2661 et

2187 2697 2408 2761 integre
2439 2694 2568 2762 3||
2603 2695 2791 2746 carnis
2829 2700 3035 2747 natura
3058 2699 3358 2747 servetur?
3393 2697 3625 2760 Absque
3651 2697 3786 2749 ullis

2190 2799 2327 2850 ergo
2355 2785 2682 2850 prastigiis,
2711 2797 2862 2837 vera
2896 2785 2917 2815 "
2933 2788 2990 2836 et
3012 2786 3248 2850 integra
3267 2787 3453 2838 carnis
3474 2787 3654 2850 hujus
3677 2800 3785 2838 no-

2192 2879 2346 2938 stra,
2369 2876 2430 2926 in
2453 2887 2566 2938 qua
2587 2887 2741 2926 nunc
2767 2887 2990 2934 sumus,
3025 2875 3492 2926 resurrectionem
3516 2875 3784 2928 fatemur.

2255 2964 2304 3018 5.
2349 2965 2559 3016 Verum
2601 2964 2675 3016 ad
2723 2966 3002 3026 majorem
3047 2964 3128 3016 rei
3169 2964 3340 3015 fidem
3383 2964 3531 3016 addo
3568 2966 3787 3029 aliquid

2192 3053 2460 3118 amplius,
2510 3058 2568 3105 et
2598 3053 3084 3105 calumniosorum
3119 3053 3405 3105 necessita
3427 3053 3785 3118 compulsus,

496 3137 549 3206 3
570 3138 588 3206 |
605 3137 655 3208 ο
686 3153 786 3205 per
799 3141 1036 3205 gratiam
1049 3143 1322 3206 Baptismi
1332 3146 2091 3211 regeneratus,signaculum
2119 3150 2167 3224 ρ
2197 3143 2552 3206 singulareet
2565 3143 2919 3208 pracipuum
2933 3142 3201 3194 Ecclesia
3212 3149 3427 3195 nostra
3442 3145 3786 3206 mysterium

502 3231 633 3281 fidei
647 3236 994 3283 consecutus
1007 3245 1138 3284 sum
1151 3246 1251 3297 per
1266 3239 1498 3286 sanctos
1514 3235 1668 3287 viros
1679 3235 2090 3298 Chromatium,

498 3319 789 3379 Jovinum,
816 3325 872 3372 et
897 3323 1224 3382 Eusebium,
1249 3323 1676 3387 opinatissimos
1691 3329 1750 3376 et
1767 3326 2095 3389 probatissi-

503 3421 632 3460 mos
654 3408 715 3460 in
737 3409 988 3462 Ecclesia
1015 3411 1118 3476 [AL
1146 3411 1434 3476 Ecclesiis]
1476 3414 1572 3464 Dei
1593 3413 1920 3478 Episcopus,
1949 3428 2094 3478 quo-

497 3510 632 3549 rum
653 3497 798 3550 alter
821 3500 958 3550 tunc
972 3502 1268 3565 Presbyter
1284 3502 1468 3554 beata
1481 3504 1775 3556 memoria
1789 3504 2091 3562 Valeriani,

493 3586 636 3638 alter
649 3587 1120 3652 Archidiaconus,
1139 3589 1161 3618 ⁴
1177 3589 1325 3642 alius
1342 3591 1630 3643 Diaconus
1649 3593 1933 3657 simulque
1959 3602 2094 3656 pater

499 3675 637 3727 mihi
668 3679 727 3728 et
758 3676 958 3728 doctor
999 3677 1251 3741 Symboli
1283 3692 1350 3730 ac
1386 3681 1530 3732 fides
1569 3681 1692 3733 fuit.
1723 3681 1804 3733 llli
1837 3697 1972 3746 ergo
2013 3684 2094 3734 sic

498 3764 638 3816 mihi
672 3765 1044 3831 tradiderunt,
1070 3772 1128 3818 et
1155 3768 1236 3818 sic
1261 3773 1442 3821 teneo.
1471 3771 1630 3832 Quod
1656 3773 1817 3823 Pater
1839 3777 1896 3824 et
1919 3773 2096 3824 Filius

498 3859 557 3906 et
601 3854 844 3920 Spiritus
874 3855 1119 3908 Sanctus
1142 3858 1316 3910 unius
1339 3859 1562 3910 deitatis
1587 3860 1718 3923 sint,
1752 3862 1924 3913 unius
1957 3864 2096 3914 sub-

503 3944 766 3997 stantia:
794 3951 1102 4008 coaterna,
1113 3947 1526 4012 inseparabilis,
1541 3949 1866 4014 incorporea
1877 3951 2094 4014 ,iuvisi-

509 4035 662 4101 bilis,
681 4036 1274 4101 incomprehensibilis
1293 4039 1554 4099 Trinitas,
1572 4044 1628 4091 et
1650 4041 1755 4090 sibi
1778 4041 1901 4102 soli,
1915 4042 2094 4104 utest,

507 4124 580 4176 ad
608 4124 921 4190 perfectum
945 4131 1084 4178 nota
1110 4141 1123 4178 :
1159 4127 1298 4186 Quia
1314 4143 1468 4178 nemo
1485 4129 1842 4178 novilFilium
1865 4131 1974 4180 nisi
1998 4131 2099 4180 Pa-

497 4201 603 4276 ter,
650 4229 822 4280 neque
840 4215 1058 4264 Patrem
1084 4217 1222 4280 quis,
1254 4218 1401 4266 novit
1430 4219 1540 4268 nisi
1560 4219 1732 4269 Filius
1773 4221 1979 4282 (Matth.
2009 4220 2094 4275 11.

571 4393 588 4414 ·
625 4385 795 4436 Tacet
822 4385 1191 4448 Guarnerian,
1213 4401 1324 4450 ms,
1350 4395 1659 4453 utr-umque.

565 4454 588 4484 ι’
624 4459 811 4520 Atque
833 4456 960 4508 heic
987 4459 1134 4509 tacet
1157 4458 1308 4510 idem
1340 4473 1448 4510 ms.
1489 4477 1622 4512 vero.

564 4538 584 4598 ἑ
618 4529 761 4580 Puta
793 4541 944 4580 anno
970 4528 1092 4583 571.
1120 4532 1319 4582 Recole
1338 4534 1526 4584 Vitam
1551 4549 1673 4598 cap.
1704 4537 1751 4590 1.

567 4597 590 4626 ⁸
623 4601 688 4650 In
727 4600 1113 4665 Guarnerian.,
1167 4604 1300 4652 alter
1339 4597 1632 4663 Diacomis,
1676 4613 1735 4657 et
1769 4605 1936 4668 paulo
1963 4605 2101 4657 infe-

506 4670 648 4732 rius,
670 4671 896 4720 Deitatis
915 4672 1003 4736 sit,
1032 4674 1304 4739 uniusque
1326 4675 1650 4738 substantia,
1676 4684 1931 4727 coatcrna
1951 4683 1997 4728 et
2024 4679 2102 4726 in-

500 4741 837 4805 separabilis,
857 4747 976 4796 etc.‘

562 4823 580 4843 ε
617 4813 960 4866 Sutl‘ecimus
1003 4829 1074 4868 ex
1120 4819 1508 4872 Guarneriano
1553 4834 1664 4872 ms.
1700 4822 1778 4870 sic
1817 4821 2099 4873 voculam.

505 4885 732 4949 Optime
755 4885 998 4937 Rufinus
1023 4887 1172 4940 hanc
1195 4890 1266 4940 ab
1293 4903 1354 4940 se
1379 4891 1628 4954 primum
1651 4891 1796 4942 labis
1821 4893 2102 4956 suspicio—

505 4969 640 5008 nem
665 4957 912 5021 depellit.
931 4963 990 5009 et
1006 4960 1378 5024 blasphemia
1397 4961 1884 5024 Origenistis,sive
1901 4967 1996 5021 his,
2011 4968 2100 5026 qui

505 5027 576 5080 de
615 5029 1068 5092 Origenistarum
1093 5035 1247 5083 secta
1271 5034 1672 5094 censebantur,
1707 5035 1890 5086 solita
1915 5035 2102 5100 impu—

507 5100 632 5162 tari,
665 5101 820 5164 quod
848 5115 1036 5166 neque
1065 5105 1284 5154 Patrem
1309 5104 1488 5156 Filius
1505 5110 1562 5156 et
1577 5106 1818 5169 Spiritus
1837 5109 2096 5159 Sanctus.

506 5184 695 5234 neque
739 5171 944 5224 Filium
983 5179 1041 5224 et
1080 5174 1348 5238 Spiritum
1375 5177 1649 5228 Sanctum
1679 5178 1844 5229 Pater
1864 5179 2098 5230 videret.

507 5243 712 5294 Confer
755 5257 885 5306 qua
941 5244 1092 5296 idem
1138 5244 1376 5297 inferius
1411 5259 1571 5298 num.
1607 5247 1690 5302 17.
1720 5262 1837 5301 rem
1867 5251 1922 5300 in
1953 5249 2102 5302 hanc

512 5314 696 5378 ipsam
719 5315 931 5378 profert
955 5330 1025 5368 ex
1050 5318 1312 5380 Origene.
1341 5318 1447 5369 Sed
1473 5323 1529 5370 et
1557 5333 1660 5372 con
1671 5323 1791 5374 sulc
1810 5327 1986 5373 Hieron
1998 5325 2098 5382 ymi

512 5385 690 5456 Epist.
721 5385 842 5440 1‘24.
873 5387 944 5438 ad
970 5388 1124 5439 Avit.
1147 5401 1306 5440 num.
1330 5389 1414 5443 13.
1447 5396 1505 5443 et
1528 5405 1657 5456 qua
1686 5407 1794 5444 nos
1818 5395 1912 5446 ibi.

570 5455 590 5490 ί
623 5458 995 5510 Guarnerian.
1055 5461 1206 5510 tacet
1247 5475 1436 5522 came;
1467 5455 1590 5514 tum
1634 5465 1758 5512 inde
1813 5465 1949 5527 legit
2001 5477 2102 5526 pro

514 5527 676 5591 unde,
725 5533 783 5580 et
825 5541 962 5581 mox
1001 5529 1132 5594 plus
1175 5530 1348 5584 habet.
1373 5534 1931 5598 adjudiciumjurlea
1954 5535 2104 5584 vivo-

514 5613 659 5661 rum,
687 5604 794 5650 etc.
819 5603 904 5653 Ita
925 5601 1054 5652 etin
1077 5603 1456 5667 subsequenti
1475 5605 1840 5668 Apologiaad
1867 5609 2105 5657 Anasta-

517 5668 708 5790 sium,t
725 5671 825 5722 ubi
858 5677 915 5724 et
951 5673 1168 5738 vulgati
1191 5673 1317 5726 libri
1341 5675 1477 5728 illud
1497 5675 1670 5738 judex
1691 5688 1895 5726 nomrn
1926 5677 2100 5727 intrr—

517 5749 683 5790 serun
713 5777 724 5789 .

510 5749 724 5791 serunt.

2120 4516 2178 4588 D

2193 3233 2400 3298 pando.
2415 3233 2637 3284 Etenim
2655 3245 2785 3283 cum
2801 3245 3002 3284 omnes
3020 3231 3287 3284 Ecclesia
3305 3233 3315 3262 ί
3330 3236 3396 3281 ita
3409 3237 3670 3282 Sacramen
3680 3241 3784 3282 tum

2193 3323 2446 3385 Symboli
2473 3320 2716 3382 tradant,
2744 3326 2809 3372 ut
2832 3326 3133 3384 postquam
3159 3321 3408 3373 dixerint
3424 3327 3795 3386 peccatorum

2192 3411 2607 3470 remissionem,
2631 3410 2848 3461 addant
2859 3411 3045 3461 carnis
3068 3412 3562 3472 resurrectionem,
3590 3418 3798 3464 sancta

2193 3499 2578 3563 Aquileiensis
2602 3499 2857 3551 Ecclesia
2877 3499 2981 3550 Dei
3007 3501 3210 3564 spiritu
3236 3499 3458 3552 futuras
3481 3501 3795 3553 adversum

2193 3601 2302 3640 nos
2325 3588 2642 3640 calumnias
2673 3589 3042 3653 pravidente,
3070 3588 3168 3640 ubi
3195 3589 3364 3640 tradit
3398 3590 3586 3640 carnis
3610 3603 3798 3643 resur-

2194 3679 2528 3740 rectionem,
2548 3677 2708 3728 addit
2731 3677 2906 3729 unius
2939 3678 3293 3741 pronominis
3319 3678 3598 3742 syllabam
3615 3697 3626 3727 :
3643 3688 3690 3728 et
3705 3695 3794 3740 pro

2195 3781 2262 3820 eo
2309 3767 2466 3831 quod
2510 3767 2704 3819 cateri
2749 3767 2950 3818 dicunt
2983 3767 3166 3816 carnis
3198 3769 3652 3820 resurrectionem.
3686 3782 3796 3820 nos

2196 3857 2460 3919 dicimus,
2500 3857 2666 3922 hujus
2697 3857 2882 3906 carnis
2925 3857 3552 3919 resurrectionemJQuo
3576 3857 3796 3910 scilicet

2197 3947 2459 4005 frontem,
2488 3951 2554 3998 ut
2597 3960 2724 3997 mos
2771 3951 2879 4010 est,
2923 3947 2982 3998 in
3025 3947 3139 3998 fine
3195 3947 3444 4011 Symboli
3496 3948 3796 4011 signaculo

2199 4037 2602 4098 contingentes
2647 4051 2660 4087 :
2686 4040 2744 4087 et
2771 4048 2868 4088 ore
2902 4035 3088 4088 carnis
3112 4036 3307 4100 hujus,
3332 4036 3597 4089 videlicet
3620 4050 3791 4100 quam

2198 4127 2347 4178 conti
2355 4125 3044 4189 gimus,resurrectionem
3061 4125 3523 4189 fatentes,omnem
3538 4134 3794 4175 venenata

2203 4215 2512 4268 adversum
2526 4229 2633 4267 nos
2645 4215 2859 4280 lingua
2875 4215 3259 4268 calumniandi
3273 4215 3496 4267 aditum
3509 4221 3796 4280 perstrua-

2262 4387 2482 4449 tiIdem,
2534 4393 2580 4435 et
2626 4401 2795 4435 auras
2840 4390 3035 4449 tenues,
3087 4391 3144 4435 ut
3184 4385 3412 4451 quidam
3441 4386 3792 4436 calumnian-

2201 4465 2306 4520 tur,
2343 4465 2450 4511 etc.

2265 4531 2284 4560 ¹¹
2316 4531 2678 4584 Guarnerian.
2744 4543 2874 4590 ms.,
2931 4545 3062 4578 verae
3100 4529 3316 4594 integra
3357 4529 3540 4578 carnis
3586 4533 3789 4578 natura

2204 4603 2368 4666 hujus
2385 4611 2594 4654 nostra.

2263 4677 2275 4706 ί
2309 4677 2499 4728 Habet
2534 4681 2591 4728 et
2615 4674 2984 4726 Guarnerian.
3014 4687 3122 4724 ms.
3156 4671 3491 4724 adverbium
3516 4672 3614 4734 ita,
3640 4671 3792 4735 quod

2200 4749 2258 4798 et
2279 4761 2385 4798 nos
2419 4748 2640 4812 pridem
2666 4746 2998 4798 sutl‘ecimus
3029 4759 3099 4796 ex
3129 4745 3365 4807 antiqua
3389 4744 3652 4795 editione.
3680 4744 3790 4794 0b-

2201 4821 2484 4870 servanda
2518 4832 2684 4883 porro
2723 4821 2812 4870 est
2843 4821 3012 4868 vetus
3058 4815 3454 4867 Ecclesiastica
3477 4814 3789 4879 disciplina.

2201 4903 2332 4954 qua
2372 4903 2446 4941 ne
2491 4888 2741 4953 Symboli
2773 4901 3044 4940 arcanum
3081 4888 3153 4938 ad
3180 4887 3599 4952 pro-phanorum
3630 4899 3794 4937 aures

2202 4963 2541 5025 perveniret.
2573 4973 2936 5024 summopere
2955 4959 3193 5010 studuit.
3213 4958 3786 5018 S.Ambrosius,tl‘mm.

2200 5033 2408 5096 inquit,
2455 5048 2520 5080 ne.
2552 5035 2767 5082 incaute
2815 5031 3077 5093 Symboli,
3122 5031 3198 5079 vel
3220 5030 3513 5078 Dominica
3536 5030 3792 5077 orationis

2200 5105 2438 5168 divulges
2454 5106 2732 5168 mysteria.
2753 5103 2916 5155 Unde
2941 5109 2998 5154 et
3015 5116 3088 5154 ex
3111 5102 3235 5164 ipso
3248 5099 3788 5153 Catechumenorum

2201 5175 2399 5226 ordine
2426 5177 2561 5226 solis
2581 5175 3047 5240 Competentibus
3067 5173 3407 5224 tradebatur.
3428 5171 3786 5234 Nosterquod

2202 5248 2260 5296 in
2288 5249 2498 5310 vulgus
2522 5247 2740 5311 prodat,
2767 5245 3153 5310 respondendi
3176 5242 3512 5296 necessitate
3537 5246 3786 5294 excusat.

2205 5321 2489 5369 (laterum
2538 5319 2722 5370 recole
2771 5317 3300 5382 superiorem‘cjus
3347 5313 3680 5378 Apolotziam
3724 5313 3784 5362 ad

2204 5392 2597 5452 Anastasium,
2645 5395 2700 5440 et
2752 5389 3129 5454 Exposionem
3178 5389 3237 5438 in
3290 5385 3642 5450 Symbolum,
3699 5385 3785 5433 uti

2203 5463 2364 5513 vocis
2392 5462 2558 5526 hujus
2581 5461 3040 5512 additamentum
3067 5460 3127 5512 in
3161 5472 3284 5511 sua
3301 5458 3430 5509 ﬁdei
3451 5459 3787 5520 [)l‘OiCSSiuLU

2202 5532 2293 5582 bis
2321 5546 2390 5583 ac
2417 5533 2580 5584 tertio
2605 5538 2787 5594 urget.

2263 5612 2274 5642 ³
2313 5605 2435 5655 ΜΒ..
2471 5604 2615 5668 quod
2645 5609 2702 5655 et.
2723 5617 2858 5656 mox
2881 5603 2944 5652 in
2967 5605 3287 5666 ﬁnem.tum
3315 5600 3478 5661 intra,
3505 5605 3560 5646 ul
3586 5614 3780 5648 enaret":

2205 5679 2468 5724 renouata:
2493 5679 2600 5725 etc.
