  <div class='ocr_page' id='page_1' title='image "/cluster/home/n/w/nwhite01/storage/ocr_20150623/21/umn.319510024773153/276.png"; bbox 0 0 3900 6392; ppageno 0'>
   <div class='ocr_carea' id='block_1_1' title="bbox 90 418 194 473">
    <p class='ocr_par' dir='ltr' id='par_1_1' title="bbox 90 418 194 473">
     <span class='ocr_line' id='line_1_1' title="bbox 90 418 194 473; baseline 0.01 -1"><span class='ocrx_word' id='word_1_1' title='bbox 90 418 194 473; x_wconf 76' lang='grc'>545</span> 
     </span>
    </p>
   </div>
   <div class='ocr_carea' id='block_1_2' title="bbox 1184 413 2210 477">
    <p class='ocr_par' dir='ltr' id='par_1_2' title="bbox 1184 413 2210 477">
     <span class='ocr_line' id='line_1_2' title="bbox 1184 413 2210 477; baseline -0.001 -12"><span class='ocrx_word' id='word_1_2' title='bbox 1184 460 1193 477; x_wconf 75' lang='grc'><em>,</em></span> <span class='ocrx_word' id='word_1_3' title='bbox 1248 413 1623 467; x_wconf 73' lang='lat' dir='ltr'>APOLOGIE</span> <span class='ocrx_word' id='word_1_4' title='bbox 1672 414 1881 466; x_wconf 86' lang='lat' dir='ltr'>LIBER</span> <span class='ocrx_word' id='word_1_5' title='bbox 1930 415 2210 468; x_wconf 85' lang='lat' dir='ltr'>PRIMUS.</span> 
     </span>
    </p>
   </div>
   <div class='ocr_carea' id='block_1_3' title="bbox 3270 422 3377 478">
    <p class='ocr_par' dir='ltr' id='par_1_3' title="bbox 3270 422 3377 478">
     <span class='ocr_line' id='line_1_3' title="bbox 3270 422 3377 478; baseline 0.009 -1"><span class='ocrx_word' id='word_1_6' title='bbox 3270 422 3377 478; x_wconf 76' lang='grc'>546</span> 
     </span>
    </p>
   </div>
   <div class='ocr_carea' id='block_1_4' title="bbox 88 525 3380 602">
    <p class='ocr_par' dir='ltr' id='par_1_4' title="bbox 88 525 3380 602">
     <span class='ocr_line' id='line_1_4' title="bbox 88 525 3380 602; baseline 0 -20"><span class='ocrx_word' id='word_1_7' title='bbox 88 543 236 582; x_wconf 88' lang='lat' dir='ltr'>mus.</span> <span class='ocrx_word' id='word_1_8' title='bbox 268 530 369 580; x_wconf 86' lang='lat' dir='ltr'>Est</span> <span class='ocrx_word' id='word_1_9' title='bbox 390 540 464 579; x_wconf 91' lang='lat' dir='ltr'>ne</span> <span class='ocrx_word' id='word_1_10' title='bbox 489 526 706 590; x_wconf 87' lang='lat' dir='ltr'>aliquid</span> <span class='ocrx_word' id='word_1_11' title='bbox 741 527 848 577; x_wconf 90' lang='lat' dir='ltr'>hac</span> <span class='ocrx_word' id='word_1_12' title='bbox 884 526 1237 577; x_wconf 84' lang='lat' dir='ltr'>confessione</span> <span class='ocrx_word' id='word_1_13' title='bbox 1261 525 1524 589; x_wconf 80' lang='lat' dir='ltr'>plenius?</span> <span class='ocrx_word' id='word_1_14' title='bbox 1546 535 1565 554; x_wconf 75' lang='grc'><strong><em>³</em></strong></span> <span class='ocrx_word' id='word_1_15' title='bbox 1594 529 1684 577; x_wconf 90' lang='lat' dir='ltr'>est</span> <span class='ocrx_word' id='word_1_16' title='bbox 1704 530 1755 602; x_wconf 76' lang='grc' dir='ltr'><strong>Α</strong></span> <span class='ocrx_word' id='word_1_17' title='bbox 1781 543 1847 577; x_wconf 74' lang='lat' dir='ltr'>ea:</span> <span class='ocrx_word' id='word_1_18' title='bbox 1871 527 2099 576; x_wconf 81' lang='lat' dir='ltr'>mort-uis</span> <span class='ocrx_word' id='word_1_19' title='bbox 2127 546 2140 576; x_wconf 84' lang='lat'><strong>:</strong></span> <span class='ocrx_word' id='word_1_20' title='bbox 2168 530 2309 577; x_wconf 86' lang='lat' dir='ltr'>utsit</span> <span class='ocrx_word' id='word_1_21' title='bbox 2330 528 2389 577; x_wconf 88' lang='lat' dir='ltr'>in</span> <span class='ocrx_word' id='word_1_22' title='bbox 2415 528 2666 578; x_wconf 82' lang='lat' dir='ltr'>omnibus</span> <span class='ocrx_word' id='word_1_23' title='bbox 2688 529 2799 594; x_wconf 84' lang='lat' dir='ltr'>ipse</span> <span class='ocrx_word' id='word_1_24' title='bbox 2820 528 2843 560; x_wconf 77' lang='grc'><strong><em>⁸·</em></strong></span> <span class='ocrx_word' id='word_1_25' title='bbox 2870 530 3177 594; x_wconf 83' lang='lat' dir='ltr'>primatum</span> <span class='ocrx_word' id='word_1_26' title='bbox 3198 536 3380 583; x_wconf 85' lang='lat' dir='ltr'>tenens</span> 
     </span>
    </p>
   </div>
   <div class='ocr_carea' id='block_1_5' title="bbox 84 614 1681 682">
    <p class='ocr_par' dir='ltr' id='par_1_5' title="bbox 84 614 1681 682">
     <span class='ocr_line' id='line_1_5' title="bbox 84 614 1681 682; baseline -0.004 -13"><span class='ocrx_word' id='word_1_27' title='bbox 84 618 299 682; x_wconf 84' lang='lat' dir='ltr'>aliquid</span> <span class='ocrx_word' id='word_1_28' title='bbox 317 619 428 668; x_wconf 87' lang='lat' dir='ltr'>ista</span> <span class='ocrx_word' id='word_1_29' title='bbox 439 616 798 681; x_wconf 79' lang='lat' dir='ltr'>expositione</span> <span class='ocrx_word' id='word_1_30' title='bbox 814 614 1119 679; x_wconf 76' lang='lat' dir='ltr'>perfectius</span> <span class='ocrx_word' id='word_1_31' title='bbox 1134 619 1159 664; x_wconf 66' lang='grc' dir='ltr'>γ</span> <span class='ocrx_word' id='word_1_32' title='bbox 1173 615 1279 665; x_wconf 87' lang='lat' dir='ltr'>Sed</span> <span class='ocrx_word' id='word_1_33' title='bbox 1297 614 1438 665; x_wconf 85' lang='lat' dir='ltr'>nihil</span> <span class='ocrx_word' id='word_1_34' title='bbox 1456 620 1521 666; x_wconf 93' lang='lat' dir='ltr'>ut</span> <span class='ocrx_word' id='word_1_35' title='bbox 1538 618 1681 663; x_wconf 87' lang='lat' dir='ltr'>video</span> 
     </span>
    </p>
   </div>
   <div class='ocr_carea' id='block_1_6' title="bbox 84 704 1679 772">
    <p class='ocr_par' dir='ltr' id='par_1_6' title="bbox 84 704 1679 772">
     <span class='ocr_line' id='line_1_6' title="bbox 84 704 1679 772; baseline -0.003 -14"><span class='ocrx_word' id='word_1_36' title='bbox 84 707 297 772; x_wconf 90' lang='lat' dir='ltr'>profuit</span> <span class='ocrx_word' id='word_1_37' title='bbox 338 706 506 756; x_wconf 88' lang='lat' dir='ltr'>nobis</span> <span class='ocrx_word' id='word_1_38' title='bbox 552 704 775 756; x_wconf 79' lang='lat' dir='ltr'>cautela</span> <span class='ocrx_word' id='word_1_39' title='bbox 818 704 945 756; x_wconf 76' lang='lat' dir='ltr'>haec</span> <span class='ocrx_word' id='word_1_40' title='bbox 994 706 1150 755; x_wconf 87' lang='lat' dir='ltr'>tanta</span> <span class='ocrx_word' id='word_1_41' title='bbox 1198 704 1441 767; x_wconf 75' lang='lat' dir='ltr'>Spiritus</span> <span class='ocrx_word' id='word_1_42' title='bbox 1473 704 1679 755; x_wconf 79' lang='lat' dir='ltr'>Sancti.</span> 
     </span>
    </p>
   </div>
   <div class='ocr_carea' id='block_1_7' title="bbox 83 792 1683 858">
    <p class='ocr_par' dir='ltr' id='par_1_7' title="bbox 83 792 1683 858">
     <span class='ocr_line' id='line_1_7' title="bbox 83 792 1683 858; baseline -0.004 -9"><span class='ocrx_word' id='word_1_43' title='bbox 83 798 397 849; x_wconf 86' lang='lat' dir='ltr'>Inveniunt</span> <span class='ocrx_word' id='word_1_44' title='bbox 411 796 597 846; x_wconf 82' lang='lat' dir='ltr'>adhuc</span> <span class='ocrx_word' id='word_1_45' title='bbox 618 795 766 845; x_wconf 84' lang='lat' dir='ltr'>male</span> <span class='ocrx_word' id='word_1_46' title='bbox 782 793 1052 858; x_wconf 79' lang='lat' dir='ltr'>loquaces</span> <span class='ocrx_word' id='word_1_47' title='bbox 1066 792 1281 857; x_wconf 67' lang='lat' dir='ltr'>linguae</span> <span class='ocrx_word' id='word_1_48' title='bbox 1295 792 1683 845; x_wconf 75' lang='lat' dir='ltr'>calumniandi</span> 
     </span>
    </p>
   </div>
   <div class='ocr_carea' id='block_1_8' title="bbox 81 882 1686 947">
    <p class='ocr_par' dir='ltr' id='par_1_8' title="bbox 81 882 1686 947">
     <span class='ocr_line' id='line_1_8' title="bbox 81 882 1686 947; baseline -0.005 -9"><span class='ocrx_word' id='word_1_49' title='bbox 81 888 289 938; x_wconf 88' lang='lat' dir='ltr'>locum.</span> <span class='ocrx_word' id='word_1_50' title='bbox 304 886 577 946; x_wconf 83' lang='lat' dir='ltr'>Membra,</span> <span class='ocrx_word' id='word_1_51' title='bbox 595 884 802 947; x_wconf 79' lang='lat' dir='ltr'>inquit,</span> <span class='ocrx_word' id='word_1_52' title='bbox 821 884 1051 947; x_wconf 82' lang='lat' dir='ltr'>singula</span> <span class='ocrx_word' id='word_1_53' title='bbox 1068 882 1411 934; x_wconf 81' lang='lat' dir='ltr'>nominatim</span> <span class='ocrx_word' id='word_1_54' title='bbox 1430 886 1531 931; x_wconf 83' lang='lat' dir='ltr'>nisi</span> <span class='ocrx_word' id='word_1_55' title='bbox 1549 886 1686 931; x_wconf 78' lang='lat' dir='ltr'>dixe-</span> 
     </span>
    </p>
   </div>
   <div class='ocr_carea' id='block_1_9' title="bbox 83 971 1681 1038">
    <p class='ocr_par' dir='ltr' id='par_1_9' title="bbox 83 971 1681 1038">
     <span class='ocr_line' id='line_1_9' title="bbox 83 971 1681 1038; baseline -0.002 -12"><span class='ocrx_word' id='word_1_56' title='bbox 83 976 175 1038; x_wconf 91' lang='lat' dir='ltr'>ris,</span> <span class='ocrx_word' id='word_1_57' title='bbox 207 980 266 1027; x_wconf 92' lang='lat' dir='ltr'>et</span> <span class='ocrx_word' id='word_1_58' title='bbox 302 978 473 1037; x_wconf 82' lang='lat' dir='ltr'>caput</span> <span class='ocrx_word' id='word_1_59' title='bbox 497 985 629 1025; x_wconf 91' lang='lat' dir='ltr'>cum</span> <span class='ocrx_word' id='word_1_60' title='bbox 654 972 870 1037; x_wconf 87' lang='lat' dir='ltr'>capillis</span> <span class='ocrx_word' id='word_1_61' title='bbox 903 972 1043 1033; x_wconf 88' lang='lat' dir='ltr'>suis,</span> <span class='ocrx_word' id='word_1_62' title='bbox 1068 985 1297 1035; x_wconf 90' lang='lat' dir='ltr'>manus,</span> <span class='ocrx_word' id='word_1_63' title='bbox 1318 971 1512 1036; x_wconf 83' lang='lat' dir='ltr'>pedes,</span> <span class='ocrx_word' id='word_1_64' title='bbox 1540 984 1681 1023; x_wconf 90' lang='lat' dir='ltr'>ven-</span> 
     </span>
    </p>
   </div>
   <div class='ocr_carea' id='block_1_10' title="bbox 85 1061 1680 1129">
    <p class='ocr_par' dir='ltr' id='par_1_10' title="bbox 85 1061 1680 1129">
     <span class='ocr_line' id='line_1_10' title="bbox 85 1061 1680 1129; baseline -0.003 -14"><span class='ocrx_word' id='word_1_65' title='bbox 85 1070 247 1129; x_wconf 86' lang='lat' dir='ltr'>trem,</span> <span class='ocrx_word' id='word_1_66' title='bbox 272 1068 445 1126; x_wconf 84' lang='lat' dir='ltr'>atque</span> <span class='ocrx_word' id='word_1_67' title='bbox 480 1075 546 1114; x_wconf 92' lang='lat' dir='ltr'>ea</span> <span class='ocrx_word' id='word_1_68' title='bbox 569 1074 702 1125; x_wconf 68' lang='lat' dir='ltr'>quas</span> <span class='ocrx_word' id='word_1_69' title='bbox 729 1062 839 1112; x_wconf 89' lang='lat' dir='ltr'>sub</span> <span class='ocrx_word' id='word_1_70' title='bbox 862 1066 1062 1114; x_wconf 81' lang='lat' dir='ltr'>ventre</span> <span class='ocrx_word' id='word_1_71' title='bbox 1087 1066 1240 1122; x_wconf 92' lang='lat' dir='ltr'>sunt,</span> <span class='ocrx_word' id='word_1_72' title='bbox 1267 1061 1288 1089; x_wconf 77' lang='grc' dir='ltr'>ι’</span> <span class='ocrx_word' id='word_1_73' title='bbox 1310 1061 1420 1111; x_wconf 88' lang='lat' dir='ltr'>nisi</span> <span class='ocrx_word' id='word_1_74' title='bbox 1444 1074 1680 1125; x_wconf 84' lang='lat' dir='ltr'>expres-</span> 
     </span>
    </p>
   </div>
   <div class='ocr_carea' id='block_1_11' title="bbox 84 1149 1620 1216">
    <p class='ocr_par' dir='ltr' id='par_1_11' title="bbox 84 1149 1620 1216">
     <span class='ocr_line' id='line_1_11' title="bbox 84 1149 1620 1216; baseline -0.001 -13"><span class='ocrx_word' id='word_1_75' title='bbox 84 1152 204 1203; x_wconf 87' lang='lat' dir='ltr'>sius</span> <span class='ocrx_word' id='word_1_76' title='bbox 228 1151 641 1216; x_wconf 88' lang='lat' dir='ltr'>designaveris,</span> <span class='ocrx_word' id='word_1_77' title='bbox 660 1151 848 1202; x_wconf 88' lang='lat' dir='ltr'>carnis</span> <span class='ocrx_word' id='word_1_78' title='bbox 873 1150 1352 1202; x_wconf 84' lang='lat' dir='ltr'>resurrectionem</span> <span class='ocrx_word' id='word_1_79' title='bbox 1376 1149 1620 1214; x_wconf 87' lang='lat' dir='ltr'>negasti.</span> 
     </span>
    </p>
   </div>
   <div class='ocr_carea' id='block_1_12' title="bbox 142 1239 1688 1303">
    <p class='ocr_par' dir='ltr' id='par_1_12' title="bbox 142 1239 1688 1303">
     <span class='ocr_line' id='line_1_12' title="bbox 142 1239 1688 1303; baseline -0.006 -7"><span class='ocrx_word' id='word_1_80' title='bbox 142 1242 191 1296; x_wconf 84' lang='lat'>6.</span> <span class='ocrx_word' id='word_1_81' title='bbox 232 1242 371 1293; x_wconf 72' lang='lat' dir='ltr'>Hazc</span> <span class='ocrx_word' id='word_1_82' title='bbox 395 1246 531 1292; x_wconf 89' lang='lat' dir='ltr'>sunt</span> <span class='ocrx_word' id='word_1_83' title='bbox 558 1239 769 1291; x_wconf 88' lang='lat' dir='ltr'>novelli</span> <span class='ocrx_word' id='word_1_84' title='bbox 802 1240 1076 1303; x_wconf 85' lang='lat' dir='ltr'>sapientis</span> <span class='ocrx_word' id='word_1_85' title='bbox 1102 1240 1357 1303; x_wconf 79' lang='lat' dir='ltr'>inventa,</span> <span class='ocrx_word' id='word_1_86' title='bbox 1383 1254 1497 1299; x_wconf 76' lang='lat' dir='ltr'>quae</span> <span class='ocrx_word' id='word_1_87' title='bbox 1522 1242 1688 1288; x_wconf 87' lang='lat' dir='ltr'>beatos</span> 
     </span>
    </p>
   </div>
   <div class='ocr_carea' id='block_1_13' title="bbox 80 1329 1688 1395">
    <p class='ocr_par' dir='ltr' id='par_1_13' title="bbox 80 1329 1688 1395">
     <span class='ocr_line' id='line_1_13' title="bbox 80 1329 1688 1395; baseline -0.001 -13"><span class='ocrx_word' id='word_1_88' title='bbox 80 1331 387 1395; x_wconf 81' lang='lat' dir='ltr'>Apostolos</span> <span class='ocrx_word' id='word_1_89' title='bbox 413 1330 699 1382; x_wconf 85' lang='lat' dir='ltr'>tradentes</span> <span class='ocrx_word' id='word_1_90' title='bbox 723 1329 898 1381; x_wconf 84' lang='lat' dir='ltr'>iidem</span> <span class='ocrx_word' id='word_1_91' title='bbox 921 1330 1189 1381; x_wconf 65' lang='lat' dir='ltr'>Ecclesiae</span> <span class='ocrx_word' id='word_1_92' title='bbox 1222 1329 1543 1380; x_wconf 84' lang='lat' dir='ltr'>latuerunt:</span> <span class='ocrx_word' id='word_1_93' title='bbox 1578 1342 1688 1381; x_wconf 90' lang='lat' dir='ltr'>nec</span> 
     </span>
    </p>
   </div>
   <div class='ocr_carea' id='block_1_14' title="bbox 83 1402 1690 1483">
    <p class='ocr_par' dir='ltr' id='par_1_14' title="bbox 83 1402 1690 1483">
     <span class='ocr_line' id='line_1_14' title="bbox 83 1402 1690 1483; baseline -0.001 -11"><span class='ocrx_word' id='word_1_94' title='bbox 83 1421 178 1472; x_wconf 91' lang='lat' dir='ltr'>ulli</span> <span class='ocrx_word' id='word_1_95' title='bbox 220 1421 559 1472; x_wconf 90' lang='lat' dir='ltr'>Sanctorum</span> <span class='ocrx_word' id='word_1_96' title='bbox 602 1419 713 1469; x_wconf 86' lang='lat' dir='ltr'>nisi</span> <span class='ocrx_word' id='word_1_97' title='bbox 757 1402 1043 1469; x_wconf 15' lang='lat' dir='ltr'>huic‘soli</span> <span class='ocrx_word' id='word_1_98' title='bbox 1066 1431 1164 1483; x_wconf 91' lang='lat' dir='ltr'>per</span> <span class='ocrx_word' id='word_1_99' title='bbox 1187 1418 1378 1469; x_wconf 85' lang='lat' dir='ltr'>carnis</span> <span class='ocrx_word' id='word_1_100' title='bbox 1418 1419 1690 1482; x_wconf 88' lang='lat' dir='ltr'>spiritum</span> 
     </span>
    </p>
   </div>
   <div class='ocr_carea' id='block_1_15' title="bbox 82 1507 1673 1570">
    <p class='ocr_par' dir='ltr' id='par_1_15' title="bbox 82 1507 1673 1570">
     <span class='ocr_line' id='line_1_15' title="bbox 82 1507 1673 1570; baseline -0.004 -8"><span class='ocrx_word' id='word_1_101' title='bbox 82 1508 335 1562; x_wconf 85' lang='lat' dir='ltr'>revelata</span> <span class='ocrx_word' id='word_1_102' title='bbox 351 1513 506 1561; x_wconf 91' lang='lat' dir='ltr'>sunt.</span> <span class='ocrx_word' id='word_1_103' title='bbox 531 1510 629 1559; x_wconf 80' lang='lat' dir='ltr'>Et°</span> <span class='ocrx_word' id='word_1_104' title='bbox 644 1520 799 1559; x_wconf 91' lang='lat' dir='ltr'>nunc</span> <span class='ocrx_word' id='word_1_105' title='bbox 816 1507 1150 1559; x_wconf 86' lang='lat' dir='ltr'>indecenter</span> <span class='ocrx_word' id='word_1_106' title='bbox 1172 1508 1411 1570; x_wconf 89' lang='lat' dir='ltr'>quidem</span> <span class='ocrx_word' id='word_1_107' title='bbox 1436 1510 1673 1569; x_wconf 82' lang='lat' dir='ltr'>proponit</span> 
     </span>
    </p>
   </div>
   <div class='ocr_carea' id='block_1_16' title="bbox 82 1597 1692 1661">
    <p class='ocr_par' dir='ltr' id='par_1_16' title="bbox 82 1597 1692 1661">
     <span class='ocr_line' id='line_1_16' title="bbox 82 1597 1692 1661; baseline -0.001 -11"><span class='ocrx_word' id='word_1_108' title='bbox 82 1600 177 1650; x_wconf 80' lang='lat' dir='ltr'>sed</span> <span class='ocrx_word' id='word_1_109' title='bbox 223 1598 425 1650; x_wconf 87' lang='lat' dir='ltr'>audiat</span> <span class='ocrx_word' id='word_1_110' title='bbox 462 1602 519 1649; x_wconf 84' lang='lat' dir='ltr'>et</span> <span class='ocrx_word' id='word_1_111' title='bbox 550 1597 850 1649; x_wconf 88' lang='lat' dir='ltr'>honestius</span> <span class='ocrx_word' id='word_1_112' title='bbox 895 1601 951 1647; x_wconf 93' lang='lat' dir='ltr'>et</span> <span class='ocrx_word' id='word_1_113' title='bbox 986 1597 1180 1649; x_wconf 88' lang='lat' dir='ltr'>verius</span> <span class='ocrx_word' id='word_1_114' title='bbox 1203 1609 1380 1660; x_wconf 90' lang='lat' dir='ltr'>quam</span> <span class='ocrx_word' id='word_1_115' title='bbox 1406 1599 1692 1661; x_wconf 89' lang='lat' dir='ltr'>proponit.</span> 
     </span>
    </p>
   </div>
   <div class='ocr_carea' id='block_1_17' title="bbox 91 1686 1697 1751">
    <p class='ocr_par' dir='ltr' id='par_1_17' title="bbox 91 1686 1697 1751">
     <span class='ocr_line' id='line_1_17' title="bbox 91 1686 1697 1751; baseline -0.001 -11"><span class='ocrx_word' id='word_1_116' title='bbox 91 1688 361 1741; x_wconf 61' lang='lat' dir='ltr'>Primitiae</span> <span class='ocrx_word' id='word_1_117' title='bbox 386 1686 797 1739; x_wconf 88' lang='lat' dir='ltr'>dormientium</span> <span class='ocrx_word' id='word_1_118' title='bbox 822 1686 1083 1737; x_wconf 86' lang='lat' dir='ltr'>Christus</span> <span class='ocrx_word' id='word_1_119' title='bbox 1099 1689 1202 1748; x_wconf 86' lang='lat' dir='ltr'>est,</span> <span class='ocrx_word' id='word_1_120' title='bbox 1223 1686 1321 1749; x_wconf 89' lang='lat' dir='ltr'>qui</span> <span class='ocrx_word' id='word_1_121' title='bbox 1339 1691 1397 1737; x_wconf 92' lang='lat' dir='ltr'>et</span> <span class='ocrx_word' id='word_1_122' title='bbox 1413 1687 1697 1751; x_wconf 86' lang='lat' dir='ltr'>primoge-</span> 
     </span>
    </p>
   </div>
   <div class='ocr_carea' id='block_1_18' title="bbox 1783 616 3383 685">
    <p class='ocr_par' dir='ltr' id='par_1_18' title="bbox 1783 616 3383 685">
     <span class='ocr_line' id='line_1_18' title="bbox 1783 616 3383 685; baseline 0.003 -16"><span class='ocrx_word' id='word_1_123' title='bbox 1783 619 1992 683; x_wconf 84' lang='lat' dir='ltr'>(Coloss.</span> <span class='ocrx_word' id='word_1_124' title='bbox 2024 618 2072 672; x_wconf 81' lang='grc'><strong>1.</strong></span> <span class='ocrx_word' id='word_1_125' title='bbox 2100 616 2206 682; x_wconf 90' lang='grc'>18.)</span> <span class='ocrx_word' id='word_1_126' title='bbox 2233 633 2245 668; x_wconf 93' lang='lat'><strong>:</strong></span> <span class='ocrx_word' id='word_1_127' title='bbox 2289 618 2423 679; x_wconf 89' lang='lat' dir='ltr'>quid</span> <span class='ocrx_word' id='word_1_128' title='bbox 2461 618 2702 670; x_wconf 87' lang='lat' dir='ltr'>inaniter</span> <span class='ocrx_word' id='word_1_129' title='bbox 2723 620 3030 671; x_wconf 88' lang='lat' dir='ltr'>verborum</span> <span class='ocrx_word' id='word_1_130' title='bbox 3053 634 3299 685; x_wconf 86' lang='lat' dir='ltr'>pugnas,</span> <span class='ocrx_word' id='word_1_131' title='bbox 3326 626 3383 674; x_wconf 90' lang='lat' dir='ltr'>et</span> 
     </span>
    </p>
   </div>
   <div class='ocr_carea' id='block_1_19' title="bbox 1780 708 3378 775">
    <p class='ocr_par' dir='ltr' id='par_1_19' title="bbox 1780 708 3378 775">
     <span class='ocr_line' id='line_1_19' title="bbox 1780 708 3378 775; baseline -0.001 -14"><span class='ocrx_word' id='word_1_132' title='bbox 1780 711 2059 761; x_wconf 88' lang='lat' dir='ltr'>malarum</span> <span class='ocrx_word' id='word_1_133' title='bbox 2074 708 2460 772; x_wconf 89' lang='lat' dir='ltr'>suspicionum</span> <span class='ocrx_word' id='word_1_134' title='bbox 2473 708 2787 760; x_wconf 86' lang='lat' dir='ltr'>certamina</span> <span class='ocrx_word' id='word_1_135' title='bbox 2802 722 3378 775; x_wconf 85' lang='lat' dir='ltr'>commovemus,cum</span> 
     </span>
    </p>
   </div>
   <div class='ocr_carea' id='block_1_20' title="bbox 1781 798 3380 862">
    <p class='ocr_par' dir='ltr' id='par_1_20' title="bbox 1781 798 3380 862">
     <span class='ocr_line' id='line_1_20' title="bbox 1781 798 3380 862; baseline 0.001 -12"><span class='ocrx_word' id='word_1_136' title='bbox 1781 800 1841 850; x_wconf 90' lang='lat' dir='ltr'>in</span> <span class='ocrx_word' id='word_1_137' title='bbox 1860 812 1925 850; x_wconf 80' lang='lat' dir='ltr'>ea</span> <span class='ocrx_word' id='word_1_138' title='bbox 1941 798 2302 850; x_wconf 84' lang='lat' dir='ltr'>confessione</span> <span class='ocrx_word' id='word_1_139' title='bbox 2324 809 2499 861; x_wconf 89' lang='lat' dir='ltr'>quam</span> <span class='ocrx_word' id='word_1_140' title='bbox 2517 811 2691 862; x_wconf 88' lang='lat' dir='ltr'>supra</span> <span class='ocrx_word' id='word_1_141' title='bbox 2701 798 2960 862; x_wconf 83' lang='lat' dir='ltr'>exposui,</span> <span class='ocrx_word' id='word_1_142' title='bbox 2980 799 3380 852; x_wconf 87' lang='lat' dir='ltr'>Ecclesiastica</span> 
     </span>
    </p>
   </div>
   <div class='ocr_carea' id='block_1_21' title="bbox 1782 886 3379 950">
    <p class='ocr_par' dir='ltr' id='par_1_21' title="bbox 1782 886 3379 950">
     <span class='ocr_line' id='line_1_21' title="bbox 1782 886 3379 950; baseline 0.001 -11"><span class='ocrx_word' id='word_1_143' title='bbox 1782 889 1924 939; x_wconf 83' lang='lat' dir='ltr'>fides</span> <span class='ocrx_word' id='word_1_144' title='bbox 1947 892 2186 945; x_wconf 88' lang='lat' dir='ltr'>constet,</span> <span class='ocrx_word' id='word_1_145' title='bbox 2210 891 2268 938; x_wconf 91' lang='lat' dir='ltr'>et</span> <span class='ocrx_word' id='word_1_146' title='bbox 2283 887 2497 937; x_wconf 88' lang='lat' dir='ltr'>clarum</span> <span class='ocrx_word' id='word_1_147' title='bbox 2515 888 2589 937; x_wconf 90' lang='lat' dir='ltr'>sit</span> <span class='ocrx_word' id='word_1_148' title='bbox 2604 886 2759 950; x_wconf 91' lang='lat' dir='ltr'>quod</span> <span class='ocrx_word' id='word_1_149' title='bbox 2770 887 2842 939; x_wconf 88' lang='lat' dir='ltr'>ad</span> <span class='ocrx_word' id='word_1_150' title='bbox 2858 888 3243 940; x_wconf 88' lang='lat' dir='ltr'>incusandum</span> <span class='ocrx_word' id='word_1_151' title='bbox 3259 902 3379 941; x_wconf 92' lang='lat' dir='ltr'>non</span> 
     </span>
    </p>
   </div>
   <div class='ocr_carea' id='block_1_22' title="bbox 1782 975 3383 1041">
    <p class='ocr_par' dir='ltr' id='par_1_22' title="bbox 1782 975 3383 1041">
     <span class='ocr_line' id='line_1_22' title="bbox 1782 975 3383 1041; baseline 0 -12"><span class='ocrx_word' id='word_1_152' title='bbox 1782 981 2016 1029; x_wconf 80' lang='lat' dir='ltr'>moveat</span> <span class='ocrx_word' id='word_1_153' title='bbox 2068 977 2318 1039; x_wconf 86' lang='lat' dir='ltr'>aliquem</span> <span class='ocrx_word' id='word_1_154' title='bbox 2366 975 2673 1027; x_wconf 88' lang='lat' dir='ltr'>diversitas</span> <span class='ocrx_word' id='word_1_155' title='bbox 2716 975 2867 1039; x_wconf 83' lang='lat' dir='ltr'>fidei,</span> <span class='ocrx_word' id='word_1_156' title='bbox 2912 976 3013 1028; x_wconf 91' lang='lat' dir='ltr'>sed</span> <span class='ocrx_word' id='word_1_157' title='bbox 3036 978 3383 1041; x_wconf 84' lang='lat' dir='ltr'>perversitas</span> 
     </span>
    </p>
   </div>
   <div class='ocr_carea' id='block_1_23' title="bbox 1783 1063 3379 1127">
    <p class='ocr_par' dir='ltr' id='par_1_23' title="bbox 1783 1063 3379 1127">
     <span class='ocr_line' id='line_1_23' title="bbox 1783 1063 3379 1127; baseline 0 -8"><span class='ocrx_word' id='word_1_158' title='bbox 1783 1067 1978 1119; x_wconf 87' lang='lat' dir='ltr'>animi.</span> <span class='ocrx_word' id='word_1_159' title='bbox 2004 1066 2215 1116; x_wconf 87' lang='lat' dir='ltr'>Verum</span> <span class='ocrx_word' id='word_1_160' title='bbox 2238 1065 2508 1127; x_wconf 88' lang='lat' dir='ltr'>quoniam</span> <span class='ocrx_word' id='word_1_161' title='bbox 2522 1063 2583 1115; x_wconf 90' lang='lat' dir='ltr'>in</span> <span class='ocrx_word' id='word_1_162' title='bbox 2601 1064 2710 1115; x_wconf 89' lang='lat' dir='ltr'>hoc</span> <span class='ocrx_word' id='word_1_163' title='bbox 2726 1063 2849 1116; x_wconf 94' lang='lat' dir='ltr'>loco</span> <span class='ocrx_word' id='word_1_164' title='bbox 2861 1078 2995 1117; x_wconf 91' lang='lat' dir='ltr'>cum</span> <span class='ocrx_word' id='word_1_165' title='bbox 3012 1065 3082 1118; x_wconf 89' lang='lat' dir='ltr'>de</span> <span class='ocrx_word' id='word_1_166' title='bbox 3093 1078 3379 1119; x_wconf 84' lang='lat' dir='ltr'>resurrec-</span> 
     </span>
    </p>
   </div>
   <div class='ocr_carea' id='block_1_24' title="bbox 1787 1150 3383 1219">
    <p class='ocr_par' dir='ltr' id='par_1_24' title="bbox 1787 1150 3383 1219">
     <span class='ocr_line' id='line_1_24' title="bbox 1787 1150 3383 1219; baseline -0.001 -12"><span class='ocrx_word' id='word_1_167' title='bbox 1787 1157 1939 1207; x_wconf 89' lang='lat' dir='ltr'>tione</span> <span class='ocrx_word' id='word_1_168' title='bbox 1983 1153 2171 1206; x_wconf 89' lang='lat' dir='ltr'>carnis</span> <span class='ocrx_word' id='word_1_169' title='bbox 2213 1157 2493 1217; x_wconf 82' lang='lat' dir='ltr'>argueret,</span> <span class='ocrx_word' id='word_1_170' title='bbox 2522 1150 2677 1219; x_wconf 86' lang='lat'>3|3</span> <span class='ocrx_word' id='word_1_171' title='bbox 2707 1156 2771 1204; x_wconf 91' lang='lat' dir='ltr'>ut</span> <span class='ocrx_word' id='word_1_172' title='bbox 2785 1153 2838 1204; x_wconf 89' lang='lat' dir='ltr'>ei</span> <span class='ocrx_word' id='word_1_173' title='bbox 2868 1165 2993 1204; x_wconf 90' lang='lat' dir='ltr'>mos</span> <span class='ocrx_word' id='word_1_174' title='bbox 3016 1157 3121 1216; x_wconf 90' lang='lat' dir='ltr'>est,</span> <span class='ocrx_word' id='word_1_175' title='bbox 3151 1154 3383 1206; x_wconf 88' lang='lat' dir='ltr'>miscuit</span> 
     </span>
    </p>
   </div>
   <div class='ocr_carea' id='block_1_25' title="bbox 1790 1240 3385 1303">
    <p class='ocr_par' dir='ltr' id='par_1_25' title="bbox 1790 1240 3385 1303">
     <span class='ocr_line' id='line_1_25' title="bbox 1790 1240 3385 1303; baseline -0.003 -9"><span class='ocrx_word' id='word_1_176' title='bbox 1790 1243 1950 1294; x_wconf 89' lang='lat' dir='ltr'>seriis</span> <span class='ocrx_word' id='word_1_177' title='bbox 1973 1242 2209 1294; x_wconf 89' lang='lat' dir='ltr'>ridicula</span> <span class='ocrx_word' id='word_1_178' title='bbox 2232 1247 2289 1294; x_wconf 89' lang='lat' dir='ltr'>et</span> <span class='ocrx_word' id='word_1_179' title='bbox 2311 1241 2545 1294; x_wconf 89' lang='lat' dir='ltr'>ludicra.</span> <span class='ocrx_word' id='word_1_180' title='bbox 2573 1242 2799 1293; x_wconf 91' lang='lat' dir='ltr'>dicens:</span> <span class='ocrx_word' id='word_1_181' title='bbox 2820 1263 2846 1287; x_wconf 69' lang='grc' dir='ltr'><strong>α</strong></span> <span class='ocrx_word' id='word_1_182' title='bbox 2870 1240 3131 1293; x_wconf 84' lang='lat' dir='ltr'>Mulieres</span> <span class='ocrx_word' id='word_1_183' title='bbox 3144 1245 3385 1303; x_wconf 84' lang='lat' dir='ltr'>quasdam</span> 
     </span>
    </p>
   </div>
   <div class='ocr_carea' id='block_1_26' title="bbox 1789 1329 3385 1395">
    <p class='ocr_par' dir='ltr' id='par_1_26' title="bbox 1789 1329 3385 1395">
     <span class='ocr_line' id='line_1_26' title="bbox 1789 1329 3385 1395; baseline -0.001 -10"><span class='ocrx_word' id='word_1_184' title='bbox 1789 1334 1859 1384; x_wconf 87' lang='lat' dir='ltr'>de</span> <span class='ocrx_word' id='word_1_185' title='bbox 1892 1332 2123 1393; x_wconf 85' lang='lat' dir='ltr'>nostris,</span> <span class='ocrx_word' id='word_1_186' title='bbox 2138 1332 2480 1383; x_wconf 88' lang='lat' dir='ltr'>mammillas</span> <span class='ocrx_word' id='word_1_187' title='bbox 2504 1344 2642 1383; x_wconf 88' lang='lat' dir='ltr'>suas</span> <span class='ocrx_word' id='word_1_188' title='bbox 2668 1336 2949 1393; x_wconf 90' lang='lat' dir='ltr'>tenentes,</span> <span class='ocrx_word' id='word_1_189' title='bbox 2966 1329 3060 1382; x_wconf 91' lang='lat' dir='ltr'>vel</span> <span class='ocrx_word' id='word_1_190' title='bbox 3077 1329 3256 1383; x_wconf 71' lang='lat' dir='ltr'>lmves</span> <span class='ocrx_word' id='word_1_191' title='bbox 3279 1330 3385 1395; x_wconf 85' lang='grc' dir='ltr'>[Αι.</span> 
     </span>
    </p>
   </div>
   <div class='ocr_carea' id='block_1_27' title="bbox 1792 1419 3390 1485">
    <p class='ocr_par' dir='ltr' id='par_1_27' title="bbox 1792 1419 3390 1485">
     <span class='ocr_line' id='line_1_27' title="bbox 1792 1419 3390 1485; baseline -0.001 -11"><span class='ocrx_word' id='word_1_192' title='bbox 1792 1423 1970 1485; x_wconf 90' lang='lat' dir='ltr'>lenes]</span> <span class='ocrx_word' id='word_1_193' title='bbox 2015 1426 2438 1475; x_wconf 85' lang='lat' dir='ltr'>contrectantes</span> <span class='ocrx_word' id='word_1_194' title='bbox 2475 1433 2656 1485; x_wconf 82' lang='lat' dir='ltr'>genas</span> <span class='ocrx_word' id='word_1_195' title='bbox 2684 1432 2820 1472; x_wconf 89' lang='lat' dir='ltr'>cum</span> <span class='ocrx_word' id='word_1_196' title='bbox 2855 1420 3043 1485; x_wconf 88' lang='lat' dir='ltr'>plausi</span> <span class='ocrx_word' id='word_1_197' title='bbox 3064 1419 3299 1472; x_wconf 85' lang='lat' dir='ltr'>femoris</span> <span class='ocrx_word' id='word_1_198' title='bbox 3332 1423 3390 1472; x_wconf 88' lang='lat' dir='ltr'>et</span> 
     </span>
    </p>
   </div>
   <div class='ocr_carea' id='block_1_28' title="bbox 1792 1509 3388 1575">
    <p class='ocr_par' dir='ltr' id='par_1_28' title="bbox 1792 1509 3388 1575">
     <span class='ocr_line' id='line_1_28' title="bbox 1792 1509 3388 1575; baseline -0.003 -10"><span class='ocrx_word' id='word_1_199' title='bbox 1792 1513 2008 1566; x_wconf 87' lang='lat' dir='ltr'>ventris</span> <span class='ocrx_word' id='word_1_200' title='bbox 2025 1512 2209 1563; x_wconf 88' lang='lat' dir='ltr'>dicere</span> <span class='ocrx_word' id='word_1_201' title='bbox 2234 1512 2432 1575; x_wconf 89' lang='lat' dir='ltr'>solere,</span> <span class='ocrx_word' id='word_1_202' title='bbox 2448 1511 2585 1574; x_wconf 91' lang='lat' dir='ltr'>quid</span> <span class='ocrx_word' id='word_1_203' title='bbox 2596 1510 2763 1562; x_wconf 89' lang='lat' dir='ltr'>nobis</span> <span class='ocrx_word' id='word_1_204' title='bbox 2775 1510 3008 1574; x_wconf 88' lang='lat' dir='ltr'>prodest</span> <span class='ocrx_word' id='word_1_205' title='bbox 3023 1509 3388 1573; x_wconf 87' lang='lat' dir='ltr'>resurrectio,</span> 
     </span>
    </p>
   </div>
   <div class='ocr_carea' id='block_1_29' title="bbox 1795 1600 3390 1666">
    <p class='ocr_par' dir='ltr' id='par_1_29' title="bbox 1795 1600 3390 1666">
     <span class='ocr_line' id='line_1_29' title="bbox 1795 1600 3390 1666; baseline -0.004 -13"><span class='ocrx_word' id='word_1_206' title='bbox 1795 1604 1842 1653; x_wconf 90' lang='lat' dir='ltr'>si</span> <span class='ocrx_word' id='word_1_207' title='bbox 1860 1603 2285 1666; x_wconf 88' lang='lat' dir='ltr'>corpusiterum</span> <span class='ocrx_word' id='word_1_208' title='bbox 2302 1600 2494 1664; x_wconf 84' lang='lat' dir='ltr'>fragile</span> <span class='ocrx_word' id='word_1_209' title='bbox 2513 1601 2811 1663; x_wconf 82' lang='lat' dir='ltr'>resurget?</span> <span class='ocrx_word' id='word_1_210' title='bbox 2835 1600 3064 1651; x_wconf 74' lang='lat' dir='ltr'>Futurm</span> <span class='ocrx_word' id='word_1_211' title='bbox 3084 1600 3390 1659; x_wconf 81' lang='lat' dir='ltr'>Angelorum</span> 
     </span>
    </p>
   </div>
   <div class='ocr_carea' id='block_1_30' title="bbox 1796 1687 3390 1755">
    <p class='ocr_par' dir='ltr' id='par_1_30' title="bbox 1796 1687 3390 1755">
     <span class='ocr_line' id='line_1_30' title="bbox 1796 1687 3390 1755; baseline -0.003 -13"><span class='ocrx_word' id='word_1_212' title='bbox 1796 1692 2029 1753; x_wconf 90' lang='lat' dir='ltr'>similes,</span> <span class='ocrx_word' id='word_1_213' title='bbox 2058 1692 2169 1742; x_wconf 77' lang='lat' dir='ltr'>iAn</span> <span class='ocrx_word' id='word_1_214' title='bbox 2178 1690 2436 1755; x_wconf 90' lang='lat' dir='ltr'>gelorum</span> <span class='ocrx_word' id='word_1_215' title='bbox 2454 1689 2793 1741; x_wconf 85' lang='lat' dir='ltr'>habebimus</span> <span class='ocrx_word' id='word_1_216' title='bbox 2810 1690 2866 1740; x_wconf 88' lang='lat' dir='ltr'>et</span> <span class='ocrx_word' id='word_1_217' title='bbox 2887 1691 3169 1739; x_wconf 90' lang='lat' dir='ltr'>naturam.</span> <span class='ocrx_word' id='word_1_218' title='bbox 3191 1706 3217 1729; x_wconf 81' lang='grc'>››</span> <span class='ocrx_word' id='word_1_219' title='bbox 3234 1687 3390 1747; x_wconf 88' lang='lat' dir='ltr'>Quas</span> 
     </span>
    </p>
   </div>
   <div class='ocr_carea' id='block_1_31' title="bbox 84 1774 3390 1874">
    <p class='ocr_par' dir='ltr' id='par_1_31' title="bbox 84 1774 3390 1874">
     <span class='ocr_line' id='line_1_31' title="bbox 84 1774 3390 1874; baseline -0.005 -34"><span class='ocrx_word' id='word_1_220' title='bbox 84 1780 244 1830; x_wconf 66' lang='lat' dir='ltr'>nitus</span> <span class='ocrx_word' id='word_1_221' title='bbox 268 1790 342 1830; x_wconf 71' lang='grc' dir='ltr'>ΟΧ</span> <span class='ocrx_word' id='word_1_222' title='bbox 366 1776 607 1827; x_wconf 65' lang='grc' dir='ltr'>ωοῒῐιιίε</span> <span class='ocrx_word' id='word_1_223' title='bbox 644 1776 881 1826; x_wconf 64' lang='grc' dir='ltr'>άίυὶωΐε</span> <span class='ocrx_word' id='word_1_224' title='bbox 910 1775 1059 1826; x_wconf 56' lang='lat' dir='ltr'>Sicut</span> <span class='ocrx_word' id='word_1_225' title='bbox 1082 1777 1140 1825; x_wconf 74' lang='grc' dir='ltr'>θίο</span> <span class='ocrx_word' id='word_1_226' title='bbox 1163 1774 1476 1839; x_wconf 72' lang='grc' dir='ltr'>Αροεῐοιυε</span> <span class='ocrx_word' id='word_1_227' title='bbox 1500 1774 1571 1826; x_wconf 78' lang='lat' dir='ltr'>de</span> <span class='ocrx_word' id='word_1_228' title='bbox 1592 1787 1683 1826; x_wconf 76' lang='grc' dir='ltr'>ι’θ-</span> <span class='ocrx_word' id='word_1_229' title='bbox 1711 1801 1765 1874; x_wconf 81' lang='grc' dir='ltr'>Β</span> <span class='ocrx_word' id='word_1_230' title='bbox 1786 1784 1885 1845; x_wconf 67' lang='lat' dir='ltr'>hic</span> <span class='ocrx_word' id='word_1_231' title='bbox 1906 1782 2269 1835; x_wconf 86' lang='lat' dir='ltr'>mulierculas</span> <span class='ocrx_word' id='word_1_232' title='bbox 2286 1780 2602 1841; x_wconf 90' lang='lat' dir='ltr'>incuset,et</span> <span class='ocrx_word' id='word_1_233' title='bbox 2616 1778 2664 1829; x_wconf 92' lang='lat' dir='ltr'>si</span> <span class='ocrx_word' id='word_1_234' title='bbox 2679 1776 3019 1829; x_wconf 87' lang='lat' dir='ltr'>laceratione</span> <span class='ocrx_word' id='word_1_235' title='bbox 3035 1776 3229 1839; x_wconf 71' lang='lat' dir='ltr'>dignae</span> <span class='ocrx_word' id='word_1_236' title='bbox 3254 1774 3390 1838; x_wconf 89' lang='lat' dir='ltr'>sint,</span> 
     </span>
    </p>
   </div>
   <div class='ocr_carea' id='block_1_32' title="bbox 82 1864 1687 1932">
    <p class='ocr_par' dir='ltr' id='par_1_32' title="bbox 82 1864 1687 1932">
     <span class='ocr_line' id='line_1_32' title="bbox 82 1864 1687 1932; baseline -0.004 -13"><span class='ocrx_word' id='word_1_237' title='bbox 82 1868 454 1932; x_wconf 82' lang='lat' dir='ltr'>surgentibus</span> <span class='ocrx_word' id='word_1_238' title='bbox 478 1866 643 1917; x_wconf 86' lang='lat' dir='ltr'>dicit:</span> <span class='ocrx_word' id='word_1_239' title='bbox 669 1866 899 1914; x_wconf 75' lang='lat' dir='ltr'>Initium</span> <span class='ocrx_word' id='word_1_240' title='bbox 926 1864 1170 1913; x_wconf 68' lang='lat' dir='ltr'>(‘hrislus</span> <span class='ocrx_word' id='word_1_241' title='bbox 1189 1870 1277 1926; x_wconf 87' lang='lat' dir='ltr'>est,</span> <span class='ocrx_word' id='word_1_242' title='bbox 1297 1864 1488 1913; x_wconf 82' lang='lat' dir='ltr'>deinde</span> <span class='ocrx_word' id='word_1_243' title='bbox 1519 1865 1579 1913; x_wconf 88' lang='lat' dir='ltr'>hi</span> <span class='ocrx_word' id='word_1_244' title='bbox 1591 1864 1687 1929; x_wconf 85' lang='lat' dir='ltr'>qui</span> 
     </span>
    </p>
   </div>
   <div class='ocr_carea' id='block_1_33' title="bbox 82 1952 1686 2019">
    <p class='ocr_par' dir='ltr' id='par_1_33' title="bbox 82 1952 1686 2019">
     <span class='ocr_line' id='line_1_33' title="bbox 82 1952 1686 2019; baseline -0.001 -12"><span class='ocrx_word' id='word_1_245' title='bbox 82 1964 203 2007; x_wconf 84' lang='lat' dir='ltr'>sunt</span> <span class='ocrx_word' id='word_1_246' title='bbox 220 1958 425 2007; x_wconf 80' lang='lat' dir='ltr'>Christi</span> <span class='ocrx_word' id='word_1_247' title='bbox 444 1955 511 2018; x_wconf 83' lang='grc'>(1.</span> <span class='ocrx_word' id='word_1_248' title='bbox 527 1952 851 2019; x_wconf 76' lang='lat' dir='ltr'>Cor.l;‘5,‘23).</span> <span class='ocrx_word' id='word_1_249' title='bbox 866 1955 1156 2005; x_wconf 86' lang='lat' dir='ltr'>Habentes</span> <span class='ocrx_word' id='word_1_250' title='bbox 1183 1966 1318 2017; x_wconf 91' lang='lat' dir='ltr'>ergo</span> <span class='ocrx_word' id='word_1_251' title='bbox 1334 1953 1686 2017; x_wconf 87' lang='lat' dir='ltr'>indubitatas</span> 
     </span>
    </p>
   </div>
   <div class='ocr_carea' id='block_1_34' title="bbox 86 2043 1688 2111">
    <p class='ocr_par' dir='ltr' id='par_1_34' title="bbox 86 2043 1688 2111">
     <span class='ocr_line' id='line_1_34' title="bbox 86 2043 1688 2111; baseline -0.002 -13"><span class='ocrx_word' id='word_1_252' title='bbox 86 2047 520 2098; x_wconf 89' lang='lat' dir='ltr'>resurrectionis</span> <span class='ocrx_word' id='word_1_253' title='bbox 544 2049 758 2097; x_wconf 77' lang='lat' dir='ltr'>nostrm</span> <span class='ocrx_word' id='word_1_254' title='bbox 771 2045 1042 2110; x_wconf 76' lang='lat' dir='ltr'>primitias</span> <span class='ocrx_word' id='word_1_255' title='bbox 1054 2043 1429 2111; x_wconf 73' lang='lat' dir='ltr'>Christum,l3</span> <span class='ocrx_word' id='word_1_256' title='bbox 1446 2043 1465 2111; x_wconf 92' lang='grc' dir='ltr'><strong>Ι</strong></span> <span class='ocrx_word' id='word_1_257' title='bbox 1483 2043 1532 2111; x_wconf 87' lang='grc'><strong>2</strong></span> <span class='ocrx_word' id='word_1_258' title='bbox 1549 2044 1688 2108; x_wconf 90' lang='lat' dir='ltr'>quid</span> 
     </span>
    </p>
   </div>
   <div class='ocr_carea' id='block_1_35' title="bbox 87 2135 1687 2198">
    <p class='ocr_par' dir='ltr' id='par_1_35' title="bbox 87 2135 1687 2198">
     <span class='ocr_line' id='line_1_35' title="bbox 87 2135 1687 2198; baseline -0.004 -9"><span class='ocrx_word' id='word_1_259' title='bbox 87 2138 155 2189; x_wconf 90' lang='lat' dir='ltr'>de</span> <span class='ocrx_word' id='word_1_260' title='bbox 179 2137 407 2189; x_wconf 59' lang='lat' dir='ltr'>caeteris</span> <span class='ocrx_word' id='word_1_261' title='bbox 431 2136 786 2196; x_wconf 82' lang='lat' dir='ltr'>dubitamus,</span> <span class='ocrx_word' id='word_1_262' title='bbox 807 2148 940 2186; x_wconf 91' lang='lat' dir='ltr'>cum</span> <span class='ocrx_word' id='word_1_263' title='bbox 964 2138 1180 2186; x_wconf 90' lang='lat' dir='ltr'>certum</span> <span class='ocrx_word' id='word_1_264' title='bbox 1193 2135 1268 2185; x_wconf 88' lang='lat' dir='ltr'>sit</span> <span class='ocrx_word' id='word_1_265' title='bbox 1284 2135 1438 2198; x_wconf 90' lang='lat' dir='ltr'>quod</span> <span class='ocrx_word' id='word_1_266' title='bbox 1449 2138 1687 2196; x_wconf 82' lang='lat' dir='ltr'>qualibus</span> 
     </span>
    </p>
   </div>
   <div class='ocr_carea' id='block_1_36' title="bbox 87 2224 1687 2290">
    <p class='ocr_par' dir='ltr' id='par_1_36' title="bbox 87 2224 1687 2290">
     <span class='ocr_line' id='line_1_36' title="bbox 87 2224 1687 2290; baseline -0.002 -12"><span class='ocrx_word' id='word_1_267' title='bbox 87 2226 378 2289; x_wconf 88' lang='lat' dir='ltr'>membris,</span> <span class='ocrx_word' id='word_1_268' title='bbox 409 2230 465 2277; x_wconf 92' lang='lat' dir='ltr'>et</span> <span class='ocrx_word' id='word_1_269' title='bbox 490 2224 756 2289; x_wconf 88' lang='lat' dir='ltr'>qualibus</span> <span class='ocrx_word' id='word_1_270' title='bbox 780 2225 1015 2290; x_wconf 89' lang='lat' dir='ltr'>capillis,</span> <span class='ocrx_word' id='word_1_271' title='bbox 1040 2237 1155 2289; x_wconf 88' lang='lat' dir='ltr'>qua</span> <span class='ocrx_word' id='word_1_272' title='bbox 1178 2237 1364 2290; x_wconf 87' lang='lat' dir='ltr'>carne,</span> <span class='ocrx_word' id='word_1_273' title='bbox 1392 2229 1448 2276; x_wconf 92' lang='lat' dir='ltr'>et</span> <span class='ocrx_word' id='word_1_274' title='bbox 1477 2225 1687 2288; x_wconf 84' lang='lat' dir='ltr'>quibus</span> 
     </span>
    </p>
   </div>
   <div class='ocr_carea' id='block_1_37' title="bbox 87 2315 1688 2379">
    <p class='ocr_par' dir='ltr' id='par_1_37' title="bbox 87 2315 1688 2379">
     <span class='ocr_line' id='line_1_37' title="bbox 87 2315 1688 2379; baseline -0.001 -11"><span class='ocrx_word' id='word_1_275' title='bbox 87 2318 317 2368; x_wconf 63' lang='lat' dir='ltr'>ossibus</span> <span class='ocrx_word' id='word_1_276' title='bbox 335 2316 594 2367; x_wconf 83' lang='lat' dir='ltr'>Christus</span> <span class='ocrx_word' id='word_1_277' title='bbox 617 2316 930 2367; x_wconf 83' lang='lat' dir='ltr'>resurrexit</span> <span class='ocrx_word' id='word_1_278' title='bbox 955 2320 1012 2367; x_wconf 91' lang='lat' dir='ltr'>et</span> <span class='ocrx_word' id='word_1_279' title='bbox 1033 2329 1141 2367; x_wconf 90' lang='lat' dir='ltr'>nos</span> <span class='ocrx_word' id='word_1_280' title='bbox 1163 2315 1184 2344; x_wconf 68' lang='grc' dir='ltr'><em>δ</em></span> <span class='ocrx_word' id='word_1_281' title='bbox 1207 2328 1410 2367; x_wconf 90' lang='lat' dir='ltr'>omnes</span> <span class='ocrx_word' id='word_1_282' title='bbox 1432 2328 1688 2379; x_wconf 88' lang='lat' dir='ltr'>resurga-</span> 
     </span>
    </p>
   </div>
   <div class='ocr_carea' id='block_1_38' title="bbox 90 2404 1687 2469">
    <p class='ocr_par' dir='ltr' id='par_1_38' title="bbox 90 2404 1687 2469">
     <span class='ocr_line' id='line_1_38' title="bbox 90 2404 1687 2469; baseline -0.001 -14"><span class='ocrx_word' id='word_1_283' title='bbox 90 2420 217 2456; x_wconf 85' lang='lat' dir='ltr'>mus</span> <span class='ocrx_word' id='word_1_284' title='bbox 232 2409 259 2456; x_wconf 66' lang='grc' dir='ltr'>ει</span> <span class='ocrx_word' id='word_1_285' title='bbox 276 2406 420 2467; x_wconf 89' lang='lat' dir='ltr'>Quia</span> <span class='ocrx_word' id='word_1_286' title='bbox 442 2409 498 2455; x_wconf 92' lang='lat' dir='ltr'>et</span> <span class='ocrx_word' id='word_1_287' title='bbox 522 2404 641 2468; x_wconf 87' lang='lat' dir='ltr'>ipse</span> <span class='ocrx_word' id='word_1_288' title='bbox 657 2412 953 2469; x_wconf 88' lang='lat' dir='ltr'>propterea</span> <span class='ocrx_word' id='word_1_289' title='bbox 976 2418 1037 2456; x_wconf 91' lang='lat' dir='ltr'>se</span> <span class='ocrx_word' id='word_1_290' title='bbox 1060 2410 1193 2468; x_wconf 89' lang='lat' dir='ltr'>post</span> <span class='ocrx_word' id='word_1_291' title='bbox 1208 2405 1687 2456; x_wconf 89' lang='lat' dir='ltr'>resurrectionem</span> 
     </span>
    </p>
   </div>
   <div class='ocr_carea' id='block_1_39' title="bbox 90 2494 1688 2560">
    <p class='ocr_par' dir='ltr' id='par_1_39' title="bbox 90 2494 1688 2560">
     <span class='ocr_line' id='line_1_39' title="bbox 90 2494 1688 2560; baseline -0.001 -16"><span class='ocrx_word' id='word_1_292' title='bbox 90 2495 436 2560; x_wconf 85' lang='lat' dir='ltr'>palpandum</span> <span class='ocrx_word' id='word_1_293' title='bbox 458 2494 754 2557; x_wconf 89' lang='lat' dir='ltr'>discipulis</span> <span class='ocrx_word' id='word_1_294' title='bbox 777 2494 1026 2558; x_wconf 61' lang='lat' dir='ltr'>praebuit</span> <span class='ocrx_word' id='word_1_295' title='bbox 1046 2506 1141 2557; x_wconf 92' lang='lat' dir='ltr'>,ne</span> <span class='ocrx_word' id='word_1_296' title='bbox 1162 2494 1277 2545; x_wconf 89' lang='lat' dir='ltr'>ulla</span> <span class='ocrx_word' id='word_1_297' title='bbox 1301 2494 1371 2545; x_wconf 88' lang='lat' dir='ltr'>de</span> <span class='ocrx_word' id='word_1_298' title='bbox 1398 2505 1688 2545; x_wconf 87' lang='lat' dir='ltr'>resurrec-</span> 
     </span>
    </p>
   </div>
   <div class='ocr_carea' id='block_1_40' title="bbox 88 2583 1689 2649">
    <p class='ocr_par' dir='ltr' id='par_1_40' title="bbox 88 2583 1689 2649">
     <span class='ocr_line' id='line_1_40' title="bbox 88 2583 1689 2649; baseline -0.002 -12"><span class='ocrx_word' id='word_1_299' title='bbox 88 2587 240 2637; x_wconf 81' lang='lat' dir='ltr'>tione</span> <span class='ocrx_word' id='word_1_300' title='bbox 265 2585 394 2649; x_wconf 91' lang='lat' dir='ltr'>ejus</span> <span class='ocrx_word' id='word_1_301' title='bbox 428 2584 717 2635; x_wconf 88' lang='lat' dir='ltr'>cunctatio</span> <span class='ocrx_word' id='word_1_302' title='bbox 741 2588 1082 2636; x_wconf 88' lang='lat' dir='ltr'>remaneret.</span> <span class='ocrx_word' id='word_1_303' title='bbox 1106 2584 1249 2635; x_wconf 89' lang='lat' dir='ltr'>Cum</span> <span class='ocrx_word' id='word_1_304' title='bbox 1271 2584 1451 2647; x_wconf 86' lang='lat' dir='ltr'>igitur</span> <span class='ocrx_word' id='word_1_305' title='bbox 1476 2584 1555 2634; x_wconf 90' lang='lat' dir='ltr'>ita</span> <span class='ocrx_word' id='word_1_306' title='bbox 1577 2583 1689 2635; x_wconf 88' lang='lat' dir='ltr'>evi-</span> 
     </span>
    </p>
   </div>
   <div class='ocr_carea' id='block_1_41' title="bbox 89 2672 1689 2739">
    <p class='ocr_par' dir='ltr' id='par_1_41' title="bbox 89 2672 1689 2739">
     <span class='ocr_line' id='line_1_41' title="bbox 89 2672 1689 2739; baseline -0.001 -15"><span class='ocrx_word' id='word_1_307' title='bbox 89 2674 249 2739; x_wconf 79' lang='lat' dir='ltr'>dens,</span> <span class='ocrx_word' id='word_1_308' title='bbox 280 2682 332 2725; x_wconf 86' lang='lat' dir='ltr'>et</span> <span class='ocrx_word' id='word_1_309' title='bbox 353 2675 437 2735; x_wconf 89' lang='lat' dir='ltr'>(ut</span> <span class='ocrx_word' id='word_1_310' title='bbox 460 2674 539 2725; x_wconf 91' lang='lat' dir='ltr'>ita</span> <span class='ocrx_word' id='word_1_311' title='bbox 562 2673 765 2737; x_wconf 81' lang='lat' dir='ltr'>dicam)</span> <span class='ocrx_word' id='word_1_312' title='bbox 799 2672 1078 2738; x_wconf 87' lang='lat' dir='ltr'>palpabile</span> <span class='ocrx_word' id='word_1_313' title='bbox 1101 2678 1159 2725; x_wconf 91' lang='lat' dir='ltr'>et</span> <span class='ocrx_word' id='word_1_314' title='bbox 1182 2685 1359 2724; x_wconf 88' lang='lat' dir='ltr'>manu</span> <span class='ocrx_word' id='word_1_315' title='bbox 1384 2677 1689 2724; x_wconf 83' lang='lat' dir='ltr'>attrectan-</span> 
     </span>
    </p>
   </div>
   <div class='ocr_carea' id='block_1_42' title="bbox 88 2762 1688 2816">
    <p class='ocr_par' dir='ltr' id='par_1_42' title="bbox 88 2762 1688 2816">
     <span class='ocr_line' id='line_1_42' title="bbox 88 2762 1688 2816; baseline -0.004 -1"><span class='ocrx_word' id='word_1_316' title='bbox 88 2764 222 2815; x_wconf 91' lang='lat' dir='ltr'>dum</span> <span class='ocrx_word' id='word_1_317' title='bbox 240 2763 412 2815; x_wconf 90' lang='lat' dir='ltr'>nobis</span> <span class='ocrx_word' id='word_1_318' title='bbox 424 2763 680 2814; x_wconf 87' lang='lat' dir='ltr'>Christus</span> <span class='ocrx_word' id='word_1_319' title='bbox 692 2762 910 2815; x_wconf 88' lang='lat' dir='ltr'>dederit</span> <span class='ocrx_word' id='word_1_320' title='bbox 928 2776 1052 2816; x_wconf 72' lang='lat' dir='ltr'>sum</span> <span class='ocrx_word' id='word_1_321' title='bbox 1069 2762 1503 2815; x_wconf 89' lang='lat' dir='ltr'>resurrectionis</span> <span class='ocrx_word' id='word_1_322' title='bbox 1517 2778 1688 2811; x_wconf 84' lang='lat' dir='ltr'>exem-</span> 
     </span>
    </p>
   </div>
   <div class='ocr_carea' id='block_1_43' title="bbox 90 2851 1688 2919">
    <p class='ocr_par' dir='ltr' id='par_1_43' title="bbox 90 2851 1688 2919">
     <span class='ocr_line' id='line_1_43' title="bbox 90 2851 1688 2919; baseline -0.001 -14"><span class='ocrx_word' id='word_1_323' title='bbox 90 2855 267 2919; x_wconf 92' lang='lat' dir='ltr'>plum,</span> <span class='ocrx_word' id='word_1_324' title='bbox 282 2861 300 2882; x_wconf 77' lang='lat'>&#39;</span> <span class='ocrx_word' id='word_1_325' title='bbox 330 2853 409 2903; x_wconf 84' lang='lat' dir='ltr'>ita</span> <span class='ocrx_word' id='word_1_326' title='bbox 423 2851 627 2916; x_wconf 86' lang='lat' dir='ltr'>aliquis</span> <span class='ocrx_word' id='word_1_327' title='bbox 650 2852 881 2915; x_wconf 86' lang='lat' dir='ltr'>insanit,</span> <span class='ocrx_word' id='word_1_328' title='bbox 898 2857 965 2904; x_wconf 91' lang='lat' dir='ltr'>ut</span> <span class='ocrx_word' id='word_1_329' title='bbox 978 2852 1142 2904; x_wconf 87' lang='lat' dir='ltr'>aliter</span> <span class='ocrx_word' id='word_1_330' title='bbox 1158 2866 1219 2904; x_wconf 91' lang='lat' dir='ltr'>se</span> <span class='ocrx_word' id='word_1_331' title='bbox 1234 2855 1688 2904; x_wconf 88' lang='lat' dir='ltr'>resurrecturum</span> 
     </span>
    </p>
   </div>
   <div class='ocr_carea' id='block_1_44' title="bbox 93 2942 1691 3007">
    <p class='ocr_par' dir='ltr' id='par_1_44' title="bbox 93 2942 1691 3007">
     <span class='ocr_line' id='line_1_44' title="bbox 93 2942 1691 3007; baseline -0.001 -12"><span class='ocrx_word' id='word_1_332' title='bbox 93 2947 287 3007; x_wconf 87' lang='lat' dir='ltr'>putet;</span> <span class='ocrx_word' id='word_1_333' title='bbox 315 2955 490 3006; x_wconf 88' lang='lat' dir='ltr'>quam</span> <span class='ocrx_word' id='word_1_334' title='bbox 513 2942 1008 3002; x_wconf 84' lang='lat' dir='ltr'>resurrexeritille,</span> <span class='ocrx_word' id='word_1_335' title='bbox 1034 2943 1133 3006; x_wconf 92' lang='lat' dir='ltr'>qui</span> <span class='ocrx_word' id='word_1_336' title='bbox 1156 2943 1376 3006; x_wconf 88' lang='lat' dir='ltr'>primus</span> <span class='ocrx_word' id='word_1_337' title='bbox 1399 2955 1691 2994; x_wconf 88' lang='lat' dir='ltr'>resurrec-</span> 
     </span>
    </p>
   </div>
   <div class='ocr_carea' id='block_1_45' title="bbox 92 3032 1687 3095">
    <p class='ocr_par' dir='ltr' id='par_1_45' title="bbox 92 3032 1687 3095">
     <span class='ocr_line' id='line_1_45' title="bbox 92 3032 1687 3095; baseline 0.001 -12"><span class='ocrx_word' id='word_1_338' title='bbox 92 3033 260 3084; x_wconf 83' lang='lat' dir='ltr'>tionis</span> <span class='ocrx_word' id='word_1_339' title='bbox 284 3032 503 3083; x_wconf 89' lang='lat' dir='ltr'>aditum</span> <span class='ocrx_word' id='word_1_340' title='bbox 528 3032 832 3095; x_wconf 82' lang='lat' dir='ltr'>patefecit?</span> <span class='ocrx_word' id='word_1_341' title='bbox 856 3032 1016 3084; x_wconf 89' lang='lat' dir='ltr'>Unde</span> <span class='ocrx_word' id='word_1_342' title='bbox 1040 3033 1212 3084; x_wconf 91' lang='lat' dir='ltr'>etiam</span> <span class='ocrx_word' id='word_1_343' title='bbox 1231 3033 1371 3084; x_wconf 92' lang='lat' dir='ltr'>illud</span> <span class='ocrx_word' id='word_1_344' title='bbox 1389 3035 1687 3085; x_wconf 88' lang='lat' dir='ltr'>veritatem</span> 
     </span>
    </p>
   </div>
   <div class='ocr_carea' id='block_1_46' title="bbox 94 3120 1691 3186">
    <p class='ocr_par' dir='ltr' id='par_1_46' title="bbox 94 3120 1691 3186">
     <span class='ocr_line' id='line_1_46' title="bbox 94 3120 1691 3186; baseline 0.001 -15"><span class='ocrx_word' id='word_1_345' title='bbox 94 3122 268 3185; x_wconf 83' lang='lat' dir='ltr'>hujus</span> <span class='ocrx_word' id='word_1_346' title='bbox 302 3121 681 3172; x_wconf 82' lang='lat' dir='ltr'>confessionis</span> <span class='ocrx_word' id='word_1_347' title='bbox 720 3120 980 3182; x_wconf 79' lang='lat' dir='ltr'>aiilrmat,</span> <span class='ocrx_word' id='word_1_348' title='bbox 1022 3122 1177 3185; x_wconf 93' lang='lat' dir='ltr'>quod</span> <span class='ocrx_word' id='word_1_349' title='bbox 1218 3128 1426 3175; x_wconf 88' lang='lat' dir='ltr'>natura</span> <span class='ocrx_word' id='word_1_350' title='bbox 1458 3123 1691 3186; x_wconf 84' lang='lat' dir='ltr'>quidem</span> 
     </span>
    </p>
   </div>
   <div class='ocr_carea' id='block_1_47' title="bbox 95 3178 1766 3277">
    <p class='ocr_par' dir='ltr' id='par_1_47' title="bbox 95 3178 1766 3277">
     <span class='ocr_line' id='line_1_47' title="bbox 95 3178 1766 3277; baseline 0.001 -15"><span class='ocrx_word' id='word_1_351' title='bbox 95 3178 284 3263; x_wconf 73' lang='lat' dir='ltr'>carnis</span> <span class='ocrx_word' id='word_1_352' title='bbox 322 3210 496 3274; x_wconf 88' lang='lat' dir='ltr'>hujus</span> <span class='ocrx_word' id='word_1_353' title='bbox 527 3214 615 3261; x_wconf 89' lang='lat' dir='ltr'>est</span> <span class='ocrx_word' id='word_1_354' title='bbox 654 3210 797 3274; x_wconf 86' lang='lat' dir='ltr'>ipsa,</span> <span class='ocrx_word' id='word_1_355' title='bbox 831 3223 940 3262; x_wconf 90' lang='lat' dir='ltr'>nec</span> <span class='ocrx_word' id='word_1_356' title='bbox 970 3178 1093 3262; x_wconf 83' lang='lat' dir='ltr'>ulla</span> <span class='ocrx_word' id='word_1_357' title='bbox 1110 3210 1221 3263; x_wconf 90' lang='lat' dir='ltr'>alia</span> <span class='ocrx_word' id='word_1_358' title='bbox 1244 3224 1378 3274; x_wconf 65' lang='lat' dir='ltr'>quas</span> <span class='ocrx_word' id='word_1_359' title='bbox 1408 3178 1687 3277; x_wconf 75' lang='lat' dir='ltr'>resurget,</span> <span class='ocrx_word' id='word_1_360' title='bbox 1717 3178 1766 3251; x_wconf 65' lang='grc' dir='ltr'>Ο</span> 
     </span>
    </p>
   </div>
   <div class='ocr_carea' id='block_1_48' title="bbox 96 3300 1692 3365">
    <p class='ocr_par' dir='ltr' id='par_1_48' title="bbox 96 3300 1692 3365">
     <span class='ocr_line' id='line_1_48' title="bbox 96 3300 1692 3365; baseline 0.001 -14"><span class='ocrx_word' id='word_1_361' title='bbox 96 3304 340 3365; x_wconf 87' lang='lat' dir='ltr'>purgata</span> <span class='ocrx_word' id='word_1_362' title='bbox 359 3304 549 3351; x_wconf 88' lang='lat' dir='ltr'>tamen</span> <span class='ocrx_word' id='word_1_363' title='bbox 562 3311 597 3350; x_wconf 90' lang='lat' dir='ltr'>a</span> <span class='ocrx_word' id='word_1_364' title='bbox 608 3300 764 3350; x_wconf 89' lang='lat' dir='ltr'>vitiis</span> <span class='ocrx_word' id='word_1_365' title='bbox 782 3312 871 3351; x_wconf 90' lang='lat' dir='ltr'>res</span> <span class='ocrx_word' id='word_1_366' title='bbox 880 3304 1041 3364; x_wconf 87' lang='lat' dir='ltr'>urget</span> <span class='ocrx_word' id='word_1_367' title='bbox 1052 3301 1415 3362; x_wconf 89' lang='lat' dir='ltr'>corruptione</span> <span class='ocrx_word' id='word_1_368' title='bbox 1431 3301 1692 3365; x_wconf 78' lang='lat' dir='ltr'>deposita</span> 
     </span>
    </p>
   </div>
   <div class='ocr_carea' id='block_1_49' title="bbox 94 3388 1690 3455">
    <p class='ocr_par' dir='ltr' id='par_1_49' title="bbox 94 3388 1690 3455">
     <span class='ocr_line' id='line_1_49' title="bbox 94 3388 1690 3455; baseline 0.001 -15"><span class='ocrx_word' id='word_1_369' title='bbox 94 3394 156 3440; x_wconf 90' lang='lat' dir='ltr'>ut</span> <span class='ocrx_word' id='word_1_370' title='bbox 196 3402 409 3440; x_wconf 87' lang='lat' dir='ltr'>verum</span> <span class='ocrx_word' id='word_1_371' title='bbox 449 3389 524 3439; x_wconf 91' lang='lat' dir='ltr'>sit</span> <span class='ocrx_word' id='word_1_372' title='bbox 559 3388 698 3440; x_wconf 91' lang='lat' dir='ltr'>illud</span> <span class='ocrx_word' id='word_1_373' title='bbox 723 3388 877 3452; x_wconf 91' lang='lat' dir='ltr'>quod</span> <span class='ocrx_word' id='word_1_374' title='bbox 899 3388 1038 3440; x_wconf 87' lang='lat' dir='ltr'>dicit</span> <span class='ocrx_word' id='word_1_375' title='bbox 1059 3389 1389 3454; x_wconf 89' lang='lat' dir='ltr'>Apostolus,</span> <span class='ocrx_word' id='word_1_376' title='bbox 1415 3390 1556 3448; x_wconf 84' lang='lat' dir='ltr'>Quia</span> <span class='ocrx_word' id='word_1_377' title='bbox 1586 3390 1690 3455; x_wconf 81' lang='grc' dir='ltr'>[Αι.</span> 
     </span>
    </p>
   </div>
   <div class='ocr_carea' id='block_1_50' title="bbox 93 3478 1694 3545">
    <p class='ocr_par' dir='ltr' id='par_1_50' title="bbox 93 3478 1694 3545">
     <span class='ocr_line' id='line_1_50' title="bbox 93 3478 1694 3545; baseline -0.001 -14"><span class='ocrx_word' id='word_1_378' title='bbox 93 3478 275 3543; x_wconf 86' lang='lat' dir='ltr'>Quod]</span> <span class='ocrx_word' id='word_1_379' title='bbox 302 3479 603 3527; x_wconf 87' lang='lat' dir='ltr'>seminatur</span> <span class='ocrx_word' id='word_1_380' title='bbox 633 3478 695 3527; x_wconf 88' lang='lat' dir='ltr'>in</span> <span class='ocrx_word' id='word_1_381' title='bbox 719 3479 1079 3542; x_wconf 73' lang='lat' dir='ltr'>corruptione,</span> <span class='ocrx_word' id='word_1_382' title='bbox 1109 3484 1287 3543; x_wconf 85' lang='lat' dir='ltr'>surget</span> <span class='ocrx_word' id='word_1_383' title='bbox 1316 3481 1378 3529; x_wconf 87' lang='lat' dir='ltr'>in</span> <span class='ocrx_word' id='word_1_384' title='bbox 1407 3480 1694 3545; x_wconf 85' lang='lat' dir='ltr'>incorrup-</span> 
     </span>
    </p>
   </div>
   <div class='ocr_carea' id='block_1_51' title="bbox 94 3568 1691 3634">
    <p class='ocr_par' dir='ltr' id='par_1_51' title="bbox 94 3568 1691 3634">
     <span class='ocr_line' id='line_1_51' title="bbox 94 3568 1691 3634; baseline 0.003 -18"><span class='ocrx_word' id='word_1_385' title='bbox 94 3571 265 3619; x_wconf 80' lang='lat' dir='ltr'>tione:</span> <span class='ocrx_word' id='word_1_386' title='bbox 296 3570 600 3618; x_wconf 79' lang='lat' dir='ltr'>seminatur</span> <span class='ocrx_word' id='word_1_387' title='bbox 621 3569 681 3617; x_wconf 83' lang='lat' dir='ltr'>in</span> <span class='ocrx_word' id='word_1_388' title='bbox 705 3568 1216 3632; x_wconf 86' lang='lat' dir='ltr'>ignominia,surget</span> <span class='ocrx_word' id='word_1_389' title='bbox 1242 3570 1346 3633; x_wconf 82' lang='grc' dir='ltr'>[Αι.</span> <span class='ocrx_word' id='word_1_390' title='bbox 1367 3571 1691 3634; x_wconf 78' lang='lat' dir='ltr'>resurrexit]</span> 
     </span>
    </p>
   </div>
   <div class='ocr_carea' id='block_1_52' title="bbox 94 3658 1699 3723">
    <p class='ocr_par' dir='ltr' id='par_1_52' title="bbox 94 3658 1699 3723">
     <span class='ocr_line' id='line_1_52' title="bbox 94 3658 1699 3723; baseline 0.002 -19"><span class='ocrx_word' id='word_1_391' title='bbox 94 3659 151 3705; x_wconf 86' lang='lat' dir='ltr'>in</span> <span class='ocrx_word' id='word_1_392' title='bbox 192 3658 419 3722; x_wconf 86' lang='lat' dir='ltr'>gloria:</span> <span class='ocrx_word' id='word_1_393' title='bbox 457 3658 761 3707; x_wconf 85' lang='lat' dir='ltr'>seminatur</span> <span class='ocrx_word' id='word_1_394' title='bbox 802 3674 995 3723; x_wconf 81' lang='lat' dir='ltr'>corpus</span> <span class='ocrx_word' id='word_1_395' title='bbox 1031 3659 1273 3709; x_wconf 84' lang='lat' dir='ltr'>animale</span> <span class='ocrx_word' id='word_1_396' title='bbox 1296 3697 1309 3722; x_wconf 96' lang='lat'>,</span> <span class='ocrx_word' id='word_1_397' title='bbox 1356 3664 1534 3723; x_wconf 85' lang='lat' dir='ltr'>surget</span> <span class='ocrx_word' id='word_1_398' title='bbox 1579 3675 1699 3709; x_wconf 91' lang='lat' dir='ltr'>cor-</span> 
     </span>
    </p>
   </div>
   <div class='ocr_carea' id='block_1_53' title="bbox 92 3746 1699 3813">
    <p class='ocr_par' dir='ltr' id='par_1_53' title="bbox 92 3746 1699 3813">
     <span class='ocr_line' id='line_1_53' title="bbox 92 3746 1699 3813; baseline 0.004 -18"><span class='ocrx_word' id='word_1_399' title='bbox 92 3764 191 3811; x_wconf 76' lang='lat' dir='ltr'>pus</span> <span class='ocrx_word' id='word_1_400' title='bbox 235 3747 484 3812; x_wconf 82' lang='lat' dir='ltr'>spiritale</span> <span class='ocrx_word' id='word_1_401' title='bbox 528 3747 593 3811; x_wconf 84' lang='lat' dir='ltr'>(l.</span> <span class='ocrx_word' id='word_1_402' title='bbox 638 3748 760 3797; x_wconf 85' lang='lat' dir='ltr'>Cor.</span> <span class='ocrx_word' id='word_1_403' title='bbox 800 3746 884 3802; x_wconf 83' lang='grc'>15.</span> <span class='ocrx_word' id='word_1_404' title='bbox 907 3746 993 3801; x_wconf 72' lang='lat'>4‘2.</span> <span class='ocrx_word' id='word_1_405' title='bbox 1018 3752 1203 3813; x_wconf 85' lang='lat' dir='ltr'>seqq.).</span> <span class='ocrx_word' id='word_1_406' title='bbox 1229 3750 1537 3813; x_wconf 86' lang='lat' dir='ltr'>Tanquam</span> <span class='ocrx_word' id='word_1_407' title='bbox 1561 3762 1699 3813; x_wconf 86' lang='lat' dir='ltr'>ergo</span> 
     </span>
    </p>
   </div>
   <div class='ocr_carea' id='block_1_54' title="bbox 97 3836 1698 3903">
    <p class='ocr_par' dir='ltr' id='par_1_54' title="bbox 97 3836 1698 3903">
     <span class='ocr_line' id='line_1_54' title="bbox 97 3836 1698 3903; baseline 0.001 -14"><span class='ocrx_word' id='word_1_408' title='bbox 97 3836 376 3901; x_wconf 88' lang='lat' dir='ltr'>spiritale,</span> <span class='ocrx_word' id='word_1_409' title='bbox 415 3839 471 3889; x_wconf 90' lang='lat' dir='ltr'>et</span> <span class='ocrx_word' id='word_1_410' title='bbox 522 3837 862 3902; x_wconf 89' lang='lat' dir='ltr'>gloriosum,</span> <span class='ocrx_word' id='word_1_411' title='bbox 893 3842 951 3889; x_wconf 92' lang='lat' dir='ltr'>et</span> <span class='ocrx_word' id='word_1_412' title='bbox 994 3839 1418 3903; x_wconf 89' lang='lat' dir='ltr'>incorruptibile</span> <span class='ocrx_word' id='word_1_413' title='bbox 1458 3851 1698 3903; x_wconf 90' lang='lat' dir='ltr'>corpus,</span> 
     </span>
    </p>
   </div>
   <div class='ocr_carea' id='block_1_55' title="bbox 98 3926 1703 3991">
    <p class='ocr_par' dir='ltr' id='par_1_55' title="bbox 98 3926 1703 3991">
     <span class='ocr_line' id='line_1_55' title="bbox 98 3926 1703 3991; baseline 0.001 -14"><span class='ocrx_word' id='word_1_414' title='bbox 98 3928 217 3979; x_wconf 84' lang='lat' dir='ltr'>suis</span> <span class='ocrx_word' id='word_1_415' title='bbox 264 3926 508 3991; x_wconf 89' lang='lat' dir='ltr'>propriis</span> <span class='ocrx_word' id='word_1_416' title='bbox 540 3929 596 3978; x_wconf 90' lang='lat' dir='ltr'>et</span> <span class='ocrx_word' id='word_1_417' title='bbox 632 3939 749 3979; x_wconf 88' lang='lat' dir='ltr'>non</span> <span class='ocrx_word' id='word_1_418' title='bbox 770 3927 1001 3979; x_wconf 90' lang='lat' dir='ltr'>aliunde</span> <span class='ocrx_word' id='word_1_419' title='bbox 1024 3930 1303 3979; x_wconf 87' lang='lat' dir='ltr'>assumtis</span> <span class='ocrx_word' id='word_1_420' title='bbox 1327 3929 1703 3980; x_wconf 83' lang='lat' dir='ltr'>exornabitur</span> 
     </span>
    </p>
   </div>
   <div class='ocr_carea' id='block_1_56' title="bbox 95 4016 1703 4082">
    <p class='ocr_par' dir='ltr' id='par_1_56' title="bbox 95 4016 1703 4082">
     <span class='ocr_line' id='line_1_56' title="bbox 95 4016 1703 4082; baseline 0 -14"><span class='ocrx_word' id='word_1_421' title='bbox 95 4022 148 4068; x_wconf 88' lang='lat' dir='ltr'>et</span> <span class='ocrx_word' id='word_1_422' title='bbox 191 4017 575 4069; x_wconf 88' lang='lat' dir='ltr'>illustrabitur</span> <span class='ocrx_word' id='word_1_423' title='bbox 620 4017 914 4077; x_wconf 90' lang='lat' dir='ltr'>membris,</span> <span class='ocrx_word' id='word_1_424' title='bbox 953 4017 1275 4068; x_wconf 90' lang='lat' dir='ltr'>secundum</span> <span class='ocrx_word' id='word_1_425' title='bbox 1313 4029 1441 4069; x_wconf 89' lang='lat' dir='ltr'>eam</span> <span class='ocrx_word' id='word_1_426' title='bbox 1463 4016 1703 4082; x_wconf 81' lang='lat' dir='ltr'>gloriam</span> 
     </span>
    </p>
   </div>
   <div class='ocr_carea' id='block_1_57' title="bbox 102 4106 1702 4171">
    <p class='ocr_par' dir='ltr' id='par_1_57' title="bbox 102 4106 1702 4171">
     <span class='ocr_line' id='line_1_57' title="bbox 102 4106 1702 4171; baseline -0.001 -14"><span class='ocrx_word' id='word_1_427' title='bbox 102 4119 277 4170; x_wconf 89' lang='lat' dir='ltr'>quam</span> <span class='ocrx_word' id='word_1_428' title='bbox 314 4106 674 4170; x_wconf 89' lang='lat' dir='ltr'>propositum</span> <span class='ocrx_word' id='word_1_429' title='bbox 706 4107 871 4157; x_wconf 89' lang='lat' dir='ltr'>nobis</span> <span class='ocrx_word' id='word_1_430' title='bbox 903 4107 1107 4158; x_wconf 87' lang='lat' dir='ltr'>Christi</span> <span class='ocrx_word' id='word_1_431' title='bbox 1134 4111 1325 4159; x_wconf 88' lang='lat' dir='ltr'>servat</span> <span class='ocrx_word' id='word_1_432' title='bbox 1348 4108 1702 4171; x_wconf 84' lang='lat' dir='ltr'>exemplum.</span> 
     </span>
    </p>
   </div>
   <div class='ocr_carea' id='block_1_58' title="bbox 103 4196 1706 4261">
    <p class='ocr_par' dir='ltr' id='par_1_58' title="bbox 103 4196 1706 4261">
     <span class='ocr_line' id='line_1_58' title="bbox 103 4196 1706 4261; baseline -0.001 -14"><span class='ocrx_word' id='word_1_433' title='bbox 103 4198 255 4248; x_wconf 82' lang='lat' dir='ltr'>sicut</span> <span class='ocrx_word' id='word_1_434' title='bbox 282 4200 343 4247; x_wconf 90' lang='lat' dir='ltr'>et</span> <span class='ocrx_word' id='word_1_435' title='bbox 362 4198 674 4260; x_wconf 83' lang='lat' dir='ltr'>Apostolus</span> <span class='ocrx_word' id='word_1_436' title='bbox 707 4196 882 4249; x_wconf 87' lang='lat' dir='ltr'>dicit:</span> <span class='ocrx_word' id='word_1_437' title='bbox 931 4198 1035 4256; x_wconf 87' lang='lat' dir='ltr'>Qui</span> <span class='ocrx_word' id='word_1_438' title='bbox 1072 4196 1482 4259; x_wconf 73' lang='lat' dir='ltr'>trans/armabit</span> <span class='ocrx_word' id='word_1_439' title='bbox 1513 4212 1706 4261; x_wconf 85' lang='lat' dir='ltr'>corpus</span> 
     </span>
    </p>
   </div>
   <div class='ocr_carea' id='block_1_59' title="bbox 106 4286 1707 4351">
    <p class='ocr_par' dir='ltr' id='par_1_59' title="bbox 106 4286 1707 4351">
     <span class='ocr_line' id='line_1_59' title="bbox 106 4286 1707 4351; baseline 0.001 -16"><span class='ocrx_word' id='word_1_440' title='bbox 106 4286 437 4335; x_wconf 74' lang='lat' dir='ltr'>humilitatis</span> <span class='ocrx_word' id='word_1_441' title='bbox 478 4292 687 4350; x_wconf 60' lang='lat' dir='ltr'>nostra,</span> <span class='ocrx_word' id='word_1_442' title='bbox 706 4286 721 4315; x_wconf 68' lang='grc' dir='ltr'>ί</span> <span class='ocrx_word' id='word_1_443' title='bbox 742 4287 1015 4351; x_wconf 70' lang='lat' dir='ltr'>conformo</span> <span class='ocrx_word' id='word_1_444' title='bbox 1043 4288 1257 4348; x_wconf 81' lang='lat' dir='ltr'>corpori</span> <span class='ocrx_word' id='word_1_445' title='bbox 1290 4287 1556 4337; x_wconf 78' lang='lat' dir='ltr'>claritatis</span> <span class='ocrx_word' id='word_1_446' title='bbox 1578 4287 1707 4337; x_wconf 88' lang='lat' dir='ltr'>Filii</span> 
     </span>
    </p>
   </div>
   <div class='ocr_carea' id='block_1_60' title="bbox 106 4374 619 4439">
    <p class='ocr_par' dir='ltr' id='par_1_60' title="bbox 106 4374 619 4439">
     <span class='ocr_line' id='line_1_60' title="bbox 106 4374 619 4439; baseline 0.01 -17"><span class='ocrx_word' id='word_1_447' title='bbox 106 4378 190 4424; x_wconf 76' lang='lat' dir='ltr'>sui</span> <span class='ocrx_word' id='word_1_448' title='bbox 216 4375 384 4437; x_wconf 84' lang='lat' dir='ltr'>(Phil.</span> <span class='ocrx_word' id='word_1_449' title='bbox 412 4374 461 4429; x_wconf 89' lang='lat'>3.</span> <span class='ocrx_word' id='word_1_450' title='bbox 493 4374 619 4439; x_wconf 64' lang='lat'>‘22.).</span> 
     </span>
    </p>
   </div>
   <div class='ocr_carea' id='block_1_61' title="bbox 169 4465 1705 4531">
    <p class='ocr_par' dir='ltr' id='par_1_61' title="bbox 169 4465 1705 4531">
     <span class='ocr_line' id='line_1_61' title="bbox 169 4465 1705 4531; baseline 0 -14"><span class='ocrx_word' id='word_1_451' title='bbox 169 4466 220 4518; x_wconf 83' lang='lat'>7.</span> <span class='ocrx_word' id='word_1_452' title='bbox 254 4475 273 4503; x_wconf 75' lang='grc' dir='ltr'><strong><em>ι</em></strong></span> <span class='ocrx_word' id='word_1_453' title='bbox 306 4466 448 4516; x_wconf 91' lang='lat' dir='ltr'>Cum</span> <span class='ocrx_word' id='word_1_454' title='bbox 488 4465 663 4529; x_wconf 87' lang='lat' dir='ltr'>igitur</span> <span class='ocrx_word' id='word_1_455' title='bbox 696 4478 795 4531; x_wconf 90' lang='lat' dir='ltr'>per</span> <span class='ocrx_word' id='word_1_456' title='bbox 826 4466 1020 4519; x_wconf 88' lang='lat' dir='ltr'>omnia</span> <span class='ocrx_word' id='word_1_457' title='bbox 1046 4468 1107 4519; x_wconf 94' lang='lat' dir='ltr'>in</span> <span class='ocrx_word' id='word_1_458' title='bbox 1129 4466 1566 4519; x_wconf 89' lang='lat' dir='ltr'>resurrectionis</span> <span class='ocrx_word' id='word_1_459' title='bbox 1602 4479 1705 4531; x_wconf 91' lang='lat' dir='ltr'>spe</span> 
     </span>
    </p>
   </div>
   <div class='ocr_carea' id='block_1_62' title="bbox 1786 1864 3393 1943">
    <p class='ocr_par' dir='ltr' id='par_1_62' title="bbox 1786 1864 3393 1943">
     <span class='ocr_line' id='line_1_62' title="bbox 1786 1864 3393 1943; baseline -0.009 -13"><span class='ocrx_word' id='word_1_460' title='bbox 1786 1879 1914 1943; x_wconf 86' lang='lat' dir='ltr'>ipse</span> <span class='ocrx_word' id='word_1_461' title='bbox 1936 1874 2155 1928; x_wconf 89' lang='lat' dir='ltr'>viderit.</span> <span class='ocrx_word' id='word_1_462' title='bbox 2180 1874 2294 1922; x_wconf 80' lang='lat' dir='ltr'>Aut</span> <span class='ocrx_word' id='word_1_463' title='bbox 2318 1870 2366 1919; x_wconf 90' lang='lat' dir='ltr'>si</span> <span class='ocrx_word' id='word_1_464' title='bbox 2388 1876 2399 1905; x_wconf 70' lang='grc' dir='ltr'>ι</span> <span class='ocrx_word' id='word_1_465' title='bbox 2421 1880 2555 1919; x_wconf 90' lang='lat' dir='ltr'>eum</span> <span class='ocrx_word' id='word_1_466' title='bbox 2578 1879 2640 1917; x_wconf 91' lang='lat' dir='ltr'>se</span> <span class='ocrx_word' id='word_1_467' title='bbox 2664 1870 2827 1931; x_wconf 91' lang='lat' dir='ltr'>putat</span> <span class='ocrx_word' id='word_1_468' title='bbox 2842 1864 2942 1929; x_wconf 89' lang='lat' dir='ltr'>qui</span> <span class='ocrx_word' id='word_1_469' title='bbox 2965 1864 3256 1929; x_wconf 60' lang='lat' dir='ltr'>praedicat,</span> <span class='ocrx_word' id='word_1_470' title='bbox 3273 1874 3393 1915; x_wconf 90' lang='lat' dir='ltr'>non</span> 
     </span>
    </p>
   </div>
   <div class='ocr_carea' id='block_1_63' title="bbox 1787 1953 3392 2026">
    <p class='ocr_par' dir='ltr' id='par_1_63' title="bbox 1787 1953 3392 2026">
     <span class='ocr_line' id='line_1_63' title="bbox 1787 1953 3392 2026; baseline -0.011 -7"><span class='ocrx_word' id='word_1_471' title='bbox 1787 1980 1911 2020; x_wconf 87' lang='lat' dir='ltr'>esse</span> <span class='ocrx_word' id='word_1_472' title='bbox 1937 1977 2129 2026; x_wconf 89' lang='lat' dir='ltr'>suum,</span> <span class='ocrx_word' id='word_1_473' title='bbox 2153 1961 2358 2013; x_wconf 83' lang='lat' dir='ltr'>talione</span> <span class='ocrx_word' id='word_1_474' title='bbox 2382 1957 2658 2019; x_wconf 90' lang='lat' dir='ltr'>mordere,</span> <span class='ocrx_word' id='word_1_475' title='bbox 2678 1967 2833 2007; x_wconf 91' lang='lat' dir='ltr'>nunc</span> <span class='ocrx_word' id='word_1_476' title='bbox 2859 1954 3034 2006; x_wconf 88' lang='lat' dir='ltr'>etiam</span> <span class='ocrx_word' id='word_1_477' title='bbox 3063 1953 3187 2004; x_wconf 89' lang='lat' dir='ltr'>sine</span> <span class='ocrx_word' id='word_1_478' title='bbox 3205 1955 3392 2002; x_wconf 81' lang='lat' dir='ltr'>talione</span> 
     </span>
    </p>
   </div>
   <div class='ocr_carea' id='block_1_64' title="bbox 1786 2042 3394 2111">
    <p class='ocr_par' dir='ltr' id='par_1_64' title="bbox 1786 2042 3394 2111">
     <span class='ocr_line' id='line_1_64' title="bbox 1786 2042 3394 2111; baseline -0.01 -2"><span class='ocrx_word' id='word_1_479' title='bbox 1786 2057 2046 2109; x_wconf 89' lang='lat' dir='ltr'>mordere</span> <span class='ocrx_word' id='word_1_480' title='bbox 2068 2068 2080 2103; x_wconf 89' lang='lat'><strong>:</strong></span> <span class='ocrx_word' id='word_1_481' title='bbox 2111 2052 2203 2105; x_wconf 91' lang='lat' dir='ltr'>vel</span> <span class='ocrx_word' id='word_1_482' title='bbox 2232 2054 2380 2102; x_wconf 87' lang='lat' dir='ltr'>certe</span> <span class='ocrx_word' id='word_1_483' title='bbox 2397 2048 2446 2099; x_wconf 90' lang='lat' dir='ltr'>si</span> <span class='ocrx_word' id='word_1_484' title='bbox 2465 2045 2862 2111; x_wconf 71' lang='lat' dir='ltr'>aequanimiter</span> <span class='ocrx_word' id='word_1_485' title='bbox 2885 2045 2993 2096; x_wconf 86' lang='lat' dir='ltr'>fert</span> <span class='ocrx_word' id='word_1_486' title='bbox 3008 2055 3146 2095; x_wconf 89' lang='lat' dir='ltr'>suas</span> <span class='ocrx_word' id='word_1_487' title='bbox 3162 2042 3394 2094; x_wconf 87' lang='lat' dir='ltr'>mulier-</span> 
     </span>
    </p>
   </div>
   <div class='ocr_carea' id='block_1_65' title="bbox 1788 2133 3394 2200">
    <p class='ocr_par' dir='ltr' id='par_1_65' title="bbox 1788 2133 3394 2200">
     <span class='ocr_line' id='line_1_65' title="bbox 1788 2133 3394 2200; baseline -0.011 -1"><span class='ocrx_word' id='word_1_488' title='bbox 1788 2148 1950 2199; x_wconf 82' lang='lat' dir='ltr'>culas</span> <span class='ocrx_word' id='word_1_489' title='bbox 1975 2142 2124 2196; x_wconf 77' lang='lat' dir='ltr'>Veris</span> <span class='ocrx_word' id='word_1_490' title='bbox 2139 2145 2198 2193; x_wconf 91' lang='lat' dir='ltr'>et</span> <span class='ocrx_word' id='word_1_491' title='bbox 2220 2153 2337 2191; x_wconf 91' lang='lat' dir='ltr'>non</span> <span class='ocrx_word' id='word_1_492' title='bbox 2360 2139 2508 2189; x_wconf 82' lang='lat' dir='ltr'>ﬂetis</span> <span class='ocrx_word' id='word_1_493' title='bbox 2528 2149 2716 2200; x_wconf 90' lang='lat' dir='ltr'>neque</span> <span class='ocrx_word' id='word_1_494' title='bbox 2740 2133 3149 2187; x_wconf 88' lang='lat' dir='ltr'>commentitiis</span> <span class='ocrx_word' id='word_1_495' title='bbox 3173 2144 3394 2185; x_wconf 88' lang='lat' dir='ltr'>remor-</span> 
     </span>
    </p>
   </div>
   <div class='ocr_carea' id='block_1_66' title="bbox 1788 2220 3388 2298">
    <p class='ocr_par' dir='ltr' id='par_1_66' title="bbox 1788 2220 3388 2298">
     <span class='ocr_line' id='line_1_66' title="bbox 1788 2220 3388 2298; baseline -0.009 -11"><span class='ocrx_word' id='word_1_496' title='bbox 1788 2235 1925 2298; x_wconf 90' lang='lat' dir='ltr'>deri,</span> <span class='ocrx_word' id='word_1_497' title='bbox 1952 2236 2094 2293; x_wconf 73' lang='lat' dir='ltr'>haec,</span> <span class='ocrx_word' id='word_1_498' title='bbox 2121 2234 2376 2294; x_wconf 89' lang='lat' dir='ltr'>inquam,</span> <span class='ocrx_word' id='word_1_499' title='bbox 2398 2228 2521 2292; x_wconf 89' lang='lat' dir='ltr'>ipse</span> <span class='ocrx_word' id='word_1_500' title='bbox 2554 2225 2778 2279; x_wconf 89' lang='lat' dir='ltr'>viderit.</span> <span class='ocrx_word' id='word_1_501' title='bbox 2811 2226 2925 2276; x_wconf 90' lang='lat' dir='ltr'>Nos</span> <span class='ocrx_word' id='word_1_502' title='bbox 2957 2222 3186 2274; x_wconf 88' lang='lat' dir='ltr'>interim</span> <span class='ocrx_word' id='word_1_503' title='bbox 3229 2220 3388 2285; x_wconf 90' lang='lat' dir='ltr'>quod</span> 
     </span>
    </p>
   </div>
   <div class='ocr_carea' id='block_1_67' title="bbox 1785 2309 3391 2387">
    <p class='ocr_par' dir='ltr' id='par_1_67' title="bbox 1785 2309 3391 2387">
     <span class='ocr_line' id='line_1_67' title="bbox 1785 2309 3391 2387; baseline -0.009 -12"><span class='ocrx_word' id='word_1_504' title='bbox 1785 2325 1879 2376; x_wconf 90' lang='lat' dir='ltr'>ille</span> <span class='ocrx_word' id='word_1_505' title='bbox 1903 2320 2242 2387; x_wconf 87' lang='lat' dir='ltr'>promiserit,</span> <span class='ocrx_word' id='word_1_506' title='bbox 2263 2317 2572 2381; x_wconf 91' lang='lat' dir='ltr'>implemus</span> <span class='ocrx_word' id='word_1_507' title='bbox 2598 2332 2609 2363; x_wconf 88' lang='lat'>:</span> <span class='ocrx_word' id='word_1_508' title='bbox 2635 2326 2752 2365; x_wconf 89' lang='lat' dir='ltr'>non</span> <span class='ocrx_word' id='word_1_509' title='bbox 2774 2311 3071 2364; x_wconf 85' lang='lat' dir='ltr'>reddimus</span> <span class='ocrx_word' id='word_1_510' title='bbox 3094 2309 3391 2362; x_wconf 85' lang='lat' dir='ltr'>talionem.</span> 
     </span>
    </p>
   </div>
   <div class='ocr_carea' id='block_1_68' title="bbox 1790 2401 3397 2471">
    <p class='ocr_par' dir='ltr' id='par_1_68' title="bbox 1790 2401 3397 2471">
     <span class='ocr_line' id='line_1_68' title="bbox 1790 2401 3397 2471; baseline -0.01 -4"><span class='ocrx_word' id='word_1_511' title='bbox 1790 2414 1906 2466; x_wconf 87' lang='lat' dir='ltr'>Sed</span> <span class='ocrx_word' id='word_1_512' title='bbox 1927 2416 1993 2464; x_wconf 90' lang='lat' dir='ltr'>ut</span> <span class='ocrx_word' id='word_1_513' title='bbox 2018 2410 2201 2471; x_wconf 89' lang='lat' dir='ltr'>video,</span> <span class='ocrx_word' id='word_1_514' title='bbox 2221 2410 2317 2460; x_wconf 89' lang='lat' dir='ltr'>isti</span> <span class='ocrx_word' id='word_1_515' title='bbox 2341 2407 2433 2458; x_wconf 91' lang='lat' dir='ltr'>cui</span> <span class='ocrx_word' id='word_1_516' title='bbox 2447 2404 2709 2469; x_wconf 89' lang='lat' dir='ltr'>displicet</span> <span class='ocrx_word' id='word_1_517' title='bbox 2733 2401 2953 2465; x_wconf 88' lang='lat' dir='ltr'>mulier,</span> <span class='ocrx_word' id='word_1_518' title='bbox 2982 2412 3117 2465; x_wconf 71' lang='lat' dir='ltr'>qum</span> <span class='ocrx_word' id='word_1_519' title='bbox 3131 2403 3309 2465; x_wconf 88' lang='lat' dir='ltr'>negat</span> <span class='ocrx_word' id='word_1_520' title='bbox 3334 2410 3397 2451; x_wconf 85' lang='lat' dir='ltr'>se</span> 
     </span>
    </p>
   </div>
   <div class='ocr_carea' id='block_1_69' title="bbox 1791 2490 3394 2560">
    <p class='ocr_par' dir='ltr' id='par_1_69' title="bbox 1791 2490 3394 2560">
     <span class='ocr_line' id='line_1_69' title="bbox 1791 2490 3394 2560; baseline -0.012 -4"><span class='ocrx_word' id='word_1_521' title='bbox 1791 2518 1861 2555; x_wconf 82' lang='lat' dir='ltr'>ex</span> <span class='ocrx_word' id='word_1_522' title='bbox 1873 2516 2000 2555; x_wconf 88' lang='lat' dir='ltr'>resu</span> <span class='ocrx_word' id='word_1_523' title='bbox 2012 2514 2127 2553; x_wconf 87' lang='lat' dir='ltr'>rrec</span> <span class='ocrx_word' id='word_1_524' title='bbox 2135 2500 2284 2551; x_wconf 90' lang='lat' dir='ltr'>tione</span> <span class='ocrx_word' id='word_1_525' title='bbox 2296 2495 2492 2560; x_wconf 86' lang='lat' dir='ltr'>fragile</span> <span class='ocrx_word' id='word_1_526' title='bbox 2508 2506 2713 2559; x_wconf 90' lang='lat' dir='ltr'>corpus</span> <span class='ocrx_word' id='word_1_527' title='bbox 2730 2492 3072 2551; x_wconf 82' lang='lat' dir='ltr'>habituram,</span> <span class='ocrx_word' id='word_1_528' title='bbox 3095 2490 3220 2541; x_wconf 90' lang='lat' dir='ltr'>sine</span> <span class='ocrx_word' id='word_1_529' title='bbox 3235 2490 3394 2537; x_wconf 89' lang='lat' dir='ltr'>dubio</span> 
     </span>
    </p>
   </div>
   <div class='ocr_carea' id='block_1_70' title="bbox 1788 2578 3394 2660">
    <p class='ocr_par' dir='ltr' id='par_1_70' title="bbox 1788 2578 3394 2660">
     <span class='ocr_line' id='line_1_70' title="bbox 1788 2578 3394 2660; baseline -0.009 -16"><span class='ocrx_word' id='word_1_530' title='bbox 1788 2593 1973 2660; x_wconf 82' lang='lat' dir='ltr'>placet</span> <span class='ocrx_word' id='word_1_531' title='bbox 1995 2592 2062 2653; x_wconf 67' lang='lat' dir='ltr'>ri,</span> <span class='ocrx_word' id='word_1_532' title='bbox 2076 2587 2439 2652; x_wconf 87' lang='lat' dir='ltr'>fragilitatem</span> <span class='ocrx_word' id='word_1_533' title='bbox 2450 2583 2703 2648; x_wconf 91' lang='lat' dir='ltr'>corporis</span> <span class='ocrx_word' id='word_1_534' title='bbox 2722 2591 3177 2647; x_wconf 74' lang='lat' dir='ltr'>permansurum.</span> <span class='ocrx_word' id='word_1_535' title='bbox 3196 2580 3267 2630; x_wconf 90' lang='lat' dir='ltr'>Et</span> <span class='ocrx_word' id='word_1_536' title='bbox 3292 2578 3394 2630; x_wconf 89' lang='lat' dir='ltr'>ubi</span> 
     </span>
    </p>
   </div>
   <div class='ocr_carea' id='block_1_71' title="bbox 1789 2669 3394 2745">
    <p class='ocr_par' dir='ltr' id='par_1_71' title="bbox 1789 2669 3394 2745">
     <span class='ocr_line' id='line_1_71' title="bbox 1789 2669 3394 2745; baseline -0.012 -9"><span class='ocrx_word' id='word_1_537' title='bbox 1789 2688 1879 2736; x_wconf 89' lang='lat' dir='ltr'>est</span> <span class='ocrx_word' id='word_1_538' title='bbox 1901 2680 2055 2745; x_wconf 76' lang='lat' dir='ltr'>quod</span> <span class='ocrx_word' id='word_1_539' title='bbox 2085 2678 2223 2730; x_wconf 88' lang='lat' dir='ltr'>dicit</span> <span class='ocrx_word' id='word_1_540' title='bbox 2245 2674 2588 2741; x_wconf 86' lang='lat' dir='ltr'>Apostolus:</span> <span class='ocrx_word' id='word_1_541' title='bbox 2618 2672 2936 2722; x_wconf 85' lang='lat' dir='ltr'>Seminalur</span> <span class='ocrx_word' id='word_1_542' title='bbox 2958 2671 3021 2719; x_wconf 87' lang='lat' dir='ltr'>in</span> <span class='ocrx_word' id='word_1_543' title='bbox 3043 2669 3394 2732; x_wconf 81' lang='lat' dir='ltr'>inﬁrmitate,</span> 
     </span>
    </p>
   </div>
   <div class='ocr_carea' id='block_1_72' title="bbox 1786 2758 3400 2835">
    <p class='ocr_par' dir='ltr' id='par_1_72' title="bbox 1786 2758 3400 2835">
     <span class='ocr_line' id='line_1_72' title="bbox 1786 2758 3400 2835; baseline -0.009 -13"><span class='ocrx_word' id='word_1_544' title='bbox 1786 2778 1965 2835; x_wconf 79' lang='lat' dir='ltr'>surget</span> <span class='ocrx_word' id='word_1_545' title='bbox 1996 2771 2057 2819; x_wconf 86' lang='lat' dir='ltr'>in</span> <span class='ocrx_word' id='word_1_546' title='bbox 2103 2770 2295 2817; x_wconf 81' lang='lat' dir='ltr'>virtute</span> <span class='ocrx_word' id='word_1_547' title='bbox 2328 2779 2341 2815; x_wconf 91' lang='lat'><strong>:</strong></span> <span class='ocrx_word' id='word_1_548' title='bbox 2383 2764 2686 2815; x_wconf 84' lang='lat' dir='ltr'>seminatur</span> <span class='ocrx_word' id='word_1_549' title='bbox 2709 2776 2901 2825; x_wconf 85' lang='lat' dir='ltr'>corpus</span> <span class='ocrx_word' id='word_1_550' title='bbox 2925 2758 3183 2821; x_wconf 84' lang='lat' dir='ltr'>animale,</span> <span class='ocrx_word' id='word_1_551' title='bbox 3213 2762 3400 2823; x_wconf 82' lang='lat' dir='ltr'>surget</span> 
     </span>
    </p>
   </div>
   <div class='ocr_carea' id='block_1_73' title="bbox 1787 2848 3391 2928">
    <p class='ocr_par' dir='ltr' id='par_1_73' title="bbox 1787 2848 3391 2928">
     <span class='ocr_line' id='line_1_73' title="bbox 1787 2848 3391 2928; baseline -0.008 -16"><span class='ocrx_word' id='word_1_552' title='bbox 1787 2878 1979 2928; x_wconf 87' lang='lat' dir='ltr'>corpus</span> <span class='ocrx_word' id='word_1_553' title='bbox 2001 2858 2242 2925; x_wconf 83' lang='lat' dir='ltr'>spiritale</span> <span class='ocrx_word' id='word_1_554' title='bbox 2265 2855 2337 2914; x_wconf 86' lang='grc'>(1.</span> <span class='ocrx_word' id='word_1_555' title='bbox 2379 2855 2499 2905; x_wconf 86' lang='lat' dir='ltr'>Cor.</span> <span class='ocrx_word' id='word_1_556' title='bbox 2526 2852 2612 2907; x_wconf 77' lang='grc'>15.</span> <span class='ocrx_word' id='word_1_557' title='bbox 2640 2852 2748 2915; x_wconf 76' lang='grc'><strong>42.)</strong></span> <span class='ocrx_word' id='word_1_558' title='bbox 2778 2867 2790 2903; x_wconf 88' lang='lat'><strong>:</strong></span> <span class='ocrx_word' id='word_1_559' title='bbox 2817 2861 2993 2915; x_wconf 91' lang='lat' dir='ltr'>quam</span> <span class='ocrx_word' id='word_1_560' title='bbox 3016 2848 3391 2927; x_wconf 81' lang='lat' dir='ltr'>fragilitatem</span> 
     </span>
    </p>
   </div>
   <div class='ocr_carea' id='block_1_74' title="bbox 1787 2937 3391 3010">
    <p class='ocr_par' dir='ltr' id='par_1_74' title="bbox 1787 2937 3391 3010">
     <span class='ocr_line' id='line_1_74' title="bbox 1787 2937 3391 3010; baseline -0.009 -5"><span class='ocrx_word' id='word_1_561' title='bbox 1787 2954 1877 3007; x_wconf 86' lang='lat' dir='ltr'>vis</span> <span class='ocrx_word' id='word_1_562' title='bbox 1923 2963 2050 3003; x_wconf 89' lang='lat' dir='ltr'>esse</span> <span class='ocrx_word' id='word_1_563' title='bbox 2080 2950 2141 3000; x_wconf 91' lang='lat' dir='ltr'>in</span> <span class='ocrx_word' id='word_1_564' title='bbox 2185 2958 2416 3010; x_wconf 89' lang='lat' dir='ltr'>corpore</span> <span class='ocrx_word' id='word_1_565' title='bbox 2454 2941 2733 3008; x_wconf 83' lang='lat' dir='ltr'>spiritali?</span> <span class='ocrx_word' id='word_1_566' title='bbox 2755 2942 2824 2992; x_wconf 91' lang='lat' dir='ltr'>Et</span> <span class='ocrx_word' id='word_1_567' title='bbox 2846 2939 3000 3003; x_wconf 89' lang='lat' dir='ltr'>quod</span> <span class='ocrx_word' id='word_1_568' title='bbox 3029 2941 3299 3002; x_wconf 89' lang='lat' dir='ltr'>resurget</span> <span class='ocrx_word' id='word_1_569' title='bbox 3328 2937 3391 2990; x_wconf 89' lang='lat' dir='ltr'>in</span> 
     </span>
    </p>
   </div>
   <div class='ocr_carea' id='block_1_75' title="bbox 1790 3024 3398 3102">
    <p class='ocr_par' dir='ltr' id='par_1_75' title="bbox 1790 3024 3398 3102">
     <span class='ocr_line' id='line_1_75' title="bbox 1790 3024 3398 3102; baseline -0.011 -7"><span class='ocrx_word' id='word_1_570' title='bbox 1790 3044 2028 3097; x_wconf 87' lang='lat' dir='ltr'>virtute:</span> <span class='ocrx_word' id='word_1_571' title='bbox 2075 3036 2364 3102; x_wconf 84' lang='lat' dir='ltr'>quomodo</span> <span class='ocrx_word' id='word_1_572' title='bbox 2402 3033 2610 3085; x_wconf 90' lang='lat' dir='ltr'>iterum</span> <span class='ocrx_word' id='word_1_573' title='bbox 2653 3029 2851 3093; x_wconf 85' lang='lat' dir='ltr'>fragile</span> <span class='ocrx_word' id='word_1_574' title='bbox 2887 3029 3033 3080; x_wconf 80' lang='lat' dir='ltr'>erit?</span> <span class='ocrx_word' id='word_1_575' title='bbox 3056 3024 3122 3078; x_wconf 93' lang='lat' dir='ltr'>In</span> <span class='ocrx_word' id='word_1_576' title='bbox 3150 3027 3398 3090; x_wconf 86' lang='lat' dir='ltr'>virtute,</span> 
     </span>
    </p>
   </div>
   <div class='ocr_carea' id='block_1_76' title="bbox 1791 3115 3399 3195">
    <p class='ocr_par' dir='ltr' id='par_1_76' title="bbox 1791 3115 3399 3195">
     <span class='ocr_line' id='line_1_76' title="bbox 1791 3115 3399 3195; baseline -0.012 -13"><span class='ocrx_word' id='word_1_577' title='bbox 1791 3136 1813 3168; x_wconf 71' lang='grc' dir='ltr'>ι</span> <span class='ocrx_word' id='word_1_578' title='bbox 1828 3130 1976 3195; x_wconf 91' lang='lat' dir='ltr'>quod</span> <span class='ocrx_word' id='word_1_579' title='bbox 1994 3127 2191 3190; x_wconf 73' lang='lat' dir='ltr'>fragile</span> <span class='ocrx_word' id='word_1_580' title='bbox 2208 3129 2314 3183; x_wconf 91' lang='lat' dir='ltr'>est,</span> <span class='ocrx_word' id='word_1_581' title='bbox 2332 3121 2624 3186; x_wconf 91' lang='lat' dir='ltr'>quomodo</span> <span class='ocrx_word' id='word_1_582' title='bbox 2636 3120 2768 3172; x_wconf 76' lang='lat' dir='ltr'>erit?</span> <span class='ocrx_word' id='word_1_583' title='bbox 2782 3120 2982 3169; x_wconf 91' lang='lat' dir='ltr'>Nonne</span> <span class='ocrx_word' id='word_1_584' title='bbox 2997 3115 3203 3167; x_wconf 88' lang='lat' dir='ltr'>melius</span> <span class='ocrx_word' id='word_1_585' title='bbox 3225 3117 3257 3164; x_wconf 90' lang='lat' dir='ltr'>d</span> <span class='ocrx_word' id='word_1_586' title='bbox 3272 3117 3399 3164; x_wconf 88' lang='lat' dir='ltr'>icun</span> 
     </span>
    </p>
   </div>
   <div class='ocr_carea' id='block_1_77' title="bbox 1791 3204 3383 3277">
    <p class='ocr_par' dir='ltr' id='par_1_77' title="bbox 1791 3204 3383 3277">
     <span class='ocr_line' id='line_1_77' title="bbox 1791 3204 3383 3277; baseline -0.011 -5"><span class='ocrx_word' id='word_1_587' title='bbox 1791 3218 2162 3275; x_wconf 69' lang='lat' dir='ltr'>mulierculae,</span> <span class='ocrx_word' id='word_1_588' title='bbox 2180 3225 2354 3277; x_wconf 86' lang='lat' dir='ltr'>quam</span> <span class='ocrx_word' id='word_1_589' title='bbox 2371 3217 2454 3275; x_wconf 89' lang='lat' dir='ltr'>tu,</span> <span class='ocrx_word' id='word_1_590' title='bbox 2470 3222 2605 3274; x_wconf 71' lang='lat' dir='ltr'>qum</span> <span class='ocrx_word' id='word_1_591' title='bbox 2619 3211 2832 3272; x_wconf 88' lang='lat' dir='ltr'>negant</span> <span class='ocrx_word' id='word_1_592' title='bbox 2843 3206 2992 3258; x_wconf 89' lang='lat' dir='ltr'>ultra</span> <span class='ocrx_word' id='word_1_593' title='bbox 3012 3204 3383 3269; x_wconf 87' lang='lat' dir='ltr'>fragilitatem</span> 
     </span>
    </p>
   </div>
   <div class='ocr_carea' id='block_1_78' title="bbox 1792 3296 3389 3372">
    <p class='ocr_par' dir='ltr' id='par_1_78' title="bbox 1792 3296 3389 3372">
     <span class='ocr_line' id='line_1_78' title="bbox 1792 3296 3389 3372; baseline -0.011 -12"><span class='ocrx_word' id='word_1_594' title='bbox 1792 3307 2009 3372; x_wconf 91' lang='lat' dir='ltr'>corpori</span> <span class='ocrx_word' id='word_1_595' title='bbox 2040 3303 2499 3356; x_wconf 77' lang='lat' dir='ltr'>dominaturam‘?</span> <span class='ocrx_word' id='word_1_596' title='bbox 2540 3298 2686 3360; x_wconf 89' lang='lat' dir='ltr'>Quid</span> <span class='ocrx_word' id='word_1_597' title='bbox 2718 3296 2844 3348; x_wconf 86' lang='lat' dir='ltr'>illas</span> <span class='ocrx_word' id='word_1_598' title='bbox 2868 3296 3089 3359; x_wconf 89' lang='lat' dir='ltr'>irrides,</span> <span class='ocrx_word' id='word_1_599' title='bbox 3122 3305 3257 3358; x_wconf 73' lang='lat' dir='ltr'>qum</span> <span class='ocrx_word' id='word_1_600' title='bbox 3292 3305 3389 3344; x_wconf 87' lang='lat' dir='ltr'>se-</span> 
     </span>
    </p>
   </div>
   <div class='ocr_carea' id='block_1_79' title="bbox 1792 3381 3402 3462">
    <p class='ocr_par' dir='ltr' id='par_1_79' title="bbox 1792 3381 3402 3462">
     <span class='ocr_line' id='line_1_79' title="bbox 1792 3381 3402 3462; baseline -0.011 -13"><span class='ocrx_word' id='word_1_601' title='bbox 1792 3402 2048 3462; x_wconf 88' lang='lat' dir='ltr'>quuntur</span> <span class='ocrx_word' id='word_1_602' title='bbox 2078 3391 2416 3458; x_wconf 84' lang='lat' dir='ltr'>Apostolum</span> <span class='ocrx_word' id='word_1_603' title='bbox 2432 3388 2719 3440; x_wconf 82' lang='lat' dir='ltr'>dicentem</span> <span class='ocrx_word' id='word_1_604' title='bbox 2741 3403 2751 3434; x_wconf 90' lang='lat'>:</span> <span class='ocrx_word' id='word_1_605' title='bbox 2773 3386 2916 3445; x_wconf 85' lang='lat' dir='ltr'>Quia</span> <span class='ocrx_word' id='word_1_606' title='bbox 2934 3381 3281 3447; x_wconf 76' lang='lat' dir='ltr'>corruptibilc</span> <span class='ocrx_word' id='word_1_607' title='bbox 3303 3383 3402 3431; x_wconf 87' lang='lat' dir='ltr'>hoc</span> 
     </span>
    </p>
   </div>
   <div class='ocr_carea' id='block_1_80' title="bbox 1794 3472 3392 3546">
    <p class='ocr_par' dir='ltr' id='par_1_80' title="bbox 1794 3472 3392 3546">
     <span class='ocr_line' id='line_1_80' title="bbox 1794 3472 3392 3546; baseline -0.01 -10"><span class='ocrx_word' id='word_1_608' title='bbox 1794 3487 1982 3537; x_wconf 80' lang='lat' dir='ltr'>induet</span> <span class='ocrx_word' id='word_1_609' title='bbox 2016 3482 2481 3546; x_wconf 82' lang='lat' dir='ltr'>incorruptionem</span> <span class='ocrx_word' id='word_1_610' title='bbox 2514 3492 2527 3529; x_wconf 88' lang='lat'><strong>:</strong></span> <span class='ocrx_word' id='word_1_611' title='bbox 2554 3478 2565 3507; x_wconf 86' lang='lat'>&#39;</span> <span class='ocrx_word' id='word_1_612' title='bbox 2595 3482 2645 3526; x_wconf 86' lang='lat' dir='ltr'>et</span> <span class='ocrx_word' id='word_1_613' title='bbox 2677 3476 2903 3525; x_wconf 82' lang='lat' dir='ltr'>mortale</span> <span class='ocrx_word' id='word_1_614' title='bbox 2947 3476 3046 3524; x_wconf 85' lang='lat' dir='ltr'>hoc</span> <span class='ocrx_word' id='word_1_615' title='bbox 3069 3472 3260 3522; x_wconf 85' lang='lat' dir='ltr'>induet</span> <span class='ocrx_word' id='word_1_616' title='bbox 3292 3472 3392 3521; x_wconf 88' lang='lat' dir='ltr'>im-</span> 
     </span>
    </p>
   </div>
   <div class='ocr_carea' id='block_1_81' title="bbox 1796 3562 3398 3635">
    <p class='ocr_par' dir='ltr' id='par_1_81' title="bbox 1796 3562 3398 3635">
     <span class='ocr_line' id='line_1_81' title="bbox 1796 3562 3398 3635; baseline -0.009 -8"><span class='ocrx_word' id='word_1_617' title='bbox 1796 3576 2178 3627; x_wconf 75' lang='lat' dir='ltr'>mortalitatem</span> <span class='ocrx_word' id='word_1_618' title='bbox 2220 3572 2289 3635; x_wconf 83' lang='grc'>(1.</span> <span class='ocrx_word' id='word_1_619' title='bbox 2332 3570 2451 3621; x_wconf 86' lang='lat' dir='ltr'>Cor.</span> <span class='ocrx_word' id='word_1_620' title='bbox 2474 3567 2708 3630; x_wconf 79' lang='lat'>15.53.)?</span> <span class='ocrx_word' id='word_1_621' title='bbox 2743 3563 2994 3630; x_wconf 86' lang='lat' dir='ltr'>Apostoli</span> <span class='ocrx_word' id='word_1_622' title='bbox 3039 3576 3160 3616; x_wconf 90' lang='lat' dir='ltr'>non</span> <span class='ocrx_word' id='word_1_623' title='bbox 3185 3562 3398 3614; x_wconf 88' lang='lat' dir='ltr'>docue-</span> 
     </span>
    </p>
   </div>
   <div class='ocr_carea' id='block_1_82' title="bbox 1796 3654 3400 3725">
    <p class='ocr_par' dir='ltr' id='par_1_82' title="bbox 1796 3654 3400 3725">
     <span class='ocr_line' id='line_1_82' title="bbox 1796 3654 3400 3725; baseline -0.011 -6"><span class='ocrx_word' id='word_1_624' title='bbox 1796 3671 1934 3719; x_wconf 90' lang='lat' dir='ltr'>runt</span> <span class='ocrx_word' id='word_1_625' title='bbox 1968 3664 2166 3725; x_wconf 81' lang='lat' dir='ltr'>fragile</span> <span class='ocrx_word' id='word_1_626' title='bbox 2199 3673 2407 3725; x_wconf 89' lang='lat' dir='ltr'>corpus</span> <span class='ocrx_word' id='word_1_627' title='bbox 2433 3659 2695 3711; x_wconf 88' lang='lat' dir='ltr'>futurum</span> <span class='ocrx_word' id='word_1_628' title='bbox 2718 3669 2863 3717; x_wconf 89' lang='lat' dir='ltr'>esse,</span> <span class='ocrx_word' id='word_1_629' title='bbox 2890 3654 3046 3719; x_wconf 91' lang='lat' dir='ltr'>quod</span> <span class='ocrx_word' id='word_1_630' title='bbox 3074 3656 3341 3716; x_wconf 88' lang='lat' dir='ltr'>resurget</span> <span class='ocrx_word' id='word_1_631' title='bbox 3363 3663 3400 3702; x_wconf 88' lang='lat' dir='ltr'>a</span> 
     </span>
    </p>
   </div>
   <div class='ocr_carea' id='block_1_83' title="bbox 1799 3742 3405 3813">
    <p class='ocr_par' dir='ltr' id='par_1_83' title="bbox 1799 3742 3405 3813">
     <span class='ocr_line' id='line_1_83' title="bbox 1799 3742 3405 3813; baseline -0.011 -5"><span class='ocrx_word' id='word_1_632' title='bbox 1799 3755 2059 3813; x_wconf 89' lang='lat' dir='ltr'>mortuis,</span> <span class='ocrx_word' id='word_1_633' title='bbox 2084 3752 2185 3804; x_wconf 89' lang='lat' dir='ltr'>sed</span> <span class='ocrx_word' id='word_1_634' title='bbox 2201 3764 2230 3802; x_wconf 90' lang='lat' dir='ltr'>e</span> <span class='ocrx_word' id='word_1_635' title='bbox 2245 3748 2529 3802; x_wconf 90' lang='lat' dir='ltr'>contrario</span> <span class='ocrx_word' id='word_1_636' title='bbox 2552 3748 2613 3799; x_wconf 88' lang='lat' dir='ltr'>in</span> <span class='ocrx_word' id='word_1_637' title='bbox 2634 3746 2847 3798; x_wconf 89' lang='lat' dir='ltr'>virtute</span> <span class='ocrx_word' id='word_1_638' title='bbox 2869 3749 2928 3796; x_wconf 91' lang='lat' dir='ltr'>et</span> <span class='ocrx_word' id='word_1_639' title='bbox 2948 3744 3009 3795; x_wconf 88' lang='lat' dir='ltr'>in</span> <span class='ocrx_word' id='word_1_640' title='bbox 3025 3742 3202 3806; x_wconf 85' lang='lat' dir='ltr'>gloria</span> <span class='ocrx_word' id='word_1_641' title='bbox 3215 3752 3405 3793; x_wconf 88' lang='lat' dir='ltr'>resur-</span> 
     </span>
    </p>
   </div>
   <div class='ocr_carea' id='block_1_84' title="bbox 1800 3831 3399 3899">
    <p class='ocr_par' dir='ltr' id='par_1_84' title="bbox 1800 3831 3399 3899">
     <span class='ocr_line' id='line_1_84' title="bbox 1800 3831 3399 3899; baseline -0.011 -3"><span class='ocrx_word' id='word_1_642' title='bbox 1800 3848 2093 3896; x_wconf 89' lang='lat' dir='ltr'>recturum</span> <span class='ocrx_word' id='word_1_643' title='bbox 2117 3840 2332 3892; x_wconf 89' lang='lat' dir='ltr'>dicunt.</span> <span class='ocrx_word' id='word_1_644' title='bbox 2366 3839 2454 3889; x_wconf 91' lang='lat' dir='ltr'>Tu</span> <span class='ocrx_word' id='word_1_645' title='bbox 2477 3837 2587 3887; x_wconf 91' lang='lat' dir='ltr'>hoc</span> <span class='ocrx_word' id='word_1_646' title='bbox 2602 3834 2708 3899; x_wconf 80' lang='grc' dir='ltr'>[Αι.</span> <span class='ocrx_word' id='word_1_647' title='bbox 2733 3832 2880 3896; x_wconf 70' lang='lat' dir='ltr'>haec]</span> <span class='ocrx_word' id='word_1_648' title='bbox 2905 3831 3058 3883; x_wconf 90' lang='lat' dir='ltr'>unde</span> <span class='ocrx_word' id='word_1_649' title='bbox 3080 3842 3237 3882; x_wconf 87' lang='lat' dir='ltr'>nunc</span> <span class='ocrx_word' id='word_1_650' title='bbox 3268 3841 3399 3893; x_wconf 89' lang='lat' dir='ltr'>pro-</span> 
     </span>
    </p>
   </div>
   <div class='ocr_carea' id='block_1_85' title="bbox 1800 3917 3392 3987">
    <p class='ocr_par' dir='ltr' id='par_1_85' title="bbox 1800 3917 3392 3987">
     <span class='ocr_line' id='line_1_85' title="bbox 1800 3917 3392 3987; baseline -0.012 0"><span class='ocrx_word' id='word_1_651' title='bbox 1800 3936 1948 3987; x_wconf 86' lang='lat' dir='ltr'>fers?</span> <span class='ocrx_word' id='word_1_652' title='bbox 1971 3930 2095 3983; x_wconf 88' lang='lat' dir='ltr'>Nisi</span> <span class='ocrx_word' id='word_1_653' title='bbox 2126 3930 2269 3981; x_wconf 89' lang='lat' dir='ltr'>forte</span> <span class='ocrx_word' id='word_1_654' title='bbox 2302 3940 2336 3978; x_wconf 90' lang='lat' dir='ltr'>a</span> <span class='ocrx_word' id='word_1_655' title='bbox 2357 3926 2570 3978; x_wconf 64' lang='lat' dir='ltr'>Iudaeis</span> <span class='ocrx_word' id='word_1_656' title='bbox 2591 3923 2880 3987; x_wconf 89' lang='lat' dir='ltr'>aliquibus</span> <span class='ocrx_word' id='word_1_657' title='bbox 2902 3930 3059 3972; x_wconf 88' lang='lat' dir='ltr'>nova</span> <span class='ocrx_word' id='word_1_658' title='bbox 3079 3930 3238 3971; x_wconf 88' lang='lat' dir='ltr'>nunc</span> <span class='ocrx_word' id='word_1_659' title='bbox 3265 3917 3392 3981; x_wconf 85' lang='lat' dir='ltr'>lege</span> 
     </span>
    </p>
   </div>
   <div class='ocr_carea' id='block_1_86' title="bbox 1803 4006 3400 4089">
    <p class='ocr_par' dir='ltr' id='par_1_86' title="bbox 1803 4006 3400 4089">
     <span class='ocr_line' id='line_1_86' title="bbox 1803 4006 3400 4089; baseline -0.012 -14"><span class='ocrx_word' id='word_1_660' title='bbox 1803 4022 2200 4089; x_wconf 87' lang='lat' dir='ltr'>promulgatur</span> <span class='ocrx_word' id='word_1_661' title='bbox 2223 4016 2509 4075; x_wconf 71' lang='lat' dir='ltr'>Ecclesim,</span> <span class='ocrx_word' id='word_1_662' title='bbox 2535 4018 2601 4065; x_wconf 91' lang='lat' dir='ltr'>ut</span> <span class='ocrx_word' id='word_1_663' title='bbox 2622 4013 2794 4065; x_wconf 89' lang='lat' dir='ltr'>etiam</span> <span class='ocrx_word' id='word_1_664' title='bbox 2815 4011 2928 4063; x_wconf 87' lang='lat' dir='ltr'>ista</span> <span class='ocrx_word' id='word_1_665' title='bbox 2950 4009 3269 4060; x_wconf 88' lang='lat' dir='ltr'>discamus.</span> <span class='ocrx_word' id='word_1_666' title='bbox 3296 4006 3400 4057; x_wconf 86' lang='lat' dir='ltr'>Est</span> 
     </span>
    </p>
   </div>
   <div class='ocr_carea' id='block_1_87' title="bbox 1804 4095 3399 4164">
    <p class='ocr_par' dir='ltr' id='par_1_87' title="bbox 1804 4095 3399 4164">
     <span class='ocr_line' id='line_1_87' title="bbox 1804 4095 3399 4164; baseline -0.012 0"><span class='ocrx_word' id='word_1_667' title='bbox 1804 4114 1957 4164; x_wconf 91' lang='lat' dir='ltr'>enim</span> <span class='ocrx_word' id='word_1_668' title='bbox 1995 4110 2330 4162; x_wconf 82' lang='lat' dir='ltr'>Judaeorum</span> <span class='ocrx_word' id='word_1_669' title='bbox 2360 4116 2495 4157; x_wconf 90' lang='lat' dir='ltr'>vere</span> <span class='ocrx_word' id='word_1_670' title='bbox 2524 4104 2596 4156; x_wconf 91' lang='lat' dir='ltr'>de</span> <span class='ocrx_word' id='word_1_671' title='bbox 2628 4100 3040 4154; x_wconf 87' lang='lat' dir='ltr'>resurrectione</span> <span class='ocrx_word' id='word_1_672' title='bbox 3064 4097 3197 4150; x_wconf 83' lang='lat' dir='ltr'>talis</span> <span class='ocrx_word' id='word_1_673' title='bbox 3219 4105 3250 4125; x_wconf 84' lang='lat'>&quot;</span> <span class='ocrx_word' id='word_1_674' title='bbox 3273 4095 3399 4160; x_wconf 90' lang='lat' dir='ltr'>opi-</span> 
     </span>
    </p>
   </div>
   <div class='ocr_carea' id='block_1_88' title="bbox 1804 4186 3404 4267">
    <p class='ocr_par' dir='ltr' id='par_1_88' title="bbox 1804 4186 3404 4267">
     <span class='ocr_line' id='line_1_88' title="bbox 1804 4186 3404 4267; baseline -0.014 -11"><span class='ocrx_word' id='word_1_675' title='bbox 1804 4200 2078 4267; x_wconf 90' lang='lat' dir='ltr'>nio,quod</span> <span class='ocrx_word' id='word_1_676' title='bbox 2088 4191 2760 4261; x_wconf 85' lang='lat' dir='ltr'>resurgentquidem,sed</span> <span class='ocrx_word' id='word_1_677' title='bbox 2776 4196 2844 4243; x_wconf 91' lang='lat' dir='ltr'>ut</span> <span class='ocrx_word' id='word_1_678' title='bbox 2863 4188 3189 4242; x_wconf 89' lang='lat' dir='ltr'>carnalibus</span> <span class='ocrx_word' id='word_1_679' title='bbox 3205 4186 3404 4234; x_wconf 83' lang='lat' dir='ltr'>deliciis</span> 
     </span>
    </p>
   </div>
   <div class='ocr_carea' id='block_1_89' title="bbox 1807 4276 3401 4352">
    <p class='ocr_par' dir='ltr' id='par_1_89' title="bbox 1807 4276 3401 4352">
     <span class='ocr_line' id='line_1_89' title="bbox 1807 4276 3401 4352; baseline -0.012 -7"><span class='ocrx_word' id='word_1_680' title='bbox 1807 4298 1865 4346; x_wconf 91' lang='lat' dir='ltr'>et</span> <span class='ocrx_word' id='word_1_681' title='bbox 1908 4289 2172 4352; x_wconf 81' lang='lat' dir='ltr'>luxuriis,</span> <span class='ocrx_word' id='word_1_682' title='bbox 2204 4286 2543 4349; x_wconf 73' lang='lat' dir='ltr'>cmterisque</span> <span class='ocrx_word' id='word_1_683' title='bbox 2580 4281 2973 4346; x_wconf 87' lang='lat' dir='ltr'>voluptatibus</span> <span class='ocrx_word' id='word_1_684' title='bbox 2997 4276 3249 4343; x_wconf 87' lang='lat' dir='ltr'>corporis</span> <span class='ocrx_word' id='word_1_685' title='bbox 3271 4287 3401 4340; x_wconf 86' lang='lat' dir='ltr'>per-</span> 
     </span>
    </p>
   </div>
   <div class='ocr_carea' id='block_1_90' title="bbox 1809 4363 3406 4439">
    <p class='ocr_par' dir='ltr' id='par_1_90' title="bbox 1809 4363 3406 4439">
     <span class='ocr_line' id='line_1_90' title="bbox 1809 4363 3406 4439; baseline -0.013 -4"><span class='ocrx_word' id='word_1_686' title='bbox 1809 4384 2084 4435; x_wconf 87' lang='lat' dir='ltr'>fruantur.</span> <span class='ocrx_word' id='word_1_687' title='bbox 2103 4380 2244 4439; x_wconf 70' lang='lat' dir='ltr'>Qum</span> <span class='ocrx_word' id='word_1_688' title='bbox 2264 4382 2461 4429; x_wconf 89' lang='lat' dir='ltr'>autem</span> <span class='ocrx_word' id='word_1_689' title='bbox 2485 4375 2594 4427; x_wconf 90' lang='lat' dir='ltr'>alia</span> <span class='ocrx_word' id='word_1_690' title='bbox 2609 4378 2698 4426; x_wconf 90' lang='lat' dir='ltr'>est</span> <span class='ocrx_word' id='word_1_691' title='bbox 2719 4370 2994 4435; x_wconf 81' lang='lat' dir='ltr'>fragilitas</span> <span class='ocrx_word' id='word_1_692' title='bbox 3013 4366 3269 4432; x_wconf 90' lang='lat' dir='ltr'>corporis</span> <span class='ocrx_word' id='word_1_693' title='bbox 3287 4363 3406 4416; x_wconf 88' lang='lat' dir='ltr'>nisi</span> 
     </span>
    </p>
   </div>
   <div class='ocr_carea' id='block_1_91' title="bbox 1809 4456 3404 4531">
    <p class='ocr_par' dir='ltr' id='par_1_91' title="bbox 1809 4456 3404 4531">
     <span class='ocr_line' id='line_1_91' title="bbox 1809 4456 3404 4531; baseline -0.012 -6"><span class='ocrx_word' id='word_1_694' title='bbox 1809 4471 2126 4531; x_wconf 86' lang='lat' dir='ltr'>corruptela</span> <span class='ocrx_word' id='word_1_695' title='bbox 2168 4469 2574 4529; x_wconf 85' lang='lat' dir='ltr'>membrorum,</span> <span class='ocrx_word' id='word_1_696' title='bbox 2618 4462 2856 4515; x_wconf 87' lang='lat' dir='ltr'>irritatio</span> <span class='ocrx_word' id='word_1_697' title='bbox 2886 4460 3070 4525; x_wconf 70' lang='lat' dir='ltr'>gulae,</span> <span class='ocrx_word' id='word_1_698' title='bbox 3109 4462 3168 4509; x_wconf 91' lang='lat' dir='ltr'>et</span> <span class='ocrx_word' id='word_1_699' title='bbox 3197 4456 3404 4523; x_wconf 86' lang='lat' dir='ltr'>incita-</span> 
     </span>
    </p>
   </div>
   <div class='ocr_carea' id='block_1_92' title="bbox 110 4538 2332 4620">
    <p class='ocr_par' dir='ltr' id='par_1_92' title="bbox 110 4538 2332 4620">
     <span class='ocr_line' id='line_1_92' title="bbox 110 4538 2332 4620; baseline 0 -15"><span class='ocrx_word' id='word_1_700' title='bbox 110 4554 378 4605; x_wconf 85' lang='lat' dir='ltr'>Christus</span> <span class='ocrx_word' id='word_1_701' title='bbox 389 4555 816 4618; x_wconf 86' lang='lat' dir='ltr'>proponaturad</span> <span class='ocrx_word' id='word_1_702' title='bbox 832 4538 1152 4619; x_wconf 70' lang='lat' dir='ltr'>formam,et</span> <span class='ocrx_word' id='word_1_703' title='bbox 1172 4556 1585 4620; x_wconf 86' lang='lat' dir='ltr'>primogenitus</span> <span class='ocrx_word' id='word_1_704' title='bbox 1602 4557 1710 4616; x_wconf 88' lang='lat' dir='ltr'>ipse</span> <span class='ocrx_word' id='word_1_705' title='bbox 1735 4544 1792 4616; x_wconf 90' lang='lat' dir='ltr'><strong>D</strong></span> <span class='ocrx_word' id='word_1_706' title='bbox 1812 4566 2013 4614; x_wconf 89' lang='lat' dir='ltr'>menta</span> <span class='ocrx_word' id='word_1_707' title='bbox 2040 4557 2289 4611; x_wconf 87' lang='lat' dir='ltr'>libidinis</span> <span class='ocrx_word' id='word_1_708' title='bbox 2304 4558 2332 4607; x_wconf 65' lang='grc' dir='ltr'><strong><em>τ</em></strong></span> 
     </span>
    </p>
   </div>
   <div class='ocr_carea' id='block_1_93' title="bbox 112 4643 1712 4710">
    <p class='ocr_par' dir='ltr' id='par_1_93' title="bbox 112 4643 1712 4710">
     <span class='ocr_line' id='line_1_93' title="bbox 112 4643 1712 4710; baseline 0.003 -17"><span class='ocrx_word' id='word_1_709' title='bbox 112 4646 185 4696; x_wconf 89' lang='lat' dir='ltr'>sit</span> <span class='ocrx_word' id='word_1_710' title='bbox 194 4656 286 4696; x_wconf 86' lang='lat' dir='ltr'>res</span> <span class='ocrx_word' id='word_1_711' title='bbox 293 4643 815 4708; x_wconf 89' lang='lat' dir='ltr'>urgentium,atque</span> <span class='ocrx_word' id='word_1_712' title='bbox 830 4646 1020 4696; x_wconf 84' lang='lat' dir='ltr'>omnis</span> <span class='ocrx_word' id='word_1_713' title='bbox 1031 4650 1306 4698; x_wconf 56' lang='lat' dir='ltr'>creatura</span> <span class='ocrx_word' id='word_1_714' title='bbox 1319 4647 1436 4710; x_wconf 90' lang='lat' dir='ltr'>ipse</span> <span class='ocrx_word' id='word_1_715' title='bbox 1450 4646 1526 4696; x_wconf 90' lang='lat' dir='ltr'>sit</span> <span class='ocrx_word' id='word_1_716' title='bbox 1538 4649 1712 4709; x_wconf 87' lang='lat' dir='ltr'>caput</span> 
     </span>
    </p>
   </div>
   <div class='ocr_carea' id='block_1_94' title="bbox 111 4733 1712 4801">
    <p class='ocr_par' dir='ltr' id='par_1_94' title="bbox 111 4733 1712 4801">
     <span class='ocr_line' id='line_1_94' title="bbox 111 4733 1712 4801; baseline 0.002 -18"><span class='ocrx_word' id='word_1_717' title='bbox 111 4734 259 4786; x_wconf 87' lang='lat' dir='ltr'>sicut</span> <span class='ocrx_word' id='word_1_718' title='bbox 270 4733 551 4798; x_wconf 88' lang='lat' dir='ltr'>scriptum</span> <span class='ocrx_word' id='word_1_719' title='bbox 560 4735 775 4799; x_wconf 84' lang='lat' dir='ltr'>est,Qui</span> <span class='ocrx_word' id='word_1_720' title='bbox 789 4741 859 4785; x_wconf 84' lang='lat' dir='ltr'>est</span> <span class='ocrx_word' id='word_1_721' title='bbox 875 4741 1035 4801; x_wconf 89' lang='lat' dir='ltr'>caput</span> <span class='ocrx_word' id='word_1_722' title='bbox 1051 4737 1302 4787; x_wconf 86' lang='lat' dir='ltr'>omnium</span> <span class='ocrx_word' id='word_1_723' title='bbox 1312 4736 1712 4801; x_wconf 63' lang='lat' dir='ltr'>primogenitae</span> 
     </span>
    </p>
   </div>
   <div class='ocr_carea' id='block_1_95' title="bbox 175 4906 1347 4973">
    <p class='ocr_par' dir='ltr' id='par_1_95' title="bbox 175 4906 1347 4973">
     <span class='ocr_line' id='line_1_95' title="bbox 175 4906 1347 4973; baseline 0.003 -14"><span class='ocrx_word' id='word_1_724' title='bbox 175 4917 191 4936; x_wconf 78' lang='grc'><strong><em>²</em></strong></span> <span class='ocrx_word' id='word_1_725' title='bbox 223 4906 451 4970; x_wconf 84' lang='lat' dir='ltr'>Repetit</span> <span class='ocrx_word' id='word_1_726' title='bbox 466 4906 617 4958; x_wconf 83' lang='lat' dir='ltr'>idem</span> <span class='ocrx_word' id='word_1_727' title='bbox 647 4920 777 4971; x_wconf 91' lang='lat' dir='ltr'>ms.,</span> <span class='ocrx_word' id='word_1_728' title='bbox 802 4914 961 4958; x_wconf 80' lang='lat' dir='ltr'>estne</span> <span class='ocrx_word' id='word_1_729' title='bbox 984 4909 1217 4973; x_wconf 86' lang='lat' dir='ltr'>aliquid,</span> <span class='ocrx_word' id='word_1_730' title='bbox 1238 4913 1347 4962; x_wconf 89' lang='lat' dir='ltr'>etc.</span> 
     </span>
    </p>
   </div>
   <div class='ocr_carea' id='block_1_96' title="bbox 174 4979 1305 5033">
    <p class='ocr_par' dir='ltr' id='par_1_96' title="bbox 174 4979 1305 5033">
     <span class='ocr_line' id='line_1_96' title="bbox 174 4979 1305 5033; baseline 0.004 -3"><span class='ocrx_word' id='word_1_731' title='bbox 174 4981 195 5008; x_wconf 73' lang='grc' dir='ltr'>ι’</span> <span class='ocrx_word' id='word_1_732' title='bbox 229 4979 563 5031; x_wconf 87' lang='lat' dir='ltr'>Econtrario</span> <span class='ocrx_word' id='word_1_733' title='bbox 586 4979 713 5031; x_wconf 88' lang='lat' dir='ltr'>heic</span> <span class='ocrx_word' id='word_1_734' title='bbox 735 4981 981 5031; x_wconf 89' lang='lat' dir='ltr'>alterum</span> <span class='ocrx_word' id='word_1_735' title='bbox 1004 4982 1113 5029; x_wconf 81' lang='lat' dir='ltr'>nisi</span> <span class='ocrx_word' id='word_1_736' title='bbox 1143 4985 1305 5033; x_wconf 80' lang='lat' dir='ltr'>tacet.</span> 
     </span>
    </p>
   </div>
   <div class='ocr_carea' id='block_1_97' title="bbox 175 5051 1401 5115">
    <p class='ocr_par' dir='ltr' id='par_1_97' title="bbox 175 5051 1401 5115">
     <span class='ocr_line' id='line_1_97' title="bbox 175 5051 1401 5115; baseline 0.002 -14"><span class='ocrx_word' id='word_1_737' title='bbox 175 5064 193 5084; x_wconf 79' lang='grc' dir='ltr'>ε</span> <span class='ocrx_word' id='word_1_738' title='bbox 229 5051 388 5101; x_wconf 89' lang='lat' dir='ltr'>Idem</span> <span class='ocrx_word' id='word_1_739' title='bbox 414 5051 475 5099; x_wconf 87' lang='lat' dir='ltr'>in</span> <span class='ocrx_word' id='word_1_740' title='bbox 501 5065 583 5099; x_wconf 85' lang='lat' dir='ltr'>me</span> <span class='ocrx_word' id='word_1_741' title='bbox 600 5065 697 5115; x_wconf 92' lang='lat' dir='ltr'>pro</span> <span class='ocrx_word' id='word_1_742' title='bbox 728 5067 894 5111; x_wconf 88' lang='lat' dir='ltr'>nunc,</span> <span class='ocrx_word' id='word_1_743' title='bbox 922 5052 1163 5104; x_wconf 89' lang='lat' dir='ltr'>fortasse</span> <span class='ocrx_word' id='word_1_744' title='bbox 1188 5056 1401 5105; x_wconf 88' lang='lat' dir='ltr'>verius.</span> 
     </span>
    </p>
   </div>
   <div class='ocr_carea' id='block_1_98' title="bbox 176 5122 1715 5189">
    <p class='ocr_par' dir='ltr' id='par_1_98' title="bbox 176 5122 1715 5189">
     <span class='ocr_line' id='line_1_98' title="bbox 176 5122 1715 5189; baseline 0.004 -16"><span class='ocrx_word' id='word_1_745' title='bbox 176 5123 196 5151; x_wconf 77' lang='grc'><em>⁴</em></span> <span class='ocrx_word' id='word_1_746' title='bbox 235 5122 397 5174; x_wconf 90' lang='lat' dir='ltr'>Idem</span> <span class='ocrx_word' id='word_1_747' title='bbox 420 5123 566 5185; x_wconf 88' lang='lat' dir='ltr'>heic,</span> <span class='ocrx_word' id='word_1_748' title='bbox 591 5130 854 5188; x_wconf 85' lang='lat' dir='ltr'>omnes,et</span> <span class='ocrx_word' id='word_1_749' title='bbox 868 5125 1100 5177; x_wconf 88' lang='lat' dir='ltr'>inferius</span> <span class='ocrx_word' id='word_1_750' title='bbox 1117 5126 1317 5189; x_wconf 88' lang='lat' dir='ltr'>quinto</span> <span class='ocrx_word' id='word_1_751' title='bbox 1332 5127 1404 5177; x_wconf 88' lang='lat' dir='ltr'>ab</span> <span class='ocrx_word' id='word_1_752' title='bbox 1422 5125 1530 5178; x_wconf 87' lang='lat' dir='ltr'>hoc</span> <span class='ocrx_word' id='word_1_753' title='bbox 1544 5139 1715 5179; x_wconf 91' lang='lat' dir='ltr'>versu</span> 
     </span>
    </p>
   </div>
   <div class='ocr_carea' id='block_1_99' title="bbox 119 5195 697 5247">
    <p class='ocr_par' dir='ltr' id='par_1_99' title="bbox 119 5195 697 5247">
     <span class='ocr_line' id='line_1_99' title="bbox 119 5195 697 5247; baseline 0.002 -4"><span class='ocrx_word' id='word_1_754' title='bbox 119 5202 171 5243; x_wconf 84' lang='lat' dir='ltr'>ut</span> <span class='ocrx_word' id='word_1_755' title='bbox 190 5195 459 5247; x_wconf 87' lang='lat' dir='ltr'>voculam</span> <span class='ocrx_word' id='word_1_756' title='bbox 485 5196 697 5246; x_wconf 89' lang='lat' dir='ltr'>reticet.</span> 
     </span>
    </p>
   </div>
   <div class='ocr_carea' id='block_1_100' title="bbox 178 5266 1339 5333">
    <p class='ocr_par' dir='ltr' id='par_1_100' title="bbox 178 5266 1339 5333">
     <span class='ocr_line' id='line_1_100' title="bbox 178 5266 1339 5333; baseline 0.004 -17"><span class='ocrx_word' id='word_1_757' title='bbox 178 5276 196 5296; x_wconf 85' lang='lat'><strong><em>°</em></strong></span> <span class='ocrx_word' id='word_1_758' title='bbox 230 5266 372 5317; x_wconf 82' lang='lat' dir='ltr'>Heio</span> <span class='ocrx_word' id='word_1_759' title='bbox 396 5266 525 5331; x_wconf 88' lang='lat' dir='ltr'>plus</span> <span class='ocrx_word' id='word_1_760' title='bbox 552 5268 739 5331; x_wconf 82' lang='lat' dir='ltr'>habet,</span> <span class='ocrx_word' id='word_1_761' title='bbox 765 5283 863 5317; x_wconf 88' lang='lat' dir='ltr'>cur</span> <span class='ocrx_word' id='word_1_762' title='bbox 886 5268 963 5317; x_wconf 87' lang='lat' dir='ltr'>ita</span> <span class='ocrx_word' id='word_1_763' title='bbox 986 5268 1207 5333; x_wconf 85' lang='lat' dir='ltr'>aliquis,</span> <span class='ocrx_word' id='word_1_764' title='bbox 1232 5273 1339 5321; x_wconf 86' lang='lat' dir='ltr'>etc.</span> 
     </span>
    </p>
   </div>
   <div class='ocr_carea' id='block_1_101' title="bbox 177 5339 1721 5406">
    <p class='ocr_par' dir='ltr' id='par_1_101' title="bbox 177 5339 1721 5406">
     <span class='ocr_line' id='line_1_101' title="bbox 177 5339 1721 5406; baseline 0.005 -20"><span class='ocrx_word' id='word_1_765' title='bbox 177 5339 194 5367; x_wconf 67' lang='grc' dir='ltr'><strong><em>τ</em></strong></span> <span class='ocrx_word' id='word_1_766' title='bbox 227 5342 291 5389; x_wconf 91' lang='lat' dir='ltr'>In</span> <span class='ocrx_word' id='word_1_767' title='bbox 322 5340 671 5391; x_wconf 79' lang='lat' dir='ltr'>Guarnerian</span> <span class='ocrx_word' id='word_1_768' title='bbox 723 5353 854 5391; x_wconf 88' lang='lat' dir='ltr'>ms..</span> <span class='ocrx_word' id='word_1_769' title='bbox 899 5343 1318 5406; x_wconf 83' lang='lat' dir='ltr'>conﬁguralum,</span> <span class='ocrx_word' id='word_1_770' title='bbox 1354 5342 1552 5394; x_wconf 62' lang='lat' dir='ltr'>Graeco</span> <span class='ocrx_word' id='word_1_771' title='bbox 1598 5342 1721 5406; x_wconf 83' lang='grc' dir='ltr'>σύμ-</span> 
     </span>
    </p>
   </div>
   <div class='ocr_carea' id='block_1_102' title="bbox 120 5411 596 5477">
    <p class='ocr_par' dir='ltr' id='par_1_102' title="bbox 120 5411 596 5477">
     <span class='ocr_line' id='line_1_102' title="bbox 120 5411 596 5477; baseline 0 -16"><span class='ocrx_word' id='word_1_772' title='bbox 120 5430 302 5477; x_wconf 72' lang='grc' dir='ltr'>μορφον</span> <span class='ocrx_word' id='word_1_773' title='bbox 322 5411 596 5474; x_wconf 80' lang='lat' dir='ltr'>pressius.</span> 
     </span>
    </p>
   </div>
   <div class='ocr_carea' id='block_1_103' title="bbox 180 5482 1053 5536">
    <p class='ocr_par' dir='ltr' id='par_1_103' title="bbox 180 5482 1053 5536">
     <span class='ocr_line' id='line_1_103' title="bbox 180 5482 1053 5536; baseline 0.005 -4"><span class='ocrx_word' id='word_1_774' title='bbox 180 5492 197 5520; x_wconf 71' lang='grc' dir='ltr'><strong>ε</strong></span> <span class='ocrx_word' id='word_1_775' title='bbox 235 5485 473 5533; x_wconf 87' lang='lat' dir='ltr'>Lectum</span> <span class='ocrx_word' id='word_1_776' title='bbox 502 5488 672 5534; x_wconf 91' lang='lat' dir='ltr'>antea</span> <span class='ocrx_word' id='word_1_777' title='bbox 699 5482 897 5535; x_wconf 88' lang='lat' dir='ltr'>vitiose</span> <span class='ocrx_word' id='word_1_778' title='bbox 925 5485 1053 5536; x_wconf 89' lang='lat' dir='ltr'>Cur.</span> 
     </span>
    </p>
   </div>
   <div class='ocr_carea' id='block_1_104' title="bbox 181 5554 1721 5623">
    <p class='ocr_par' dir='ltr' id='par_1_104' title="bbox 181 5554 1721 5623">
     <span class='ocr_line' id='line_1_104' title="bbox 181 5554 1721 5623; baseline 0 -17"><span class='ocrx_word' id='word_1_779' title='bbox 181 5555 201 5584; x_wconf 80' lang='grc'>¹³</span> <span class='ocrx_word' id='word_1_780' title='bbox 238 5554 374 5606; x_wconf 87' lang='lat' dir='ltr'>Cod.</span> <span class='ocrx_word' id='word_1_781' title='bbox 407 5555 773 5607; x_wconf 87' lang='lat' dir='ltr'>Guarnerian.</span> <span class='ocrx_word' id='word_1_782' title='bbox 799 5557 995 5608; x_wconf 89' lang='lat' dir='ltr'>minus</span> <span class='ocrx_word' id='word_1_783' title='bbox 1018 5561 1170 5609; x_wconf 91' lang='lat' dir='ltr'>certe</span> <span class='ocrx_word' id='word_1_784' title='bbox 1187 5562 1355 5622; x_wconf 89' lang='lat' dir='ltr'>recte,</span> <span class='ocrx_word' id='word_1_785' title='bbox 1383 5558 1721 5623; x_wconf 82' lang='lat' dir='ltr'>primogeni-</span> 
     </span>
    </p>
   </div>
   <div class='ocr_carea' id='block_1_105' title="bbox 122 5631 455 5679">
    <p class='ocr_par' dir='ltr' id='par_1_105' title="bbox 122 5631 455 5679">
     <span class='ocr_line' id='line_1_105' title="bbox 122 5631 455 5679; baseline 0.009 -4"><span class='ocrx_word' id='word_1_786' title='bbox 122 5631 239 5676; x_wconf 86' lang='lat' dir='ltr'>tum</span> <span class='ocrx_word' id='word_1_787' title='bbox 259 5633 455 5679; x_wconf 76' lang='lat' dir='ltr'>tenens.</span> 
     </span>
    </p>
   </div>
   <div class='ocr_carea' id='block_1_106' title="bbox 1891 4636 3404 4717">
    <p class='ocr_par' dir='ltr' id='par_1_106' title="bbox 1891 4636 3404 4717">
     <span class='ocr_line' id='line_1_106' title="bbox 1891 4636 3404 4717; baseline -0.011 -14"><span class='ocrx_word' id='word_1_788' title='bbox 1891 4649 1944 4717; x_wconf 86' lang='lat'><strong><em>3</em></strong></span> <span class='ocrx_word' id='word_1_789' title='bbox 1959 4649 1978 4717; x_wconf 93' lang='lat'><strong><em>|</em></strong></span> <span class='ocrx_word' id='word_1_790' title='bbox 1991 4648 2046 4716; x_wconf 76' lang='lat'><strong>4</strong></span> <span class='ocrx_word' id='word_1_791' title='bbox 2065 4645 2231 4701; x_wconf 88' lang='lat' dir='ltr'>8.Sed</span> <span class='ocrx_word' id='word_1_792' title='bbox 2247 4641 2505 4710; x_wconf 87' lang='lat' dir='ltr'>patimini</span> <span class='ocrx_word' id='word_1_793' title='bbox 2514 4652 2713 4706; x_wconf 68' lang='lat' dir='ltr'>quaeso</span> <span class='ocrx_word' id='word_1_794' title='bbox 2726 4638 2905 4703; x_wconf 88' lang='lat' dir='ltr'>vos,si</span> <span class='ocrx_word' id='word_1_795' title='bbox 2918 4636 3404 4691; x_wconf 85' lang='lat' dir='ltr'>tamenChristum</span> 
     </span>
    </p>
   </div>
   <div class='ocr_carea' id='block_1_107' title="bbox 1808 4726 3406 4799">
    <p class='ocr_par' dir='ltr' id='par_1_107' title="bbox 1808 4726 3406 4799">
     <span class='ocr_line' id='line_1_107' title="bbox 1808 4726 3406 4799; baseline -0.009 -7"><span class='ocrx_word' id='word_1_796' title='bbox 1808 4737 2098 4799; x_wconf 88' lang='lat' dir='ltr'>amatis,in</span> <span class='ocrx_word' id='word_1_797' title='bbox 2106 4733 2531 4797; x_wconf 85' lang='lat' dir='ltr'>incorruptione</span> <span class='ocrx_word' id='word_1_798' title='bbox 2539 4731 2761 4794; x_wconf 88' lang='lat' dir='ltr'>absque</span> <span class='ocrx_word' id='word_1_799' title='bbox 2775 4728 2867 4781; x_wconf 89' lang='lat' dir='ltr'>his</span> <span class='ocrx_word' id='word_1_800' title='bbox 2883 4741 3008 4781; x_wconf 89' lang='lat' dir='ltr'>esse</span> <span class='ocrx_word' id='word_1_801' title='bbox 3019 4726 3406 4793; x_wconf 82' lang='lat' dir='ltr'>corpus,un</span> 
     </span>
    </p>
   </div>
   <div class='ocr_carea' id='block_1_108' title="bbox 1870 4899 3407 4964">
    <p class='ocr_par' dir='ltr' id='par_1_108' title="bbox 1870 4899 3407 4964">
     <span class='ocr_line' id='line_1_108' title="bbox 1870 4899 3407 4964; baseline -0.007 -3"><span class='ocrx_word' id='word_1_802' title='bbox 1870 4917 1882 4947; x_wconf 72' lang='grc' dir='ltr'><strong><em>ι</em></strong></span> <span class='ocrx_word' id='word_1_803' title='bbox 1917 4910 2117 4961; x_wconf 88' lang='lat' dir='ltr'>Ferme</span> <span class='ocrx_word' id='word_1_804' title='bbox 2142 4904 2352 4958; x_wconf 89' lang='lat' dir='ltr'>rectius</span> <span class='ocrx_word' id='word_1_805' title='bbox 2374 4903 2434 4954; x_wconf 89' lang='lat' dir='ltr'>in</span> <span class='ocrx_word' id='word_1_806' title='bbox 2457 4900 2825 4954; x_wconf 88' lang='lat' dir='ltr'>Guarnerian.</span> <span class='ocrx_word' id='word_1_807' title='bbox 2854 4901 2902 4950; x_wconf 84' lang='lat' dir='ltr'>si</span> <span class='ocrx_word' id='word_1_808' title='bbox 2924 4915 3049 4950; x_wconf 86' lang='lat' dir='ltr'>cum</span> <span class='ocrx_word' id='word_1_809' title='bbox 3072 4902 3250 4964; x_wconf 83' lang='lat' dir='ltr'>putat,</span> <span class='ocrx_word' id='word_1_810' title='bbox 3276 4899 3407 4952; x_wconf 87' lang='lat' dir='ltr'>etc..</span> 
     </span>
    </p>
   </div>
   <div class='ocr_carea' id='block_1_109' title="bbox 1811 4968 3409 5045">
    <p class='ocr_par' dir='ltr' id='par_1_109' title="bbox 1811 4968 3409 5045">
     <span class='ocr_line' id='line_1_109' title="bbox 1811 4968 3409 5045; baseline -0.009 -11"><span class='ocrx_word' id='word_1_811' title='bbox 1811 4987 1868 5034; x_wconf 90' lang='lat' dir='ltr'>et</span> <span class='ocrx_word' id='word_1_812' title='bbox 1894 4981 2062 5045; x_wconf 89' lang='lat' dir='ltr'>paulo</span> <span class='ocrx_word' id='word_1_813' title='bbox 2085 4983 2214 5044; x_wconf 89' lang='lat' dir='ltr'>post</span> <span class='ocrx_word' id='word_1_814' title='bbox 2234 4978 2371 5040; x_wconf 80' lang='lat' dir='ltr'>ﬁctis</span> <span class='ocrx_word' id='word_1_815' title='bbox 2391 4974 2811 5033; x_wconf 82' lang='lat' dir='ltr'>commentariis,</span> <span class='ocrx_word' id='word_1_816' title='bbox 2828 4974 3050 5045; x_wconf 86' lang='lat' dir='ltr'>absque</span> <span class='ocrx_word' id='word_1_817' title='bbox 3070 4968 3409 5045; x_wconf 83' lang='lat' dir='ltr'>intermedio</span> 
     </span>
    </p>
   </div>
   <div class='ocr_carea' id='block_1_110' title="bbox 1812 5042 3332 5117">
    <p class='ocr_par' dir='ltr' id='par_1_110' title="bbox 1812 5042 3332 5117">
     <span class='ocr_line' id='line_1_110' title="bbox 1812 5042 3332 5117; baseline -0.008 -14"><span class='ocrx_word' id='word_1_818' title='bbox 1812 5042 2013 5117; x_wconf 50' lang='lat' dir='ltr'>neq—ue;</span> <span class='ocrx_word' id='word_1_819' title='bbox 2042 5042 2288 5113; x_wconf 78' lang='lat' dir='ltr'>denique</span> <span class='ocrx_word' id='word_1_820' title='bbox 2312 5048 2456 5101; x_wconf 82' lang='lat' dir='ltr'>infra</span> <span class='ocrx_word' id='word_1_821' title='bbox 2474 5047 2726 5113; x_wconf 83' lang='lat' dir='ltr'>promisit</span> <span class='ocrx_word' id='word_1_822' title='bbox 2750 5057 2849 5109; x_wconf 90' lang='lat' dir='ltr'>pro</span> <span class='ocrx_word' id='word_1_823' title='bbox 2869 5042 3196 5108; x_wconf 83' lang='lat' dir='ltr'>promiserit,</span> <span class='ocrx_word' id='word_1_824' title='bbox 3223 5046 3332 5093; x_wconf 88' lang='lat' dir='ltr'>etc.</span> 
     </span>
    </p>
   </div>
   <div class='ocr_carea' id='block_1_111' title="bbox 1876 5118 2888 5185">
    <p class='ocr_par' dir='ltr' id='par_1_111' title="bbox 1876 5118 2888 5185">
     <span class='ocr_line' id='line_1_111' title="bbox 1876 5118 2888 5185; baseline -0.008 -10"><span class='ocrx_word' id='word_1_825' title='bbox 1876 5129 1896 5159; x_wconf 74' lang='grc' dir='ltr'>ι</span> <span class='ocrx_word' id='word_1_826' title='bbox 1932 5127 1998 5175; x_wconf 91' lang='lat' dir='ltr'>In</span> <span class='ocrx_word' id='word_1_827' title='bbox 2022 5122 2351 5183; x_wconf 86' lang='lat' dir='ltr'>Guarnerio,</span> <span class='ocrx_word' id='word_1_828' title='bbox 2379 5120 2514 5185; x_wconf 87' lang='lat' dir='ltr'>quid</span> <span class='ocrx_word' id='word_1_829' title='bbox 2536 5119 2748 5183; x_wconf 79' lang='lat' dir='ltr'>fragile,</span> <span class='ocrx_word' id='word_1_830' title='bbox 2781 5118 2888 5168; x_wconf 90' lang='lat' dir='ltr'>etc.</span> 
     </span>
    </p>
   </div>
   <div class='ocr_carea' id='block_1_112' title="bbox 1876 5181 3410 5257">
    <p class='ocr_par' dir='ltr' id='par_1_112' title="bbox 1876 5181 3410 5257">
     <span class='ocr_line' id='line_1_112' title="bbox 1876 5181 3410 5257; baseline -0.011 -11"><span class='ocrx_word' id='word_1_831' title='bbox 1876 5196 1886 5226; x_wconf 89' lang='grc'><strong>¹</strong></span> <span class='ocrx_word' id='word_1_832' title='bbox 1922 5196 2077 5246; x_wconf 88' lang='lat' dir='ltr'>Idem</span> <span class='ocrx_word' id='word_1_833' title='bbox 2123 5181 2447 5257; x_wconf 75' lang='lat' dir='ltr'>pericopam</span> <span class='ocrx_word' id='word_1_834' title='bbox 2483 5181 2644 5241; x_wconf 79' lang='lat' dir='ltr'>hanc</span> <span class='ocrx_word' id='word_1_835' title='bbox 2666 5181 2956 5250; x_wconf 63' lang='lat' dir='ltr'>reliquam,</span> <span class='ocrx_word' id='word_1_836' title='bbox 2980 5188 3030 5233; x_wconf 88' lang='lat' dir='ltr'>et</span> <span class='ocrx_word' id='word_1_837' title='bbox 3060 5182 3286 5257; x_wconf 77' lang='lat' dir='ltr'>mortale</span> <span class='ocrx_word' id='word_1_838' title='bbox 3312 5181 3410 5231; x_wconf 88' lang='lat' dir='ltr'>hoc</span> 
     </span>
    </p>
   </div>
   <div class='ocr_carea' id='block_1_113' title="bbox 1812 5255 3413 5326">
    <p class='ocr_par' dir='ltr' id='par_1_113' title="bbox 1812 5255 3413 5326">
     <span class='ocr_line' id='line_1_113' title="bbox 1812 5255 3413 5326; baseline -0.008 -9"><span class='ocrx_word' id='word_1_839' title='bbox 1812 5269 1997 5317; x_wconf 79' lang='lat' dir='ltr'>induet</span> <span class='ocrx_word' id='word_1_840' title='bbox 2020 5255 2495 5326; x_wconf 79' lang='lat' dir='ltr'>immortalitatem,</span> <span class='ocrx_word' id='word_1_841' title='bbox 2523 5265 2697 5322; x_wconf 89' lang='lat' dir='ltr'>tacet;</span> <span class='ocrx_word' id='word_1_842' title='bbox 2732 5263 2880 5311; x_wconf 91' lang='lat' dir='ltr'>tacet</span> <span class='ocrx_word' id='word_1_843' title='bbox 2900 5261 2961 5309; x_wconf 87' lang='lat' dir='ltr'>et</span> <span class='ocrx_word' id='word_1_844' title='bbox 2983 5255 3151 5320; x_wconf 89' lang='lat' dir='ltr'>paulo</span> <span class='ocrx_word' id='word_1_845' title='bbox 3167 5257 3297 5319; x_wconf 89' lang='lat' dir='ltr'>post</span> <span class='ocrx_word' id='word_1_846' title='bbox 3318 5265 3413 5305; x_wconf 84' lang='lat' dir='ltr'>no-</span> 
     </span>
    </p>
   </div>
   <div class='ocr_carea' id='block_1_114' title="bbox 1815 5338 2229 5393">
    <p class='ocr_par' dir='ltr' id='par_1_114' title="bbox 1815 5338 2229 5393">
     <span class='ocr_line' id='line_1_114' title="bbox 1815 5338 2229 5393; baseline -0.017 -2"><span class='ocrx_word' id='word_1_847' title='bbox 1815 5354 1949 5393; x_wconf 86' lang='lat' dir='ltr'>men</span> <span class='ocrx_word' id='word_1_848' title='bbox 1975 5338 2229 5387; x_wconf 58' lang='lat' dir='ltr'>Ecclesia.</span> 
     </span>
    </p>
   </div>
   <div class='ocr_carea' id='block_1_115' title="bbox 1879 5396 3407 5471">
    <p class='ocr_par' dir='ltr' id='par_1_115' title="bbox 1879 5396 3407 5471">
     <span class='ocr_line' id='line_1_115' title="bbox 1879 5396 3407 5471; baseline -0.008 -11"><span class='ocrx_word' id='word_1_849' title='bbox 1879 5424 1913 5445; x_wconf 79' lang='grc' dir='ltr'>ιιι</span> <span class='ocrx_word' id='word_1_850' title='bbox 1953 5411 2108 5471; x_wconf 84' lang='lat' dir='ltr'>Vide,</span> <span class='ocrx_word' id='word_1_851' title='bbox 2145 5409 2193 5458; x_wconf 91' lang='lat' dir='ltr'>si</span> <span class='ocrx_word' id='word_1_852' title='bbox 2235 5404 2412 5468; x_wconf 90' lang='lat' dir='ltr'>lubet,</span> <span class='ocrx_word' id='word_1_853' title='bbox 2460 5401 2802 5455; x_wconf 83' lang='lat' dir='ltr'>Abarbaneli</span> <span class='ocrx_word' id='word_1_854' title='bbox 2827 5396 3331 5471; x_wconf 83' lang='lat' dir='ltr'>Commentarium</span> <span class='ocrx_word' id='word_1_855' title='bbox 3348 5396 3407 5448; x_wconf 87' lang='lat' dir='ltr'>in</span> 
     </span>
    </p>
   </div>
   <div class='ocr_carea' id='block_1_116' title="bbox 1818 5468 3416 5535">
    <p class='ocr_par' dir='ltr' id='par_1_116' title="bbox 1818 5468 3416 5535">
     <span class='ocr_line' id='line_1_116' title="bbox 1818 5468 3416 5535; baseline -0.01 0"><span class='ocrx_word' id='word_1_856' title='bbox 1818 5468 2129 5535; x_wconf 86' lang='lat' dir='ltr'>sententias</span> <span class='ocrx_word' id='word_1_857' title='bbox 2172 5480 2404 5529; x_wconf 79' lang='lat' dir='ltr'>Patrum</span> <span class='ocrx_word' id='word_1_858' title='bbox 2450 5475 2613 5525; x_wconf 85' lang='lat' dir='ltr'>Pirke</span> <span class='ocrx_word' id='word_1_859' title='bbox 2647 5473 2827 5535; x_wconf 80' lang='lat' dir='ltr'>Abbot,</span> <span class='ocrx_word' id='word_1_860' title='bbox 2867 5477 2925 5523; x_wconf 90' lang='lat' dir='ltr'>et</span> <span class='ocrx_word' id='word_1_861' title='bbox 2948 5472 3172 5525; x_wconf 86' lang='lat' dir='ltr'>Portam</span> <span class='ocrx_word' id='word_1_862' title='bbox 3195 5468 3358 5517; x_wconf 81' lang='lat' dir='ltr'>Mosis</span> <span class='ocrx_word' id='word_1_863' title='bbox 3380 5478 3416 5519; x_wconf 90' lang='lat' dir='ltr'>a</span> 
     </span>
    </p>
   </div>
   <div class='ocr_carea' id='block_1_117' title="bbox 1818 5538 3411 5614">
    <p class='ocr_par' dir='ltr' id='par_1_117' title="bbox 1818 5538 3411 5614">
     <span class='ocr_line' id='line_1_117' title="bbox 1818 5538 3411 5614; baseline -0.011 -7"><span class='ocrx_word' id='word_1_864' title='bbox 1818 5555 2061 5607; x_wconf 83' lang='lat' dir='ltr'>Pocokio</span> <span class='ocrx_word' id='word_1_865' title='bbox 2092 5549 2433 5614; x_wconf 83' lang='lat' dir='ltr'>explicatam</span> <span class='ocrx_word' id='word_1_866' title='bbox 2466 5558 2586 5609; x_wconf 89' lang='lat' dir='ltr'>cap.</span> <span class='ocrx_word' id='word_1_867' title='bbox 2623 5546 2674 5599; x_wconf 85' lang='lat'>6.</span> <span class='ocrx_word' id='word_1_868' title='bbox 2714 5545 2845 5595; x_wconf 80' lang='lat' dir='ltr'>Mox</span> <span class='ocrx_word' id='word_1_869' title='bbox 2875 5541 3245 5614; x_wconf 81' lang='lat' dir='ltr'>Guarnerian.</span> <span class='ocrx_word' id='word_1_870' title='bbox 3282 5538 3411 5604; x_wconf 89' lang='lat' dir='ltr'>plus</span> 
     </span>
    </p>
   </div>
   <div class='ocr_carea' id='block_1_118' title="bbox 1816 5611 3418 5679">
    <p class='ocr_par' dir='ltr' id='par_1_118' title="bbox 1816 5611 3418 5679">
     <span class='ocr_line' id='line_1_118' title="bbox 1816 5611 3418 5679; baseline -0.011 0"><span class='ocrx_word' id='word_1_871' title='bbox 1816 5627 1990 5679; x_wconf 86' lang='lat' dir='ltr'>habet</span> <span class='ocrx_word' id='word_1_872' title='bbox 2014 5631 2070 5674; x_wconf 82' lang='lat' dir='ltr'>ut</span> <span class='ocrx_word' id='word_1_873' title='bbox 2093 5611 2403 5673; x_wconf 72' lang='lat' dir='ltr'>carnalibus</span> <span class='ocrx_word' id='word_1_874' title='bbox 2426 5619 2647 5677; x_wconf 84' lang='lat' dir='ltr'>divitiis,</span> <span class='ocrx_word' id='word_1_875' title='bbox 2673 5616 2895 5677; x_wconf 84' lang='lat' dir='ltr'>deliciis,</span> <span class='ocrx_word' id='word_1_876' title='bbox 2934 5622 3040 5665; x_wconf 82' lang='lat' dir='ltr'>etc.</span> <span class='ocrx_word' id='word_1_877' title='bbox 3072 5611 3245 5664; x_wconf 88' lang='lat' dir='ltr'>Paulo</span> <span class='ocrx_word' id='word_1_878' title='bbox 3274 5623 3418 5676; x_wconf 89' lang='lat' dir='ltr'>quo-</span> 
     </span>
    </p>
   </div>
   <div class='ocr_carea' id='block_1_119' title="bbox 186 5684 3410 5765">
    <p class='ocr_par' dir='ltr' id='par_1_119' title="bbox 186 5684 3410 5765">
     <span class='ocr_line' id='line_1_119' title="bbox 186 5684 3410 5765; baseline -0.004 -16"><span class='ocrx_word' id='word_1_879' title='bbox 186 5700 196 5728; x_wconf 83' lang='lat'>&#39;</span> <span class='ocrx_word' id='word_1_880' title='bbox 232 5700 494 5751; x_wconf 86' lang='lat' dir='ltr'>Alterum</span> <span class='ocrx_word' id='word_1_881' title='bbox 516 5698 626 5750; x_wconf 90' lang='lat' dir='ltr'>hoc</span> <span class='ocrx_word' id='word_1_882' title='bbox 642 5712 852 5751; x_wconf 89' lang='lat' dir='ltr'>nomen</span> <span class='ocrx_word' id='word_1_883' title='bbox 872 5701 916 5750; x_wconf 89' lang='grc' dir='ltr'><em>Α</em></span> <span class='ocrx_word' id='word_1_884' title='bbox 927 5702 1223 5765; x_wconf 86' lang='lat' dir='ltr'>ngclorum,</span> <span class='ocrx_word' id='word_1_885' title='bbox 1249 5713 1437 5764; x_wconf 85' lang='lat' dir='ltr'>neque</span> <span class='ocrx_word' id='word_1_886' title='bbox 1460 5701 1518 5752; x_wconf 90' lang='lat' dir='ltr'>in</span> <span class='ocrx_word' id='word_1_887' title='bbox 1543 5703 1724 5753; x_wconf 88' lang='lat' dir='ltr'>Guar-</span> <span class='ocrx_word' id='word_1_888' title='bbox 1819 5711 1931 5764; x_wconf 88' lang='lat' dir='ltr'>que</span> <span class='ocrx_word' id='word_1_889' title='bbox 1944 5693 2384 5763; x_wconf 85' lang='lat' dir='ltr'>postcorruptela</span> <span class='ocrx_word' id='word_1_890' title='bbox 2398 5689 2712 5741; x_wconf 86' lang='lat' dir='ltr'>morborum</span> <span class='ocrx_word' id='word_1_891' title='bbox 2724 5696 2822 5754; x_wconf 88' lang='lat' dir='ltr'>pro</span> <span class='ocrx_word' id='word_1_892' title='bbox 2836 5684 3203 5737; x_wconf 84' lang='lat' dir='ltr'>membrorum</span> <span class='ocrx_word' id='word_1_893' title='bbox 3218 5684 3410 5737; x_wconf 89' lang='lat' dir='ltr'>habet.</span> 
     </span>
    </p>
   </div>
   <div class='ocr_carea' id='block_1_120' title="bbox 124 5772 1563 5836">
    <p class='ocr_par' dir='ltr' id='par_1_120' title="bbox 124 5772 1563 5836">
     <span class='ocr_line' id='line_1_120' title="bbox 124 5772 1563 5836; baseline 0.003 -15"><span class='ocrx_word' id='word_1_894' title='bbox 124 5772 359 5826; x_wconf 88' lang='lat' dir='ltr'>neriano</span> <span class='ocrx_word' id='word_1_895' title='bbox 380 5785 490 5824; x_wconf 90' lang='lat' dir='ltr'>ms.</span> <span class='ocrx_word' id='word_1_896' title='bbox 516 5785 703 5836; x_wconf 89' lang='lat' dir='ltr'>neque</span> <span class='ocrx_word' id='word_1_897' title='bbox 731 5775 792 5826; x_wconf 87' lang='lat' dir='ltr'>in</span> <span class='ocrx_word' id='word_1_898' title='bbox 812 5776 1130 5827; x_wconf 86' lang='lat' dir='ltr'>vetustiore</span> <span class='ocrx_word' id='word_1_899' title='bbox 1154 5773 1289 5827; x_wconf 88' lang='lat' dir='ltr'>edit.</span> <span class='ocrx_word' id='word_1_900' title='bbox 1314 5772 1563 5826; x_wconf 87' lang='lat' dir='ltr'>additur.</span> 
     </span>
    </p>
   </div>
  </div>
