3900 6392
519 381 624 438 547

1546 376 1790 429 RUFINI
1820 370 2312 439 AQUILEIENSIS
2346 377 2784 431 PRESBYTER]

3711 381 3810 437 548

516 497 777 558 resurget
794 490 896 556 [AL
910 488 1156 554 resurgit
1158 489 1174 553 j
1191 486 1475 538 emortuis
1489 501 1501 537 :
1517 485 1602 538 fas
1619 487 1694 538 sit
1715 487 1845 540 haec
1861 487 1964 552 [At.
1979 489 2107 552 hoc]
2131 493 2188 568 Α
2214 488 2338 549 dos,
2359 489 2460 541 sed
2477 490 2735 554 etipsum
2745 489 3035 541 diabolum
3053 491 3356 555 etangelos
3368 492 3490 556 ejus
3505 496 3808 555 quandoque

515 581 823 646 aliquando
835 592 1078 632 cessare.
1097 575 1408 628 Credamus
1419 575 1480 628 in
1490 579 1851 625 resurrectione
1876 579 2106 626 desinere

514 673 686 726 etiam
707 671 889 722 licitos
901 670 1100 730 coitus,
1117 679 1190 718 ne
1209 671 1268 718 et
1290 665 1468 717 illiciti
1481 671 1808 730 suprepant,
1827 667 2109 730 quamdiu

513 763 718 814 horum
743 760 848 824 [AL
875 756 1224 822 eorum]non
1237 755 1314 807 sit
1331 755 1558 808 oblivio.
1589 756 1694 816 Qui
1712 760 1826 807 tam
1853 757 2107 821 sollicite,

518 856 632 902 tam
645 849 868 901 curiose
879 847 1642 910 discutituretpertraclatur
1658 855 1829 894 venter
1853 853 1897 894 et
1919 862 1975 894 ea
1997 862 2110 907 qua:

515 941 620 990 sub
634 942 835 991 ventre
852 939 1023 989 sunt?
1038 939 1109 988 Et
1121 948 1229 988 nos
1247 935 1502 987 carnales
1519 935 1888 986 etdeliciosos
1901 935 2108 998 dit-itis,

512 1041 644 1080 cum
657 1041 758 1082 vos
776 1031 840 1078 ut
857 1027 1040 1092 video,
1054 1027 1126 1077 ab
1144 1025 1234 1076 his
1247 1025 1611 1088 cessandum,
1625 1038 1728 1076 nec
1752 1025 1810 1075 in
1827 1038 2112 1076 resurrec-

513 1119 665 1171 tione
687 1116 950 1169 credatis.
972 1117 1169 1180 Neque
1184 1115 1338 1166 enim
1353 1119 1621 1166 naturam
1633 1116 1820 1166 carnis
1840 1115 2032 1179 hujus,
2051 1115 2109 1165 in

511 1220 625 1273 qua
653 1219 812 1260 nunc
849 1205 1122 1269 vivimus,
1155 1217 1454 1270 resurgere
1473 1214 1490 1233 ·
1513 1205 1894 1268 denegemus:
1921 1217 2109 1268 neque

511 1311 716 1350 rursus
735 1309 864 1349 cum
889 1308 956 1348 ea
985 1295 1173 1347 carnis
1202 1295 1342 1347 vitia
1362 1295 1569 1359 pariter
1592 1293 1974 1346 involvamus.
2001 1293 2109 1345 Sed

491 1399 644 1440 caro
665 1386 896 1451 quidem
925 1388 1203 1449 resurget,
1231 1389 1288 1436 et
1303 1397 1419 1436 non
1441 1383 1551 1436 alia
1574 1397 1677 1448 pro
1701 1384 1828 1448 alia,
1859 1383 1959 1435 sed
1981 1383 2106 1435 haec

508 1476 652 1542 ipsa,
669 1489 775 1528 nec
787 1479 1052 1526 naturam
1069 1474 1282 1538 perdet,
1300 1475 1398 1526 sed
1413 1473 1778 1538 fragilitatem
1795 1478 1852 1525 et
1870 1473 2008 1526 vitia
2019 1473 2110 1524 de-

509 1568 700 1632 ponet.
717 1565 991 1628 Alioquin
1003 1577 1109 1616 nec
1127 1564 1448 1616 immortale
1464 1564 1588 1627 erit,
1609 1563 1762 1628 quod
1779 1563 1969 1626 fragile
1987 1577 2108 1628 per-

510 1655 804 1709 manserit.
831 1657 901 1707 Et
922 1654 1051 1707 ideo
1074 1667 1182 1707 nos
1200 1667 1385 1718 neque
1409 1654 1730 1718 vobiscum,
1761 1666 1951 1718 neque
1983 1653 2106 1705 sine

511 1744 947 1799 vobishaere‘tici
961 1757 1177 1796 sumus.
1194 1743 1464 1796 Ecclesiae
1475 1743 1630 1796 enim
1650 1744 1906 1808 fides,cuj
1918 1758 1985 1795 us
1999 1757 2108 1796 nos

2210 581 2356 633 dixit
2385 579 2731 632 relaxandos
2767 593 2896 630 esse
2922 579 2992 631 de
3017 581 3224 644 pcenis,
3256 584 3317 632 ut
3339 583 3627 634 restitutio
3648 594 3665 611 ε
3683 598 3806 634 om-

2210 673 2372 722 nium
2391 673 2808 732 consequenter
2830 670 3014 732 possit
3036 669 3296 734 intelligi.
3319 673 3384 722 Et
3406 673 3635 723 animas
3663 679 3800 725 ante

2210 761 2345 812 dicit
2366 763 2586 810 creatas
2599 771 2727 809 esse
2747 771 2922 821 quam
2934 771 3187 823 corpora,
3213 773 3426 824 easque
3447 761 3517 812 de
3537 762 3682 813 casio
3707 762 3809 814 de-

2209 849 2433 910 ductas,
2458 854 2515 899 et
2551 847 2886 910 corporibus
2927 846 3191 898 insertas.
3217 849 3332 912 Ego
3359 863 3513 901 nunc
3545 851 3690 902 nihil
3709 865 3806 915 pro

2211 939 2449 1002 Origene
2473 951 2600 1000 ago,
2615 949 2715 988 nec
2736 937 3153 1000 apolotgeticum
3173 952 3271 1002 pro
3290 939 3410 1002 ipso
3430 941 3642 990 scribo.
3674 943 3801 992 Sive

2209 1029 2360 1080 enim
2387 1031 2500 1078 stat
2529 1026 2681 1089 apud
2698 1028 2897 1086 Deum,
2920 1027 3044 1078 sive
3069 1028 3264 1091 lapsus
3291 1034 3395 1091 est,
3420 1029 3543 1092 ipse
3563 1030 3802 1081 viderit:

2211 1130 2315 1168 suo
2346 1116 2587 1167 Domino
2623 1120 2738 1167 stat
2760 1119 2862 1166 aut
2885 1115 3037 1167 cadit
3072 1117 3238 1180 (Hom.
3273 1116 3390 1179 14.).
3420 1117 3529 1169 Sed
3554 1132 3730 1183 cogor
3748 1120 3805 1171 in

2208 1207 2496 1270 aliquibus
2511 1207 2636 1270 ejus
2651 1205 2832 1256 facere
2845 1206 3226 1257 mentionem:
3246 1207 3380 1269 quia
3394 1207 3531 1258 dum
3544 1208 3708 1259 illum
3725 1223 3806 1260 ar-

2208 1299 2332 1362 guit
2356 1297 2774 1359 rethornoster,
2793 1310 2910 1347 non
2929 1296 3047 1360 jam
3064 1296 3313 1360 oblique,
3340 1297 3440 1348 sed
3459 1298 3667 1362 palam,
3691 1312 3806 1349 mu-

2209 1400 2378 1438 crone
2403 1385 2662 1436 districto
2684 1398 2773 1435 me
2788 1385 2994 1450 petitet
3018 1390 3174 1437 totus
3190 1386 3435 1437 ferturin
3449 1400 3557 1438 me.
3588 1389 3804 1450 thuid

2209 1475 2352 1539 dico,
2400 1489 2493 1526 me
2536 1475 2712 1539 petit?
2754 1477 2874 1525 lmo
2900 1487 3051 1538 vero,
3083 1480 3146 1526 ut
3169 1475 3228 1525 in
3251 1489 3343 1526 me
3370 1477 3672 1540 desaeviat,
3703 1490 3804 1529 nec

2207 1564 2564 1616 ‘institutori
2608 1577 2712 1615 suo
2751 1564 3116 1628 parcit:dum
3152 1570 3313 1629 putat
3338 1579 3402 1616 se
3431 1579 3504 1616 ex
3529 1567 3623 1618 his
3663 1579 3804 1630 quos

2204 1655 2612 1718 interpretatus
2639 1667 2771 1704 sum
2795 1653 3000 1704 libellis
3019 1654 3161 1717 ejus,
3188 1667 3359 1718 posse
3377 1655 3438 1706 in
3468 1668 3562 1707 me
3586 1655 3803 1720 aliquid

2211 1744 2516 1796 calumnia
2526 1748 2871 1806 retorquere.
2887 1743 3031 1805 Quia
3043 1743 3190 1794 inter
3209 1749 3434 1808 caetera,
3449 1757 3585 1808 qum
3611 1746 3804 1811 culpat

511 1833 731 1888 alumni
753 1847 978 1899 sumus,
1012 1834 1203 1886 media
1225 1833 1499 1886 incedens
1518 1833 1629 1898 [AL
1657 1833 1940 1896 incidens]
1958 1833 2106 1886 inter
2130 1867 2186 1942 B
2212 1835 2273 1886 in
2310 1835 2495 1894 nobis,
2531 1834 2701 1885 etiam
2725 1833 2833 1886 hoc
2848 1833 3172 1886 invidiosus
3195 1833 3430 1895 addidit,
3457 1835 3681 1899 dicens,
3712 1850 3800 1888 me

511 1927 814 1942 _-.________
847 1923 1144 1942 ,ευ-,μη
1194 1936 1378 1942 _.___-_
1406 1927 1626 1942 _-.____
1661 1925 1836 1942 -___._
1990 1939 2076 1942 ___
2213 1925 2316 1942 ιη
2516 1923 2579 1942 λ,
2611 1922 3094 1942 ,ηηῡηιηλημ
3127 1923 3402 1942 ,-.-._.__-

509 1927 820 1990 utrumque
843 1923 1171 1988 discrimen,
1194 1936 1382 1988 neque
1406 1927 1630 1976 natura
1655 1925 1839 1976 carnis
1864 1924 1952 1976 vel
1983 1939 2105 1977 cor-

510 2014 842 2082 poristquod
884 2019 1144 2079 resurget
1163 2027 1198 2066 a
1225 2013 1484 2076 mortuis)
1516 2013 1759 2078 denegat
1785 2016 2103 2076 veritatem,

509 2118 700 2169 neque
721 2109 920 2156 contra
944 2104 1202 2169 Apostoli
1235 2104 1582 2156 sententiam
1620 2105 2105 2168 incorruptionem

511 2195 688 2246 futuri
709 2194 866 2258 regni
896 2194 1031 2246 dicit
1054 2196 1470 2258 acorruptione
1507 2195 1934 2258 possidendam.
1982 2198 2108 2248 Non

510 2297 644 2350 ergo
668 2297 916 2346 carnem,
943 2283 1034 2336 vel
1057 2296 1284 2348 corpus,
1304 2283 1559 2347 perditis,
1582 2287 1646 2335 ut
1667 2285 1774 2347 ais,
1793 2293 1894 2336 aut
1914 2298 2109 2350 ampu-

513 2376 644 2426 tatis
660 2373 934 2426 membris
959 2386 1253 2438 resurgere
1278 2373 1653 2438 dicimus,sed
1679 2379 1864 2427 totum
1891 2379 1946 2427 et
1973 2376 2109 2427 inte-

509 2479 675 2530 grum
712 2476 937 2528 corpus,
959 2463 1316 2528 corruptione
1353 2468 1575 2515 tantum
1621 2469 1678 2515 et
1706 2465 2017 2528 ignominia
2041 2480 2108 2517 ac

509 2553 814 2616 fragilitate
829 2553 1090 2617 deposita
1105 2558 1280 2616 atque
1291 2555 1562 2604 omnibus
1575 2555 1940 2606 mortalitatis
1957 2557 2106 2608 vitiis

511 2643 718 2708 pariter
759 2641 1090 2706 amputatis,
1136 2643 1214 2693 ita
1248 2647 1312 2694 ut
1353 2643 1494 2694 nihil
1531 2656 1764 2707 prorsus
1781 2659 1852 2696 ex
1884 2645 1984 2708 [AL
2011 2645 2102 2709 de]

509 2738 717 2784 natura
747 2745 853 2784 sua
875 2731 1272 2796 desitspiritali
1293 2732 1371 2782 illi
1389 2733 1632 2798 corpori,
1662 2735 1815 2798 quod
1843 2741 2108 2800 resurget

510 2835 546 2876 a
588 2823 848 2886 mortuis,
881 2821 996 2873 nisi
1039 2819 1134 2874 illa
1173 2822 1483 2886 corruptio.

573 2911 627 2966 9.
651 2911 848 2964 Latius
891 2923 1066 2976 quam
1104 2924 1536 2977 proposueram,
1574 2912 1708 2964 huic
1735 2914 1832 2965 uni
1857 2915 2020 2967 titulo
2037 2916 2108 2968 de

511 3001 924 3054 resurrectione
937 3001 1227 3067 respondi,
1243 3014 1450 3055 verens
1467 3016 1537 3054 ne
1561 3003 1767 3056 iterum
1794 3019 1893 3069 per
1923 3007 2108 3057 brevi-

510 3093 687 3146 tatem
736 3092 1028 3156 aliquibus
1053 3091 1356 3144 calumniis
1379 3097 1729 3158 pateremus.
1757 3097 1827 3147 Et
1848 3096 1974 3149 ideo
1990 3110 2107 3150 non

2211 1925 2320 1976 hoc
2343 1937 2490 1988 opus
2513 1923 2585 1974 ad
2609 1922 3100 1986 interpretandum
3123 1923 3424 1987 delegisse,
3442 1926 3596 1986 quod
3617 1938 3799 1988 neque

2209 2015 2349 2078 ipse,
2365 2027 2548 2076 neque
2560 2013 2706 2064 alius
2718 2013 2846 2076 quis
2860 2015 3118 2064 veterum
3130 2013 3504 2077 interpretum
3515 2015 3800 2076 delegisset.

2207 2103 2394 2166 Hujus
2417 2115 2552 2166 ergo
2568 2102 2646 2153 rei
2663 2113 2929 2152 caussam
2946 2102 3145 2165 primo,
3160 2115 3418 2166 curopus
3431 2103 3797 2166 potissimum

2206 2195 2450 2246 adorsus
2481 2205 2499 2224 ο
2525 2195 2652 2256 sim,
2697 2192 2832 2255 quia
2874 2191 3006 2243 hinc
3047 2194 3294 2244 maxime
3320 2192 3604 2254 mordeor,
3635 2208 3798 2258 quam

2205 2287 2401 2348 potero
2428 2283 2791 2347 paucissimis
2815 2287 2870 2334 et
2884 2281 3528 2337 verissimisabsolvam.
3563 2284 3798 2346 Licet,id

2206 2372 2359 2437 apud
2403 2375 2478 2434 te,
2507 2371 2586 2422 illi
2617 2371 2696 2421 mi
2739 2371 3032 2422 carissime
3060 2373 3414 2435 (Aproniune)
3433 2412 3446 2435 ,
3466 2358 3566 2435 qui
3593 2386 3713 2424 rem
3741 2375 3797 2423 ut

2207 2464 2367 2524 gesta
2401 2467 2489 2513 est
2514 2459 2564 2527 3
2581 2459 2600 2527 Ι
2616 2457 2669 2528 6
2693 2461 2837 2512 bene
2853 2461 3036 2521 nosti,
3060 2462 3414 2524 superfluum
3439 2461 3708 2514 videatur
3725 2468 3796 2514 ta-

2207 2563 2340 2602 men
2395 2556 2453 2602 et
2487 2551 2812 2614 ignorantes
2837 2551 3104 2602 convenit
3126 2562 3396 2614 noscere;
3425 2551 3599 2602 simul
3627 2551 3794 2602 etiam

2207 2641 2342 2704 quia
2365 2645 2422 2691 et
2443 2640 2552 2692 hoc
2573 2653 2691 2692 non
2703 2641 2888 2691 solum
2905 2641 3044 2704 ipse,
3062 2640 3161 2690 sed
3179 2646 3236 2692 et
3250 2640 3436 2692 omnis
3453 2641 3654 2693 schola
3672 2645 3793 2705 ejus

2201 2731 2382 2795 jact-at
2405 2732 2475 2782 de
2498 2730 2681 2790 nobis,
2701 2729 2856 2794 quod
2879 2742 3013 2780 cum
3041 2730 3204 2781 aliter
3226 2731 3665 2794 promiserimus
3691 2743 3791 2782 nos

2207 2821 2267 2872 in
2295 2820 2729 2873 Praefationibus
2763 2822 3155 2884 translaturos,
3200 2820 3362 2872 aliter
3385 2821 3692 2872 fecerimus
3741 2821 3794 2871 in

2208 2923 2399 2974 Opere:
2427 2910 2554 2962 ideo
2572 2923 2689 2962 non
2710 2911 2896 2962 solum
2907 2911 3066 2975 ipsis,
3084 2911 3186 2962 sed
3203 2915 3259 2962 et
3276 2910 3401 2962 aliis
3425 2910 3794 2975 respondebi-

2207 3015 2337 3052 mus
2351 3003 2559 3064 quibus
2573 3001 2664 3052 vel
2675 3001 2937 3065 proprius
2951 3001 3096 3053 livor
3107 3005 3381 3066 mentem,
3399 3001 3489 3054 vel
3505 3004 3792 3050 criminatio

2206 3091 2404 3155 aliena,
2435 3091 2740 3142 conturbat
2768 3091 2871 3153 |At.
2895 3091 3241 3154 conturbet]

506 3180 693 3235 solum
717 3181 968 3246 corporis
991 3181 1052 3233 in
1075 3194 1190 3246 quo
1215 3181 1653 3246 calumniantur,
1680 3185 1782 3238 sed
1799 3185 1818 3213 ι’
1839 3191 1896 3238 et
1919 3189 2106 3240 carnis
2131 3198 2180 3274 ρ
2272 3180 2357 3235 11.
2405 3182 2503 3232 Vir
2546 3181 2676 3246 flde,
2735 3180 3070 3245 eruditione,
3112 3179 3406 3233 nobilitate
3457 3180 3576 3233 vita
3617 3180 3796 3233 clarus

504 3271 746 3324 fecimus
762 3270 1083 3332 frequenter
1097 3273 1466 3335 mentionem,
1487 3278 1546 3326 et
1565 3287 1683 3326 non
1699 3277 1888 3328 solum
1909 3281 2108 3350 carnis,

503 3361 608 3414 sed
643 3360 974 3416 addidimus
987 3362 1152 3426 hujus
1167 3363 1352 3412 carnis
1365 3378 1378 3414 :
1395 3369 1452 3416 et
1464 3377 1581 3416 non
1594 3365 1782 3419 solum
1808 3371 1974 3436 hujus
1990 3391 2107 3425 car-

500 3452 606 3514 nis,
626 3450 730 3503 sed
744 3455 802 3502 et
823 3456 1088 3500 naturam
1109 3452 1275 3516 hujus
1292 3453 1478 3502 carnis
1501 3462 2106 3530 commemoravimus,

501 3553 608 3592 nec
621 3543 875 3592 contenti
896 3541 1109 3592 fuimus
1120 3541 1246 3604 hoc,
1266 3543 1366 3594 sed
1379 3557 1452 3594 ne
1471 3546 1858 3600 membrorum
1872 3553 2105 3615 quidem

503 3627 556 3696 3
572 3627 590 3696 |
605 3627 658 3695 5
673 3630 1078 3682 resurrecturis
1091 3631 1476 3694 integritatem
1492 3633 1748 3687 diximus
1764 3638 2101 3694 defuturam-

499 3721 584 3770 lta
601 3723 793 3771 tamen
808 3722 873 3771 ut
887 3722 1204 3772 secundum
1220 3723 1479 3786 Apostoli
1491 3723 1910 3796 deﬁnitionem,
1925 3747 2106 3793 corpus

497 3809 648 3873 quod
665 3815 924 3874 resurget
939 3824 1011 3862 ex
1023 3812 1372 3876 corruptibili
1384 3814 1828 3882 incorruptibile,
1851 3834 1924 3872 ex
1935 3822 2089 3886 igno-

497 3900 594 3952 bili
623 3900 958 3966 glorlosum,
982 3901 1601 3970 exfragiliimmortale,
1629 3922 1701 3960 ex
1724 3910 1958 3963 animali
1985 3913 2104 3977 spi-

491 3991 654 4044 ritale
698 3991 985 4052 credatur,
1037 3997 1103 4045 ut
1151 3993 1231 4045 ita
1274 3994 1509 4048 demum
1549 3999 1822 4062 Spiritelis
1843 4004 2100 4067 corporis

491 4081 770 4144 membra,
781 4082 1002 4146 absque
1015 4082 1146 4134 ullis
1156 4096 1285 4136 esse
1302 4086 1660 4151 corruptelae,
1676 4089 1764 4140 vel
1774 4089 2098 4154 fragilitatis

490 4169 921 4234 suspicionibus
945 4172 1284 4226 sentiamus.
1310 4175 1618 4239 Designavi
1633 4177 1805 4230 fidem
1825 4193 2014 4233 meam
2027 4182 2098 4236 de

486 4259 761 4312 Trinitate
809 4259 1112 4325 designavi
1165 4262 1238 4314 de
1281 4265 1698 4330 Incarnatione,
1736 4269 2004 4324 Passione
2029 4284 2097 4324 ac

486 4349 942 4414 Resurrectione,
977 4353 1033 4404 et
1063 4351 1133 4404 de
1163 4354 1418 4407 secundo
1445 4354 1706 4410 adventu
1726 4357 1788 4410 in
1811 4359 2008 4425 gloria,
2038 4367 2091 4416 et

486 4438 557 4492 de
567 4445 587 4504 ,ι
597 4439 782 4493 udicio
799 4439 988 4492 futuro
999 4441 1225 4494 Domini
1239 4443 1546 4496 Salvatoris
1563 4447 1763 4500 nostri.
1782 4449 2091 4514 Designavi

2210 3270 2490 3322 Macarius
2506 3284 2638 3322 cum
2650 3271 2923 3335 opuscula
2935 3271 3007 3321 ad
3017 3283 3215 3328 versus
3232 3271 3453 3334 Fatum,
3474 3272 3563 3323 vel
3585 3271 3796 3323 Mathe-

2212 3362 2321 3411 sim
2335 3361 2570 3413 haberet
2589 3361 2649 3412 in
2667 3361 2950 3423 manibus,
2969 3374 3149 3425 eaque
3165 3361 3289 3412 utili
3306 3366 3363 3412 et
3376 3361 3796 3426 pernecessario

2211 3451 2421 3503 sudore
2450 3451 2540 3516 [At
2580 3451 2791 3514 labore]
2823 3455 3204 3515 componeret,
3223 3452 3283 3502 in
3299 3451 3614 3514 aliquantis
3648 3464 3793 3514 vero,

2204 3540 2221 3570 ¹
2243 3541 2376 3605 quia
2388 3546 2509 3593 erat
2533 3540 2880 3606 perdifficilis
2893 3543 3150 3605 materia,
3167 3541 3238 3593 de
3255 3541 3479 3593 Divina}
3499 3541 3794 3604 providen-

2205 3631 2302 3683 tia:
2319 3629 2595 3682 disserere
2619 3630 3144 3695 dispensationibus
3160 3631 3478 3694 haesitaret,
3503 3643 3608 3695 per
3632 3643 3793 3694 sopo-

2203 3733 2324 3772 rem
2357 3722 2466 3772 sibi
2505 3735 2540 3773 a
2562 3723 2804 3774 Domino
2841 3723 2950 3774 tale
2984 3722 3200 3787 aliquid
3221 3721 3446 3774 dicebat
3470 3725 3786 3785 ostensum,

2203 3812 2357 3876 quod
2380 3812 2547 3864 navis
2571 3813 2623 3863 ei
2645 3813 2912 3876 quaedam
2930 3813 3420 3865 demonstraretur
3441 3812 3672 3864 eminus
3693 3812 3789 3864 ad-

2201 3906 2434 3954 ventare
2458 3915 2556 3967 per
2582 3901 2838 3966 pelagus,
2864 3915 2996 3966 qua:
3021 3915 3154 3954 eum
3193 3907 3421 3968 portum
3456 3902 3662 3956 fuisset
3687 3901 3782 3966 [AL

2200 3992 2374 4056 esset]
2418 3992 2692 4056 ingressa,
2704 3993 2887 4044 nodos
2906 4006 3029 4046 sua:
3041 3993 3420 4046 haesitationis
3433 3994 3771 4047 absolveret.

2199 4084 2501 4146 Exurgens
2525 4096 2660 4135 vero
2677 4096 2808 4134 cum
2832 4083 2903 4136 de
2929 4084 3058 4136 visu
3069 4083 3347 4136 sollicitus
3364 4084 3662 4148 cogitaret,
3680 4095 3779 4134 nos

2197 4173 2602 4237 supervenisse
2625 4175 2812 4226 aiebat
2826 4174 2885 4225 in
2905 4177 3182 4239 tempore;
3209 4175 3421 4238 quibus
3444 4175 3717 4226 continuo
3731 4175 3782 4223 et

2194 4263 2474 4327 opuscula
2511 4276 2618 4316 sua
2638 4269 2695 4317 et
2729 4265 3165 4328 ambiguitatem
3193 4264 3469 4316 indicavit
3491 4269 3550 4316 et
3575 4265 3776 4318 visum.

2191 4351 2336 4413 Quid
2379 4366 2544 4417 porro
2587 4354 2878 4418 Origenes,
2911 4367 3085 4418 quem
3119 4355 3590 4418 opinatissimum
3634 4350 3777 4418 apud

2191 4443 2422 4497 Graecos
2464 4445 2740 4507 audierat,
2777 4445 3016 4497 sentiret
3039 4446 3109 4496 de
3136 4444 3342 4497 talibus
3368 4448 3776 4509 percunctatur

485 4535 544 4582 et
559 4529 631 4581 de
643 4533 1062 4583 resurrectione
1078 4533 1268 4584 carnis
1285 4535 1516 4599 nostras,
1537 4537 1766 4602 etnihil,
1786 4543 1851 4590 ut
1867 4540 2083 4604 opinor,
2115 4530 2172 4604 D
2187 4536 2291 4601 [AL
2311 4535 2787 4600 percontabatur],
2808 4536 3166 4599 breviterque
3183 4535 3292 4586 sibi
3308 4535 3435 4598 ejus
3452 4534 3522 4586 de
3541 4533 3772 4598 singulis

484 4619 823 4684 ambiguum
860 4621 1154 4686 dereliqui.
1194 4623 1302 4685 Qui
1325 4635 1479 4677 nunc
1501 4632 1766 4692 superest
1784 4632 1810 4680 ‘?
1835 4629 1986 4682 Nihil
2007 4643 2092 4682 ar-

483 4707 660 4760 bitror
693 4715 976 4772 quantum
997 4711 1070 4762 ad
1089 4713 1261 4764 fidem
1304 4715 1569 4778 pertinet.

547 4797 634 4853 10.
681 4798 791 4850 Sed
833 4799 894 4850 in
929 4813 998 4851 eo
1041 4805 1114 4866 te,
1141 4803 1345 4866 inquit,
1370 4817 1574 4869 arguo,
1609 4806 1762 4870 quod
1789 4807 2092 4871 Origenem

480 4886 892 4953 interpretatus
937 4903 1018 4954 es,
1065 4891 1165 4955 qui
1203 4893 1636 4946 restitutionem
1663 4896 1927 4949 omnium
1955 4897 2095 4949 dicit

480 4978 817 5045 futuram,in
833 4992 947 5044 qua
957 4993 1076 5034 non
1087 4981 1275 5035 solum
1286 4995 1486 5036 omnes
1497 4988 1822 5048 peccatores
1839 4990 2096 5038 absolven.

545 5160 563 5182 '
575 5153 940 5205 Guarnerian.
949 5191 964 5218 ,
979 5153 1323 5217 denegamus,
1336 5169 1400 5202 ne
1411 5169 1536 5203 rura
1545 5170 1604 5204 us
1614 5157 1800 5205 carnis
1822 5157 2067 5219 vitia,etc
2076 5198 2088 5212 .

541 5224 564 5254 ’³
584 5226 764 5277 Notus
803 5225 1259 5290 Origenistarum
1283 5238 1453 5290 error,
1483 5227 1584 5290 qui
1600 5241 1808 5292 corpus
1835 5243 2086 5297 aereum,

478 5309 598 5348 non
621 5311 689 5348 ex
703 5311 872 5350 carne
889 5300 1162 5349 constans
1179 5297 1446 5348 dicebant
1458 5304 1590 5362 post
1606 5303 2085 5364 resurrectionem

478 5368 738 5420 futurum
758 5371 1016 5432 adeoque
1039 5368 1239 5420 callide
1255 5382 1289 5420 a
1305 5371 1490 5418 carnis
1509 5373 1802 5423 mentione
1826 5377 2086 5426 abstine-

479 5442 636 5494 bant.
663 5443 752 5493 Ab
769 5456 832 5493 eo
855 5444 1054 5493 Noster
1077 5446 1356 5504 quantum
1381 5443 1726 5506 abhorreret,
1757 5445 2085 5497 luculentis-

480 5513 618 5565 sime
632 5506 885 5564 ostendit
897 5525 1028 5564 cum
1040 5512 1198 5578 aliis,
1221 5518 1345 5565 tum
1362 5515 1420 5566 in
1439 5518 1574 5579 Sym
1584 5515 1694 5566 boli
1709 5518 2080 5580 Expositione

476 5585 548 5636 ad
573 5585 727 5637 hunc
767 5586 1093 5641 articulum.
1128 5599 1303 5650 quem
1333 5591 1390 5638 ut
1419 5589 1885 5640 conl‘erasauctor
1917 5603 2071 5642 sum.

537 5657 644 5707 Ἐκ
672 5669 846 5720 prave
878 5662 1111 5724 accepta
1150 5658 1406 5711 Matthaai
1432 5658 1494 5712 17
1521 5663 1578 5710 et
1612 5660 1780 5710 Marc.
1807 5661 2077 5714 Qsenten-

477 5725 574 5789 tia,
619 5729 718 5780 ubi
758 5728 986 5797 dicitur,
1029 5731 1265 5780 restituet
1288 5732 1496 5780 omnia.
1525 5732 1657 5782 Mox
1679 5732 2071 5797 Guarneriau.,

480 5811 582 5865 pro
600 5800 726 5884 αηξε
832 5796 876 5851 it
900 5807 1103 5854 creatas
1126 5818 1246 5866 esse,
1281 5819 1449 5870 quam
1473 5818 1718 5869 corpora,
1749 5802 1921 5856 habet
1943 5796 2072 5855 dicit

2191 4626 2517 4690 quibusque
2535 4628 2850 4678 sententias
2861 4631 2985 4678 orat
2997 4625 3220 4691 exponi.
3239 4627 3359 4689 Ego
3371 4638 3488 4676 rem
3502 4634 3519 4662 ε
3531 4625 3769 4690 primum

2191 4715 2451 4768 dicebam
2481 4717 2634 4768 factu
2647 4730 2769 4768 esse
2783 4715 3100 4768 diilicilem:
3125 4721 3392 4767 sanctum
3418 4718 3608 4767 tamen
3628 4717 3776 4766 Pam-

2192 4806 2413 4872 philum
2430 4807 2730 4870 Martyrem
2749 4806 2868 4857 dixi
2884 4806 3132 4869 quadam
3153 4819 3225 4857 ex
3244 4810 3401 4870 parte
3428 4804 3538 4856 tale
3563 4803 3762 4868 aliquid

2191 4897 2378 4961 operis
2403 4897 2814 4961 conscripsisse
2825 4897 3262 4960 inApologetico
3284 4909 3406 4948 suo.
3425 4892 3763 4947 Continuoid

2194 4986 2300 5038 sibi
2328 4987 2510 5052 poscit
2552 4987 2613 5038 in
2657 4987 2919 5039 Latinum
2953 4987 3117 5039 verti.
3146 4985 3386 5039 Nullum
3408 4985 3663 5038 dicebam
3679 4994 3762 5034 me

2186 5163 2390 5209 creatas
2411 5163 2706 5222 antequam
2739 5173 2932 5222 corpus
2949 5164 3088 5209 esset.

2249 5229 2270 5258 ἀ
2327 5231 2465 5280 Male
2515 5229 2573 5279 in
2611 5231 3018 5292 Guarneriano,
3051 5229 3306 5294 institori,
3330 5242 3430 5294 pro
3454 5225 3757 5284 institutori,

2185 5315 2391 5364 nempe
2440 5302 2686 5364 Urigeni.

2245 5387 2264 5407 ε
2281 5374 2670 5435 Gndrneriau.,
2692 5373 2907 5422 deorsus
2922 5389 3061 5436 sum,
3076 5373 3280 5425 deinde
3298 5374 3462 5437 pejus
3474 5411 3486 5431 ,
3501 5373 3756 5422 mordetur

2181 5459 2282 5510 pro
2320 5446 2583 5494 mordeor.
2622 5447 2684 5496 In
2708 5446 3080 5508 sequentibus
3107 5449 3255 5496 tacet
3291 5447 3368 5494 mi
3400 5449 3672 5503 Voculam,
3702 5444 3751 5490 ει

2180 5518 2389 5566 videtur
2407 5518 2579 5568 habet
2600 5530 2699 5580 pro
2727 5517 2986 5566 videatur.

2240 5589 2256 5617 ί
2276 5590 2452 5649 Idem,
2477 5606 2592 5654 quae
2616 5596 2758 5651 erat;
2786 5603 2923 5640 mox
2941 5589 3116 5641 ferme
3132 5589 3342 5640 rectius
3368 5589 3619 5638 disserere
3643 5596 3754 5637 ver-

2175 5661 2314 5712 bum
2346 5665 2494 5713 tacet
2517 5680 2530 5723 ;
2583 5664 2729 5712 tacet
2753 5666 2810 5712 et
2831 5663 3001 5726 paulo
3027 5665 3157 5725 post
3176 5660 3744 5713 eminusadverbium.

2172 5733 2374 5786 Recole
2419 5746 2552 5798 qua:
2596 5733 2655 5784 in
2679 5734 2810 5785 Vita
2831 5735 3211 5786 observantur
3232 5733 3328 5785 lib.
3354 5735 3424 5797 ll,
3451 5746 3572 5798 cap.
3595 5734 3636 5783 Ι.

2234 5815 2252 5845 ⁸
2275 5807 2697 5870 lneodem,rem
2709 5821 2807 5872 per
2821 5821 3000 5856 meum
3024 5806 3260 5856 dicebam
3282 5807 3487 5870 factum
3512 5821 3628 5866 esse,
3647 5806 3743 5855 etc.
