3900 6394
106 404 222 459 549

1301 412 1676 468 APOLOGL/E
1711 413 1919 468 LIBER
1954 416 2238 469 PRIMUS.

3311 422 3416 479 550

106 530 289 570 usum
311 518 717 583 hujuscemodi
746 524 935 588 operis
958 524 1246 587 habuisse,
1274 528 1331 578 et
1352 525 1426 578 ad
1442 528 1713 580 Latinum
1740 530 1796 605 Α
1817 533 1938 592 pter
1948 528 2102 592 quod
2118 530 2176 581 et
2196 530 2634 584 resurrectionis
2653 542 2816 595 spem
2826 530 3080 587 humano
3096 544 3294 598 generi
3311 535 3415 587 tri-

104 621 445 661 sermonem
476 611 773 664 tricennali
805 616 928 678 jam
971 629 1115 679 pene
1161 616 1381 669 incuria
1406 618 1708 681 torpuisse.

104 700 367 751 Perstitit
389 710 405 728 ·
434 704 628 753 tamen
660 703 975 767 deprecans
1008 706 1413 771 qualicumque
1450 722 1710 761 sermone

98 789 372 840 notitiam
399 790 509 841 sibi
536 796 760 844 tantum
784 806 1002 859 eorum,
1028 808 1159 859 qua)
1176 798 1442 861 cupiebat
1464 798 1707 850 ostendi.

100 878 369 941 Cumque
386 879 437 930 id
460 893 574 943 quo
598 882 704 945 [Αἰ.
736 884 910 947 quod]
932 885 1091 948 potui
1124 899 1387 939 sermone
1424 888 1707 949 fecissem,

96 967 309 1029 majori
334 967 617 1020 desiderio
629 984 908 1023 accensus
926 974 1102 1025 estad
1120 975 1213 1025 illa
1226 976 1349 1039 ipsa
1377 978 1577 1037 plenius
1601 993 1710 1038 cog-

96 1059 416 1122 noscenda,
442 1073 471 1111 e
495 1060 707 1123 quibus
744 1076 923 1126 pauca
962 1063 1073 1125 illa,
1125 1077 1256 1129 quae
1304 1066 1709 1118 transtuleram

98 1146 455 1201 videbantur
477 1156 758 1202 assumta.
782 1154 1173 1206 Excusantem
1198 1168 1290 1206 me
1315 1169 1517 1219 urgere
1544 1157 1709 1209 vehe-

99 1238 365 1289 mentius
388 1241 558 1304 cepit,
583 1244 640 1292 et
669 1242 777 1292 sub
801 1244 906 1294 Dei
936 1245 1261 1296 testimonio
1279 1246 1599 1309 convenire,
1634 1260 1707 1299 ne

97 1328 211 1377 sibi
244 1328 318 1381 ad
334 1342 478 1393 opus
505 1332 741 1395 bonum,
768 1345 899 1395 quae
923 1347 984 1385 se
1000 1335 1432 1399 auxiliajuvare
1450 1343 1703 1400 possent,

96 1417 472 1482 denegarem.
510 1422 769 1484 Cumque
797 1420 951 1489 3|7
992 1424 1363 1477 vehementer
1395 1425 1703 1491 insisteret,

95 1513 154 1560 et
179 1508 536 1561 desiderium
563 1512 689 1573 ejus
721 1512 1059 1563 secumdum
1085 1515 1266 1565 Deum
1286 1528 1412 1567 esse
1433 1516 1707 1580 perspice-

91 1611 238 1662 rem,
255 1600 522 1663 acquievi
542 1601 793 1662 tandem,
808 1606 866 1653 et
878 1603 1287 1667 interpretatus
1302 1619 1432 1656 sum
1451 1607 1700 1669 quidem.

156 1688 243 1743 1:2.
286 1692 352 1741 In
384 1692 840 1743 Praefatiunculis
878 1697 1069 1745 tamen
1093 1696 1393 1760 utriusque
1436 1697 1620 1761 operis
1648 1702 1705 1749 et

91 1780 350 1832 maxime
373 1780 433 1832 in
457 1782 735 1847 Pamphili
749 1782 1058 1846 libellum”,
1079 1798 1251 1848 quem
1273 1788 1520 1850 primum
1542 1794 1704 1837 trans-

1815 617 1954 669 buit.
1985 616 2139 685 3|8
2186 618 2380 669 Carnis
2426 632 2560 671 vero
2604 620 3099 683 resurrectionem,
3148 635 3268 674 non
3311 634 3411 687 per

1808 704 2027 768 aliquas
2058 706 2395 770 praestigias,
2421 708 2569 759 sicut
2585 708 2846 759 nonnulli
2862 709 3309 771 calumniantur,
3329 710 3415 762 di-

1809 794 2020 845 cimus:
2039 796 2138 845 sed
2152 796 2301 846 hanc
2316 796 2503 859 ipsum
2515 810 2759 860 carnem,
2785 798 2847 849 in
2858 810 2972 862 qua
2986 811 3143 850 nunc
3159 799 3409 851 vivimus

1807 886 2254 936 resurrecturum
2297 885 2398 949 [AL
2440 888 2529 936 ad.
2570 888 2718 950 esse]
2756 888 3059 952 credimus,
3101 901 3218 940 non
3239 889 3409 940 aliam

1807 986 1909 1037 pro
1934 974 2063 1037 alia,
2088 988 2277 1037 neque
2293 987 2502 1039 corpus
2526 975 2698 1039 aliud,
2725 989 2900 1040 quam
2924 978 3101 1041 hujus
3118 977 3309 1029 carnis
3332 980 3412 1027 di-

1808 1064 2010 1114 cimus.
2047 1065 2178 1116 Sive
2211 1077 2345 1128 crgo
2370 1077 2578 1129 corpus
2602 1071 3059 1118 resurrecturum
3086 1077 3103 1105 ι
3140 1067 3407 1133 dicimus,

1810 1153 2132 1205 secundum
2164 1154 2506 1219 Apostolum
2530 1155 2774 1206 dicimus
2802 1174 2812 1204 :
2850 1155 2958 1207 hoc
2992 1156 3146 1207 enim
3174 1158 3409 1210 nomine

1807 1253 1951 1291 usus
1964 1246 2050 1292 est
2065 1241 2173 1292 ille.
2191 1241 2319 1294 Sive
2332 1254 2564 1294 carnem
2577 1242 2841 1305 dicimus,
2856 1246 3044 1292 secund
3054 1256 3145 1294 um
3164 1244 3412 1297 traditio-

1807 1342 1941 1381 nem
1959 1329 2214 1393 Symboli
2242 1332 2600 1384 conﬁtemur.
2622 1331 2807 1384 Stulta
2823 1334 2978 1385 enim
3003 1335 3295 1382 adinventio
3318 1347 3412 1385 ca-

1806 1418 2041 1471 lumniae
2055 1425 2162 1483 est,
2175 1433 2383 1485 corpus
2397 1422 2721 1478 humanum
2736 1422 2893 1474 aliud
2904 1428 3105 1488 putare
3116 1437 3245 1476 esse
3258 1440 3406 1486 quam

1807 1521 2057 1561 carnem.
2085 1510 2213 1562 Sive
2237 1523 2372 1575 ergo
2409 1524 2643 1563 carnem
2681 1512 3004 1563 secundum
3041 1525 3409 1566 communem

1806 1598 1998 1662 ﬁdem,
2025 1600 2145 1652 sive
2184 1613 2389 1665 corpus
2426 1602 2745 1653 secundum
2768 1601 3111 1666 Apostolum
3136 1603 3408 1667 dicimus,

1804 1688 1960 1751 quod
1977 1695 2273 1754 resurget;
2308 1690 2389 1742 ita
2408 1691 2759 1743 credendum
2782 1696 2889 1756 est,
2917 1693 3068 1744 sicut
3091 1693 3404 1757 Apostolus

1805 1778 2092 1844 deﬁnivit,
2119 1782 2253 1843 quia
2277 1781 2469 1845 quodh
2497 1788 2779 1847 resurget,
2805 1782 2864 1834 in
2892 1782 3106 1837 virtute
3123 1787 3401 1847 resurget,

93 1869 365 1934 tuleram,
384 1871 628 1935 exposui
649 1872 899 1935 primum
924 1874 1185 1925 omnium
1208 1875 1385 1927 ﬁdem
1414 1889 1621 1941 meam,
1646 1882 1704 1929 et
1730 1861 1784 1935 B
1811 1872 1866 1919 et
1887 1868 1945 1919 in
1974 1869 2169 1933 gloria.
2226 1875 2285 1921 et
2332 1870 2763 1935 incorruptibile
2785 1882 2852 1923 ac
2898 1871 3151 1936 spiritale
3174 1885 3404 1935 corpus.

92 1964 451 2022 protestatus
467 1974 615 2024 sum,
634 1974 726 2013 me
748 1963 982 2026 quidem
998 1964 1080 2015 ita
1103 1964 1355 2029 credere,
1384 1966 1534 2019 sicut
1561 1968 1707 2020 ﬁdes

90 2049 379 2101 catholica
396 2053 504 2102 est.
533 2052 587 2101 Si
610 2052 748 2115 quid
776 2058 969 2105 autem
1001 2054 1094 2107 vel
1116 2055 1420 2120 legeretur,
1448 2058 1540 2109 vel
1562 2060 1694 2109 inter

88 2144 417 2203 pretaretur
442 2153 476 2191 a
492 2154 605 2193 me.
626 2142 683 2193 id
707 2155 800 2193 me
828 2144 993 2195 salva
1009 2144 1265 2198 ﬁdeimaa
1292 2146 1474 2199 facere
1494 2141 1712 2197 ratione"

90 2232 154 2281 ln
186 2230 321 2281 istis
348 2244 483 2282 vero
513 2233 619 2298 περὶ
663 2237 852 2299 Α’ρχῶν
890 2232 1107 2285 libellis
1154 2235 1257 2298 [Αἰ.
1300 2236 1503 2301 libris],
1534 2213 1710 2290 etiam

88 2319 227 2370 illud
254 2320 549 2385 admonui,
579 2322 751 2385 quod,
780 2336 912 2374 cum
936 2323 997 2374 in
1012 2323 1153 2388 ipsis
1168 2326 1333 2377 libris
1350 2330 1707 2377 invenirentur

91 2410 365 2472 quaedam
377 2409 447 2461 de
460 2410 660 2462 ﬁdeita
676 2412 952 2464 catholice
969 2415 1198 2479 scripta,
1220 2406 1284 2467 ut
1306 2417 1564 2469 Ecclesia
1578 2433 1707 2477 pra:-

90 2499 265 2563 dicat,
299 2500 567 2563 quendam
587 2505 783 2552 autem
808 2502 899 2553 his
931 2504 1235 2568 contraria,
1259 2518 1396 2556 cum
1415 2507 1485 2557 de
1503 2520 1620 2558 una
1634 2523 1711 2559 ea.

91 2589 346 2652 demque
383 2603 444 2642 re
495 2590 789 2642 dicantur:
832 2592 973 2643 mihi
1005 2593 1198 2645 visum
1232 2595 1305 2645 sit
1329 2595 1468 2647 haec
1498 2597 1600 2659 [Αι.
1631 2598 1704 2661 et]

92 2680 419 2730 secundum
444 2680 598 2731 illam
622 2694 849 2746 semper
873 2684 1133 2747 regulam
1151 2685 1505 2748 proferenda,
1534 2699 1709 2751 quam

88 2768 212 2832 ipse
237 2770 543 2822 catholica)
568 2773 866 2824 sententiae
892 2774 1251 2837 expositione
1289 2776 1621 2840 protulerat,
1652 2781 1709 2829 et

90 2870 156 2910 ea
188 2871 330 2923 quin
352 2872 387 2912 a
417 2860 727 2925 semetipso
742 2863 1141 2915 invenirentur
1156 2877 1288 2916 esse
1308 2866 1606 2927 contraria,
1624 2869 1705 2915 vel

91 2948 316 3002 inserta
339 2951 413 3001 ab
440 2949 566 3002 aliis
586 2952 599 3014 (
623 2951 680 3002 id
718 2952 872 3004 enim
907 2953 1164 3017 epistolae
1187 2966 1311 3007 suae
1349 2956 1709 3018 querimonia

93 3044 507 3105 °cont35tatur)
539 3041 867 3108 abjicerem,
896 3043 987 3097 vel
1012 3050 1181 3109 certe,
1210 3048 1274 3096 ut
1297 3046 1441 3097 nihil
1465 3046 1711 3098 aedifica-

95 3130 266 3181 tionis
284 3130 468 3182 inﬁde
483 3132 759 3185 habentia
784 3133 1129 3197 preterlrem.
1160 3137 1286 3187 Non
1308 3141 1507 3188 autem
1528 3152 1702 3199 super-

94 3222 279 3272 ﬁuum
304 3225 444 3284 puto
468 3221 665 3285 videri,
701 3222 953 3276 inserere
977 3225 1148 3278 etiam
1164 3226 1291 3290 ipsa
1310 3227 1434 3278 loca
1450 3227 1521 3278 de
1551 3229 1704 3280 Prm-
1728 3240 1777 3315 ρ

94 3311 429 3363 fatiunculis
444 3312 610 3373 meis,
637 3317 702 3365 ut
729 3316 871 3365 nihil
889 3320 1236 3368 careatteste
1263 3318 1417 3380 quod
1430 3317 1700 3370 dicimus.

93 3404 238 3453 Sane
260 3414 336 3453 ne
361 3404 421 3453 in
446 3402 686 3466 legendo
715 3417 869 3455 error
894 3407 970 3457 sit
998 3419 1069 3458 ex
1093 3406 1201 3468 his,
1227 3419 1360 3471 qua:
1388 3408 1523 3461 huic
1567 3410 1706 3460 scri-

92 3498 283 3556 pturae
307 3505 465 3544 nunc
485 3494 717 3545 aliunde
743 3495 1071 3559 inserimus,
1099 3498 1396 3562 siquidem
1420 3512 1551 3551 mea
1567 3505 1703 3563 sunt,

95 3583 387 3649 simplices
410 3584 718 3637 adversum
753 3589 939 3651 capita
970 3588 1188 3640 habent
1208 3589 1228 3617 ἀ
1249 3594 1435 3653 notas,
1466 3591 1513 3642 si
1537 3604 1707 3642 accu-

93 3675 303 3727 satoris
327 3676 459 3738 mei,
485 3675 763 3740 duplices.

154 3768 238 3822 13.
294 3768 379 3818 Ex
418 3766 855 3818 Prmfatiuncula
899 3768 970 3820 de
1003 3768 1371 3833 Apologetico
1398 3772 1710 3836 Pamphili,

92 3864 220 3923 post
272 3858 584 3921 aliquanta,
610 3857 690 3908 ita
721 3858 1003 3910 diximus:
1032 3860 1285 3921 Qualiter
1318 3874 1452 3925 ergo
1488 3863 1705 3914 sentiat

92 3950 390 4014 Origenes,
407 3948 750 4000 tenorlibelii
767 3948 939 4013 hujus
952 3950 1191 4003 edoceat
1210 3970 1221 3999 :
1247 3969 1272 3997 (ι
1290 3953 1371 4002 De
1396 3953 1486 4003 his
1504 3958 1701 4004 autem

92 4052 224 4103 quas
270 4038 426 4103 apud
471 4052 603 4091 eum
644 4042 925 4091 contraria
964 4041 1073 4091 sibi
1097 4042 1524 4106 °inveniuntur,
1558 4043 1702 4106 quid

89 4142 317 4183 caussae
342 4130 500 4191 sit,in
530 4130 731 4183 ultimo
763 4132 924 4183 brevi
939 4132 1163 4196 adjecta
1176 4134 1495 4185 assertione
1532 4133 1702 4187 doce-

93 4223 310 4274 bimus.
329 4223 447 4274 Nos
458 4225 651 4274 autem
668 4222 819 4274 sicut
833 4222 1108 4275 traditum
1124 4228 1214 4276 est
1235 4224 1404 4275 nobis
1417 4236 1451 4276 a
1475 4224 1700 4277 sanctis

93 4313 484 4379 Prophetisita
499 4314 763 4365 tenemus
778 4330 793 4363 :
806 4315 960 4377 quod
978 4320 1178 4367 sancta
1194 4315 1441 4367 Trinitas
1457 4322 1701 4364 coaeterna

95 4405 183 4465 sit,
204 4406 264 4455 et
300 4408 366 4455 ut
407 4404 580 4455 unius
610 4404 839 4456 virtutis
875 4409 1047 4467 atque
1074 4405 1522 4462 substantiiewt
1544 4405 1699 4469 quod

95 4494 271 4546 Filius
309 4492 406 4545 Dei
449 4494 511 4546 in
543 4495 861 4547 novissimo
892 4500 1146 4560 tempore
1180 4497 1353 4548 homo
1378 4495 1564 4548 factus
1588 4499 1695 4561 est,

1808 1958 1993 2010 Salvis
2018 1972 2151 2024 ergo
2173 1962 2571 2025 prmrogativis
2596 1960 2776 2012 futuri
2801 1963 3074 2026 corporis,
3103 1963 3196 2014 vel
3218 1965 3408 2024 carnis,

1809 2050 2150 2101 resurrectio
2186 2052 2375 2101 carnis
2408 2050 2689 2101 credenda
2722 2054 2778 2102 et
2806 2052 3047 2116 integrae
3071 2054 3247 2116 atque
3281 2065 3411 2117 per-

1808 2138 1996 2199 fectae,
2022 2143 2158 2191 utet
2181 2145 2388 2191 natura
2404 2140 2594 2192 carnis
2627 2140 2831 2193 eadem
2855 2144 3134 2208 servetur,
3153 2142 3411 2195 etincor-

1808 2230 1959 2292 rupti
1971 2242 2037 2279 ac
2051 2229 2317 2292 spiritalis
2334 2230 2585 2295 corporis
2602 2235 2809 2295 status,
2831 2230 3077 2295 etgloria
3093 2246 3195 2280 non
3219 2233 3406 2283 infrin-

1807 2324 1990 2382 gatur.
2015 2318 2104 2369 Sic
2129 2319 2234 2381 [Αι.
2267 2319 2434 2382 sicut]
2459 2320 2612 2371 enim
2645 2320 2924 2384 scriptum
2955 2324 3075 2372 est:
3111 2321 3254 2380 Quia
3283 2337 3401 2370 cor-

1806 2409 1988 2471 ruptio
2020 2408 2482 2471 incorruptionem
2508 2424 2620 2458 non
2637 2410 2919 2473 possidebit
2946 2410 3013 2474 (1.
3035 2408 3398 2473 0ον.15.50.).

1807 2497 1946 2548 Haec
2003 2502 2159 2561 sunt,
2197 2510 2329 2561 quae
2358 2498 2420 2549 in
2460 2498 2833 2563 Jerosolymis
2873 2499 3206 2551 inEcclesia
3229 2500 3346 2561 Dei,
3372 2511 3408 2551 a

1809 2591 2009 2638 sancto
2032 2588 2332 2640 Sacerdote
2357 2588 2404 2652 ej
2415 2602 2481 2640 us
2492 2591 2714 2641 Joanne
2738 2589 3293 2654 priedicanturmaec
3317 2605 3409 2638 nos

1808 2678 2077 2741 cumipso
2094 2684 2152 2728 et
2167 2677 2413 2729 dicimus
2437 2684 2495 2731 et
2516 2683 2797 2731 tenemus.
2832 2680 2888 2731 Si
2918 2680 3046 2745 quis
3067 2685 3277 2744 prater
3302 2683 3409 2729 haec

1808 2768 1900 2819 vel
1931 2767 2122 2830 credit,
2151 2767 2243 2820 vel
2280 2768 2461 2831 docet,
2489 2768 2636 2822 vela
2658 2771 2825 2822 nobis
2862 2769 3025 2822 aliter
3047 2770 3199 2821 credi
3224 2781 3401 2833 quam

1806 2858 2181 2921 exposuimus
2196 2863 2379 2923 putat,
2406 2859 2713 2912 anathema
2729 2860 2820 2911 sit.
2841 2876 2870 2909 υ
2896 2861 3121 2913 Nostrae
3132 2871 3267 2924 ergo
3285 2861 3403 2908 ﬁdei

1804 2948 2213 3001 documentum
2245 2950 2294 3000 si
2312 2950 2441 3013 quis
2461 2950 2670 3001 habere
2689 2950 2831 3014 vult,
2858 2949 3069 3002 habeat
3086 2963 3159 3001 ex
3176 2950 3269 3001 his
3286 2949 3398 3010 [Αι.

1800 3037 1949 3100 illis].
1984 3038 2041 3089 Si
2083 3038 2219 3101 quid
2262 3044 2460 3091 autem
2490 3039 2754 3104 legimus,
2795 3042 2897 3090 aut
2931 3039 3263 3100 asserimus,
3299 3041 3402 3090 aut

1800 3126 2259 3191 interpretamur,
2274 3127 2621 3192 salvahujus
2645 3127 2778 3180 ﬁdei
2806 3133 3021 3180 Ποδιιιω
3043 3128 3288 3180 facimus
3311 3140 3403 3179 ra-

1802 3218 1970 3278 tione,
1986 3219 2304 3270 secundum
2330 3219 2684 3283 Apostolum,
2708 3219 2907 3269 Omnia
2930 3218 3227 3285 probantes,
3254 3218 3403 3284 quod

1806 3307 2004 3356 bonum
2037 3314 2107 3356 est
2131 3313 2377 3369 tenentes,
2397 3308 2462 3357 ab
2478 3310 2630 3357 omni
2648 3310 2814 3373 Specie
2838 3309 2985 3359 mala
3009 3324 3106 3359 nos
3138 3308 3409 3359 abstinen-

1807 3403 1876 3446 tes
1920 3397 1990 3460 (1.
2025 3399 2195 3447 Thess.
2234 3397 2285 3461 ὃ,
2312 3398 2399 3464 21,
2425 3397 2531 3461 22),
2574 3399 2644 3448 Et
2675 3400 2722 3447 si
2767 3400 3011 3464 quihanc
3056 3398 3299 3462 regulam
3322 3413 3405 3447 se-

1806 3493 2071 3552 quuntur,
2082 3504 2199 3553 pax
2218 3504 2378 3552 super
2398 3489 2533 3550 illos,
2548 3494 2592 3538 et
2606 3489 2941 3553 super‘ls-rael
2962 3489 3211 3551 Dei(Gal.
3225 3487 3401 3553 6,16).

1871 3587 1955 3641 14.
1982 3590 2124 3639 Cum
2141 3589 2315 3652 igitur
2325 3588 2452 3640 haec
2471 3602 2577 3653 ego
2593 3594 2904 3652 antequam
2921 3588 3401 3641 calumniatorum

1806 3678 2039 3741 ialiquis
2057 3680 2485 3743 exsurgeret,de
2502 3692 2630 3731 mea
2645 3680 2755 3730 ﬁde
2771 3679 3044 3744 praefatus
3059 3680 3271 3742 sim,ne
3287 3680 3403 3738 quis

1806 3768 1951 3819 forte
1975 3768 2201 3828 diceret,
2234 3770 2387 3832 quod
2410 3770 2483 3820 ab
2506 3770 2647 3834 ipsis
2673 3769 3025 3831 admonitus,
3053 3767 3145 3820 vel
3168 3772 3403 3819 coactus

1804 3857 1933 3909 haec
1951 3859 2123 3909 modo
2145 3858 2409 3921 dicerem,
2441 3872 2573 3922 quae
2597 3864 2730 3910 ante
2751 3872 2867 3909 non
2892 3870 3217 3909 senseram:
3244 3870 3406 3908 cum-

1806 3959 1918 4011 que
1940 3960 2034 3999 me
2072 3948 2120 3997 si
2151 3949 2289 4011 quid
2322 3948 2418 3999 illa
2447 3948 2859 4013 interpretandi
2889 3947 3207 3998 necessitas
3228 3959 3401 4011 popo-

1807 4037 2031 4097 scisset,
2062 4036 2114 4104 3
2130 4037 2149 4105 |
2165 4035 2217 4106 9
2236 4038 2460 4102 integro
2482 4038 2615 4088 ﬁdei
2635 4050 2780 4089 mea:
2797 4041 2955 4088 statu
2969 4037 3253 4088 facturum
3272 4048 3402 4088 esse

1804 4128 2183 4192 promiserim,
2230 4128 2519 4192 quomodo
2544 4127 2733 4179 adhuc
2743 4128 2901 4180 locus
2915 4126 3401 4179 calumniantibus

1806 4218 1990 4283 datur,
2018 4232 2150 4271 cum
2182 4219 2377 4284 utique
2400 4218 2583 4283 prima
2610 4217 2987 4269 confessionis
3011 4228 3158 4269 mea:
3181 4228 3298 4270 vox
3325 4217 3398 4268 ab

1803 4311 1959 4361 omni
1974 4310 2300 4375 suspicione
2315 4309 2583 4362 contrarii
2602 4307 2887 4372 dogmatis
2904 4312 3097 4359 tutum
3117 4318 3209 4358 me
3227 4305 3401 4358 faciat

1802 4404 1860 4451 et
1882 4402 2212 4452 munitum?
2240 4402 2520 4453 Praeterea
2550 4398 2750 4464 enim,j
2792 4404 2859 4450 ut
2880 4402 2937 4449 et
2960 4397 3227 4461 superius
3247 4408 3398 4459 prae-

1801 4489 1940 4555 dixi,
1962 4490 2191 4543 Domini
2212 4502 2476 4542 sermone
2490 4488 2679 4553 didici,
2700 4488 2835 4550 quia
2852 4499 2924 4538 ex
2937 4486 3059 4537 suis
3076 4485 3395 4549 unusquis-

97 4588 151 4635 et
183 4598 288 4649 pro
339 4585 587 4649 peccatis
623 4587 839 4639 nostris
890 4599 1102 4651 passus
1139 4592 1230 4640 est
1252 4587 1268 4617 ‘
1301 4593 1359 4639 et
1390 4587 1451 4639 in
1474 4599 1541 4639 ea
1574 4588 1700 4652 ipsa
1724 4574 1912 4648 une
1938 4581 2144 4644 verbis,
2171 4585 2228 4631 et
2248 4592 2367 4631 non
2390 4592 2462 4631 ex
2490 4578 2710 4642 alienis,
2736 4576 3273 4641 veljustilicabitur,
3302 4576 3399 4628 vel

99 4688 286 4741 carne,
314 4676 375 4727 in
398 4689 513 4741 qua
535 4690 743 4741 passus
760 4682 866 4740 est,
885 4678 1246 4730 resurrexita
1268 4680 1539 4731 mortuis:
1566 4691 1697 4743 pro-

163 4855 180 4875 ·
214 4848 406 4909 Atque
439 4846 549 4897 hoc
584 4849 779 4899 minus
816 4849 963 4901 bene
1004 4848 1064 4900 in
1106 4849 1498 4913 Guarnerian.,
1549 4849 1699 4899 Prae-

102 4919 231 4967 slitit
250 4919 399 4968 enim
424 4919 727 4983 deprecans,
764 4926 869 4972 etc.

163 4992 275 5042 |’In
318 4991 566 5054 vulgatis
615 4997 800 5052 antea,
843 4992 1029 5042 libello.
1080 4994 1254 5057 Perge
1289 5006 1421 5056 quae
1464 4993 1525 5044 in
1569 4993 1699 5045 Vita

103 5063 275 5114 latius
298 5064 691 5116 edisseruntur
713 5065 838 5117 loco
860 5065 1110 5129 laudato,
1142 5064 1256 5116 huc
1281 5065 1499 5117 referre.

165 5135 388 5187 °Codex
417 5138 807 5202 Guzrruerian.,
852 5143 1193 5201 protestatur.
1241 5139 1379 5191 Haec
1416 5151 1580 5202 porro
1606 5138 1701 5189 illa

106 5212 192 5258 est
206 5208 459 5271 Epistola
470 5210 749 5274 Origenis,
764 5224 894 5273 qum
912 5212 1046 5263 Olim
1065 5217 1267 5275 quarto
1290 5211 1549 5274 ejusdem
1570 5210 1701 5274 Epi-

108 5279 383 5330 stolarum
428 5280 568 5331 libro
608 5284 1011 5346 reperiebatur,
1059 5285 1130 5334 ad
1170 5286 1451 5347 quosdam
1483 5283 1699 5332 amicos

107 5352 543 5414 Alexandrinos,
578 5360 774 5404 contra
805 5368 901 5406 eos
936 5357 1035 5418 qui
1058 5358 1232 5408 libros
1258 5358 1397 5420 ejus,
1430 5355 1617 5405 adhuc
1634 5367 1698 5405 eo

108 5424 354 5485 vivente,
402 5423 879 5477 adulteraverant.
919 5429 1166 5480 Priorem
1204 5430 1328 5492 ejus
1354 5433 1569 5492 partem
1593 5429 1697 5477 La-

111 5493 225 5546 tine
263 5496 497 5560 protulit
526 5498 911 5561 Hieronymus
957 5506 1154 5552 eontra
1186 5501 1461 5551 Ruﬁnum
1499 5499 1595 5549 lib.
1650 5500 1698 5549 Il

110 5579 265 5618 num.
286 5567 371 5621 18.
398 5569 634 5620 alteram
662 5572 895 5623 exhibet
933 5574 1175 5625 Ruﬁnus
1198 5574 1318 5638 ipse
1343 5574 1403 5624 in
1425 5570 1702 5637 Apologia

112 5655 215 5693 sua
236 5655 338 5707 pro
368 5642 624 5705 Origene.
675 5666 679 5671 -

171 5715 192 5743 ⁴
221 5715 284 5765 1d
307 5728 413 5766 nos
457 5717 629 5766 etiam
653 5716 726 5767 ad
744 5717 934 5768 Ruﬁni
957 5721 1205 5769 mentem
1226 5716 1619 5782 praestitimus,
1644 5721 1701 5767 et

111 5785 235 5850 ejus
257 5787 491 5851 quidem
511 5787 829 5854 fragmenta
848 5790 1221 5856 designamus
1246 5790 1414 5841 unica
1450 5788 1523 5841 ad
1543 5800 1700 5845 mar-

112 5857 301 5923 ginem
335 5858 575 5926 virgula,
608 5861 944 5928 Hieronymi
969 5868 1166 5916 autem
1188 5860 1418 5927 duplici.

1798 4670 2292 4723 condemnabitur.
2323 4668 2431 4721 Sed
2463 4671 2519 4720 et
2540 4671 2561 4702 ι
2584 4672 2647 4719 in
2676 4679 2744 4719 ea
2778 4665 3155 4719 nihilominus
3188 4665 3398 4719 Prmfa-
3464 4706 3481 4719 .

1859 4851 1877 4873 °
1911 4842 2303 4903 Guarnerian.,
2338 4839 2619 4889 contraria
2637 4838 2737 4888 sibi
2756 4838 2997 4890 veniunt.

1860 4914 1875 4943 '
1900 4914 2122 4966 Codicis
2146 4913 2408 4973 ejusdem
2441 4912 2681 4976 scriptor
2725 4913 3032 4963 verborum
3057 4909 3392 4963 eorumdem

1797 5000 2035 5039 recursu
2068 4987 2340 5050 deceptus
2383 4986 2531 5035 hanc
2575 4984 2897 5049 pericopam
2929 4983 3140 5047 omisit,
3176 4990 3220 5032 et
3246 4984 3305 5033 in
3328 4998 3391 5033 ea

1798 5062 1919 5124 ipsa
1941 5074 2118 5119 carne,
2143 5060 2205 5107 in
2233 5074 2344 5123 qua
2361 5072 2554 5122 passus
2582 5062 2671 5109 est.

1863 5142 1880 5169 κ
1902 5134 1968 5182 In
1988 5132 2189 5182 eodem
2212 5143 2345 5193 ms.,
2373 5130 2657 5180 credimus.

1861 5204 1882 5233 ⁵
1904 5206 2076 5265 Idem,
2099 5208 2344 5265 resurgat
2366 5203 2427 5250 in
2452 5202 2662 5260 virtute,
2687 5204 2933 5263 resurgat
2972 5199 3033 5246 in
3058 5197 3253 5261 gloria,
3278 5202 3387 5250 etc.

1863 5279 2098 5327 ‘Denuo
2122 5288 2248 5333 1118.,
2295 5273 2661 5322 calumniator
2693 5273 2926 5336 aliquis;
2956 5277 3014 5323 et
3046 5271 3215 5334 paulo
3240 5276 3393 5336 post,

1798 5356 2005 5400 coactus
2031 5351 2125 5396 hoc
2150 5347 2305 5394 modo
2348 5347 2592 5408 dicerem,
2638 5346 2780 5408 quod
2814 5351 2938 5393 ante
2960 5361 2977 5405 ,'
3002 5349 3125 5396 tum
3146 5343 3288 5392 illud
3312 5344 3393 5393 in-

1800 5421 2127 5487 terpretandi
2146 5432 2243 5483 pro
2260 5418 2372 5477 illa,
2399 5422 2506 5467 etc.

1859 5498 2071 5547 JTacet
2114 5496 2384 5543 Guarner.
2411 5503 2518 5540 ms.
2563 5494 2621 5536 ut
2666 5487 2948 5549 voculam,
2996 5490 3118 5538 tum
3147 5487 3389 5540 verbum

1800 5568 1986 5630 didici,
2008 5568 2255 5628 denique
2278 5561 2741 5627 praepositionem
2764 5574 2831 5608 ea:
2861 5561 3116 5610 alteram.

1860 5643 1883 5675 ι
1910 5642 2088 5691 Vetus
2118 5638 2273 5696 δαίμ,
2308 5636 2369 5683 in
2404 5649 2523 5682 mea
2560 5632 2939 5691 nihilominus,
2972 5635 3103 5693 etc.,
3141 5635 3199 5681 et
3220 5630 3390 5695 paulo

1798 5718 1931 5777 post,
1954 5728 2070 5777 quae
2112 5713 2183 5761 ad
2204 5724 2316 5759 rem
2362 5723 2510 5757 nunc
2546 5707 2833 5772 pertinent,
2871 5709 2979 5757 etc.
3017 5705 3385 5758 Guarnerian.

1797 5796 1931 5849 ms.,
1955 5785 2044 5836 sed
2066 5790 2125 5835 ut
2148 5785 2211 5835 in
2232 5799 2312 5846 ea,
2340 5786 2478 5846 etc.;
2506 5784 2562 5834 et
2580 5779 2838 5844 inferius,
2860 5792 2928 5829 ea:
2950 5778 3081 5844 ipsis
3095 5779 3387 5844 sententiis,
