3900 6390
543 422 644 478 551

1559 417 1803 469 RUFINI
1847 415 2340 479 AQUILEIENSIS
2372 415 2815 469 PRESBYTER]

3740 416 3833 471 552

544 535 819 595 tiuncula,
852 546 1024 597 quam
1071 533 1130 583 in
1151 531 1291 596 ipsis
1314 532 1424 596 περὶ
1453 533 1640 596 Λ⁹ρχῶν
1671 527 1829 579 libris
1852 529 2139 593 praemisi-
2166 541 2220 605 Α
2246 528 2319 580 ad
2343 528 2734 593 pietatemiste
2756 531 3124 580 converteret.
3148 546 3174 571 ››
3194 527 3375 579 Etiam
3397 527 3488 580 hic
3511 527 3837 593 diligentius

545 637 698 687 mus,
718 623 964 686 qualiter
982 618 1462 684 interpretationis
1476 619 1690 669 nostra:
1702 617 1875 669 ﬁdem
1887 620 2153 666 observan.

547 712 682 765 dam
702 711 1034 773 dixerimus,
1062 721 1132 759 ex
1158 709 1301 772 ipsis
1326 720 1490 771 teque
1516 706 1875 757 sermonibus
1892 719 2151 771 compro-

546 802 735 852 betur.
762 802 1012 862 Equum
1048 809 1302 859 namque
1326 800 1431 857 est,
1459 796 1630 847 etiam
1653 808 1727 847 ex
1751 796 1893 859 ipsa,
1919 808 2052 858 qum
2076 795 2148 845 ad

544 902 665 941 rem
711 888 1010 953 pertinent,
1066 886 1260 937 inseri.
1311 886 1455 937 Nam
1500 897 1631 935 cum
1678 884 1913 935 honoris
1969 884 2149 946 gratia

541 976 897 1028 mentionem
922 974 1263 1026 fecissemus
1278 973 1453 1036 hujus
1471 972 1593 1035 viri,
1616 972 1713 1035 qui
1730 973 1854 1024 hmc
1869 986 2023 1023 nunc
2044 971 2147 1023 ad-

540 1064 701 1117 ducit
724 1064 799 1116 ad
843 1064 1084 1125 crimen,
1128 1075 1231 1127 pro
1277 1075 1344 1113 eo
1370 1061 1521 1125 quod
1562 1064 1696 1113 ante
1720 1074 1826 1112 nos
1848 1064 1971 1126 ipse
1994 1061 2147 1125 prior

537 1154 805 1218 Origenis
831 1151 1256 1217 quamplurima
1277 1151 1485 1202 fuisset
1506 1151 1931 1215 interpretatus,
1947 1154 2004 1202 et
2018 1151 2064 1214 ej
2074 1163 2144 1201 us

543 1241 632 1295 vel
655 1241 1052 1306 eloquentiam
1067 1241 1127 1291 in
1152 1240 1510 1305 explicando,
1530 1239 1620 1291 vel
1639 1240 1696 1291 in
1717 1239 2144 1303 interpretando

533 1332 894 1397 diligentiam
919 1330 1339 1394 laudassemus,
1368 1341 1613 1393 eumque
1643 1329 1811 1380 nobis
1831 1333 2143 1390 sequendum

532 1422 596 1473 in
621 1433 789 1485 opere
810 1419 981 1471 simili
999 1419 1396 1482 diceremus,p
1420 1422 1513 1470 ost
1527 1418 1818 1481 aliquanta
1841 1421 2010 1469 etiam
2034 1416 2145 1469 hoc

550 1510 658 1576 [Αι.
680 1508 826 1574 haec]
854 1512 918 1561 ad
920 1508 1165 1572 jecimus
1192 1523 1205 1559 :
1230 1524 1260 1557 e
1283 1509 1452 1559 Hunc
1474 1520 1610 1571 ergo
1626 1508 1831 1559 etiam'
1863 1520 1986 1571 nos,
2011 1506 2145 1558 licet

537 1612 659 1651 non
681 1598 1027 1662 eloquentiae
1060 1598 1296 1659 viribus,
1321 1596 1639 1661 disciplinas
1678 1601 1873 1648 tamen
1906 1598 2137 1660 regulis,

540 1689 883 1752 inquantum
906 1699 1241 1752 possumus,
1269 1686 1565 1749 sequimur
1586 1687 1989 1738 :observantes
2012 1686 2141 1749 hoc,

547 1790 620 1828 ne
644 1789 730 1841 ea,
756 1788 886 1840 qua
913 1776 970 1826 in
995 1776 1156 1827 libris
1179 1776 1441 1839 Origenis
1474 1787 1509 1825 a
1536 1774 1779 1838 septimo
1815 1775 2144 1838 discrepan-

2249 616 2484 681 inspice,
2507 622 2574 668 ut
2596 617 2655 680 [Α
2666 616 2699 667 ι.
2725 616 2799 680 et]
2828 629 2945 667 non
2970 622 3025 667 te
3048 621 3364 681 praetereat,
3390 617 3541 680 quod
3565 619 3838 668 Creatoris

2250 706 2483 768 quidem
2499 706 2670 757 fidem
2684 706 2958 769 diximus,
2984 711 3371 758 creaturarum
3390 719 3524 758 vero
3536 707 3835 759 rationem:

2250 796 2497 845 seientes
2523 796 2675 859 quod
2714 808 2781 846 ea
2815 807 2947 859 quas
2972 795 3041 846 de
3067 795 3085 828 ί
3113 797 3228 846 Deo
3252 795 3535 859 dicuntur,
3562 796 3640 847 ad
3674 796 3838 848 ﬁdem

2247 885 2561 947 pertinent:
2590 898 2721 948 quae
2735 898 2869 937 vero
2890 885 2960 936 de
2985 886 3257 936 creaturis
3278 884 3664 949 disputamus,
3681 886 3753 938 ad
3771 899 3840 938 ra-

2246 973 2479 1025 tionem.
2499 974 2606 1024 Sed
2637 974 2789 1036 quod
2822 976 3084 1037 sequitur
3115 973 3305 1024 adhuc
3330 974 3646 1025 addamus:
3677 989 3707 1022 α
3730 976 3835 1025 Sic-

2244 1062 2343 1113 ubi
2360 1075 2493 1126 ergo
2530 1076 2636 1113 nos
2659 1063 2719 1113 in
2740 1062 2902 1114 libris
2925 1064 3050 1127 ejus
3072 1063 3286 1126 aliquid
3317 1064 3586 1115 contrarii
3619 1064 3838 1115 inveni-

2242 1163 2394 1214 mus,
2409 1152 2563 1215 quod
2577 1153 2648 1203 ab
2661 1152 2784 1216 ipso
2816 1152 2874 1202 in
2898 1154 3119 1204 caeteris
3153 1152 3292 1203 locis
3324 1153 3410 1217 pie
3446 1153 3547 1216 [AL
3574 1154 3829 1220 fideliter]

2244 1239 2315 1292 de
2345 1240 2618 1292 Trinitate
2630 1241 2813 1292 fuerat
2828 1241 3148 1306 definitum,
3168 1240 3720 1293 velutadulteratum
3735 1242 3834 1294 hoc

2243 1334 2299 1381 et
2320 1329 2422 1392 [AL
2456 1330 2563 1393 est]
2577 1330 2847 1393 alienum,
2864 1334 2965 1381 aut
2990 1330 3478 1395 praetermisimus,
3509 1337 3610 1382 aut
3636 1345 3835 1384 secun-

2242 1418 2273 1467 d
2284 1430 2381 1468 um
2399 1430 2526 1469 eam
2544 1418 2798 1482 regulam
2810 1418 3171 1483 protulimus,
3186 1430 3359 1482 quam
3371 1420 3443 1470 ab
3456 1422 3564 1480 ipso
3584 1419 3836 1483 frequen-

2244 1509 2332 1558 ter
2354 1507 2686 1559 invenimus
2710 1508 3067 1559 amrmatam.
3093 1508 3364 1571 Nunquid
3398 1513 3454 1559 et
3486 1508 3577 1559 hic
3611 1510 3833 1561 incaute

2241 1596 2455 1660 aliquid
2468 1597 2722 1648 diximus
2732 1600 2754 1644 ?
2767 1617 2793 1639 »
2807 1597 3079 1660 Nunquid
3095 1596 3231 1657 dixi,
3246 1597 3380 1660 quia
3390 1597 3716 1648 secundum
3727 1600 3831 1646 ﬁdei

2241 1692 2458 1740 nostra;
2470 1687 2725 1749 relugam
2736 1686 3120 1750 protuli,quod
3144 1690 3266 1737 erat
3289 1688 3619 1751 utiquejam
3643 1691 3830 1749 penitus

2254 1776 2491 1827 modum
2512 1776 3203 1839 interpretis,etexGraeco
3213 1775 3274 1826 in
3286 1776 3552 1826 Latinum
3566 1775 3830 1827 vertentis

545 1866 620 1917 tia
672 1864 1051 1918 inveniuntur
1111 1869 1285 1927 atque
1340 1863 1638 1925 contraria,
1687 1865 2059 1926 proferamus.
2105 1877 2134 1911 »
2163 1853 2555 1924 Bexcedere?
2573 1865 2680 1917 Sed
2697 1864 3454 1929 secundumeamIAt.hanc]
3478 1868 3701 1925 regulam
3726 1881 3829 1926 pro-

543 1954 849 2013 Memento,
881 1954 979 2017 qui
1001 1952 1165 2017 legis,
1187 1965 1261 2004 ne
1283 1952 1375 2003 hic
1400 1957 1455 2003 te
1481 1953 1733 2004 breviter
1754 1952 1942 2003 dictus
1956 1964 2143 2003 sermo

541 2047 864 2109 praetereat,
891 2055 1059 2107 quem
1087 2042 1224 2104 dixi,
1244 2042 1376 2106 quia
1398 2053 1515 2093 non
1539 2042 1820 2105 proferam
1843 2054 1910 2093 ea
1931 2054 2063 2104 quae
2082 2043 2138 2092 in

530 2132 693 2185 libris
720 2133 978 2197 Origenis
991 2145 1025 2184 a
1047 2132 1355 2195 semetipso
1372 2132 1753 2195 discrepantia
1768 2131 2143 2183 inveniuntur

526 2225 702 2287 atque
725 2222 1020 2274 contraria.
1060 2225 1187 2273 Non
1227 2220 1384 2272 enim
1416 2220 1751 2284 generaliter
1791 2222 2025 2284 promisi
2044 2232 2138 2271 me

528 2324 644 2363 non
664 2310 1034 2375 prolaturum,
1057 2322 1188 2373 quas
1205 2312 1401 2361 essent
1415 2309 1547 2360 fidei
1560 2310 1859 2370 contraria,
1881 2310 1982 2359 sed
2006 2320 2138 2371 qum

528 2400 669 2463 hipsi
689 2400 798 2451 sibi
829 2403 1026 2451 essent
1041 2400 1342 2463 contraria,
1361 2397 1452 2451 vel
1468 2410 1599 2462 qum
1615 2410 1651 2450 a
1686 2399 1997 2461 semetipso
2020 2398 2139 2448 dis-

537 2491 793 2552 crepant,
813 2501 933 2541 non
956 2500 1089 2551 quae
1113 2501 1147 2539 a
1165 2499 1276 2552 me,
1304 2488 1395 2540 vel
1417 2488 1489 2539 ab
1520 2486 1629 2538 alio
1651 2487 1842 2550 aliquo
1860 2487 2139 2550 discrepa-

522 2581 670 2629 rent.
715 2578 840 2627 Non
887 2589 1024 2641 ergo
1059 2578 1169 2629 hoc
1218 2577 1322 2640 [AL
1345 2577 1435 2639 ex]
1465 2589 1727 2628 sermone
1752 2575 2135 2639 subripientes

525 2664 740 2716 inimici
759 2665 1089 2717 calumnias
1102 2670 1396 2730 generent,
1416 2670 1481 2717 ut
1496 2665 1692 2716 dicant
1710 2678 1803 2717 me
1826 2666 2135 2727 promisisse,

529 2754 696 2818 °quia
732 2754 782 2805 si
820 2755 960 2817 quid
1008 2756 1359 2806 contrarium
1404 2758 1510 2817 est,
1538 2756 1630 2805 vel
1659 2754 1945 2818 discrepat
1966 2764 2001 2803 a
2023 2753 2136 2804 llde

527 2848 741 2907 nostra,
766 2843 1072 2907 proferam.
1105 2845 1227 2895 Hoc
1266 2843 1439 2895 etiam
1472 2843 1521 2893 si
1541 2850 1721 2895 lacere
1736 2842 1913 2907 potui,
1943 2848 2137 2894 tamen

526 2936 848 2998 promittere
861 2945 975 2984 non
987 2933 1279 2985 auderem.
1307 2931 1360 2999 3
1376 2932 1425 2999 2
1437 2930 1486 2999 ο
1518 2934 1588 2983 Et
1603 2933 1651 2982 si
1667 2932 1900 2996 quidem
1920 2932 2135 2983 factum

524 3022 707 3074 hocin
728 3035 895 3087 opere
908 3035 1036 3074 meo
1064 3022 1349 3081 invenies,
1373 3022 1642 3086 amplecti
1658 3022 1889 3085 poteris.
1926 3024 1982 3073 Si
2000 3035 2133 3074 vero

520 3113 579 3163 in
591 3113 782 3175 aliquo
801 3112 903 3163 tibi
918 3106 1441 3177 minus'impletum
1460 3111 1685 3164 videtur
1706 3111 1809 3172 [AL
1832 3110 2100 3175 videbitur]
2118 3160 2135 3187 ,

2246 1955 2447 2008 tulisse
2459 1969 2551 2007 me
2567 1956 2704 2019 dixi,
2719 1968 2891 2019 quam
2908 1955 2981 2006 ab
2998 1956 3121 2018 ipso
3141 1952 3525 2021 frequenter3
3536 1954 3587 2021 2
3605 1953 3625 2021 |
3640 1958 3823 2003 inveni-

2241 2059 2373 2097 mus
2408 2046 2769 2097 aillrmatam.
2798 2046 2941 2096 Item
2981 2044 3074 2096 his
3097 2044 3424 2095 addidimus
3447 2043 3549 2107 [Αι.
3576 2044 3719 2095 illud
3746 2042 3828 2094 ad-

2241 2134 2470 2199 damus]
2500 2150 2515 2183 :
2548 2156 2573 2179 «
2589 2135 2645 2187 Si
2670 2147 2784 2198 qua
2811 2147 2951 2185 sane
2984 2134 3144 2186 velut
3166 2134 3360 2200 peritis
3374 2135 3495 2197 jam
3529 2139 3590 2185 et
3614 2134 3830 2184 scienti-

2240 2226 2351 2276 bus
2373 2224 2634 2287 loquens,
2662 2224 2798 2275 dum
2823 2224 3072 2276 breviter
3095 2224 3336 2275 transire
3373 2228 3513 2287 vult,
3538 2224 3828 2275 obscurius

2240 2314 2479 2378 protulit
2503 2328 2515 2364 :
2552 2326 2659 2364 nos
2685 2317 2750 2364 ut
2775 2313 3130 2364 manifestior
3153 2313 3314 2363 ileret
3334 2312 3512 2375 locus,
3538 2317 3596 2364 et
3619 2325 3688 2363 ea
3711 2324 3827 2375 quae

2240 2405 2310 2455 de
2346 2404 2469 2468 ipsa
2497 2416 2558 2455 re
2584 2404 2645 2454 in
2668 2403 2793 2454 aliis
2805 2402 2964 2453 libris
2984 2402 3236 2467 apertius
3265 2403 3610 2467 legeremus,
3634 2402 3828 2466 adjeci-

2237 2506 2386 2556 mus,
2405 2491 2800 2556 explanationi
2836 2492 3154 2543 studentes.
3185 2491 3333 2543 Nihil
3363 2495 3556 2542 tamen
3578 2497 3829 2542 nostrum

2234 2581 2508 2646 diximus,
2549 2582 2653 2633 sed
2679 2581 2809 2633 licet
2851 2581 2913 2633 in
2958 2580 3083 2633 aliis
3114 2581 3254 2633 locis
3290 2580 3461 2645 dicta,
3488 2590 3629 2632 sua!
3654 2584 3828 2633 tamen

2236 2671 2347 2721 sibi
2368 2671 2743 2723 reddidimus.
2767 2688 2796 2719 ››

2298 2760 2384 2814 16.
2414 2762 2557 2812 Puto
2600 2760 2756 2824 quod
2779 2761 2953 2812 etiam
2982 2760 3137 2825 apud
3168 2759 3573 2823 iniquissimos
3621 2760 3830 2825 judices

2195 2839 2213 2865 ⁸
2233 2850 2493 2901 suillcere
2540 2850 2681 2901 mihi
2729 2855 2926 2914 posset
2950 2850 3071 2901 sola
3106 2852 3220 2902 ista
3250 2851 3548 2914 confessio,
3574 2862 3700 2914 qua
3727 2850 3819 2913 [AL

2234 2940 2428 3004 quam]
2444 2940 2582 3004 dixi,
2600 2940 2742 2991 nihil
2766 2944 3029 2992 nostrum
3048 2939 3320 3004 diximus,
3349 2940 3448 2992 sed
3471 2940 3608 2992 licet
3630 2941 3690 2991 in
3721 2942 3824 2987 aliis

2210 3028 2373 3081 ‘locis
2390 3030 2560 3095 dicta,
2575 3043 2681 3081 sua
2700 3035 2889 3081 tamen
2917 3030 3026 3081 sibi
3049 3029 3421 3081 reddidimus.
3444 3030 3718 3094 Nunquid
3738 3040 3820 3081 me

2234 3119 2296 3170 in
2323 3120 2514 3183 aliquo
2525 3119 2839 3171 obnoxium
2856 3119 2962 3171 feci
2981 3118 3276 3183 ?nunquid
3292 3120 3527 3184 promisi
3545 3132 3640 3171 me
3660 3133 3817 3168 meum

521 3202 751 3266 culpare
798 3213 915 3252 non
963 3200 1189 3265 poteris.
1243 3201 1378 3265 quia
1417 3201 1784 3264 professionis
1815 3212 1964 3253 mea:
2013 3200 2122 3253 tale
2150 3225 2198 3300 ρ
2226 3210 2440 3275 aliquid
2486 3211 2816 3262 dicturum?
2848 3210 2956 3262 Ubi
3000 3214 3090 3261 est
3130 3208 3286 3273 quod
3334 3212 3630 3273 accusant,
3668 3206 3812 3272 quod

519 3293 819 3344 vinculum
840 3302 959 3341 non
983 3295 1162 3341 tenes.

584 3379 669 3435 15.
697 3378 809 3431 Sed
844 3381 1270 3441 conjungamus
1316 3381 1488 3430 etiam
1522 3384 1749 3431 cmtera.
1780 3399 1808 3424 «ι
1833 3380 2007 3443 Cujus
2031 3379 2120 3430 di—

522 3469 835 3533 versitatis,
849 3468 1109 3531 inquam,
1126 3481 1369 3520 caussas
1406 3469 1630 3533 plenius
1650 3469 1751 3519 tibi
1765 3468 1826 3519 in
1850 3472 2121 3533 Apologe—

522 3559 652 3621 tico,
678 3570 854 3621 quem
902 3558 1236 3621 Pamphilus
1274 3570 1376 3622 pro
1422 3558 1581 3609 libris
1624 3559 1806 3622 ipsius
1858 3559 2117 3621 Urigenis

522 3648 773 3711 scripsit,
797 3647 1101 3708 edidimus,
1128 3648 1469 3699 brevissimo
1493 3647 1679 3699 libello
1708 3648 2115 3711 superadidito,

518 3740 579 3789 in
603 3750 716 3801 quo
746 3737 1130 3801 evidentibus,
1178 3744 1244 3789 ut
1273 3738 1532 3797 arbitror,
1558 3739 1965 3802 probamentis,
1993 3751 2118 3789 cor-

515 3833 718 3892 ruptos
742 3840 867 3879 esse
894 3827 955 3878 in
982 3827 1420 3891 quamplurimis
1453 3828 1524 3878 ab
1557 3827 1843 3879 haereticis
1868 3833 1925 3879 et
1944 3830 2116 3879 male-

517 3918 663 3971 votis
687 3917 863 3969 libros
886 3917 934 3981 ej
946 3930 1032 3979 us,
1050 3917 1427 3981 ostendimus,
1446 3921 1501 3969 et
1511 3918 1722 3982 prmcip
1730 3930 1796 3969 ue
1810 3917 1953 3969 istos
1965 3930 2113 3981 quos

511 4021 667 4060 nunc
714 4007 736 4037 "
769 4008 975 4073 exigis,
1016 4013 1083 4060 ut
1126 4009 1483 4073 interpreter,
1512 4009 1571 4060 id
1616 4015 1727 4073 est,
1757 4011 1866 4075 περὶ
1899 4014 2109 4075 Α’ρχῶν,

513 4098 667 4161 quod
716 4100 808 4150 vel
836 4097 899 4147 de
947 4097 1266 4161 Principiis,
1320 4101 1411 4151 vel
1452 4098 1514 4148 de
1556 4097 1963 4161 Prmeipatibus
2001 4099 2111 4150 dici

511 4190 723 4251 potest,
742 4186 841 4250 qui
870 4191 1009 4237 sunt
1031 4199 1227 4238 revera
1248 4200 1267 4221 ο
1295 4192 1353 4239 et
1387 4188 1784 4239 obscurissimi
1807 4193 1865 4239 et
1887 4188 2109 4240 dililcil-

508 4275 650 4327 limi.
672 4277 757 4327 iie
780 4277 952 4327 rebus
975 4276 1130 4327 enim
1155 4275 1367 4328 talibus
1392 4276 1472 4327 ibi
1503 4277 1778 4341 disputat,
1803 4278 1863 4329 in
1893 4279 2108 4341 quibus

508 4364 835 4431 Philosophi
859 4366 1018 4417 omni
1038 4378 1146 4417 sua
1176 4371 1343 4418 atate
1361 4372 1683 4431 consumta,
1715 4368 1860 4418 nihil
1883 4372 2107 4417 invenire

510 4460 836 4520 potuerunt.
855 4456 962 4507 Hic
979 4469 1115 4510 vero
1145 4463 1340 4509 noster
1364 4462 1648 4520 quantum
1683 4462 1871 4522 potuit
1889 4460 1948 4510 id
1970 4460 2104 4523 egit,

462 4586 473 4591 -
508 4550 573 4597 ut
594 4546 873 4598 Creatoris
905 4546 1099 4611 fidem,
1139 4552 1198 4599 et
1234 4554 1625 4599 creaturarum
1665 4548 1949 4601 rationem
1992 4549 2098 4615 [Αι.

428 4675 437 4684 .
508 4638 829 4685 creatarum
843 4636 1080 4700 rerum],
1097 4649 1272 4700 quam
1287 4636 1369 4688 illi
1382 4637 1455 4689 ad
1475 4637 1826 4702 impietatem
1841 4645 2103 4704 traxerant,

504 4808 664 4883 atque
703 4803 1076 4883 sermonibus;
1110 4806 1359 4872 denique
1401 4822 1559 4875 mox,
1585 4825 1702 4875 quae
1733 4811 1808 4861 ad
1849 4826 1959 4861 rem
1990 4828 2099 4863 non

498 4880 792 4941 pertinent,
817 4880 925 4928 etc.

569 4957 587 4976 ³
604 4949 898 5000 Interserit
920 4949 1191 5002 Guarner.
1216 4952 1573 5014 ms.,animo.
1600 4954 1769 5006 Porro
1788 4955 1928 5007 alias
1965 4956 2101 5009 editi

505 5020 733 5084 habent,
759 5027 817 5069 ut
847 5036 911 5070 ea
933 5036 1048 5085 qua:
1072 5022 1132 5071 in
1158 5023 1403 5087 Origenis
1440 5024 1588 5075 libris
1622 5042 1655 5075 a
1688 5042 1739 5075 se
1767 5029 1881 5092 ipso
1906 5029 2103 5080 discre-

500 5094 699 5157 pantia
720 5094 1106 5154 inveniuntur,
1130 5097 1509 5159 proferantur.

565 5166 586 5194 ¹³
609 5167 794 5217 Editio
834 5170 1088 5231 antiqua,
1126 5184 1243 5231 quae
1282 5168 1406 5216 libri
1440 5170 1543 5233 ipsi
1571 5169 1672 5219 sibi
1706 5172 1939 5221 dicerent
1972 5189 2101 5223 con-

501 5240 696 5287 traria.
717 5238 849 5289 Cod.
869 5240 1259 5303 Cuarnerian.,
1284 5256 1400 5304 quae
1418 5244 1520 5290 sibi
1544 5243 1665 5307 ipsi,
1692 5249 1749 5294 et
1773 5260 1807 5292 a
1829 5248 2103 5309 semetipso

500 5311 881 5383 discreparent,
916 5312 1149 5375 reliquis
1183 5320 1257 5364 ad
1292 5315 1550 5378 ejusdem
1595 5318 1750 5367 verbi
1781 5330 2100 5383 recursum,

496 5382 709 5433 librarii
733 5384 1046 5448 oscitantia,
1084 5388 1513 5449 praetermissrs.

561 5465 579 5484 °
604 5460 973 5508 Cuarnerian.
1014 5460 1339 5525 promisisse,
1386 5460 1463 5509 vet
1502 5461 1587 5522 si;
1634 5468 1691 5513 et
1733 5463 1900 5527 paulo
1950 5469 2098 5528 post,

501 5542 625 5576 cum
647 5531 975 5593 promittere,
1007 5544 1109 5596 pro
1143 5538 1339 5595 tamen,
1367 5540 1475 5586 etc.
1509 5550 1523 5598 ;
1571 5535 1817 5599 denique
1843 5539 2101 5602 inferius,

503 5606 594 5654 tibi
610 5619 812 5654 munus
834 5609 1132 5673 impletum,
1159 5615 1321 5665 male.
1347 5611 1649 5676 Ejusmodi
1673 5612 1782 5663 alia
1797 5613 2104 5665 manifesta

504 5683 717 5734 librarii
740 5685 950 5738 menda
971 5688 1347 5752 imposterum
1371 5689 1882 5746 dissimulabimus.

569 5756 590 5785 "
615 5768 982 5821 Martianqu
1006 5781 1139 5821 cum
1158 5769 1542 5823 Guarneriano
1566 5783 1674 5824 ms.
1706 5771 1958 5837 plurium
1993 5786 2104 5828 nu-

2224 3304 2659 3365 calumniantur,
2684 3300 2839 3363 quod
2885 3299 3227 3362 confingunt
3275 3310 3368 3350 me
3410 3297 3648 3361 dixisse,
3688 3298 3814 3360 quia

2222 3394 2374 3446 mala
2399 3392 2517 3456 tuli,
2546 3397 2605 3444 et
2644 3393 2797 3442 bona
2827 3391 2960 3454 dixi,
3007 3393 3065 3439 et
3115 3399 3479 3451 quaacunque
3507 3388 3661 3438 bona
3685 3391 3811 3438 sunt

2224 3481 2531 3535 transtuli?
2562 3482 2917 3533 Erubeseant
2938 3480 3256 3541 aliquando,
3292 3483 3350 3529 et
3382 3476 3653 3528 desinant
3682 3475 3811 3527 falsa

2221 3572 2489 3638 proferre,
2517 3576 2574 3623 et
2601 3570 2809 3622 diaboli
2838 3569 2942 3633 [At,
2967 3566 3329 3631 diabolicum]
3360 3568 3419 3618 in
3443 3580 3502 3618 se
3519 3579 3686 3631 opus,
3709 3565 3808 3616 fra-

2221 3668 2336 3714 tres
2390 3661 2762 3724 criminando,
2819 3660 3124 3723 suscipere.
3184 3659 3437 3709 Audiant
3494 3657 3635 3719 quia
3676 3653 3809 3707 nihil

2204 3756 2481 3804 unostrum
2523 3750 2795 3814 diximus,
2838 3752 2897 3801 et
2938 3751 3146 3800 iterum
3186 3759 3254 3799 ac
3298 3746 3511 3811 sacpius
3557 3745 3804 3805 audiant,

2218 3843 2352 3907 quia
2376 3840 2518 3893 nihil
2539 3846 2804 3892 nostrum
2837 3839 3111 3902 diximus,
3141 3837 3242 3889 sed
3277 3837 3410 3888 licet
3430 3836 3489 3887 in
3511 3835 3641 3887 aliis
3672 3833 3802 3886 locis

2217 3933 2387 3997 dicta,
2414 3944 2517 3982 sua
2542 3936 2736 3982 tamen
2762 3930 2870 3981 sibi
2894 3927 3266 3979 reddidimus.
3285 3928 3354 3977 Et
3375 3938 3564 3977 nenos
3591 3926 3801 3987 absque

2216 4020 2478 4074 hDomini
2505 4020 2893 4073 misericordia
2917 4020 3050 4071 huic
3074 4019 3230 4082 Operi
3253 4029 3460 4068 manus
3473 4016 3801 4067 existiment

2215 4111 2631 4175 commodasse,
2651 4110 2885 4163 Videant
2906 4122 3012 4161 nos
3022 4109 3147 4160 haec
3170 4108 3295 4172 ipsa
3312 4112 3443 4158 ante
3461 4106 3795 4170 predixisse,

2213 4213 2346 4263 quas
2370 4201 2609 4253 faciunt.
2638 4203 2773 4252 Post
2795 4201 2904 4251 hoc
2933 4200 3087 4251 enim
3115 4198 3444 4250 addidimus
3462 4198 3636 4248 etiam
3659 4195 3791 4245 ista:

2212 4305 2239 4337 α
2254 4292 2390 4342 Haec
2405 4296 2598 4342 autem
2608 4291 2814 4341 idcirco
2827 4292 2887 4341 in
2907 4290 3243 4342 Prmfatione
3256 4288 3672 4351 commonui,ne
3683 4287 3795 4332 forte

2211 4381 2684 4433 calumniatores‘
2709 4385 2919 4432 iterum
2940 4394 2999 4431 se
3042 4378 3381 4431 criminandi
3423 4382 3630 4442 putent
3652 4375 3793 4427 inve-

2213 4474 2366 4524 nisse
2388 4472 2705 4525 materiam.
2727 4486 2758 4521 »
2788 4473 2948 4534 Quod
2978 4471 3118 4536 dixi,
3158 4471 3372 4533 iterum,
3418 4467 3513 4519 illa
3541 4467 3646 4532 [AL
3671 4463 3789 4526 alia]

2212 4569 2302 4616 est
2328 4576 2551 4627 caussa,
2574 4563 2707 4626 quia
2733 4563 2852 4626 jam
2884 4562 3064 4613 sancti
3111 4561 3368 4624 Epismpi
3397 4557 3634 4610 Joannis
3674 4554 3794 4618 Epi-

2204 4654 2411 4707 stolam
2426 4655 2496 4707 de
2515 4654 2627 4706 fide
2644 4653 2718 4706 ad
2737 4656 3001 4705 sanctum
3015 4650 3390 4716 Theophilum
3404 4650 3676 4713 scriptam
3697 4647 3791 4694 cri-

2200 4839 2377 4892 mero,
2404 4827 2637 4891 exigitis,
2665 4830 2720 4875 ut
2764 4826 3196 4889 interpretemur.
3232 4824 3339 4875 Ms.
3364 4822 3639 4887 prasterea
3661 4817 3783 4867 idest

2200 4908 2371 4965 tacet,
2398 4908 2457 4954 et
2478 4903 2555 4952 vel
2574 4904 2758 4965 priore
2779 4902 2923 4953 loco.

2268 5006 2287 5027 ο
2310 4995 2376 5045 111
2412 4993 2537 5057 ipsa
2560 4992 2740 5056 Primi,
2778 4997 2904 5040 sunt
2942 5004 3125 5039 revera
3155 4987 3296 5039 alias
3327 4992 3374 5037 et
3416 4978 3782 5039 obscurissimi,

2201 5080 2308 5127 etc.
2337 5072 2469 5122 Mox
2492 5065 2848 5117 desideratur
2869 5064 3101 5115 adverb.
3129 5060 3223 5112 ibi.

2264 5154 2284 5188 ί
2306 5148 2669 5204 Guarnerian.
2707 5159 2836 5208 ms.,
2872 5147 2935 5193 de
2978 5143 3099 5193 ca’lo
3148 5143 3423 5204 dicuntur,
3457 5144 3515 5191 et
3546 5148 3681 5189 mox
3703 5134 3780 5208 die

2199 5229 2493 5293 sputantur
2505 5233 2603 5285 pro
2621 5204 2979 5293 disputamus.
2999 5214 3172 5267 Paulo
3192 5226 3420 5293 quoque
3435 5216 3567 5293 post
3583 5204 3781 5293 aliquid

2201 5285 2387 5351 contra
2414 5296 2811 5356 adinvenimus,
2836 5292 2977 5343 alias
2993 5292 3125 5342 editi
3144 5296 3331 5339 contra
3349 5291 3403 5335 in
3414 5285 3779 5346 venimus,et0.

2265 5393 2282 5421 κ
2306 5380 2479 5444 Alias,
2518 5383 2749 5428 tantum.
2792 5376 3156 5428 Guarnerian.
3198 5385 3329 5437 ms.,
3356 5387 3457 5421 sua
3491 5376 3667 5419 tamen
3690 5364 3779 5414 sibi

2201 5455 2496 5505 reddimus.

2262 5545 2284 5574 δ
2310 5544 2455 5595 Male
2478 5544 2629 5594 idem
2674 5556 2806 5609 ms.,
2852 5542 3047 5607 absque
3089 5539 3460 5591 misericordia
3497 5537 3621 5587 huic
3644 5529 3779 5598 operi

2200 5618 2385 5666 minus
2408 5618 2661 5665 aestiment
2684 5617 3059 5664 commodasse.

2262 5716 2273 5745 ³
2299 5708 2502 5759 Recole
2542 5706 2717 5758 etiam
2749 5705 3026 5757 Libellum
3049 5707 3243 5757 contra
3264 5706 3543 5755 Joannem
3564 5704 3773 5753 Jeroso-

2199 5781 2386 5847 lymit.
2430 5782 2714 5847 praecipue
2743 5780 2999 5833 numeris
3020 5777 3088 5833 25
3112 5783 3167 5831 et
3191 5789 3350 5841 seqq.
