3900 6392
36 385 134 439 5ὸό

1197 381 1571 434 APOLOGIE
1632 381 1832 434 .JBER
1880 382 2159 434 PRIMUS.
2882 358 2887 363 ⁷
3219 386 3286 442 53

3256 390 3323 443 54

38 495 234 549 minati
259 496 418 558 sunt,
437 492 669 557 quando
686 505 896 558 corpus
912 493 1250 554 humanum,
1273 492 1424 544 aliud
1440 490 1633 543 nescio
1657 496 1711 568 Α
1738 493 1873 556 prie,
1904 493 1995 544 vel
2032 493 2228 544 minus
2265 493 2486 557 proprie
2517 493 2704 547 aliena
2732 496 2911 548 verba
2945 499 3270 551 vertuntur.

38 585 167 650 quid
184 585 487 648 fingebant
510 595 660 646 esse,
687 595 861 646 quam
883 596 1131 646 carnem,
1162 582 1391 646 idcirco,
1418 583 1631 640 iterum,

39 674 217 739 posui.
257 673 373 725 Sed
412 672 682 735 viderint,
723 672 979 736 inquam,
1025 672 1163 735 quid
1189 672 1439 735 perversi
1461 676 1637 734 atque

38 762 375 815 contentiosi
414 761 680 813 homines
716 766 908 825 agant.
934 775 962 808 (ι
987 761 1165 813 Nobis
1185 760 1415 812 interim
1438 762 1636 811 tantus

36 852 208 906 labor,
224 850 275 901 si
293 853 491 902 tamen
508 849 810 901 orantibus
830 848 1010 909 vobis,
1027 849 1079 916 3
1091 848 1139 915 2
1152 848 1201 915 2
1231 851 1383 901 Deus
1402 850 1633 913 juverit,

36 941 236 992 idcirco
261 944 578 1004 susceptus
608 942 718 1003 est,
740 950 859 991 non
882 943 948 991 ut
971 938 1346 991 calumniosis
1370 951 1454 1002 os,
1480 937 1636 1001 quod

38 1029 152 1081 fieri
181 1041 301 1080 non
338 1030 549 1092 potest,
584 1028 716 1080 licet
740 1028 883 1080 forte
906 1028 1077 1079 etiam
1102 1029 1211 1079 hoc
1241 1030 1395 1079 Deus
1424 1027 1637 1079 faceret

46 1118 146 1181 [AL
164 1117 385 1182 faciet],
404 1116 826 1179 clauderemus,
854 1117 956 1168 sed
973 1120 1039 1168 ut
1066 1117 1340 1189 proficere
1362 1116 1436 1168 ad
1462 1116 1639 1168 scien-

39 1207 169 1257 tiam
191 1218 390 1257 rerum
412 1204 740 1258 volentibus
761 1205 1059 1257 materiam
1082 1207 1489 1269 praberemus.
1512 1222 1540 1253 η
1564 1205 1639 1255 Ut

40 1299 225 1347 autem
250 1295 423 1356 scias,
445 1302 464 1323 ⁸
487 1293 620 1357 quia
644 1298 701 1345 et
734 1293 892 1359 quod
916 1294 1175 1346 falsaturi
1198 1294 1325 1346 hac
1347 1298 1562 1357 essent,
1581 1297 1639 1344 et

43 1382 416 1449 pravidimus
433 1388 493 1435 et
515 1382 918 1448 praediximus,
943 1382 1074 1435 vide
1090 1382 1227 1446 quid
1244 1383 1640 1443 insequentibus

42 1472 434 1537 junxerimus:
462 1486 489 1520 α
512 1471 658 1523 Illud
673 1483 833 1535 sane,
859 1484 1089 1523 omnem
1111 1470 1211 1534 qui
1224 1471 1333 1522 hos
1355 1470 1528 1522 libros
1544 1470 1639 1522 vel

46 1562 437 1626 descripturus
448 1565 558 1624 est,
573 1561 666 1613 vel
677 1561 955 1623 lecturus,
967 1560 1029 1611 in
1050 1564 1362 1624 conspectu
1375 1562 1461 1608 Dei
1484 1561 1639 1608 Patris

44 1657 94 1702 et
120 1650 303 1703 Filiiet
351 1651 602 1715 Spiritus
628 1651 818 1703 Sancti
846 1656 1135 1703 contestor
1154 1656 1326 1714 atque
1358 1651 1638 1702 convenio

45 1744 135 1794 per
160 1730 338 1782 futuri
375 1730 542 1795 regni
577 1730 774 1792 fidem,
811 1730 1253 1782 resurrectionis
1289 1742 1362 1782 ex
1399 1729 1639 1781 mortuis

1802 582 1888 635 17.
1915 584 2126 633 Verum
2150 583 2167 612 ί
2180 584 2453 646 quoniam
2474 596 2673 635 eorum
2697 585 2938 637 fecimus
2958 588 3329 651 mentionem,

1740 671 1837 733 qui
1864 671 1990 723 hac
2020 671 2162 733 ipsa,
2204 685 2436 735 quoquo
2460 673 2631 724 modo
2654 678 2807 736 sunt,
2837 679 3031 727 tamen
3056 676 3165 727 nisi
3190 676 3332 728 falsa

1740 762 1875 822 sint,
1892 759 2181 811 criminari
2194 772 2261 811 ea
2277 760 2609 812 nullatenus
2619 763 2960 827 potuissent,
2980 767 3143 825 ipsum
3162 772 3328 828 caput,

1735 848 1795 900 in
1808 848 1963 911 quod
1980 861 2189 899 manus
2204 848 2461 900 falsarias
2474 850 3200 916 imposuerunt,conveniens
3213 859 3331 915 puto

1736 936 1870 988 huic
1906 937 2200 1001 Apologia
2229 942 2445 989 nostra
2460 938 2724 1003 inserere,
2765 952 2836 991 ne
2864 953 2957 992 me
2974 941 3167 993 studio
3200 954 3331 994 meo

1738 1026 2074 1077 subtrahere
2123 1030 2329 1090 putent
2376 1026 2505 1089 hoc,
2531 1027 2686 1089 quod
2724 1027 2803 1078 illi
2826 1028 3020 1081 addito
3051 1043 3157 1082 suo
3188 1030 3331 1081 falsa

1737 1114 1978 1166 crimina
1987 1114 2326 1166 obtendunt.
2340 1114 2562 1165 Etenim
2576 1128 2709 1166 cum
2722 1115 2780 1166 in
2792 1117 3041 1179 quodam
3057 1121 3334 1179 supradicti

1738 1202 1940 1266 Operis
1961 1203 2103 1265 loco,
2124 1215 2296 1266 quem
2314 1203 2670 1267 interpretati
2683 1216 2905 1268 sumus,
2923 1206 3169 1268 quastio
3180 1210 3334 1255 habe-

1738 1293 1894 1342 retur
1914 1290 2228 1342 adversum
2243 1304 2361 1353 eos,
2378 1291 2475 1354 qui
2492 1293 2675 1342 Deum
2693 1304 3027 1356 corporeum
3044 1276 3261 1358 dicunt,
3278 1296 3336 1347 et

1736 1378 2010 1432 humanis
2034 1392 2167 1431 eum
2178 1380 2454 1431 membris
2466 1380 2789 1443 habituque
2805 1381 3142 1434 describunt
3166 1383 3336 1446 (quod

1737 1477 2024 1519 assereret
2057 1468 2344 1532 praecipue
2368 1467 2899 1520 Valentinianorum
2927 1474 2985 1521 et
3009 1471 3339 1536 Anthropo-

1736 1557 2153 1620 morphitarum
2166 1556 2405 1608 haresis
2419 1556 2682 1613 solet,cui
2692 1557 2788 1608 isti
2799 1564 3163 1611 accusatores
3178 1561 3337 1609 nostri

1738 1645 1931 1709 nimis,
1977 1649 2045 1697 ut
2095 1646 2281 1707 video,
2330 1645 2561 1697 dextras
2617 1646 2917 1710 dederunt)
2966 1653 3024 1699 et
3060 1648 3337 1712 Origenes

1744 1734 2204 1786 Ecclesiasticam
2246 1738 2445 1785 contra
2487 1746 2588 1785 eos
2626 1734 2801 1785 fidem
2825 1734 3159 1799 defendens,
3184 1737 3341 1788 omni

49 1822 489 1880 sacramentum,
512 1832 611 1883 per
631 1817 814 1881 illum,
839 1818 937 1883 qui
958 1822 1296 1883 praeparatus
1319 1822 1389 1867 est
1411 1816 1633 1866 Diabolo

1769 1836 1955 1889 genere
1977 1824 2377 1888 incorporeum
2415 1835 2546 1874 esse
2586 1824 2790 1886 Deum,
2827 1828 2885 1875 et
2926 1823 3136 1876 idcirco
3171 1825 3341 1877 etiam

45 1915 85 1958 et
125 1908 327 1972 angelis
374 1907 511 1972 ejus,
557 1914 816 1958 aeternum
859 1908 1041 1973 ignem
1073 1908 1093 1937 δ
1138 1908 1345 1970 (Matth.
1394 1910 1503 1970 7.):
1547 1907 1631 1959 sic

45 2011 151 2050 non
164 1997 532 2050 itlumlocum
543 2002 759 2051 aterna
768 1998 1098 2051 hareditate
1114 1997 1425 2062 possideat,
1443 1997 1541 2049 ubi
1556 2002 1631 2047 est

50 2089 203 2139 fletus
218 2091 276 2140 et
290 2086 507 2139 stridor
520 2086 804 2150 dentium,
831 2086 997 2139 etubi
1017 2087 1167 2151 ignis
1182 2100 1379 2139 eorum
1394 2099 1512 2139 non
1536 2099 1637 2138 ex-

51 2177 348 2241 tinguetur,
366 2180 431 2229 et
454 2176 667 2229 vermis
678 2188 878 2227 eorum
892 2188 1009 2228 non
1019 2175 1312 2239 morietur,
1335 2185 1353 2205 °
1369 2188 1442 2227 ne
1464 2175 1638 2227 addat

52 2265 253 2329 aliquid
287 2266 427 2317 huic
461 2265 788 2329 Scriptura,
827 2276 900 2316 ne
933 2264 1165 2324 auferat,
1194 2277 1267 2315 ne
1305 2264 1541 2327 inserat,
1564 2276 1639 2316 ne

55 2355 325 2407 immutet.
349 2371 379 2405 ι
392 2356 469 2406 Et
487 2359 682 2405 tamen
693 2357 825 2418 post
839 2354 950 2405 ista
964 2354 1176 2416 omnia,
1191 2358 1309 2404 tam
1325 2352 1346 2382 ⁴¹
1358 2352 1637 2415 horrifica,

57 2447 273 2507 tamque
292 2442 592 2495 horribilia
614 2442 1042 2507 adjurationum
1066 2444 1441 2506 sacramenta,
1460 2442 1640 2491 falsare

56 2522 168 2574 hac
195 2527 368 2587 atque
413 2534 779 2586 corrumpere
815 2534 933 2574 non
971 2521 1286 2572 timuerunt
1325 2519 1424 2581 illi,
1453 2520 1551 2583 qui
1576 2532 1639 2571 se

57 2611 240 2664 dicunt
269 2610 508 2663 credere
539 2610 1011 2663 resurrectionem
1035 2609 1505 2661 carnisfuturam.
1533 2608 1639 2670 Qui

60 2699 140 2751 vel
177 2699 283 2752 hoc
307 2699 509 2765 ipsum
555 2697 605 2749 si
643 2698 957 2760 crederent,
998 2697 1153 2761 quod
1181 2699 1331 2749 Deus
1354 2702 1459 2757 est,
1490 2710 1643 2748 nun-

64 2801 220 2851 quam
234 2788 360 2841 hac
384 2790 509 2840 tam
526 2787 837 2839 criminosa
850 2791 909 2838 et
929 2786 1177 2838 nefanda
1200 2786 1642 2850 committerent,

65 2878 160 2928 Ubi
181 2882 370 2930 tamen
392 2877 459 2929 in
480 2876 590 2938 his,
615 2888 747 2940 qua
764 2876 987 2942 prafati
1010 2888 1232 2939 sumus,
1245 2880 1347 2928 aut
1369 2876 1644 2940 Origenes

63 2964 313 3018 laudibus
327 2964 601 3030 usquead
618 2965 850 3028 calum,
884 2968 948 3016 ut
983 2964 1337 3028 criminatur,
1353 2964 1537 3016 elatus
1552 2970 1642 3026 est,

68 3054 154 3105 ubi
166 3056 495 3120 Apostolus,
511 3056 612 3107 aut
631 3054 928 3119 Propheta,
950 3057 1052 3105 aut
1068 3054 1179 3105 tale
1194 3052 1412 3117 aliquid
1428 3065 1463 3104 a
1477 3055 1639 3103 nobis.

1737 1912 2094 1967 invisibilem
2109 1912 2489 1975 confirmaret,
2507 1916 2861 1976 provocante
2875 1925 2937 1964 se
2949 1913 3147 1965 ordine
3158 1925 3343 1977 quas-

1739 2002 1932 2066 tionis,
1960 2001 2257 2067 respondit
2276 2004 2477 2053 contra
2504 2000 2808 2053 hareticos
2833 2000 2894 2053 in
2911 2001 3020 2054 hoc
3035 2001 3158 2054 loco
3183 2014 3343 2066 qua-

1735 2090 1888 2155 dam,
1915 2102 2049 2154 qua
2068 2102 2103 2141 a
2116 2090 2408 2141 nobisisto
2426 2102 2483 2139 m
2496 2088 2607 2140 odo
2633 2101 2799 2142 versa
2824 2095 2962 2142 sunt
2977 2090 3037 2141 in
3056 2091 3340 2142 Latinum.

1798 2180 1888 2229 Eae
1902 2180 1940 2229 1.
1960 2179 2095 2229 libro
2118 2181 2440 2246 περὶἈρχῶν,
2468 2182 2587 2242 post
2608 2177 2901 2243 aliquanta
2924 2180 3073 2244 (Cap.
3094 2178 3206 2232 1.11.
3234 2177 3305 2242 8.)
3326 2193 3340 2230 :

1744 2284 1774 2316 α
1805 2270 2019 2320 Verum
2044 2268 2174 2319 ista
2191 2268 2544 2319 assertiones
2565 2268 2758 2319 minus
2776 2267 3016 2319 fortasse
3042 2270 3346 2316 auctoritatis

1742 2357 1954 2409 habere
1972 2356 2277 2408 videantur
2300 2356 2453 2420 apud
2475 2369 2593 2421 eos,
2624 2357 2724 2420 qui
2740 2368 2812 2408 ex
2836 2356 3055 2407 sanctis
3074 2359 3343 2417 Scripturis

1745 2445 1818 2498 de
1841 2446 2016 2496 rebus
2032 2444 2244 2496 divinis
2273 2444 2500 2497 institui
2517 2446 2738 2507 volunt,
2766 2449 2824 2497 et
2853 2444 2956 2509 [AL
2983 2444 3178 2509 etiam]
3208 2444 3344 2496 inde

1747 2535 1856 2585 sibi
1869 2533 2169 2597 approbari
2185 2538 2473 2597 quarunt,
2490 2533 2778 2598 quomodo
2794 2533 2899 2597 [AL
2912 2533 3146 2598 quanto]
3169 2539 3347 2583 natura

1749 2621 1888 2674 Dei“
1915 2623 2301 2687 supereminet
2330 2634 2635 2686 corporum
2662 2626 2948 2674 naturam.
2972 2622 3116 2674 Vide
3139 2635 3274 2687 ergo
3299 2623 3347 2674 si

1748 2725 1868 2763 non
1891 2709 2061 2762 etiam
2095 2711 2408 2774 Apostolus
2437 2709 2547 2762 hoc
2569 2709 2725 2762 idem
2752 2710 2847 2773 ait,
2871 2723 3005 2762 cum
3029 2709 3100 2763 de
3123 2710 3347 2763 Christo

1750 2800 2026 2864 loquitur,
2056 2800 2254 2852 dicens
2282 2817 2293 2848 :
2323 2800 2426 2858 Qui
2450 2805 2521 2849 est
2546 2800 2726 2863 imago
2762 2799 3049 2849 invisibilis
3092 2800 3207 2860 Dei,
3232 2800 3351 2864 pri-

1752 2891 2055 2954 mogenilus
2072 2890 2250 2938 omnis
2268 2894 2525 2939 creaturae
2553 2889 2765 2952 (Coloss.
2799 2888 2849 2942 1.
2877 2888 3000 2951 15.).
3029 2890 3154 2941 Non
3173 2888 3347 2951 enim,

1749 2983 1820 3031 ut
1837 2977 2070 3042 quidam
2102 2980 2545 3040 putant,natura
2569 2976 2703 3027 Deir
2716 2975 2884 3027 alicui
2902 2974 3141 3026 visibilis
3156 2977 3263 3036 est,
3290 2979 3350 3027 et

1742 3068 1868 3121 aliis
1881 3066 2204 3129 invisibilis,
2231 3067 2367 3128 quia
2388 3064 2490 3128 [AL
2532 3076 2652 3115 non
2675 3064 2851 3128 enim]
2880 3076 2999 3115 non
3027 3062 3174 3114 dixit
3191 3064 3347 3127 Apo-

74 3140 362 3207 qualeipse
385 3141 461 3194 de
490 3153 556 3194 θο
574 3140 895 3205 scripserat»
924 3140 1141 3192 dmum
1166 3142 1292 3192 es”
1320 3139 1650 3202 Αυιίοίίῖιλο
1679 3135 1727 3210 C
1759 3153 2476 3217 stolus,imagoinvisibilis
2488 3151 2590 3203 Dei
2603 3152 3057 3216 hominibus,aut
3072 3152 3350 3200 invisibilis

76 3243 295 3294 prorsus
318 3231 433 3284 alio
482 3230 790 3283 inveniunt
810 3229 1149 3282 criminandi
1190 3230 1382 3281 locum
1405 3231 1431 3279 ‘i
1456 3229 1654 3280 Fidem

82 3325 320 3372 nostram
352 3320 760 3386 pramisimus,
797 3332 930 3383 qua
958 3322 1096 3384 puto
1124 3318 1278 3382 quod
1301 3318 1360 3369 in
1381 3318 1653 3368 omnibus

83 3421 199 3460 cum
221 3409 619 3462 Ecclesiastica
641 3408 996 3461 confessione
1020 3406 1344 3459 concordet.
1369 3409 1654 3471 Interpre-

84 3498 226 3550 tandi
247 3499 677 3552 observantiam
696 3497 1089 3560 distinximus,
1110 3498 1280 3560 cujus
1300 3508 1497 3549 revera
1512 3498 1658 3544 nobis

81 3588 568 3654 inquampluribus
584 3586 913 3651 exemplum
926 3587 1046 3652 ipse
1058 3588 1402 3650 prabuerat,
1416 3588 1507 3648 qui
1522 3601 1660 3635 nunc

84 3683 362 3731 accusator
377 3678 597 3731 existit.
616 3677 763 3739 Quid
781 3675 1127 3741 propositiin
1146 3675 1246 3739 [AL
1268 3680 1368 3725 lac.
1388 3675 1466 3739 in]
1490 3675 1661 3726 inter-

85 3768 341 3829 pretando
355 3766 661 3833 gesserim,
673 3766 995 3831 designavi.
1016 3767 1046 3816 ,Ι
1052 3777 1144 3815 am
1158 3764 1206 3815 si
1222 3764 1385 3828 plene
1400 3767 1559 3827 id,aut
1573 3765 1663 3811 mi-

84 3867 182 3907 nus
205 3856 364 3921 plene
389 3854 623 3920 implere
635 3852 993 3920 valui,323
1020 3862 1038 3882 ο
1060 3852 1427 3917 alcgentibus
1444 3868 1663 3913 compro-

84 3942 250 4007 betur,
264 3958 298 3997 a
311 3945 531 4009 quibus
545 3944 637 3997 vel
652 3943 893 4004 laudari,
911 3944 1000 3996 vel
1015 3942 1183 3994 rideri
1202 3942 1364 4006 solet,
1385 3957 1483 3991 non
1500 3948 1662 3990 tamen

89 4032 151 4083 ad
165 4034 372 4087 crimen
400 4034 614 4094 vocari,
646 4045 781 4086 cum
797 4033 859 4085 in
893 4032 1134 4085 alteram
1151 4032 1408 4096 linguam
1427 4030 1515 4084 vel
1539 4043 1666 4095 pro-

147 4211 163 4231 ·
182 4203 321 4257 Illud
345 4206 482 4270 quia
505 4216 683 4269 penes
707 4203 969 4255 Martian.
996 4203 1052 4255 et
1074 4204 1274 4254 Erasm
1298 4201 1510 4253 deerat.

148 4272 167 4302 ⁴
194 4275 381 4337 Verba,
426 4290 522 4341 per
561 4275 718 4324 illum
744 4275 840 4339 qui
879 4278 1220 4339 praeparatus
1255 4278 1326 4322 est
1349 4272 1589 4333 Diabolo,
1626 4277 1671 4322 el

97 4346 282 4409 angelis
303 4347 414 4412 ejus
437 4351 697 4396 atemum
739 4347 939 4409 ignem,
966 4347 1203 4397 deerant
1227 4345 1354 4396 heic
1384 4345 1525 4404 loco,
1555 4348 1672 4396 tam

96 4412 147 4465 in
166 4417 409 4483 vulgatis
432 4422 605 4470 antea
636 4417 813 4477 libris,
850 4428 1023 4481 quam
1052 4416 1111 4467 in
1149 4416 1540 4468 Guarneriano
1564 4428 1673 4467 ms.

1759 3244 1811 3312 3
1824 3242 1933 3311 24
1952 3240 2374 3307 peccatoribus;
2394 3240 2495 3291 sed
2514 3240 2683 3292 valde
2699 3244 3030 3291 constanter
3055 3240 3351 3301 pronuntiat

1757 3334 1828 3385 de
1866 3339 1993 3398 ipsa
2022 3340 2226 3383 natura
2272 3329 2373 3380 Dei
2410 3329 2606 3380 dicens
2640 3329 2821 3393 imago
2854 3328 3143 3378 invisibilis
3180 3329 3277 3377 Dei
3305 3328 3350 3393 j.

1759 3421 1867 3474 Sed
1891 3422 2209 3472 etJoannes
2225 3418 2285 3469 in
2303 3417 2611 3481 Evangelio
2634 3416 2850 3481 dicens,
2865 3418 3036 3467 Deum
3050 3431 3206 3467 nemo
3222 3417 3356 3466 vidit

1759 3523 2026 3574 umquam
2051 3508 2230 3568 (Joan.
2260 3505 2303 3560 1.
2327 3505 2455 3569 18.),
2477 3505 2783 3557 manifeste
2806 3505 3057 3558 declarat
3088 3505 3358 3557 omnibus

1760 3600 1860 3663 qui
1879 3597 2192 3660 intelligere
2235 3600 2501 3660 possunt,
2529 3595 2665 3659 quia
2697 3594 2856 3646 nulla
2882 3600 3089 3647 natura
3121 3600 3228 3658 est,
3267 3594 3359 3646 cui

1761 3696 2008 3748 visibilis
2024 3695 2099 3746 sit
2121 3695 2290 3756 Deus,
2322 3706 2434 3745 non
2461 3694 2631 3757 quasi
2659 3694 2759 3757 qui
2776 3693 3020 3746 visibilis
3034 3694 3109 3745 sit
3129 3692 3361 3756 quidem

1763 3786 2154 3849 pernaturam,
2175 3787 2233 3833 et
2256 3782 2417 3834 velut
2434 3782 2766 3845 fragiliorisk
2786 3786 3007 3834 natura
3018 3784 3197 3830 evadat
3215 3787 3361 3842 atque

1764 3872 2004 3925 excedat
2038 3875 2356 3934 aspectum,
2392 3869 2494 3922 sed
2518 3871 2791 3933 quoniam
2821 3869 3157 3921 naturaliter
3178 3869 3362 3920 videri

1766 3959 2119 4025 impossibile
2143 3962 2251 4010 est.
2276 3960 2288 3990 ¹
2313 3959 2421 4011 Sed
2454 3958 2503 4009 si
2526 3960 2783 4021 requiras
2825 3970 2860 4009 a
2882 3970 2994 4019 me,
3024 3956 3164 4020 quid
3187 3957 3361 4009 etiam

1768 4050 1840 4103 de
1854 4052 1980 4115 ipso
2000 4049 2303 4113 Unigenito
2324 4047 2593 4099 sentiam:
2626 4047 2673 4098 si
2689 4059 2761 4099 ne
2777 4046 2886 4111 ipsi
2912 4046 3145 4110 quidem
3168 4045 3367 4099 visibi-

1774 4220 2034 4285 sequitur
2066 4218 2327 4270 terribilia
2370 4231 2443 4271 ex
2475 4216 2859 4270 Guarneriano
2882 4229 2991 4269 ms.
3017 4216 3366 4281 accepimus,

1775 4308 1876 4359 pro
1900 4307 2012 4357 quo
2033 4297 2205 4344 antea
2236 4292 2447 4342 lectum
2482 4290 2790 4341 horribilia.

1839 4366 2046 4416 'Tacet
2100 4362 2468 4415 Guarnerian.
2510 4373 2620 4412 ms.
2668 4361 2849 4413 verba
2895 4377 2931 4411 a
2976 4357 3279 4425 legentibus,
3311 4362 3370 4412 et

1777 4435 1928 4499 quod
1954 4436 2135 4499 primo
2153 4435 2396 4485 occurrit
2418 4433 2509 4483 vel.
2530 4434 2671 4493 Qua
2693 4436 2888 4483 autem
2910 4430 3212 4483 manifesto
3236 4442 3367 4495 pec-

100 4487 1677 4583 1593.933“???{ﬂairi‘i‘if‘if‘dlEEi“2"?3’93?
1697 4510 1754 4583 D
1774 4487 2200 4558 έδιίίάδηιίσοω
2218 4487 2730 4567 βτθθίθτωίιιῖωυδ·

102 4560 433 4614 sutl'ecimus.
453 4562 661 4613 Mirum
677 4574 843 4626 porro
868 4564 959 4612 est
980 4560 1059 4611 Cl.
1086 4562 1273 4611 virum
1308 4560 1367 4609 P.
1402 4562 1676 4609 Constan-

103 4630 229 4683 tium
256 4632 315 4685 in
345 4633 503 4686 notis
525 4633 598 4684 ad
636 4632 824 4683 Rufini
846 4632 1179 4696 Apologiam
1204 4631 1274 4681 ad
1301 4632 1674 4681 Anastasium

104 4708 421 4765 sequentem
448 4705 635 4756 locum
660 4704 740 4756 ita
764 4706 1106 4768 pervertere,
1134 4706 1198 4754 ut
1231 4715 1330 4766 pro
1358 4699 1579 4754 voculis
1604 4702 1678 4750 sic

105 4787 219 4830 non,
247 4775 355 4840 legi
380 4776 520 4829 velit
561 4776 607 4823 si
630 4790 763 4838 non,
803 4773 1166 4839 supplerique
1201 4773 1350 4837 facit,
1390 4774 1679 4836 quodcum

106 4856 233 4906 r090,
259 4846 379 4899 dira
401 4847 769 4911 imprecantis
792 4858 987 4897 sensu.
1016 4847 1134 4896 Imo
1160 4858 1295 4896 vero
1322 4846 1466 4895 bene
1486 4847 1682 4907 Optan-

110 4912 189 4976 tis,
213 4928 275 4968 ac
314 4918 581 4970 voventis
628 4923 717 4969 est
753 4918 849 4968 illa
873 4915 1147 4981 particula
1178 4916 1269 4965 sic.
1302 4916 1592 4977 Horatius,
1618 4918 1683 4965 ut

108 4986 170 5036 ab
209 4988 327 5041 aliis
352 4994 643 5043 sexcentis
668 4990 1009 5041 abstineam.
1058 4986 1153 5039 lib.
1181 4989 1228 5039 I.
1281 4989 1463 5039 Carm.
1493 4986 1597 5039 Od.
1630 4985 1680 5041 3.

402 5120 482 5167 Sic
502 5121 546 5166 te
577 5119 694 5166 diva
716 5122 889 5178 potens
919 5117 1070 5177 Cipri,

464 5182 543 5229 Sic
574 5182 750 5229 fratres
773 5182 991 5239 Helena,
1020 5180 1214 5227 lucidas
1248 5179 1401 5239 idem,

401 5246 775 5303 Ventorumque
798 5248 933 5304 regat
962 5247 1097 5302 pater
1122 5254 1136 5303 ;

115 5364 212 5414 quo
224 5370 391 5411 sensu
413 5364 469 5411 et
485 5359 758 5411 Rufinum
783 5358 1046 5422 adjurare
1064 5369 1231 5409 suum
1250 5355 1458 5407 librum
1475 5354 1689 5407 descri-

116 5429 698 5496 pturos,perspicuum
721 5436 823 5482 est.
853 5429 1088 5481 Dilllteri
1113 5435 1305 5480 autem
1329 5441 1442 5479 non
1461 5428 1609 5491 licet,
1632 5428 1689 5478 in

117 5496 485 5553 Guarneriano
508 5504 633 5567 ipso
657 5503 973 5566 exemplari
998 5503 1044 5549 si
1065 5514 1162 5564 pro
1187 5501 1261 5549 sic
1291 5500 1420 5563 legi.

171 5580 186 5601 ε
208 5572 569 5626 Guarnerian.
596 5587 730 5638 ms.,
748 5590 840 5623 nec
864 5573 1033 5623 addat
1057 5572 1259 5636 aliquis
1281 5573 1386 5620 haec
1412 5572 1691 5636 scripturae

122 5652 199 5689 nec
219 5645 443 5707 auferat,
477 5649 585 5698 etc.

174 5711 192 5741 ⁴
216 5715 423 5768 Vitiose
458 5719 594 5770 olim
629 5730 762 5769 cum
794 5715 1045 5780 vulgatis
1080 5715 1329 5781 legimus
1370 5714 1691 5777 honori/ica,

125 5792 209 5843 pro
230 5786 500 5854 horriﬁca,
535 5789 691 5853 quod
722 5801 881 5841 nunc
913 5786 1293 5843 restituimus.
1321 5786 1435 5839 Sed
1459 5790 1518 5841 et
1540 5787 1695 5850 quod

388 5903 674 5962 Parnon.
715 5900 884 5961 XXI.

1837 4576 1857 4611 τ
1883 4576 2095 4637 Codex,
2125 4576 2256 4637 quia
2284 4588 2469 4622 eorum
2512 4573 2735 4635 fecimus
2775 4571 3114 4635 mentionem,
3143 4570 3240 4636 qui
3266 4570 3371 4620 hac

1776 4649 1897 4712 ipsa
1912 4647 2179 4711 quomodo
2203 4650 2345 4697 sunt.
2384 4649 2563 4693 tamen
2588 4644 2976 4706 nisifalsisint,
2998 4644 3291 4692 criminari
3312 4658 3373 4692 ea

1779 4719 2087 4767 nullatenus
2108 4717 2423 4781 potuissent,
2442 4717 2499 4763 in
2524 4715 2704 4778 ipsum
2721 4720 2899 4779 caput,
2926 4715 2987 4761 in
3011 4714 3154 4777 quod
3174 4729 3375 4762 manus

1779 4790 2365 4854 falsariasinjecerunt,
2392 4789 2727 4838 conveniens.
2751 4792 2858 4838 etc.
2886 4791 3007 4838 tum
3026 4802 3091 4835 ne
3107 4786 3375 4835 mesludt‘o

1781 4861 2111 4915 subtrahere.
2136 4865 2193 4912 et
2216 4860 2298 4908 illi
2323 4858 2525 4920 addito,
2559 4857 2723 4921 falsa,
2755 4864 2886 4920 etc.,
2930 4858 3149 4922 absque
3172 4872 3286 4907 meo
3321 4860 3379 4909 et

1782 4947 1878 4981 suo
1914 4930 2367 4996 pronominibus.

1852 5003 2063 5053 tTacet
2099 5001 2250 5053 idem
2292 5014 2402 5051 ms.
2453 5000 2734 5064 praecipue,
2784 5003 2906 5053 tum
2948 4998 3087 5064 legit
3127 4996 3378 5063 Plurium

1784 5086 2026 5127 numero
2051 5074 2264 5122 lum-eses
2291 5073 2480 5123 solent.

1847 5144 1868 5173 ³⁸
1893 5145 2049 5195 Idem
2094 5151 2300 5193 natura
2334 5144 2429 5192 Dei
2469 5143 2555 5203 sit,
2590 5157 2704 5207 qua:
2727 5142 2921 5191 eminet
2942 5154 3231 5206 corporum
3269 5141 3378 5191 etc.

1787 5217 1918 5268 Mox
1943 5215 2183 5267 verbum
2210 5215 2451 5277 loquitur
2473 5213 2871 5277 pratcrmittit.

1852 5286 2063 5348 ‘Alias,
2108 5286 2395 5333 invisibilis
2425 5290 2497 5333 est
2541 5285 2730 5346 alicui,
2774 5291 2818 5332 et
2864 5284 2990 5332 aliis
3032 5281 3254 5331 vietbilis
3292 5285 3378 5331 est.

1790 5358 2212 5411 Guarnerianus
2244 5369 2371 5415 ms.,
2385 5355 2659 5418 aliquibus
2672 5355 2891 5403 visibilis
2903 5359 2991 5416 est,
3009 5358 3111 5404 etc.
3126 5392 3137 5415 ,
3154 5358 3211 5404 et
3227 5366 3381 5415 mox,

1792 5447 1901 5479 non
1925 5430 2067 5478 dixit
2089 5428 2389 5491 Apostolus,
2424 5427 2603 5488 imago
2629 5425 2849 5472 visibilis
2873 5426 2985 5485 Det,
3015 5428 3122 5475 etc.

1854 5510 1865 5539 ³
1893 5502 2066 5552 Addit
2097 5499 2467 5550 Guarnerian.
2497 5511 2601 5546 ms.
2626 5496 3017 5559 primogenilus
3038 5494 3215 5543 omnis
3238 5510 3387 5541 crea-

1795 5580 1946 5623 lui-te.

1857 5644 1877 5672 ἰ
1909 5643 2067 5694 Idem
2099 5654 2228 5693 cum
2253 5640 2394 5691 alias
2409 5635 3140 5699 cditiscrealurahabetpro
3161 5641 3384 5685 natm-ee.

1857 5713 1869 5748 ¹
1896 5717 1980 5766 Ex
2014 5714 2105 5765 his
2142 5712 2303 5764 locus
2328 5711 2421 5762 hic
2452 5714 2558 5771 est,
2577 5710 2635 5759 in
2672 5710 2883 5772 quibus
2899 5710 3140 5760 Rufinus
3160 5708 3281 5772 ipse
3309 5709 3389 5758 fa—

1798 5788 1972 5850 tetur,
1998 5785 2173 5838 fuisse
2199 5783 2391 5848 aliqua
2411 5780 2641 5832 verbain
2670 5781 2844 5831 erco
2874 5780 3146 5830 incautius
3169 5780 3391 5844 fortasse

2976 5894 3038 5952 18
