  <div class='ocr_page' id='page_1' title='image "/cluster/home/n/w/nwhite01/storage/ocr_20150623/21/umn.319510024773153/281.png"; bbox 0 0 3900 6388; ppageno 0'>
   <div class='ocr_carea' id='block_1_1' title="bbox 537 358 641 414">
    <p class='ocr_par' dir='ltr' id='par_1_1' title="bbox 537 358 641 414">
     <span class='ocr_line' id='line_1_1' title="bbox 537 358 641 414; baseline 0.019 -2"><span class='ocrx_word' id='word_1_1' title='bbox 537 358 641 414; x_wconf 78' lang='grc'><strong>555</strong></span> 
     </span>
    </p>
   </div>
   <div class='ocr_carea' id='block_1_2' title="bbox 1562 358 2804 424">
    <p class='ocr_par' dir='ltr' id='par_1_2' title="bbox 1562 358 2804 424">
     <span class='ocr_line' id='line_1_2' title="bbox 1562 358 2804 424; baseline -0.002 -11"><span class='ocrx_word' id='word_1_2' title='bbox 1562 364 1804 414; x_wconf 69' lang='lat' dir='ltr'>RUFINI</span> <span class='ocrx_word' id='word_1_3' title='bbox 1838 358 2329 424; x_wconf 82' lang='lat' dir='ltr'>AQUILEIENSIS</span> <span class='ocrx_word' id='word_1_4' title='bbox 2366 362 2804 411; x_wconf 79' lang='lat' dir='ltr'>PRESBYTERI</span> 
     </span>
    </p>
   </div>
   <div class='ocr_carea' id='block_1_3' title="bbox 3741 357 3843 409">
    <p class='ocr_par' dir='ltr' id='par_1_3' title="bbox 3741 357 3843 409">
     <span class='ocr_line' id='line_1_3' title="bbox 3741 357 3843 409; baseline -0.02 0"><span class='ocrx_word' id='word_1_5' title='bbox 3741 357 3843 409; x_wconf 68' lang='grc' dir='ltr'>ὃὸῡ</span> 
     </span>
    </p>
   </div>
   <div class='ocr_carea' id='block_1_4' title="bbox 535 469 3843 550">
    <p class='ocr_par' dir='ltr' id='par_1_4' title="bbox 535 469 3843 550">
     <span class='ocr_line' id='line_1_4' title="bbox 535 469 3843 550; baseline -0.002 -27"><span class='ocrx_word' id='word_1_6' title='bbox 535 472 650 523; x_wconf 91' lang='lat' dir='ltr'>lem</span> <span class='ocrx_word' id='word_1_7' title='bbox 673 470 861 523; x_wconf 88' lang='lat' dir='ltr'>dicam</span> <span class='ocrx_word' id='word_1_8' title='bbox 884 471 987 524; x_wconf 91' lang='lat' dir='ltr'>Dei</span> <span class='ocrx_word' id='word_1_9' title='bbox 1020 477 1306 533; x_wconf 88' lang='lat' dir='ltr'>naturam,</span> <span class='ocrx_word' id='word_1_10' title='bbox 1341 484 1474 537; x_wconf 65' lang='lat' dir='ltr'>qum</span> <span class='ocrx_word' id='word_1_11' title='bbox 1504 472 1608 537; x_wconf 77' lang='grc' dir='ltr'>[Αἰ.</span> <span class='ocrx_word' id='word_1_12' title='bbox 1644 474 1769 537; x_wconf 71' lang='lat' dir='ltr'>qui]</span> <span class='ocrx_word' id='word_1_13' title='bbox 1801 472 2137 525; x_wconf 75' lang='lat' dir='ltr'>naturaliter</span> <span class='ocrx_word' id='word_1_14' title='bbox 2157 478 2212 550; x_wconf 79' lang='grc' dir='ltr'><strong>Α</strong></span> <span class='ocrx_word' id='word_1_15' title='bbox 2240 472 2411 521; x_wconf 79' lang='lat' dir='ltr'>Nemo</span> <span class='ocrx_word' id='word_1_16' title='bbox 2436 473 2584 521; x_wconf 82' lang='lat' dir='ltr'>novit</span> <span class='ocrx_word' id='word_1_17' title='bbox 2606 472 2807 522; x_wconf 80' lang='lat' dir='ltr'>Filium</span> <span class='ocrx_word' id='word_1_18' title='bbox 2820 471 2930 520; x_wconf 81' lang='lat' dir='ltr'>nisi</span> <span class='ocrx_word' id='word_1_19' title='bbox 2942 471 3122 533; x_wconf 73' lang='lat' dir='ltr'>Pater,</span> <span class='ocrx_word' id='word_1_20' title='bbox 3140 486 3308 535; x_wconf 87' lang='lat' dir='ltr'>neque</span> <span class='ocrx_word' id='word_1_21' title='bbox 3324 469 3688 534; x_wconf 83' lang='lat' dir='ltr'>Palremquis</span> <span class='ocrx_word' id='word_1_22' title='bbox 3704 472 3843 518; x_wconf 77' lang='lat' dir='ltr'>novit</span> 
     </span>
    </p>
   </div>
   <div class='ocr_carea' id='block_1_5' title="bbox 536 560 2138 626">
    <p class='ocr_par' dir='ltr' id='par_1_5' title="bbox 536 560 2138 626">
     <span class='ocr_line' id='line_1_5' title="bbox 536 560 2138 626; baseline 0.001 -15"><span class='ocrx_word' id='word_1_23' title='bbox 536 560 843 613; x_wconf 83' lang='lat' dir='ltr'>invisibilis</span> <span class='ocrx_word' id='word_1_24' title='bbox 861 565 967 625; x_wconf 88' lang='lat' dir='ltr'>est,</span> <span class='ocrx_word' id='word_1_25' title='bbox 983 574 1099 613; x_wconf 91' lang='lat' dir='ltr'>non</span> <span class='ocrx_word' id='word_1_26' title='bbox 1123 562 1227 613; x_wconf 92' lang='lat' dir='ltr'>tibi</span> <span class='ocrx_word' id='word_1_27' title='bbox 1259 562 1453 613; x_wconf 93' lang='lat' dir='ltr'>statim</span> <span class='ocrx_word' id='word_1_28' title='bbox 1478 561 1570 614; x_wconf 91' lang='lat' dir='ltr'>vel</span> <span class='ocrx_word' id='word_1_29' title='bbox 1600 562 1839 626; x_wconf 89' lang='lat' dir='ltr'>impium</span> <span class='ocrx_word' id='word_1_30' title='bbox 1875 562 2138 614; x_wconf 89' lang='lat' dir='ltr'>videatur</span> 
     </span>
    </p>
   </div>
   <div class='ocr_carea' id='block_1_6' title="bbox 534 650 2145 714">
    <p class='ocr_par' dir='ltr' id='par_1_6' title="bbox 534 650 2145 714">
     <span class='ocr_line' id='line_1_6' title="bbox 534 650 2145 714; baseline 0 -13"><span class='ocrx_word' id='word_1_31' title='bbox 534 662 681 713; x_wconf 89' lang='lat' dir='ltr'>esse,</span> <span class='ocrx_word' id='word_1_32' title='bbox 702 658 720 678; x_wconf 80' lang='grc'><strong><em>⁸</em></strong></span> <span class='ocrx_word' id='word_1_33' title='bbox 738 650 831 701; x_wconf 88' lang='lat' dir='ltr'>vel</span> <span class='ocrx_word' id='word_1_34' title='bbox 846 650 1162 701; x_wconf 90' lang='lat' dir='ltr'>absurdum</span> <span class='ocrx_word' id='word_1_35' title='bbox 1181 650 1486 702; x_wconf 89' lang='lat' dir='ltr'>:rationem</span> <span class='ocrx_word' id='word_1_36' title='bbox 1503 650 1711 714; x_wconf 78' lang='lat' dir='ltr'>quippe</span> <span class='ocrx_word' id='word_1_37' title='bbox 1726 650 1994 701; x_wconf 81' lang='lat' dir='ltr'>dabimus</span> <span class='ocrx_word' id='word_1_38' title='bbox 2012 662 2145 701; x_wconf 90' lang='lat' dir='ltr'>con-</span> 
     </span>
    </p>
   </div>
   <div class='ocr_carea' id='block_1_7' title="bbox 534 738 2143 805">
    <p class='ocr_par' dir='ltr' id='par_1_7' title="bbox 534 738 2143 805">
     <span class='ocr_line' id='line_1_7' title="bbox 534 738 2143 805; baseline -0.003 -12"><span class='ocrx_word' id='word_1_39' title='bbox 534 744 859 805; x_wconf 89' lang='lat' dir='ltr'>sequenter.</span> <span class='ocrx_word' id='word_1_40' title='bbox 902 739 1071 791; x_wconf 87' lang='lat' dir='ltr'>Aliud</span> <span class='ocrx_word' id='word_1_41' title='bbox 1106 739 1339 803; x_wconf 88' lang='lat' dir='ltr'>quidem</span> <span class='ocrx_word' id='word_1_42' title='bbox 1366 744 1453 791; x_wconf 91' lang='lat' dir='ltr'>est</span> <span class='ocrx_word' id='word_1_43' title='bbox 1478 739 1687 804; x_wconf 85' lang='lat' dir='ltr'>videre,</span> <span class='ocrx_word' id='word_1_44' title='bbox 1706 738 1861 790; x_wconf 83' lang='lat' dir='ltr'>aliud</span> <span class='ocrx_word' id='word_1_45' title='bbox 1879 751 2143 804; x_wconf 87' lang='lat' dir='ltr'>noscere,</span> 
     </span>
    </p>
   </div>
   <div class='ocr_carea' id='block_1_8' title="bbox 534 829 2143 894">
    <p class='ocr_par' dir='ltr' id='par_1_8' title="bbox 534 829 2143 894">
     <span class='ocr_line' id='line_1_8' title="bbox 534 829 2143 894; baseline -0.003 -12"><span class='ocrx_word' id='word_1_46' title='bbox 534 830 726 882; x_wconf 91' lang='lat' dir='ltr'>Videri</span> <span class='ocrx_word' id='word_1_47' title='bbox 752 833 807 881; x_wconf 90' lang='lat' dir='ltr'>et</span> <span class='ocrx_word' id='word_1_48' title='bbox 829 829 1022 880; x_wconf 90' lang='lat' dir='ltr'>viders</span> <span class='ocrx_word' id='word_1_49' title='bbox 1062 841 1363 894; x_wconf 84' lang='lat' dir='ltr'>corporum</span> <span class='ocrx_word' id='word_1_50' title='bbox 1392 833 1523 880; x_wconf 89' lang='lat' dir='ltr'>est:</span> <span class='ocrx_word' id='word_1_51' title='bbox 1576 830 1733 880; x_wconf 89' lang='lat' dir='ltr'>nosci</span> <span class='ocrx_word' id='word_1_52' title='bbox 1782 834 1840 880; x_wconf 91' lang='lat' dir='ltr'>et</span> <span class='ocrx_word' id='word_1_53' title='bbox 1882 840 2143 881; x_wconf 63' lang='lat' dir='ltr'>noscere,</span> 
     </span>
    </p>
   </div>
   <div class='ocr_carea' id='block_1_9' title="bbox 534 918 2135 984">
    <p class='ocr_par' dir='ltr' id='par_1_9' title="bbox 534 918 2135 984">
     <span class='ocr_line' id='line_1_9' title="bbox 534 918 2135 984; baseline 0.001 -14"><span class='ocrx_word' id='word_1_54' title='bbox 534 919 933 971; x_wconf 73' lang='lat' dir='ltr'>intellectualis</span> <span class='ocrx_word' id='word_1_55' title='bbox 974 924 1198 971; x_wconf 66' lang='lat' dir='ltr'>naturis</span> <span class='ocrx_word' id='word_1_56' title='bbox 1223 921 1331 971; x_wconf 90' lang='lat' dir='ltr'>est.</span> <span class='ocrx_word' id='word_1_57' title='bbox 1356 918 1648 981; x_wconf 87' lang='lat' dir='ltr'>Quidquid</span> <span class='ocrx_word' id='word_1_58' title='bbox 1674 931 1809 984; x_wconf 87' lang='lat' dir='ltr'>ergo</span> <span class='ocrx_word' id='word_1_59' title='bbox 1843 920 2135 983; x_wconf 92' lang='lat' dir='ltr'>proprium</span> 
     </span>
    </p>
   </div>
   <div class='ocr_carea' id='block_1_10' title="bbox 533 1007 2140 1072">
    <p class='ocr_par' dir='ltr' id='par_1_10' title="bbox 533 1007 2140 1072">
     <span class='ocr_line' id='line_1_10' title="bbox 533 1007 2140 1072; baseline 0.001 -14"><span class='ocrx_word' id='word_1_60' title='bbox 533 1020 832 1072; x_wconf 82' lang='lat' dir='ltr'>corporum</span> <span class='ocrx_word' id='word_1_61' title='bbox 858 1012 965 1069; x_wconf 89' lang='lat' dir='ltr'>est,</span> <span class='ocrx_word' id='word_1_62' title='bbox 1000 1008 1109 1059; x_wconf 92' lang='lat' dir='ltr'>hoc</span> <span class='ocrx_word' id='word_1_63' title='bbox 1136 1020 1244 1059; x_wconf 92' lang='lat' dir='ltr'>nec</span> <span class='ocrx_word' id='word_1_64' title='bbox 1282 1007 1354 1059; x_wconf 92' lang='lat' dir='ltr'>de</span> <span class='ocrx_word' id='word_1_65' title='bbox 1391 1008 1575 1070; x_wconf 83' lang='lat' dir='ltr'>Patre,</span> <span class='ocrx_word' id='word_1_66' title='bbox 1600 1008 1707 1059; x_wconf 84' lang='lat' dir='ltr'>n‘ec</span> <span class='ocrx_word' id='word_1_67' title='bbox 1740 1008 1811 1059; x_wconf 88' lang='lat' dir='ltr'>de</span> <span class='ocrx_word' id='word_1_68' title='bbox 1836 1008 1975 1059; x_wconf 89' lang='lat' dir='ltr'>Filio</span> <span class='ocrx_word' id='word_1_69' title='bbox 2007 1022 2140 1060; x_wconf 88' lang='lat' dir='ltr'>sen-</span> 
     </span>
    </p>
   </div>
   <div class='ocr_carea' id='block_1_11' title="bbox 533 1096 2137 1161">
    <p class='ocr_par' dir='ltr' id='par_1_11' title="bbox 533 1096 2137 1161">
     <span class='ocr_line' id='line_1_11' title="bbox 533 1096 2137 1161; baseline 0.001 -13"><span class='ocrx_word' id='word_1_70' title='bbox 533 1096 790 1148; x_wconf 86' lang='lat' dir='ltr'>tiendum</span> <span class='ocrx_word' id='word_1_71' title='bbox 828 1101 936 1147; x_wconf 90' lang='lat' dir='ltr'>est.</span> <span class='ocrx_word' id='word_1_72' title='bbox 956 1096 1119 1156; x_wconf 89' lang='lat' dir='ltr'>Quod</span> <span class='ocrx_word' id='word_1_73' title='bbox 1137 1109 1275 1147; x_wconf 89' lang='lat' dir='ltr'>vero</span> <span class='ocrx_word' id='word_1_74' title='bbox 1290 1096 1362 1147; x_wconf 91' lang='lat' dir='ltr'>ad</span> <span class='ocrx_word' id='word_1_75' title='bbox 1379 1100 1641 1148; x_wconf 91' lang='lat' dir='ltr'>naturam</span> <span class='ocrx_word' id='word_1_76' title='bbox 1667 1097 1914 1161; x_wconf 83' lang='lat' dir='ltr'>pertinet</span> <span class='ocrx_word' id='word_1_77' title='bbox 1946 1098 2137 1149; x_wconf 87' lang='lat' dir='ltr'>Deita—</span> 
     </span>
    </p>
   </div>
   <div class='ocr_carea' id='block_1_12' title="bbox 532 1184 2137 1249">
    <p class='ocr_par' dir='ltr' id='par_1_12' title="bbox 532 1184 2137 1249">
     <span class='ocr_line' id='line_1_12' title="bbox 532 1184 2137 1249; baseline 0.001 -14"><span class='ocrx_word' id='word_1_78' title='bbox 532 1184 627 1249; x_wconf 88' lang='lat' dir='ltr'>tis,</span> <span class='ocrx_word' id='word_1_79' title='bbox 673 1184 784 1236; x_wconf 88' lang='lat' dir='ltr'>hoc</span> <span class='ocrx_word' id='word_1_80' title='bbox 811 1184 962 1236; x_wconf 91' lang='lat' dir='ltr'>inter</span> <span class='ocrx_word' id='word_1_81' title='bbox 999 1187 1224 1235; x_wconf 88' lang='lat' dir='ltr'>Patrem</span> <span class='ocrx_word' id='word_1_82' title='bbox 1257 1187 1315 1236; x_wconf 88' lang='lat' dir='ltr'>et</span> <span class='ocrx_word' id='word_1_83' title='bbox 1357 1186 1543 1236; x_wconf 87' lang='lat' dir='ltr'>Flium</span> <span class='ocrx_word' id='word_1_84' title='bbox 1591 1191 1834 1237; x_wconf 85' lang='lat' dir='ltr'>constat.</span> <span class='ocrx_word' id='word_1_85' title='bbox 1878 1188 2137 1249; x_wconf 88' lang='lat' dir='ltr'>Denique</span> 
     </span>
    </p>
   </div>
   <div class='ocr_carea' id='block_1_13' title="bbox 531 1272 2136 1338">
    <p class='ocr_par' dir='ltr' id='par_1_13' title="bbox 531 1272 2136 1338">
     <span class='ocr_line' id='line_1_13' title="bbox 531 1272 2136 1338; baseline 0.002 -15"><span class='ocrx_word' id='word_1_86' title='bbox 531 1273 705 1324; x_wconf 89' lang='lat' dir='ltr'>etiam</span> <span class='ocrx_word' id='word_1_87' title='bbox 720 1272 839 1337; x_wconf 91' lang='lat' dir='ltr'>ipse</span> <span class='ocrx_word' id='word_1_88' title='bbox 865 1272 926 1324; x_wconf 93' lang='lat' dir='ltr'>in</span> <span class='ocrx_word' id='word_1_89' title='bbox 954 1273 1263 1338; x_wconf 82' lang='lat' dir='ltr'>Evangelia</span> <span class='ocrx_word' id='word_1_90' title='bbox 1286 1286 1404 1325; x_wconf 91' lang='lat' dir='ltr'>non</span> <span class='ocrx_word' id='word_1_91' title='bbox 1428 1273 1599 1325; x_wconf 82' lang='lat' dir='ltr'>dixit:</span> <span class='ocrx_word' id='word_1_92' title='bbox 1634 1274 1771 1337; x_wconf 83' lang='lat' dir='ltr'>quia</span> <span class='ocrx_word' id='word_1_93' title='bbox 1783 1288 1954 1325; x_wconf 91' lang='lat' dir='ltr'>nemo</span> <span class='ocrx_word' id='word_1_94' title='bbox 1988 1275 2136 1327; x_wconf 91' lang='lat' dir='ltr'>vidit</span> 
     </span>
    </p>
   </div>
   <div class='ocr_carea' id='block_1_14' title="bbox 531 1359 2134 1426">
    <p class='ocr_par' dir='ltr' id='par_1_14' title="bbox 531 1359 2134 1426">
     <span class='ocr_line' id='line_1_14' title="bbox 531 1359 2134 1426; baseline 0.004 -17"><span class='ocrx_word' id='word_1_95' title='bbox 531 1359 635 1424; x_wconf 77' lang='grc' dir='ltr'>[Αἱ.</span> <span class='ocrx_word' id='word_1_96' title='bbox 663 1360 839 1425; x_wconf 83' lang='lat' dir='ltr'>videt]</span> <span class='ocrx_word' id='word_1_97' title='bbox 887 1361 1116 1413; x_wconf 88' lang='lat' dir='ltr'>Patrem</span> <span class='ocrx_word' id='word_1_98' title='bbox 1168 1362 1279 1413; x_wconf 90' lang='lat' dir='ltr'>nisi</span> <span class='ocrx_word' id='word_1_99' title='bbox 1304 1362 1502 1425; x_wconf 86' lang='lat' dir='ltr'>Filius,</span> <span class='ocrx_word' id='word_1_100' title='bbox 1553 1376 1746 1426; x_wconf 89' lang='lat' dir='ltr'>neque</span> <span class='ocrx_word' id='word_1_101' title='bbox 1793 1364 1977 1414; x_wconf 87' lang='lat' dir='ltr'>Flium</span> <span class='ocrx_word' id='word_1_102' title='bbox 2022 1364 2134 1415; x_wconf 87' lang='lat' dir='ltr'>nisi</span> 
     </span>
    </p>
   </div>
   <div class='ocr_carea' id='block_1_15' title="bbox 530 1450 2133 1517">
    <p class='ocr_par' dir='ltr' id='par_1_15' title="bbox 530 1450 2133 1517">
     <span class='ocr_line' id='line_1_15' title="bbox 530 1450 2133 1517; baseline 0.001 -16"><span class='ocrx_word' id='word_1_103' title='bbox 530 1450 730 1510; x_wconf 84' lang='lat' dir='ltr'>Pater;</span> <span class='ocrx_word' id='word_1_104' title='bbox 758 1450 860 1502; x_wconf 92' lang='lat' dir='ltr'>sed</span> <span class='ocrx_word' id='word_1_105' title='bbox 893 1450 991 1513; x_wconf 88' lang='lat' dir='ltr'>ait,</span> <span class='ocrx_word' id='word_1_106' title='bbox 1015 1451 1186 1501; x_wconf 81' lang='lat' dir='ltr'>Nemo</span> <span class='ocrx_word' id='word_1_107' title='bbox 1211 1452 1359 1501; x_wconf 89' lang='lat' dir='ltr'>novit</span> <span class='ocrx_word' id='word_1_108' title='bbox 1380 1452 1584 1502; x_wconf 79' lang='lat' dir='ltr'>Filium</span> <span class='ocrx_word' id='word_1_109' title='bbox 1602 1453 1711 1501; x_wconf 89' lang='lat' dir='ltr'>nisi</span> <span class='ocrx_word' id='word_1_110' title='bbox 1735 1453 1885 1502; x_wconf 72' lang='lat' dir='ltr'>Patet</span> <span class='ocrx_word' id='word_1_111' title='bbox 1915 1470 1928 1499; x_wconf 89' lang='lat'><strong><em>:</em></strong></span> <span class='ocrx_word' id='word_1_112' title='bbox 1963 1468 2133 1517; x_wconf 85' lang='lat' dir='ltr'>neque</span> 
     </span>
    </p>
   </div>
   <div class='ocr_carea' id='block_1_16' title="bbox 528 1537 2130 1605">
    <p class='ocr_par' dir='ltr' id='par_1_16' title="bbox 528 1537 2130 1605">
     <span class='ocr_line' id='line_1_16' title="bbox 528 1537 2130 1605; baseline 0.003 -18"><span class='ocrx_word' id='word_1_113' title='bbox 528 1537 747 1587; x_wconf 84' lang='lat' dir='ltr'>Patrem</span> <span class='ocrx_word' id='word_1_114' title='bbox 791 1539 913 1603; x_wconf 78' lang='lat' dir='ltr'>quis</span> <span class='ocrx_word' id='word_1_115' title='bbox 950 1540 1099 1589; x_wconf 85' lang='lat' dir='ltr'>novit</span> <span class='ocrx_word' id='word_1_116' title='bbox 1142 1540 1254 1589; x_wconf 90' lang='lat' dir='ltr'>nisi</span> <span class='ocrx_word' id='word_1_117' title='bbox 1295 1541 1468 1590; x_wconf 82' lang='lat' dir='ltr'>Filius</span> <span class='ocrx_word' id='word_1_118' title='bbox 1502 1543 1715 1604; x_wconf 84' lang='lat' dir='ltr'>(Matth.</span> <span class='ocrx_word' id='word_1_119' title='bbox 1743 1541 1866 1605; x_wconf 74' lang='lat'>11.).</span> <span class='ocrx_word' id='word_1_120' title='bbox 1900 1544 1985 1593; x_wconf 81' lang='lat' dir='ltr'>Ex</span> <span class='ocrx_word' id='word_1_121' title='bbox 2016 1555 2130 1605; x_wconf 90' lang='lat' dir='ltr'>quo</span> 
     </span>
    </p>
   </div>
   <div class='ocr_carea' id='block_1_17' title="bbox 528 1626 2129 1695">
    <p class='ocr_par' dir='ltr' id='par_1_17' title="bbox 528 1626 2129 1695">
     <span class='ocr_line' id='line_1_17' title="bbox 528 1626 2129 1695; baseline 0.004 -18"><span class='ocrx_word' id='word_1_122' title='bbox 528 1626 829 1679; x_wconf 82' lang='lat' dir='ltr'>manifeste</span> <span class='ocrx_word' id='word_1_123' title='bbox 863 1627 1167 1691; x_wconf 90' lang='lat' dir='ltr'>indicatur,</span> <span class='ocrx_word' id='word_1_124' title='bbox 1192 1628 1344 1692; x_wconf 90' lang='lat' dir='ltr'>quod</span> <span class='ocrx_word' id='word_1_125' title='bbox 1368 1630 1643 1694; x_wconf 89' lang='lat' dir='ltr'>quicquid</span> <span class='ocrx_word' id='word_1_126' title='bbox 1668 1630 1809 1682; x_wconf 89' lang='lat' dir='ltr'>inter</span> <span class='ocrx_word' id='word_1_127' title='bbox 1830 1643 2129 1695; x_wconf 90' lang='lat' dir='ltr'>corporeas</span> 
     </span>
    </p>
   </div>
   <div class='ocr_carea' id='block_1_18' title="bbox 2241 560 3843 625">
    <p class='ocr_par' dir='ltr' id='par_1_18' title="bbox 2241 560 3843 625">
     <span class='ocr_line' id='line_1_18' title="bbox 2241 560 3843 625; baseline 0.002 -17"><span class='ocrx_word' id='word_1_128' title='bbox 2241 562 2352 609; x_wconf 80' lang='lat' dir='ltr'>nisi</span> <span class='ocrx_word' id='word_1_129' title='bbox 2367 561 2537 610; x_wconf 77' lang='lat' dir='ltr'>Filius</span> <span class='ocrx_word' id='word_1_130' title='bbox 2550 562 2757 622; x_wconf 83' lang='lat' dir='ltr'>(Matth.</span> <span class='ocrx_word' id='word_1_131' title='bbox 2776 560 2861 615; x_wconf 84' lang='grc'>11.</span> <span class='ocrx_word' id='word_1_132' title='bbox 2887 560 2993 623; x_wconf 74' lang='lat'>27.)</span> <span class='ocrx_word' id='word_1_133' title='bbox 3022 581 3033 609; x_wconf 76' lang='grc' dir='ltr'><strong>ε</strong></span> <span class='ocrx_word' id='word_1_134' title='bbox 3061 574 3291 612; x_wconf 87' lang='lat' dir='ltr'>omnem</span> <span class='ocrx_word' id='word_1_135' title='bbox 3316 573 3454 625; x_wconf 86' lang='lat' dir='ltr'>ergo</span> <span class='ocrx_word' id='word_1_136' title='bbox 3476 560 3843 612; x_wconf 84' lang='lat' dir='ltr'>occasionem</span> 
     </span>
    </p>
   </div>
   <div class='ocr_carea' id='block_1_19' title="bbox 2243 649 3847 713">
    <p class='ocr_par' dir='ltr' id='par_1_19' title="bbox 2243 649 3847 713">
     <span class='ocr_line' id='line_1_19' title="bbox 2243 649 3847 713; baseline -0.001 -13"><span class='ocrx_word' id='word_1_137' title='bbox 2243 650 2581 713; x_wconf 87' lang='lat' dir='ltr'>supradictis</span> <span class='ocrx_word' id='word_1_138' title='bbox 2597 650 2919 702; x_wconf 66' lang='lat' dir='ltr'>hmresibus</span> <span class='ocrx_word' id='word_1_139' title='bbox 2939 650 3177 702; x_wconf 88' lang='lat' dir='ltr'>credidit</span> <span class='ocrx_word' id='word_1_140' title='bbox 3195 650 3641 710; x_wconf 79' lang='lat' dir='ltr'>excludendam,</span> <span class='ocrx_word' id='word_1_141' title='bbox 3662 649 3716 699; x_wconf 90' lang='lat' dir='ltr'>si</span> <span class='ocrx_word' id='word_1_142' title='bbox 3734 661 3847 700; x_wconf 86' lang='lat' dir='ltr'>no-</span> 
     </span>
    </p>
   </div>
   <div class='ocr_carea' id='block_1_20' title="bbox 2243 739 3847 804">
    <p class='ocr_par' dir='ltr' id='par_1_20' title="bbox 2243 739 3847 804">
     <span class='ocr_line' id='line_1_20' title="bbox 2243 739 3847 804; baseline -0.002 -14"><span class='ocrx_word' id='word_1_143' title='bbox 2243 740 2455 790; x_wconf 90' lang='lat' dir='ltr'>tionem</span> <span class='ocrx_word' id='word_1_144' title='bbox 2472 740 2531 790; x_wconf 93' lang='lat' dir='ltr'>in</span> <span class='ocrx_word' id='word_1_145' title='bbox 2542 743 2746 791; x_wconf 87' lang='lat' dir='ltr'>natura</span> <span class='ocrx_word' id='word_1_146' title='bbox 2762 740 3000 791; x_wconf 86' lang='lat' dir='ltr'>Deitatis</span> <span class='ocrx_word' id='word_1_147' title='bbox 3025 741 3215 804; x_wconf 88' lang='lat' dir='ltr'>potius</span> <span class='ocrx_word' id='word_1_148' title='bbox 3237 739 3471 803; x_wconf 87' lang='lat' dir='ltr'>diceret,</span> <span class='ocrx_word' id='word_1_149' title='bbox 3484 751 3669 803; x_wconf 90' lang='lat' dir='ltr'>quam</span> <span class='ocrx_word' id='word_1_150' title='bbox 3698 741 3847 786; x_wconf 73' lang='lat' dir='ltr'>visio-</span> 
     </span>
    </p>
   </div>
   <div class='ocr_carea' id='block_1_21' title="bbox 2241 829 3847 892">
    <p class='ocr_par' dir='ltr' id='par_1_21' title="bbox 2241 829 3847 892">
     <span class='ocr_line' id='line_1_21' title="bbox 2241 829 3847 892; baseline -0.003 -13"><span class='ocrx_word' id='word_1_151' title='bbox 2241 841 2393 885; x_wconf 90' lang='lat' dir='ltr'>nem,</span> <span class='ocrx_word' id='word_1_152' title='bbox 2418 829 2557 880; x_wconf 92' lang='lat' dir='ltr'>dum</span> <span class='ocrx_word' id='word_1_153' title='bbox 2575 829 2721 880; x_wconf 86' lang='lat' dir='ltr'>visio</span> <span class='ocrx_word' id='word_1_154' title='bbox 2733 830 3094 881; x_wconf 91' lang='lat' dir='ltr'>occasionem</span> <span class='ocrx_word' id='word_1_155' title='bbox 3116 829 3365 892; x_wconf 86' lang='lat' dir='ltr'>aliquam</span> <span class='ocrx_word' id='word_1_156' title='bbox 3389 829 3655 892; x_wconf 61' lang='lat' dir='ltr'>praebere</span> <span class='ocrx_word' id='word_1_157' title='bbox 3679 830 3847 875; x_wconf 79' lang='lat' dir='ltr'>videa-</span> 
     </span>
    </p>
   </div>
   <div class='ocr_carea' id='block_1_22' title="bbox 2241 917 3843 970">
    <p class='ocr_par' dir='ltr' id='par_1_22' title="bbox 2241 917 3843 970">
     <span class='ocr_line' id='line_1_22' title="bbox 2241 917 3843 970; baseline -0.002 -3"><span class='ocrx_word' id='word_1_158' title='bbox 2241 921 2334 968; x_wconf 86' lang='lat' dir='ltr'>tur</span> <span class='ocrx_word' id='word_1_159' title='bbox 2353 917 2653 968; x_wconf 64' lang='lat' dir='ltr'>haereticis.</span> <span class='ocrx_word' id='word_1_160' title='bbox 2674 918 2841 969; x_wconf 81' lang='lat' dir='ltr'>Notio</span> <span class='ocrx_word' id='word_1_161' title='bbox 2871 930 3003 970; x_wconf 89' lang='lat' dir='ltr'>vero</span> <span class='ocrx_word' id='word_1_162' title='bbox 3026 919 3201 969; x_wconf 89' lang='lat' dir='ltr'>unius</span> <span class='ocrx_word' id='word_1_163' title='bbox 3230 923 3453 969; x_wconf 67' lang='lat' dir='ltr'>naturai</span> <span class='ocrx_word' id='word_1_164' title='bbox 3476 917 3627 968; x_wconf 88' lang='lat' dir='ltr'>inter</span> <span class='ocrx_word' id='word_1_165' title='bbox 3653 921 3843 965; x_wconf 86' lang='lat' dir='ltr'>Patrem</span> 
     </span>
    </p>
   </div>
   <div class='ocr_carea' id='block_1_23' title="bbox 2239 1007 3850 1070">
    <p class='ocr_par' dir='ltr' id='par_1_23' title="bbox 2239 1007 3850 1070">
     <span class='ocr_line' id='line_1_23' title="bbox 2239 1007 3850 1070; baseline -0.001 -12"><span class='ocrx_word' id='word_1_166' title='bbox 2239 1012 2296 1058; x_wconf 89' lang='lat' dir='ltr'>et</span> <span class='ocrx_word' id='word_1_167' title='bbox 2319 1007 2523 1058; x_wconf 87' lang='lat' dir='ltr'>Filium</span> <span class='ocrx_word' id='word_1_168' title='bbox 2549 1012 2743 1059; x_wconf 89' lang='lat' dir='ltr'>servat</span> <span class='ocrx_word' id='word_1_169' title='bbox 2760 1016 2779 1037; x_wconf 74' lang='grc' dir='ltr'><strong><em>ο</em></strong></span> <span class='ocrx_word' id='word_1_170' title='bbox 2802 1008 3285 1059; x_wconf 87' lang='lat' dir='ltr'>indissociabilem</span> <span class='ocrx_word' id='word_1_171' title='bbox 3323 1008 3628 1059; x_wconf 85' lang='lat' dir='ltr'>veritatem</span> <span class='ocrx_word' id='word_1_172' title='bbox 3658 1021 3672 1057; x_wconf 94' lang='lat'>:</span> <span class='ocrx_word' id='word_1_173' title='bbox 3700 1018 3850 1070; x_wconf 63' lang='lat' dir='ltr'>pra:-</span> 
     </span>
    </p>
   </div>
   <div class='ocr_carea' id='block_1_24' title="bbox 2237 1095 3849 1161">
    <p class='ocr_par' dir='ltr' id='par_1_24' title="bbox 2237 1095 3849 1161">
     <span class='ocr_line' id='line_1_24' title="bbox 2237 1095 3849 1161; baseline 0 -16"><span class='ocrx_word' id='word_1_174' title='bbox 2237 1095 2423 1158; x_wconf 88' lang='lat' dir='ltr'>cipue.</span> <span class='ocrx_word' id='word_1_175' title='bbox 2454 1096 2589 1159; x_wconf 89' lang='lat' dir='ltr'>quia</span> <span class='ocrx_word' id='word_1_176' title='bbox 2624 1096 2915 1161; x_wconf 81' lang='lat' dir='ltr'>Evangelii</span> <span class='ocrx_word' id='word_1_177' title='bbox 2952 1097 3083 1148; x_wconf 87' lang='lat' dir='ltr'>talis</span> <span class='ocrx_word' id='word_1_178' title='bbox 3105 1096 3417 1148; x_wconf 88' lang='lat' dir='ltr'>auctoritas</span> <span class='ocrx_word' id='word_1_179' title='bbox 3440 1098 3547 1147; x_wconf 89' lang='lat' dir='ltr'>est.</span> <span class='ocrx_word' id='word_1_180' title='bbox 3573 1095 3767 1147; x_wconf 91' lang='lat' dir='ltr'>Simul</span> <span class='ocrx_word' id='word_1_181' title='bbox 3789 1098 3849 1146; x_wconf 88' lang='lat' dir='ltr'>et</span> 
     </span>
    </p>
   </div>
   <div class='ocr_carea' id='block_1_25' title="bbox 2236 1184 3848 1249">
    <p class='ocr_par' dir='ltr' id='par_1_25' title="bbox 2236 1184 3848 1249">
     <span class='ocr_line' id='line_1_25' title="bbox 2236 1184 3848 1249; baseline 0 -14"><span class='ocrx_word' id='word_1_182' title='bbox 2236 1184 2475 1236; x_wconf 70' lang='lat' dir='ltr'>cautela:</span> <span class='ocrx_word' id='word_1_183' title='bbox 2496 1198 2593 1249; x_wconf 88' lang='lat' dir='ltr'>per</span> <span class='ocrx_word' id='word_1_184' title='bbox 2624 1185 2733 1237; x_wconf 91' lang='lat' dir='ltr'>hoc</span> <span class='ocrx_word' id='word_1_185' title='bbox 2748 1185 3057 1249; x_wconf 88' lang='lat' dir='ltr'>plurimum</span> <span class='ocrx_word' id='word_1_186' title='bbox 3074 1185 3310 1237; x_wconf 90' lang='lat' dir='ltr'>credidit</span> <span class='ocrx_word' id='word_1_187' title='bbox 3332 1185 3467 1249; x_wconf 90' lang='lat' dir='ltr'>fore,</span> <span class='ocrx_word' id='word_1_188' title='bbox 3484 1198 3560 1237; x_wconf 92' lang='lat' dir='ltr'>ne</span> <span class='ocrx_word' id='word_1_189' title='bbox 3585 1184 3848 1235; x_wconf 86' lang='lat' dir='ltr'>Anthro-</span> 
     </span>
    </p>
   </div>
   <div class='ocr_carea' id='block_1_26' title="bbox 2234 1274 3844 1338">
    <p class='ocr_par' dir='ltr' id='par_1_26' title="bbox 2234 1274 3844 1338">
     <span class='ocr_line' id='line_1_26' title="bbox 2234 1274 3844 1338; baseline -0.003 -13"><span class='ocrx_word' id='word_1_190' title='bbox 2234 1274 2629 1338; x_wconf 68' lang='lat' dir='ltr'>pomorphitae,</span> <span class='ocrx_word' id='word_1_191' title='bbox 2647 1287 2878 1338; x_wconf 90' lang='lat' dir='ltr'>quoquo</span> <span class='ocrx_word' id='word_1_192' title='bbox 2890 1276 3059 1326; x_wconf 85' lang='lat' dir='ltr'>modo</span> <span class='ocrx_word' id='word_1_193' title='bbox 3083 1275 3353 1327; x_wconf 89' lang='lat' dir='ltr'>audirent</span> <span class='ocrx_word' id='word_1_194' title='bbox 3363 1274 3648 1326; x_wconf 87' lang='lat' dir='ltr'>visibilem</span> <span class='ocrx_word' id='word_1_195' title='bbox 3665 1276 3844 1323; x_wconf 85' lang='lat' dir='ltr'>Deum.</span> 
     </span>
    </p>
   </div>
   <div class='ocr_carea' id='block_1_27' title="bbox 2234 1363 3843 1427">
    <p class='ocr_par' dir='ltr' id='par_1_27' title="bbox 2234 1363 3843 1427">
     <span class='ocr_line' id='line_1_27' title="bbox 2234 1363 3843 1427; baseline -0.001 -15"><span class='ocrx_word' id='word_1_196' title='bbox 2234 1363 2373 1413; x_wconf 66' lang='lat' dir='ltr'>Haec</span> <span class='ocrx_word' id='word_1_197' title='bbox 2398 1363 2561 1425; x_wconf 86' lang='lat' dir='ltr'>ratio,</span> <span class='ocrx_word' id='word_1_198' title='bbox 2584 1364 2720 1427; x_wconf 89' lang='lat' dir='ltr'>quia</span> <span class='ocrx_word' id='word_1_199' title='bbox 2740 1377 2858 1415; x_wconf 92' lang='lat' dir='ltr'>non</span> <span class='ocrx_word' id='word_1_200' title='bbox 2894 1365 3134 1415; x_wconf 81' lang='lat' dir='ltr'>faciebat</span> <span class='ocrx_word' id='word_1_201' title='bbox 3172 1364 3423 1427; x_wconf 83' lang='lat' dir='ltr'>aliquam</span> <span class='ocrx_word' id='word_1_202' title='bbox 3447 1363 3843 1414; x_wconf 73' lang='lat' dir='ltr'>differentiam</span> 
     </span>
    </p>
   </div>
   <div class='ocr_carea' id='block_1_28' title="bbox 2233 1451 3845 1516">
    <p class='ocr_par' dir='ltr' id='par_1_28' title="bbox 2233 1451 3845 1516">
     <span class='ocr_line' id='line_1_28' title="bbox 2233 1451 3845 1516; baseline 0.001 -16"><span class='ocrx_word' id='word_1_203' title='bbox 2233 1451 2543 1512; x_wconf 88' lang='lat' dir='ltr'>Trinitatis,</span> <span class='ocrx_word' id='word_1_204' title='bbox 2570 1452 2697 1505; x_wconf 88' lang='lat' dir='ltr'>visa</span> <span class='ocrx_word' id='word_1_205' title='bbox 2716 1452 2861 1504; x_wconf 84' lang='lat' dir='ltr'>mihi</span> <span class='ocrx_word' id='word_1_206' title='bbox 2900 1457 2990 1504; x_wconf 90' lang='lat' dir='ltr'>est</span> <span class='ocrx_word' id='word_1_207' title='bbox 3014 1466 3131 1504; x_wconf 92' lang='lat' dir='ltr'>non</span> <span class='ocrx_word' id='word_1_208' title='bbox 3153 1452 3359 1504; x_wconf 89' lang='lat' dir='ltr'>debere</span> <span class='ocrx_word' id='word_1_209' title='bbox 3382 1452 3613 1516; x_wconf 88' lang='lat' dir='ltr'>penitus</span> <span class='ocrx_word' id='word_1_210' title='bbox 3642 1452 3845 1514; x_wconf 88' lang='lat' dir='ltr'>abjici,</span> 
     </span>
    </p>
   </div>
   <div class='ocr_carea' id='block_1_29' title="bbox 2231 1540 3845 1604">
    <p class='ocr_par' dir='ltr' id='par_1_29' title="bbox 2231 1540 3845 1604">
     <span class='ocr_line' id='line_1_29' title="bbox 2231 1540 3845 1604; baseline 0.001 -14"><span class='ocrx_word' id='word_1_211' title='bbox 2231 1540 2404 1591; x_wconf 87' lang='lat' dir='ltr'>etiam</span> <span class='ocrx_word' id='word_1_212' title='bbox 2430 1541 2477 1591; x_wconf 92' lang='lat' dir='ltr'>si</span> <span class='ocrx_word' id='word_1_213' title='bbox 2503 1542 2697 1604; x_wconf 88' lang='lat' dir='ltr'>aliqua</span> <span class='ocrx_word' id='word_1_214' title='bbox 2722 1543 2897 1594; x_wconf 90' lang='lat' dir='ltr'>verba</span> <span class='ocrx_word' id='word_1_215' title='bbox 2930 1542 2991 1593; x_wconf 92' lang='lat' dir='ltr'>in</span> <span class='ocrx_word' id='word_1_216' title='bbox 3023 1542 3220 1594; x_wconf 64' lang='lat' dir='ltr'>Graeco</span> <span class='ocrx_word' id='word_1_217' title='bbox 3248 1542 3539 1593; x_wconf 88' lang='lat' dir='ltr'>incautius</span> <span class='ocrx_word' id='word_1_218' title='bbox 3591 1540 3845 1592; x_wconf 82' lang='lat' dir='ltr'>fortasse</span> 
     </span>
    </p>
   </div>
   <div class='ocr_carea' id='block_1_30' title="bbox 2228 1629 3847 1694">
    <p class='ocr_par' dir='ltr' id='par_1_30' title="bbox 2228 1629 3847 1694">
     <span class='ocr_line' id='line_1_30' title="bbox 2228 1629 3847 1694; baseline 0.001 -15"><span class='ocrx_word' id='word_1_219' title='bbox 2228 1630 2431 1693; x_wconf 83' lang='lat' dir='ltr'>posita,</span> <span class='ocrx_word' id='word_1_220' title='bbox 2458 1630 2897 1683; x_wconf 87' lang='lat' dir='ltr'>declinavimus.</span> <span class='ocrx_word' id='word_1_221' title='bbox 2920 1632 3005 1683; x_wconf 90' lang='lat' dir='ltr'>Sit</span> <span class='ocrx_word' id='word_1_222' title='bbox 3028 1644 3166 1682; x_wconf 90' lang='lat' dir='ltr'>sane</span> <span class='ocrx_word' id='word_1_223' title='bbox 3189 1630 3381 1682; x_wconf 89' lang='lat' dir='ltr'>adhuc</span> <span class='ocrx_word' id='word_1_224' title='bbox 3426 1630 3486 1681; x_wconf 93' lang='lat' dir='ltr'>in</span> <span class='ocrx_word' id='word_1_225' title='bbox 3501 1629 3727 1694; x_wconf 85' lang='lat' dir='ltr'>judicio</span> <span class='ocrx_word' id='word_1_226' title='bbox 3762 1629 3847 1680; x_wconf 86' lang='lat' dir='ltr'>le-</span> 
     </span>
    </p>
   </div>
   <div class='ocr_carea' id='block_1_31' title="bbox 535 1713 3844 1819">
    <p class='ocr_par' dir='ltr' id='par_1_31' title="bbox 535 1713 3844 1819">
     <span class='ocr_line' id='line_1_31' title="bbox 535 1713 3844 1819; baseline 0.001 -56"><span class='ocrx_word' id='word_1_227' title='bbox 535 1713 640 1779; x_wconf 79' lang='grc' dir='ltr'>[Αἰ.</span> <span class='ocrx_word' id='word_1_228' title='bbox 678 1715 949 1781; x_wconf 90' lang='lat' dir='ltr'>corporisl</span> <span class='ocrx_word' id='word_1_229' title='bbox 997 1721 1237 1770; x_wconf 90' lang='lat' dir='ltr'>naturas</span> <span class='ocrx_word' id='word_1_230' title='bbox 1291 1718 1502 1784; x_wconf 89' lang='lat' dir='ltr'>videre,</span> <span class='ocrx_word' id='word_1_231' title='bbox 1553 1720 1645 1772; x_wconf 89' lang='lat' dir='ltr'>vel</span> <span class='ocrx_word' id='word_1_232' title='bbox 1685 1720 1790 1784; x_wconf 76' lang='lat' dir='ltr'>[AL</span> <span class='ocrx_word' id='word_1_233' title='bbox 1821 1721 1897 1785; x_wconf 90' lang='lat' dir='ltr'>et]</span> <span class='ocrx_word' id='word_1_234' title='bbox 1943 1720 2126 1772; x_wconf 89' lang='lat' dir='ltr'>videri</span> <span class='ocrx_word' id='word_1_235' title='bbox 2152 1719 2713 1819; x_wconf 86' lang='lat' dir='ltr'>Bgentium,utrum</span> <span class='ocrx_word' id='word_1_236' title='bbox 2729 1719 3844 1784; x_wconf 71' lang='lat' dir='ltr'>ethocadversumsupradictashazrcses</span> 
     </span>
    </p>
   </div>
   <div class='ocr_carea' id='block_1_32' title="bbox 530 1802 2127 1867">
    <p class='ocr_par' dir='ltr' id='par_1_32' title="bbox 530 1802 2127 1867">
     <span class='ocr_line' id='line_1_32' title="bbox 530 1802 2127 1867; baseline 0.005 -14"><span class='ocrx_word' id='word_1_237' title='bbox 530 1802 756 1867; x_wconf 85' lang='lat' dir='ltr'>dicitur,</span> <span class='ocrx_word' id='word_1_238' title='bbox 773 1805 883 1858; x_wconf 90' lang='lat' dir='ltr'>hoc</span> <span class='ocrx_word' id='word_1_239' title='bbox 914 1805 1062 1859; x_wconf 89' lang='lat' dir='ltr'>inter</span> <span class='ocrx_word' id='word_1_240' title='bbox 1074 1808 1299 1860; x_wconf 87' lang='lat' dir='ltr'>Patrem</span> <span class='ocrx_word' id='word_1_241' title='bbox 1316 1812 1373 1859; x_wconf 88' lang='lat' dir='ltr'>et</span> <span class='ocrx_word' id='word_1_242' title='bbox 1382 1808 1588 1860; x_wconf 83' lang='lat' dir='ltr'>Filium</span> <span class='ocrx_word' id='word_1_243' title='bbox 1602 1808 1625 1838; x_wconf 70' lang='grc' dir='ltr'>ι’</span> <span class='ocrx_word' id='word_1_244' title='bbox 1646 1822 1886 1861; x_wconf 91' lang='lat' dir='ltr'>noscere</span> <span class='ocrx_word' id='word_1_245' title='bbox 1922 1810 2127 1862; x_wconf 89' lang='lat' dir='ltr'>dicitur</span> 
     </span>
    </p>
   </div>
   <div class='ocr_carea' id='block_1_33' title="bbox 528 1893 2126 1963">
    <p class='ocr_par' dir='ltr' id='par_1_33' title="bbox 528 1893 2126 1963">
     <span class='ocr_line' id='line_1_33' title="bbox 528 1893 2126 1963; baseline 0.005 -20"><span class='ocrx_word' id='word_1_246' title='bbox 528 1893 588 1943; x_wconf 90' lang='lat' dir='ltr'>et</span> <span class='ocrx_word' id='word_1_247' title='bbox 618 1893 801 1958; x_wconf 91' lang='lat' dir='ltr'>nosci,</span> <span class='ocrx_word' id='word_1_248' title='bbox 826 1907 921 1955; x_wconf 90' lang='lat' dir='ltr'>per</span> <span class='ocrx_word' id='word_1_249' title='bbox 940 1895 1213 1949; x_wconf 87' lang='lat' dir='ltr'>virtutem</span> <span class='ocrx_word' id='word_1_250' title='bbox 1230 1897 1510 1962; x_wconf 64' lang='lat' dir='ltr'>scientiae,</span> <span class='ocrx_word' id='word_1_251' title='bbox 1525 1911 1642 1950; x_wconf 90' lang='lat' dir='ltr'>non</span> <span class='ocrx_word' id='word_1_252' title='bbox 1665 1911 1766 1963; x_wconf 88' lang='lat' dir='ltr'>per</span> <span class='ocrx_word' id='word_1_253' title='bbox 1780 1898 2126 1951; x_wconf 89' lang='lat' dir='ltr'>visibilitatis</span> 
     </span>
    </p>
   </div>
   <div class='ocr_carea' id='block_1_34' title="bbox 522 1980 2128 2054">
    <p class='ocr_par' dir='ltr' id='par_1_34' title="bbox 522 1980 2128 2054">
     <span class='ocr_line' id='line_1_34' title="bbox 522 1980 2128 2054; baseline 0.006 -23"><span class='ocrx_word' id='word_1_254' title='bbox 522 1980 907 2045; x_wconf 82' lang='lat' dir='ltr'>fragilitatem.</span> <span class='ocrx_word' id='word_1_255' title='bbox 958 1984 1101 2046; x_wconf 85' lang='lat' dir='ltr'>Quia</span> <span class='ocrx_word' id='word_1_256' title='bbox 1138 1998 1272 2050; x_wconf 88' lang='lat' dir='ltr'>ergo</span> <span class='ocrx_word' id='word_1_257' title='bbox 1321 1986 1393 2039; x_wconf 89' lang='lat' dir='ltr'>de</span> <span class='ocrx_word' id='word_1_258' title='bbox 1435 1987 1771 2051; x_wconf 89' lang='lat' dir='ltr'>incorporea</span> <span class='ocrx_word' id='word_1_259' title='bbox 1806 1993 2031 2054; x_wconf 87' lang='lat' dir='ltr'>natura,</span> <span class='ocrx_word' id='word_1_260' title='bbox 2069 1994 2128 2040; x_wconf 91' lang='lat' dir='ltr'>et</span> 
     </span>
    </p>
   </div>
   <div class='ocr_carea' id='block_1_35' title="bbox 522 2067 2126 2141">
    <p class='ocr_par' dir='ltr' id='par_1_35' title="bbox 522 2067 2126 2141">
     <span class='ocr_line' id='line_1_35' title="bbox 522 2067 2126 2141; baseline 0.007 -22"><span class='ocrx_word' id='word_1_261' title='bbox 522 2067 832 2135; x_wconf 89' lang='lat' dir='ltr'>invisibili,</span> <span class='ocrx_word' id='word_1_262' title='bbox 890 2085 999 2124; x_wconf 91' lang='lat' dir='ltr'>nec</span> <span class='ocrx_word' id='word_1_263' title='bbox 1058 2073 1252 2126; x_wconf 88' lang='lat' dir='ltr'>videre</span> <span class='ocrx_word' id='word_1_264' title='bbox 1302 2076 1525 2141; x_wconf 89' lang='lat' dir='ltr'>proprie</span> <span class='ocrx_word' id='word_1_265' title='bbox 1580 2076 1822 2141; x_wconf 88' lang='lat' dir='ltr'>dicitur,</span> <span class='ocrx_word' id='word_1_266' title='bbox 1874 2090 1982 2129; x_wconf 91' lang='lat' dir='ltr'>nec</span> <span class='ocrx_word' id='word_1_267' title='bbox 2036 2077 2126 2129; x_wconf 90' lang='lat' dir='ltr'>vi-</span> 
     </span>
    </p>
   </div>
   <div class='ocr_carea' id='block_1_36' title="bbox 519 2158 2127 2231">
    <p class='ocr_par' dir='ltr' id='par_1_36' title="bbox 519 2158 2127 2231">
     <span class='ocr_line' id='line_1_36' title="bbox 519 2158 2127 2231; baseline 0.007 -22"><span class='ocrx_word' id='word_1_268' title='bbox 519 2158 659 2220; x_wconf 90' lang='lat' dir='ltr'>deri,</span> <span class='ocrx_word' id='word_1_269' title='bbox 706 2158 916 2212; x_wconf 89' lang='lat' dir='ltr'>idcirco</span> <span class='ocrx_word' id='word_1_270' title='bbox 956 2175 1142 2226; x_wconf 91' lang='lat' dir='ltr'>neque</span> <span class='ocrx_word' id='word_1_271' title='bbox 1177 2165 1343 2216; x_wconf 88' lang='lat' dir='ltr'>Pater</span> <span class='ocrx_word' id='word_1_272' title='bbox 1384 2178 1419 2216; x_wconf 88' lang='lat' dir='ltr'>a</span> <span class='ocrx_word' id='word_1_273' title='bbox 1451 2166 1608 2230; x_wconf 87' lang='lat' dir='ltr'>Filio,</span> <span class='ocrx_word' id='word_1_274' title='bbox 1654 2177 1841 2231; x_wconf 90' lang='lat' dir='ltr'>neque</span> <span class='ocrx_word' id='word_1_275' title='bbox 1886 2168 2047 2220; x_wconf 83' lang='lat' dir='ltr'>Flius</span> <span class='ocrx_word' id='word_1_276' title='bbox 2092 2181 2127 2220; x_wconf 89' lang='lat' dir='ltr'>a</span> 
     </span>
    </p>
   </div>
   <div class='ocr_carea' id='block_1_37' title="bbox 519 2247 2121 2319">
    <p class='ocr_par' dir='ltr' id='par_1_37' title="bbox 519 2247 2121 2319">
     <span class='ocr_line' id='line_1_37' title="bbox 519 2247 2121 2319; baseline 0.007 -21"><span class='ocrx_word' id='word_1_277' title='bbox 519 2247 705 2309; x_wconf 87' lang='lat' dir='ltr'>Patre,</span> <span class='ocrx_word' id='word_1_278' title='bbox 730 2248 909 2301; x_wconf 90' lang='lat' dir='ltr'>videri</span> <span class='ocrx_word' id='word_1_279' title='bbox 941 2250 1000 2302; x_wconf 91' lang='lat' dir='ltr'>in</span> <span class='ocrx_word' id='word_1_280' title='bbox 1034 2253 1344 2317; x_wconf 80' lang='lat' dir='ltr'>Evangelia</span> <span class='ocrx_word' id='word_1_281' title='bbox 1367 2253 1595 2317; x_wconf 88' lang='lat' dir='ltr'>dicitur,</span> <span class='ocrx_word' id='word_1_282' title='bbox 1622 2256 1720 2307; x_wconf 91' lang='lat' dir='ltr'>sed</span> <span class='ocrx_word' id='word_1_283' title='bbox 1754 2257 1932 2308; x_wconf 91' lang='lat' dir='ltr'>nosci.</span> <span class='ocrx_word' id='word_1_284' title='bbox 1959 2258 2121 2319; x_wconf 91' lang='lat' dir='ltr'>Quod</span> 
     </span>
    </p>
   </div>
   <div class='ocr_carea' id='block_1_38' title="bbox 514 2335 2119 2408">
    <p class='ocr_par' dir='ltr' id='par_1_38' title="bbox 514 2335 2119 2408">
     <span class='ocr_line' id='line_1_38' title="bbox 514 2335 2119 2408; baseline 0.006 -21"><span class='ocrx_word' id='word_1_285' title='bbox 514 2335 566 2387; x_wconf 93' lang='lat' dir='ltr'>si</span> <span class='ocrx_word' id='word_1_286' title='bbox 625 2341 909 2403; x_wconf 89' lang='lat' dir='ltr'>proponat</span> <span class='ocrx_word' id='word_1_287' title='bbox 971 2341 1140 2392; x_wconf 90' lang='lat' dir='ltr'>nobis</span> <span class='ocrx_word' id='word_1_288' title='bbox 1194 2341 1421 2407; x_wconf 86' lang='lat' dir='ltr'>aliquis,</span> <span class='ocrx_word' id='word_1_289' title='bbox 1488 2357 1663 2408; x_wconf 87' lang='lat' dir='ltr'>quare</span> <span class='ocrx_word' id='word_1_290' title='bbox 1718 2345 1933 2397; x_wconf 91' lang='lat' dir='ltr'>dictum</span> <span class='ocrx_word' id='word_1_291' title='bbox 1994 2353 2119 2399; x_wconf 90' lang='lat' dir='ltr'>est:</span> 
     </span>
    </p>
   </div>
   <div class='ocr_carea' id='block_1_39' title="bbox 512 2423 2125 2498">
    <p class='ocr_par' dir='ltr' id='par_1_39' title="bbox 512 2423 2125 2498">
     <span class='ocr_line' id='line_1_39' title="bbox 512 2423 2125 2498; baseline 0.007 -24"><span class='ocrx_word' id='word_1_292' title='bbox 512 2423 669 2475; x_wconf 85' lang='lat' dir='ltr'>Beati</span> <span class='ocrx_word' id='word_1_293' title='bbox 711 2428 919 2478; x_wconf 85' lang='lat' dir='ltr'>mundo</span> <span class='ocrx_word' id='word_1_294' title='bbox 963 2430 1138 2493; x_wconf 80' lang='lat' dir='ltr'>corde,</span> <span class='ocrx_word' id='word_1_295' title='bbox 1183 2433 1449 2495; x_wconf 82' lang='lat' dir='ltr'>quoniam</span> <span class='ocrx_word' id='word_1_296' title='bbox 1496 2434 1603 2498; x_wconf 84' lang='lat' dir='ltr'>ipsi</span> <span class='ocrx_word' id='word_1_297' title='bbox 1651 2435 1821 2485; x_wconf 86' lang='lat' dir='ltr'>Deum</span> <span class='ocrx_word' id='word_1_298' title='bbox 1870 2435 2125 2485; x_wconf 78' lang='lat' dir='ltr'>videbunt</span> 
     </span>
    </p>
   </div>
   <div class='ocr_carea' id='block_1_40' title="bbox 518 2514 2122 2589">
    <p class='ocr_par' dir='ltr' id='par_1_40' title="bbox 518 2514 2122 2589">
     <span class='ocr_line' id='line_1_40' title="bbox 518 2514 2122 2589; baseline 0.01 -27"><span class='ocrx_word' id='word_1_299' title='bbox 518 2514 732 2575; x_wconf 87' lang='lat' dir='ltr'>(Matth.</span> <span class='ocrx_word' id='word_1_300' title='bbox 758 2514 809 2569; x_wconf 84' lang='lat'>5.</span> <span class='ocrx_word' id='word_1_301' title='bbox 842 2516 913 2579; x_wconf 91' lang='lat'>8.)</span> <span class='ocrx_word' id='word_1_302' title='bbox 936 2520 963 2568; x_wconf 85' lang='lat'><strong>?</strong></span> <span class='ocrx_word' id='word_1_303' title='bbox 984 2519 1167 2571; x_wconf 87' lang='lat' dir='ltr'>multo</span> <span class='ocrx_word' id='word_1_304' title='bbox 1181 2521 1369 2586; x_wconf 89' lang='lat' dir='ltr'>magis</span> <span class='ocrx_word' id='word_1_305' title='bbox 1385 2535 1457 2573; x_wconf 85' lang='lat' dir='ltr'>ex</span> <span class='ocrx_word' id='word_1_306' title='bbox 1485 2523 1613 2584; x_wconf 90' lang='lat' dir='ltr'>hoc,</span> <span class='ocrx_word' id='word_1_307' title='bbox 1650 2529 1717 2576; x_wconf 89' lang='lat' dir='ltr'>ut</span> <span class='ocrx_word' id='word_1_308' title='bbox 1730 2537 1837 2589; x_wconf 89' lang='lat' dir='ltr'>ego</span> <span class='ocrx_word' id='word_1_309' title='bbox 1860 2526 2122 2589; x_wconf 86' lang='lat' dir='ltr'>arbitror,</span> 
     </span>
    </p>
   </div>
   <div class='ocr_carea' id='block_1_41' title="bbox 519 2603 2124 2675">
    <p class='ocr_par' dir='ltr' id='par_1_41' title="bbox 519 2603 2124 2675">
     <span class='ocr_line' id='line_1_41' title="bbox 519 2603 2124 2675; baseline 0.007 -24"><span class='ocrx_word' id='word_1_310' title='bbox 519 2603 764 2655; x_wconf 89' lang='lat' dir='ltr'>assertio</span> <span class='ocrx_word' id='word_1_311' title='bbox 778 2609 978 2657; x_wconf 87' lang='lat' dir='ltr'>nostra</span> <span class='ocrx_word' id='word_1_312' title='bbox 1005 2606 1342 2660; x_wconf 83' lang='lat' dir='ltr'>ﬂrmabitur.</span> <span class='ocrx_word' id='word_1_313' title='bbox 1366 2612 1507 2662; x_wconf 83' lang='lat' dir='ltr'>Nam</span> <span class='ocrx_word' id='word_1_314' title='bbox 1528 2612 1667 2675; x_wconf 89' lang='lat' dir='ltr'>quid</span> <span class='ocrx_word' id='word_1_315' title='bbox 1691 2612 1843 2665; x_wconf 87' lang='lat' dir='ltr'>aliud</span> <span class='ocrx_word' id='word_1_316' title='bbox 1865 2618 1955 2665; x_wconf 89' lang='lat' dir='ltr'>est</span> <span class='ocrx_word' id='word_1_317' title='bbox 1977 2618 2124 2664; x_wconf 87' lang='lat' dir='ltr'>corde</span> 
     </span>
    </p>
   </div>
   <div class='ocr_carea' id='block_1_42' title="bbox 520 2690 2123 2768">
    <p class='ocr_par' dir='ltr' id='par_1_42' title="bbox 520 2690 2123 2768">
     <span class='ocr_line' id='line_1_42' title="bbox 520 2690 2123 2768; baseline 0.007 -27"><span class='ocrx_word' id='word_1_318' title='bbox 520 2690 705 2741; x_wconf 90' lang='lat' dir='ltr'>Deum</span> <span class='ocrx_word' id='word_1_319' title='bbox 720 2692 933 2754; x_wconf 91' lang='lat' dir='ltr'>videre,</span> <span class='ocrx_word' id='word_1_320' title='bbox 945 2694 1056 2745; x_wconf 91' lang='lat' dir='ltr'>nisi</span> <span class='ocrx_word' id='word_1_321' title='bbox 1074 2694 1126 2762; x_wconf 86' lang='lat'><strong>3</strong></span> <span class='ocrx_word' id='word_1_322' title='bbox 1137 2694 1248 2763; x_wconf 78' lang='lat'>25</span> <span class='ocrx_word' id='word_1_323' title='bbox 1275 2699 1596 2750; x_wconf 90' lang='lat' dir='ltr'>secundum</span> <span class='ocrx_word' id='word_1_324' title='bbox 1608 2702 1763 2764; x_wconf 92' lang='lat' dir='ltr'>quod</span> <span class='ocrx_word' id='word_1_325' title='bbox 1788 2716 1961 2768; x_wconf 90' lang='lat' dir='ltr'>supra</span> <span class='ocrx_word' id='word_1_326' title='bbox 1975 2720 2123 2765; x_wconf 83' lang='lat' dir='ltr'>expo-</span> 
     </span>
    </p>
   </div>
   <div class='ocr_carea' id='block_1_43' title="bbox 525 2778 2123 2854">
    <p class='ocr_par' dir='ltr' id='par_1_43' title="bbox 525 2778 2123 2854">
     <span class='ocr_line' id='line_1_43' title="bbox 525 2778 2123 2854; baseline 0.008 -25"><span class='ocrx_word' id='word_1_327' title='bbox 525 2778 771 2843; x_wconf 88' lang='lat' dir='ltr'>suimus,</span> <span class='ocrx_word' id='word_1_328' title='bbox 792 2784 988 2833; x_wconf 86' lang='lat' dir='ltr'>mente</span> <span class='ocrx_word' id='word_1_329' title='bbox 1004 2795 1136 2834; x_wconf 92' lang='lat' dir='ltr'>eum</span> <span class='ocrx_word' id='word_1_330' title='bbox 1156 2785 1468 2852; x_wconf 87' lang='lat' dir='ltr'>intelligere</span> <span class='ocrx_word' id='word_1_331' title='bbox 1492 2793 1666 2852; x_wconf 90' lang='lat' dir='ltr'>atque</span> <span class='ocrx_word' id='word_1_332' title='bbox 1681 2803 2024 2854; x_wconf 86' lang='lat' dir='ltr'>cognoscere</span> <span class='ocrx_word' id='word_1_333' title='bbox 2037 2796 2064 2844; x_wconf 88' lang='lat'><strong>?</strong></span> <span class='ocrx_word' id='word_1_334' title='bbox 2094 2810 2123 2842; x_wconf 70' lang='grc' dir='ltr'>π</span> 
     </span>
    </p>
   </div>
   <div class='ocr_carea' id='block_1_44' title="bbox 586 2866 2123 2942">
    <p class='ocr_par' dir='ltr' id='par_1_44' title="bbox 586 2866 2123 2942">
     <span class='ocr_line' id='line_1_44' title="bbox 586 2866 2123 2942; baseline 0.008 -21"><span class='ocrx_word' id='word_1_335' title='bbox 586 2866 673 2921; x_wconf 89' lang='grc'>18.</span> <span class='ocrx_word' id='word_1_336' title='bbox 697 2869 855 2920; x_wconf 89' lang='lat' dir='ltr'>Istud</span> <span class='ocrx_word' id='word_1_337' title='bbox 887 2878 905 2899; x_wconf 72' lang='lat'><strong>&#39;</strong></span> <span class='ocrx_word' id='word_1_338' title='bbox 929 2874 1118 2936; x_wconf 89' lang='lat' dir='ltr'>caput,</span> <span class='ocrx_word' id='word_1_339' title='bbox 1144 2874 1295 2937; x_wconf 90' lang='lat' dir='ltr'>quod</span> <span class='ocrx_word' id='word_1_340' title='bbox 1332 2875 1477 2939; x_wconf 89' lang='lat' dir='ltr'>istis,</span> <span class='ocrx_word' id='word_1_341' title='bbox 1509 2879 1607 2942; x_wconf 92' lang='lat' dir='ltr'>qui</span> <span class='ocrx_word' id='word_1_342' title='bbox 1638 2879 1708 2929; x_wconf 90' lang='lat' dir='ltr'>ad</span> <span class='ocrx_word' id='word_1_343' title='bbox 1729 2880 2123 2934; x_wconf 90' lang='lat' dir='ltr'>insidiandum</span> 
     </span>
    </p>
   </div>
   <div class='ocr_carea' id='block_1_45' title="bbox 520 2955 2123 3032">
    <p class='ocr_par' dir='ltr' id='par_1_45' title="bbox 520 2955 2123 3032">
     <span class='ocr_line' id='line_1_45' title="bbox 520 2955 2123 3032; baseline 0.009 -24"><span class='ocrx_word' id='word_1_344' title='bbox 520 2955 664 3008; x_wconf 90' lang='lat' dir='ltr'>mihi</span> <span class='ocrx_word' id='word_1_345' title='bbox 681 2956 751 3008; x_wconf 91' lang='lat' dir='ltr'>de</span> <span class='ocrx_word' id='word_1_346' title='bbox 775 2956 1004 3011; x_wconf 88' lang='lat' dir='ltr'>Oriente</span> <span class='ocrx_word' id='word_1_347' title='bbox 1023 2964 1295 3015; x_wconf 85' lang='lat' dir='ltr'>transmis</span> <span class='ocrx_word' id='word_1_348' title='bbox 1319 2965 1531 3028; x_wconf 90' lang='lat' dir='ltr'>sisunt,</span> <span class='ocrx_word' id='word_1_349' title='bbox 1545 2979 1663 3020; x_wconf 90' lang='lat' dir='ltr'>non</span> <span class='ocrx_word' id='word_1_350' title='bbox 1680 2968 1868 3021; x_wconf 91' lang='lat' dir='ltr'>solum</span> <span class='ocrx_word' id='word_1_351' title='bbox 1890 2986 2123 3032; x_wconf 83' lang='lat' dir='ltr'>perversa</span> 
     </span>
    </p>
   </div>
   <div class='ocr_carea' id='block_1_46' title="bbox 2232 1805 3845 1875">
    <p class='ocr_par' dir='ltr' id='par_1_46' title="bbox 2232 1805 3845 1875">
     <span class='ocr_line' id='line_1_46' title="bbox 2232 1805 3845 1875; baseline -0.003 -12"><span class='ocrx_word' id='word_1_352' title='bbox 2232 1805 2409 1875; x_wconf 80' lang='lat'>326</span> <span class='ocrx_word' id='word_1_353' title='bbox 2435 1808 2586 1868; x_wconf 89' lang='lat' dir='ltr'>utile,</span> <span class='ocrx_word' id='word_1_354' title='bbox 2612 1814 2714 1861; x_wconf 88' lang='lat' dir='ltr'>aut</span> <span class='ocrx_word' id='word_1_355' title='bbox 2735 1809 2930 1861; x_wconf 90' lang='lat' dir='ltr'>minus</span> <span class='ocrx_word' id='word_1_356' title='bbox 2950 1809 3088 1860; x_wconf 90' lang='lat' dir='ltr'>utile</span> <span class='ocrx_word' id='word_1_357' title='bbox 3110 1808 3387 1860; x_wconf 90' lang='lat' dir='ltr'>videatur.</span> <span class='ocrx_word' id='word_1_358' title='bbox 3416 1810 3635 1860; x_wconf 87' lang='lat' dir='ltr'>Tamen</span> <span class='ocrx_word' id='word_1_359' title='bbox 3659 1820 3845 1872; x_wconf 85' lang='lat' dir='ltr'>pona-</span> 
     </span>
    </p>
   </div>
   <div class='ocr_carea' id='block_1_47' title="bbox 2226 1896 3844 1961">
    <p class='ocr_par' dir='ltr' id='par_1_47' title="bbox 2226 1896 3844 1961">
     <span class='ocr_line' id='line_1_47' title="bbox 2226 1896 3844 1961; baseline -0.001 -14"><span class='ocrx_word' id='word_1_360' title='bbox 2226 1909 2378 1960; x_wconf 87' lang='lat' dir='ltr'>mus,</span> <span class='ocrx_word' id='word_1_361' title='bbox 2402 1897 2422 1930; x_wconf 74' lang='grc' dir='ltr'><em>τ</em></span> <span class='ocrx_word' id='word_1_362' title='bbox 2437 1897 2591 1961; x_wconf 91' lang='lat' dir='ltr'>quod</span> <span class='ocrx_word' id='word_1_363' title='bbox 2616 1898 2786 1949; x_wconf 90' lang='lat' dir='ltr'>etiam</span> <span class='ocrx_word' id='word_1_364' title='bbox 2803 1897 2863 1949; x_wconf 90' lang='lat' dir='ltr'>hi</span> <span class='ocrx_word' id='word_1_365' title='bbox 2883 1897 2982 1961; x_wconf 91' lang='lat' dir='ltr'>qui</span> <span class='ocrx_word' id='word_1_366' title='bbox 2997 1902 3209 1949; x_wconf 88' lang='lat' dir='ltr'>norunt</span> <span class='ocrx_word' id='word_1_367' title='bbox 3234 1897 3306 1949; x_wconf 91' lang='lat' dir='ltr'>de</span> <span class='ocrx_word' id='word_1_368' title='bbox 3320 1897 3517 1959; x_wconf 89' lang='lat' dir='ltr'>literis,</span> <span class='ocrx_word' id='word_1_369' title='bbox 3556 1901 3615 1947; x_wconf 86' lang='lat' dir='ltr'>et</span> <span class='ocrx_word' id='word_1_370' title='bbox 3629 1896 3844 1960; x_wconf 82' lang='lat' dir='ltr'>hujus-</span> 
     </span>
    </p>
   </div>
   <div class='ocr_carea' id='block_1_48' title="bbox 2228 1984 3847 2051">
    <p class='ocr_par' dir='ltr' id='par_1_48' title="bbox 2228 1984 3847 2051">
     <span class='ocr_line' id='line_1_48' title="bbox 2228 1984 3847 2051; baseline 0 -15"><span class='ocrx_word' id='word_1_371' title='bbox 2228 1986 3021 2051; x_wconf 87' lang='lat' dir='ltr'>cemodisensibusjudicare,</span> <span class='ocrx_word' id='word_1_372' title='bbox 3046 1986 3257 2050; x_wconf 87' lang='lat' dir='ltr'>quibus</span> <span class='ocrx_word' id='word_1_373' title='bbox 3288 1998 3419 2038; x_wconf 93' lang='lat' dir='ltr'>cum</span> <span class='ocrx_word' id='word_1_374' title='bbox 3443 1985 3646 2050; x_wconf 86' lang='lat' dir='ltr'>peritia</span> <span class='ocrx_word' id='word_1_375' title='bbox 3668 1984 3847 2037; x_wconf 84' lang='lat' dir='ltr'>adest</span> 
     </span>
    </p>
   </div>
   <div class='ocr_carea' id='block_1_49' title="bbox 2227 2075 3846 2141">
    <p class='ocr_par' dir='ltr' id='par_1_49' title="bbox 2227 2075 3846 2141">
     <span class='ocr_line' id='line_1_49' title="bbox 2227 2075 3846 2141; baseline -0.001 -14"><span class='ocrx_word' id='word_1_376' title='bbox 2227 2079 2284 2127; x_wconf 91' lang='lat' dir='ltr'>et</span> <span class='ocrx_word' id='word_1_377' title='bbox 2303 2075 2471 2128; x_wconf 90' lang='lat' dir='ltr'>timor</span> <span class='ocrx_word' id='word_1_378' title='bbox 2485 2076 2586 2127; x_wconf 90' lang='lat' dir='ltr'>Dei</span> <span class='ocrx_word' id='word_1_379' title='bbox 2611 2091 2624 2127; x_wconf 92' lang='lat'><strong>:</strong></span> <span class='ocrx_word' id='word_1_380' title='bbox 2647 2076 2747 2140; x_wconf 91' lang='lat' dir='ltr'>qui</span> <span class='ocrx_word' id='word_1_381' title='bbox 2773 2076 2916 2127; x_wconf 89' lang='lat' dir='ltr'>nihil</span> <span class='ocrx_word' id='word_1_382' title='bbox 2939 2090 3038 2141; x_wconf 91' lang='lat' dir='ltr'>per</span> <span class='ocrx_word' id='word_1_383' title='bbox 3061 2076 3509 2139; x_wconf 89' lang='lat' dir='ltr'>contentionem,</span> <span class='ocrx_word' id='word_1_384' title='bbox 3527 2087 3725 2137; x_wconf 88' lang='lat' dir='ltr'>neque</span> <span class='ocrx_word' id='word_1_385' title='bbox 3740 2088 3846 2139; x_wconf 88' lang='lat' dir='ltr'>per</span> 
     </span>
    </p>
   </div>
   <div class='ocr_carea' id='block_1_50' title="bbox 2225 2164 3845 2230">
    <p class='ocr_par' dir='ltr' id='par_1_50' title="bbox 2225 2164 3845 2230">
     <span class='ocr_line' id='line_1_50' title="bbox 2225 2164 3845 2230; baseline 0 -15"><span class='ocrx_word' id='word_1_386' title='bbox 2225 2164 2455 2217; x_wconf 86' lang='lat' dir='ltr'>inanem</span> <span class='ocrx_word' id='word_1_387' title='bbox 2485 2165 2722 2230; x_wconf 75' lang='lat' dir='ltr'>gloriam</span> <span class='ocrx_word' id='word_1_388' title='bbox 2760 2170 2987 2230; x_wconf 88' lang='lat' dir='ltr'>gerunt,</span> <span class='ocrx_word' id='word_1_389' title='bbox 3008 2179 3254 2230; x_wconf 90' lang='lat' dir='ltr'>quorum</span> <span class='ocrx_word' id='word_1_390' title='bbox 3269 2165 3498 2218; x_wconf 89' lang='lat' dir='ltr'>animus</span> <span class='ocrx_word' id='word_1_391' title='bbox 3517 2168 3591 2216; x_wconf 92' lang='lat' dir='ltr'>ab</span> <span class='ocrx_word' id='word_1_392' title='bbox 3614 2164 3845 2217; x_wconf 89' lang='lat' dir='ltr'>invidia</span> 
     </span>
    </p>
   </div>
   <div class='ocr_carea' id='block_1_51' title="bbox 2226 2253 3845 2320">
    <p class='ocr_par' dir='ltr' id='par_1_51' title="bbox 2226 2253 3845 2320">
     <span class='ocr_line' id='line_1_51' title="bbox 2226 2253 3845 2320; baseline -0.001 -13"><span class='ocrx_word' id='word_1_393' title='bbox 2226 2260 2283 2307; x_wconf 89' lang='lat' dir='ltr'>et</span> <span class='ocrx_word' id='word_1_394' title='bbox 2307 2256 2516 2318; x_wconf 85' lang='lat' dir='ltr'>favore,</span> <span class='ocrx_word' id='word_1_395' title='bbox 2537 2258 2596 2307; x_wconf 90' lang='lat' dir='ltr'>et</span> <span class='ocrx_word' id='word_1_396' title='bbox 2629 2256 2760 2307; x_wconf 92' lang='lat' dir='ltr'>odio</span> <span class='ocrx_word' id='word_1_397' title='bbox 2788 2258 2974 2320; x_wconf 90' lang='lat' dir='ltr'>vacat,</span> <span class='ocrx_word' id='word_1_398' title='bbox 3016 2255 3211 2307; x_wconf 90' lang='lat' dir='ltr'>dicant</span> <span class='ocrx_word' id='word_1_399' title='bbox 3224 2268 3341 2306; x_wconf 90' lang='lat' dir='ltr'>non</span> <span class='ocrx_word' id='word_1_400' title='bbox 3363 2254 3613 2306; x_wconf 87' lang='lat' dir='ltr'>multum</span> <span class='ocrx_word' id='word_1_401' title='bbox 3629 2253 3709 2305; x_wconf 84' lang='lat' dir='ltr'>ad</span> <span class='ocrx_word' id='word_1_402' title='bbox 3721 2254 3845 2305; x_wconf 87' lang='lat' dir='ltr'>ins-</span> 
     </span>
    </p>
   </div>
   <div class='ocr_carea' id='block_1_52' title="bbox 2224 2343 3842 2409">
    <p class='ocr_par' dir='ltr' id='par_1_52' title="bbox 2224 2343 3842 2409">
     <span class='ocr_line' id='line_1_52' title="bbox 2224 2343 3842 2409; baseline -0.002 -14"><span class='ocrx_word' id='word_1_403' title='bbox 2224 2345 2590 2405; x_wconf 90' lang='lat' dir='ltr'>tructionem,</span> <span class='ocrx_word' id='word_1_404' title='bbox 2610 2343 2701 2396; x_wconf 89' lang='lat' dir='ltr'>vel</span> <span class='ocrx_word' id='word_1_405' title='bbox 2720 2345 2793 2396; x_wconf 90' lang='lat' dir='ltr'>ad</span> <span class='ocrx_word' id='word_1_406' title='bbox 2820 2344 3268 2409; x_wconf 64' lang='lat' dir='ltr'>expugnandass</span> <span class='ocrx_word' id='word_1_407' title='bbox 3286 2346 3602 2409; x_wconf 79' lang='lat' dir='ltr'>supradictas</span> <span class='ocrx_word' id='word_1_408' title='bbox 3619 2345 3842 2393; x_wconf 70' lang='lat' dir='ltr'>hmreses</span> 
     </span>
    </p>
   </div>
   <div class='ocr_carea' id='block_1_53' title="bbox 2224 2432 3839 2497">
    <p class='ocr_par' dir='ltr' id='par_1_53' title="bbox 2224 2432 3839 2497">
     <span class='ocr_line' id='line_1_53' title="bbox 2224 2432 3839 2497; baseline 0.001 -14"><span class='ocrx_word' id='word_1_409' title='bbox 2224 2438 2395 2497; x_wconf 87' lang='lat' dir='ltr'>caput</span> <span class='ocrx_word' id='word_1_410' title='bbox 2405 2432 2561 2484; x_wconf 89' lang='lat' dir='ltr'>istud</span> <span class='ocrx_word' id='word_1_411' title='bbox 2578 2433 2783 2493; x_wconf 79' lang='lat' dir='ltr'>valere,</span> <span class='ocrx_word' id='word_1_412' title='bbox 2798 2433 3080 2497; x_wconf 89' lang='lat' dir='ltr'>numquid</span> <span class='ocrx_word' id='word_1_413' title='bbox 3093 2446 3228 2485; x_wconf 89' lang='lat' dir='ltr'>nam</span> <span class='ocrx_word' id='word_1_414' title='bbox 3251 2434 3309 2485; x_wconf 90' lang='lat' dir='ltr'>id</span> <span class='ocrx_word' id='word_1_415' title='bbox 3332 2445 3447 2485; x_wconf 92' lang='lat' dir='ltr'>non</span> <span class='ocrx_word' id='word_1_416' title='bbox 3459 2433 3593 2485; x_wconf 89' lang='lat' dir='ltr'>licet</span> <span class='ocrx_word' id='word_1_417' title='bbox 3604 2437 3839 2497; x_wconf 55' lang='lat' dir='ltr'>praeter-</span> 
     </span>
    </p>
   </div>
   <div class='ocr_carea' id='block_1_54' title="bbox 2222 2510 3839 2586">
    <p class='ocr_par' dir='ltr' id='par_1_54' title="bbox 2222 2510 3839 2586">
     <span class='ocr_line' id='line_1_54' title="bbox 2222 2510 3839 2586; baseline 0 -14"><span class='ocrx_word' id='word_1_418' title='bbox 2222 2510 2322 2585; x_wconf 85' lang='lat' dir='ltr'>ire,</span> <span class='ocrx_word' id='word_1_419' title='bbox 2341 2525 2398 2572; x_wconf 94' lang='lat' dir='ltr'>et</span> <span class='ocrx_word' id='word_1_420' title='bbox 2420 2524 2692 2584; x_wconf 90' lang='lat' dir='ltr'>tanquam</span> <span class='ocrx_word' id='word_1_421' title='bbox 2724 2522 2920 2572; x_wconf 89' lang='lat' dir='ltr'>minus</span> <span class='ocrx_word' id='word_1_422' title='bbox 2951 2521 3208 2573; x_wconf 89' lang='lat' dir='ltr'>validum</span> <span class='ocrx_word' id='word_1_423' title='bbox 3241 2522 3311 2574; x_wconf 91' lang='lat' dir='ltr'>ad</span> <span class='ocrx_word' id='word_1_424' title='bbox 3337 2521 3713 2586; x_wconf 89' lang='lat' dir='ltr'>depellendos</span> <span class='ocrx_word' id='word_1_425' title='bbox 3736 2523 3839 2573; x_wconf 87' lang='lat' dir='ltr'>ad-</span> 
     </span>
    </p>
   </div>
   <div class='ocr_carea' id='block_1_55' title="bbox 2223 2609 3841 2673">
    <p class='ocr_par' dir='ltr' id='par_1_55' title="bbox 2223 2609 3841 2673">
     <span class='ocr_line' id='line_1_55' title="bbox 2223 2609 3841 2673; baseline 0.001 -14"><span class='ocrx_word' id='word_1_426' title='bbox 2223 2622 2391 2660; x_wconf 90' lang='lat' dir='ltr'>versa</span> <span class='ocrx_word' id='word_1_427' title='bbox 2400 2610 2512 2660; x_wconf 91' lang='lat' dir='ltr'>rios</span> <span class='ocrx_word' id='word_1_428' title='bbox 2529 2614 2919 2661; x_wconf 90' lang='lat' dir='ltr'>transcurrere</span> <span class='ocrx_word' id='word_1_429' title='bbox 2934 2612 2960 2659; x_wconf 75' lang='lat' dir='ltr'>‘I</span> <span class='ocrx_word' id='word_1_430' title='bbox 2972 2611 3121 2661; x_wconf 92' lang='lat' dir='ltr'>Pone</span> <span class='ocrx_word' id='word_1_431' title='bbox 3135 2609 3234 2673; x_wconf 92' lang='lat' dir='ltr'>qui</span> <span class='ocrx_word' id='word_1_432' title='bbox 3248 2625 3267 2659; x_wconf 69' lang='grc' dir='ltr'>ι</span> <span class='ocrx_word' id='word_1_433' title='bbox 3285 2609 3360 2660; x_wconf 89' lang='lat' dir='ltr'>sit</span> <span class='ocrx_word' id='word_1_434' title='bbox 3374 2610 3647 2667; x_wconf 89' lang='lat' dir='ltr'>otiosum,</span> <span class='ocrx_word' id='word_1_435' title='bbox 3660 2622 3841 2660; x_wconf 80' lang='lat' dir='ltr'>num-</span> 
     </span>
    </p>
   </div>
   <div class='ocr_carea' id='block_1_56' title="bbox 2224 2697 3834 2760">
    <p class='ocr_par' dir='ltr' id='par_1_56' title="bbox 2224 2697 3834 2760">
     <span class='ocr_line' id='line_1_56' title="bbox 2224 2697 3834 2760; baseline -0.001 -11"><span class='ocrx_word' id='word_1_436' title='bbox 2224 2698 2360 2760; x_wconf 88' lang='lat' dir='ltr'>quid</span> <span class='ocrx_word' id='word_1_437' title='bbox 2378 2700 2435 2749; x_wconf 90' lang='lat' dir='ltr'>et</span> <span class='ocrx_word' id='word_1_438' title='bbox 2452 2698 2822 2749; x_wconf 88' lang='lat' dir='ltr'>criminosum</span> <span class='ocrx_word' id='word_1_439' title='bbox 2833 2702 2859 2749; x_wconf 70' lang='grc' dir='ltr'><strong><em>τ</em></strong></span> <span class='ocrx_word' id='word_1_440' title='bbox 2871 2699 3165 2758; x_wconf 91' lang='lat' dir='ltr'>Quomodo</span> <span class='ocrx_word' id='word_1_441' title='bbox 3177 2698 3433 2749; x_wconf 89' lang='lat' dir='ltr'>criminis</span> <span class='ocrx_word' id='word_1_442' title='bbox 3448 2697 3574 2750; x_wconf 92' lang='lat' dir='ltr'>loco</span> <span class='ocrx_word' id='word_1_443' title='bbox 3599 2701 3834 2755; x_wconf 83' lang='lat' dir='ltr'>ducetur,</span> 
     </span>
    </p>
   </div>
   <div class='ocr_carea' id='block_1_57' title="bbox 2224 2786 3835 2851">
    <p class='ocr_par' dir='ltr' id='par_1_57' title="bbox 2224 2786 3835 2851">
     <span class='ocr_line' id='line_1_57' title="bbox 2224 2786 3835 2851; baseline 0.001 -13"><span class='ocrx_word' id='word_1_444' title='bbox 2224 2787 2322 2838; x_wconf 91' lang='lat' dir='ltr'>ubi</span> <span class='ocrx_word' id='word_1_445' title='bbox 2339 2786 2753 2839; x_wconf 89' lang='lat' dir='ltr'>invisibilitatis</span> <span class='ocrx_word' id='word_1_446' title='bbox 2764 2787 3063 2851; x_wconf 65' lang='lat' dir='ltr'>aequalitas</span> <span class='ocrx_word' id='word_1_447' title='bbox 3080 2787 3229 2838; x_wconf 89' lang='lat' dir='ltr'>inter</span> <span class='ocrx_word' id='word_1_448' title='bbox 3243 2788 3467 2838; x_wconf 87' lang='lat' dir='ltr'>Patrem</span> <span class='ocrx_word' id='word_1_449' title='bbox 3481 2791 3541 2838; x_wconf 88' lang='lat' dir='ltr'>et</span> <span class='ocrx_word' id='word_1_450' title='bbox 3560 2789 3765 2837; x_wconf 81' lang='lat' dir='ltr'>Filium’</span> <span class='ocrx_word' id='word_1_451' title='bbox 3779 2794 3835 2840; x_wconf 89' lang='lat' dir='ltr'>et</span> 
     </span>
    </p>
   </div>
   <div class='ocr_carea' id='block_1_58' title="bbox 2223 2876 3836 2941">
    <p class='ocr_par' dir='ltr' id='par_1_58' title="bbox 2223 2876 3836 2941">
     <span class='ocr_line' id='line_1_58' title="bbox 2223 2876 3836 2941; baseline 0 -16"><span class='ocrx_word' id='word_1_452' title='bbox 2223 2876 2492 2939; x_wconf 88' lang='lat' dir='ltr'>Spiritum</span> <span class='ocrx_word' id='word_1_453' title='bbox 2512 2876 2785 2928; x_wconf 89' lang='lat' dir='ltr'>Sanctum</span> <span class='ocrx_word' id='word_1_454' title='bbox 2799 2876 2943 2928; x_wconf 80' lang='lat' dir='ltr'>conti</span> <span class='ocrx_word' id='word_1_455' title='bbox 2952 2878 3169 2928; x_wconf 90' lang='lat' dir='ltr'>rmatur</span> <span class='ocrx_word' id='word_1_456' title='bbox 3183 2880 3208 2926; x_wconf 71' lang='grc' dir='ltr'>Ρ</span> <span class='ocrx_word' id='word_1_457' title='bbox 3223 2878 3345 2928; x_wconf 88' lang='lat' dir='ltr'>Non</span> <span class='ocrx_word' id='word_1_458' title='bbox 3361 2882 3502 2941; x_wconf 91' lang='lat' dir='ltr'>puto</span> <span class='ocrx_word' id='word_1_459' title='bbox 3519 2876 3632 2927; x_wconf 88' lang='lat' dir='ltr'>hoc</span> <span class='ocrx_word' id='word_1_460' title='bbox 3646 2881 3716 2926; x_wconf 77' lang='lat' dir='ltr'>ita</span> <span class='ocrx_word' id='word_1_461' title='bbox 3728 2881 3836 2927; x_wconf 87' lang='lat' dir='ltr'>cui-</span> 
     </span>
    </p>
   </div>
   <div class='ocr_carea' id='block_1_59' title="bbox 2223 2964 3829 3029">
    <p class='ocr_par' dir='ltr' id='par_1_59' title="bbox 2223 2964 3829 3029">
     <span class='ocr_line' id='line_1_59' title="bbox 2223 2964 3829 3029; baseline -0.001 -13"><span class='ocrx_word' id='word_1_462' title='bbox 2223 2975 2399 3027; x_wconf 88' lang='lat' dir='ltr'>quam</span> <span class='ocrx_word' id='word_1_463' title='bbox 2414 2964 2611 3016; x_wconf 91' lang='lat' dir='ltr'>videri.</span> <span class='ocrx_word' id='word_1_464' title='bbox 2630 2967 2699 3017; x_wconf 89' lang='lat' dir='ltr'>Et</span> <span class='ocrx_word' id='word_1_465' title='bbox 2710 2965 2846 3028; x_wconf 91' lang='lat' dir='ltr'>quid</span> <span class='ocrx_word' id='word_1_466' title='bbox 2860 2966 2986 3017; x_wconf 90' lang='lat' dir='ltr'>dico</span> <span class='ocrx_word' id='word_1_467' title='bbox 2998 2966 3265 3029; x_wconf 90' lang='lat' dir='ltr'>cuiquam</span> <span class='ocrx_word' id='word_1_468' title='bbox 3280 2970 3303 3015; x_wconf 86' lang='lat'><strong>?</strong></span> <span class='ocrx_word' id='word_1_469' title='bbox 3319 2968 3407 3015; x_wconf 85' lang='lat' dir='ltr'>Sed</span> <span class='ocrx_word' id='word_1_470' title='bbox 3434 2980 3498 3015; x_wconf 89' lang='lat' dir='ltr'>ne</span> <span class='ocrx_word' id='word_1_471' title='bbox 3520 2968 3604 3015; x_wconf 87' lang='lat' dir='ltr'>isti</span> <span class='ocrx_word' id='word_1_472' title='bbox 3619 2969 3829 3027; x_wconf 86' lang='lat' dir='ltr'>quidem</span> 
     </span>
    </p>
   </div>
   <div class='ocr_carea' id='block_1_60' title="bbox 525 3043 3832 3135">
    <p class='ocr_par' dir='ltr' id='par_1_60' title="bbox 525 3043 3832 3135">
     <span class='ocr_line' id='line_1_60' title="bbox 525 3043 3832 3135; baseline 0.001 -33"><span class='ocrx_word' id='word_1_473' title='bbox 525 3043 914 3112; x_wconf 77' lang='lat' dir='ltr'>intelligentia,</span> <span class='ocrx_word' id='word_1_474' title='bbox 926 3062 1129 3102; x_wconf 86' lang='lat' dir='ltr'>verum</span> <span class='ocrx_word' id='word_1_475' title='bbox 1142 3052 1314 3104; x_wconf 89' lang='lat' dir='ltr'>etiam</span> <span class='ocrx_word' id='word_1_476' title='bbox 1332 3056 1643 3109; x_wconf 84' lang='lat' dir='ltr'>verborum</span> <span class='ocrx_word' id='word_1_477' title='bbox 1658 3058 1938 3112; x_wconf 72' lang='lat' dir='ltr'>adulterio</span> <span class='ocrx_word' id='word_1_478' title='bbox 1953 3065 2115 3111; x_wconf 74' lang='lat' dir='ltr'>conati</span> <span class='ocrx_word' id='word_1_479' title='bbox 2139 3060 2189 3135; x_wconf 67' lang='grc' dir='ltr'><strong>ρ</strong></span> <span class='ocrx_word' id='word_1_480' title='bbox 2217 3053 2357 3119; x_wconf 90' lang='lat' dir='ltr'>ipsis</span> <span class='ocrx_word' id='word_1_481' title='bbox 2373 3054 2834 3106; x_wconf 88' lang='lat' dir='ltr'>criminatoribus</span> <span class='ocrx_word' id='word_1_482' title='bbox 2846 3055 3009 3119; x_wconf 91' lang='lat' dir='ltr'>meis,</span> <span class='ocrx_word' id='word_1_483' title='bbox 3027 3054 3047 3084; x_wconf 87' lang='lat'>&quot;</span> <span class='ocrx_word' id='word_1_484' title='bbox 3063 3054 3278 3119; x_wconf 90' lang='lat' dir='ltr'>aliquid</span> <span class='ocrx_word' id='word_1_485' title='bbox 3301 3055 3360 3106; x_wconf 92' lang='lat' dir='ltr'>in</span> <span class='ocrx_word' id='word_1_486' title='bbox 3373 3054 3516 3107; x_wconf 87' lang='lat' dir='ltr'>meis</span> <span class='ocrx_word' id='word_1_487' title='bbox 3531 3055 3722 3107; x_wconf 89' lang='lat' dir='ltr'>literis</span> <span class='ocrx_word' id='word_1_488' title='bbox 3746 3056 3832 3106; x_wconf 90' lang='lat' dir='ltr'>vi-</span> 
     </span>
    </p>
   </div>
   <div class='ocr_carea' id='block_1_61' title="bbox 522 3134 2119 3215">
    <p class='ocr_par' dir='ltr' id='par_1_61' title="bbox 522 3134 2119 3215">
     <span class='ocr_line' id='line_1_61' title="bbox 522 3134 2119 3215; baseline 0.013 -31"><span class='ocrx_word' id='word_1_489' title='bbox 522 3138 662 3186; x_wconf 88' lang='lat' dir='ltr'>sunt</span> <span class='ocrx_word' id='word_1_490' title='bbox 683 3134 976 3190; x_wconf 72' lang='lat' dir='ltr'>infamare.</span> <span class='ocrx_word' id='word_1_491' title='bbox 1012 3141 1173 3202; x_wconf 91' lang='lat' dir='ltr'>Quod</span> <span class='ocrx_word' id='word_1_492' title='bbox 1221 3155 1329 3208; x_wconf 89' lang='lat' dir='ltr'>ego</span> <span class='ocrx_word' id='word_1_493' title='bbox 1361 3144 1589 3211; x_wconf 89' lang='lat' dir='ltr'>idcirco,</span> <span class='ocrx_word' id='word_1_494' title='bbox 1641 3152 1704 3199; x_wconf 89' lang='lat' dir='ltr'>ut</span> <span class='ocrx_word' id='word_1_495' title='bbox 1743 3149 1855 3201; x_wconf 83' lang='lat' dir='ltr'>alia</span> <span class='ocrx_word' id='word_1_496' title='bbox 1890 3162 2119 3215; x_wconf 89' lang='lat' dir='ltr'>quoque</span> 
     </span>
    </p>
   </div>
   <div class='ocr_carea' id='block_1_62' title="bbox 522 3223 2122 3303">
    <p class='ocr_par' dir='ltr' id='par_1_62' title="bbox 522 3223 2122 3303">
     <span class='ocr_line' id='line_1_62' title="bbox 522 3223 2122 3303; baseline 0.011 -29"><span class='ocrx_word' id='word_1_497' title='bbox 522 3223 803 3277; x_wconf 89' lang='lat' dir='ltr'>nonnulla</span> <span class='ocrx_word' id='word_1_498' title='bbox 817 3227 865 3290; x_wconf 91' lang='lat' dir='ltr'>ej</span> <span class='ocrx_word' id='word_1_499' title='bbox 876 3240 944 3279; x_wconf 91' lang='lat' dir='ltr'>us</span> <span class='ocrx_word' id='word_1_500' title='bbox 959 3240 1133 3291; x_wconf 89' lang='lat' dir='ltr'>quem</span> <span class='ocrx_word' id='word_1_501' title='bbox 1150 3230 1457 3297; x_wconf 68' lang='lat' dir='ltr'>interprets</span> <span class='ocrx_word' id='word_1_502' title='bbox 1465 3236 1565 3287; x_wconf 88' lang='lat' dir='ltr'>bar</span> <span class='ocrx_word' id='word_1_503' title='bbox 1577 3237 1842 3301; x_wconf 88' lang='lat' dir='ltr'>Scriptori</span> <span class='ocrx_word' id='word_1_504' title='bbox 1850 3252 1897 3303; x_wconf 90' lang='lat' dir='ltr'>s,</span> <span class='ocrx_word' id='word_1_505' title='bbox 1915 3256 2122 3302; x_wconf 86' lang='lat' dir='ltr'>suspec-</span> 
     </span>
    </p>
   </div>
   <div class='ocr_carea' id='block_1_63' title="bbox 520 3312 2121 3390">
    <p class='ocr_par' dir='ltr' id='par_1_63' title="bbox 520 3312 2121 3390">
     <span class='ocr_line' id='line_1_63' title="bbox 520 3312 2121 3390; baseline 0.011 -27"><span class='ocrx_word' id='word_1_506' title='bbox 520 3316 646 3364; x_wconf 92' lang='lat' dir='ltr'>tum</span> <span class='ocrx_word' id='word_1_507' title='bbox 695 3312 905 3367; x_wconf 88' lang='lat' dir='ltr'>habere</span> <span class='ocrx_word' id='word_1_508' title='bbox 957 3330 1074 3369; x_wconf 93' lang='lat' dir='ltr'>non</span> <span class='ocrx_word' id='word_1_509' title='bbox 1118 3321 1299 3383; x_wconf 88' lang='lat' dir='ltr'>potui,</span> <span class='ocrx_word' id='word_1_510' title='bbox 1354 3335 1543 3387; x_wconf 90' lang='lat' dir='ltr'>neque</span> <span class='ocrx_word' id='word_1_511' title='bbox 1588 3327 2121 3390; x_wconf 66' lang='lat' dir='ltr'>praetermitendum</span> 
     </span>
    </p>
   </div>
   <div class='ocr_carea' id='block_1_64' title="bbox 516 3397 2123 3480">
    <p class='ocr_par' dir='ltr' id='par_1_64' title="bbox 516 3397 2123 3480">
     <span class='ocr_line' id='line_1_64' title="bbox 516 3397 2123 3480; baseline 0.012 -29"><span class='ocrx_word' id='word_1_512' title='bbox 516 3397 792 3467; x_wconf 86' lang='lat' dir='ltr'>judicavi,</span> <span class='ocrx_word' id='word_1_513' title='bbox 817 3404 953 3467; x_wconf 88' lang='lat' dir='ltr'>quia</span> <span class='ocrx_word' id='word_1_514' title='bbox 983 3417 1102 3458; x_wconf 91' lang='lat' dir='ltr'>non</span> <span class='ocrx_word' id='word_1_515' title='bbox 1123 3408 1183 3459; x_wconf 88' lang='lat' dir='ltr'>in</span> <span class='ocrx_word' id='word_1_516' title='bbox 1224 3422 1291 3461; x_wconf 92' lang='lat' dir='ltr'>eo</span> <span class='ocrx_word' id='word_1_517' title='bbox 1320 3410 1535 3476; x_wconf 89' lang='lat' dir='ltr'>aliquid</span> <span class='ocrx_word' id='word_1_518' title='bbox 1582 3413 1657 3465; x_wconf 91' lang='lat' dir='ltr'>de</span> <span class='ocrx_word' id='word_1_519' title='bbox 1702 3418 2123 3480; x_wconf 87' lang='lat' dir='ltr'>comparatione</span> 
     </span>
    </p>
   </div>
   <div class='ocr_carea' id='block_1_65' title="bbox 523 3490 2123 3567">
    <p class='ocr_par' dir='ltr' id='par_1_65' title="bbox 523 3490 2123 3567">
     <span class='ocr_line' id='line_1_65' title="bbox 523 3490 2123 3567; baseline 0.011 -27"><span class='ocrx_word' id='word_1_520' title='bbox 523 3490 705 3542; x_wconf 88' lang='lat' dir='ltr'>Patris</span> <span class='ocrx_word' id='word_1_521' title='bbox 729 3504 797 3544; x_wconf 86' lang='lat' dir='ltr'>ac</span> <span class='ocrx_word' id='word_1_522' title='bbox 830 3494 956 3545; x_wconf 88' lang='lat' dir='ltr'>Filii</span> <span class='ocrx_word' id='word_1_523' title='bbox 978 3495 1291 3564; x_wconf 90' lang='lat' dir='ltr'>dicebatur,</span> <span class='ocrx_word' id='word_1_524' title='bbox 1320 3501 1420 3551; x_wconf 90' lang='lat' dir='ltr'>sed</span> <span class='ocrx_word' id='word_1_525' title='bbox 1447 3501 1517 3553; x_wconf 91' lang='lat' dir='ltr'>de</span> <span class='ocrx_word' id='word_1_526' title='bbox 1534 3502 1659 3567; x_wconf 89' lang='lat' dir='ltr'>ipsa</span> <span class='ocrx_word' id='word_1_527' title='bbox 1681 3504 1922 3556; x_wconf 89' lang='lat' dir='ltr'>Deitatis</span> <span class='ocrx_word' id='word_1_528' title='bbox 1945 3513 2123 3557; x_wconf 83' lang='lat' dir='ltr'>natura</span> 
     </span>
    </p>
   </div>
   <div class='ocr_carea' id='block_1_66' title="bbox 526 3581 2123 3657">
    <p class='ocr_par' dir='ltr' id='par_1_66' title="bbox 526 3581 2123 3657">
     <span class='ocr_line' id='line_1_66' title="bbox 526 3581 2123 3657; baseline 0.011 -26"><span class='ocrx_word' id='word_1_529' title='bbox 526 3581 908 3648; x_wconf 57' lang='lat' dir='ltr'>quaerebatur,</span> <span class='ocrx_word' id='word_1_530' title='bbox 941 3583 989 3635; x_wconf 89' lang='lat' dir='ltr'>si</span> <span class='ocrx_word' id='word_1_531' title='bbox 1030 3586 1082 3636; x_wconf 91' lang='lat' dir='ltr'>ei</span> <span class='ocrx_word' id='word_1_532' title='bbox 1104 3592 1303 3651; x_wconf 90' lang='lat' dir='ltr'>aptum</span> <span class='ocrx_word' id='word_1_533' title='bbox 1346 3589 1463 3642; x_wconf 89' lang='lat' dir='ltr'>ullo</span> <span class='ocrx_word' id='word_1_534' title='bbox 1512 3605 1722 3657; x_wconf 90' lang='lat' dir='ltr'>genere</span> <span class='ocrx_word' id='word_1_535' title='bbox 1775 3594 2123 3649; x_wconf 89' lang='lat' dir='ltr'>visibilitatis</span> 
     </span>
    </p>
   </div>
   <div class='ocr_carea' id='block_1_67' title="bbox 526 3670 2120 3750">
    <p class='ocr_par' dir='ltr' id='par_1_67' title="bbox 526 3670 2120 3750">
     <span class='ocr_line' id='line_1_67' title="bbox 526 3670 2120 3750; baseline 0.011 -30"><span class='ocrx_word' id='word_1_536' title='bbox 526 3670 871 3723; x_wconf 88' lang='lat' dir='ltr'>vocabulum</span> <span class='ocrx_word' id='word_1_537' title='bbox 895 3673 1204 3727; x_wconf 89' lang='lat' dir='ltr'>videretur.</span> <span class='ocrx_word' id='word_1_538' title='bbox 1230 3678 1536 3743; x_wconf 84' lang='lat' dir='ltr'>Respondi,</span> <span class='ocrx_word' id='word_1_539' title='bbox 1560 3685 1629 3733; x_wconf 91' lang='lat' dir='ltr'>ut</span> <span class='ocrx_word' id='word_1_540' title='bbox 1652 3695 1825 3747; x_wconf 89' lang='lat' dir='ltr'>supra</span> <span class='ocrx_word' id='word_1_541' title='bbox 1848 3684 2120 3750; x_wconf 81' lang='lat' dir='ltr'>diximus,</span> 
     </span>
    </p>
   </div>
   <div class='ocr_carea' id='block_1_68' title="bbox 525 3754 2126 3826">
    <p class='ocr_par' dir='ltr' id='par_1_68' title="bbox 525 3754 2126 3826">
     <span class='ocr_line' id='line_1_68' title="bbox 525 3754 2126 3826; baseline 0.011 -18"><span class='ocrx_word' id='word_1_542' title='bbox 525 3754 618 3808; x_wconf 88' lang='lat' dir='ltr'>his</span> <span class='ocrx_word' id='word_1_543' title='bbox 646 3758 951 3825; x_wconf 61' lang='lat' dir='ltr'>haereticis,</span> <span class='ocrx_word' id='word_1_544' title='bbox 970 3764 1069 3826; x_wconf 89' lang='lat' dir='ltr'>qui</span> <span class='ocrx_word' id='word_1_545' title='bbox 1084 3763 1294 3817; x_wconf 91' lang='lat' dir='ltr'>idcirco</span> <span class='ocrx_word' id='word_1_546' title='bbox 1310 3768 1492 3819; x_wconf 92' lang='lat' dir='ltr'>Deum</span> <span class='ocrx_word' id='word_1_547' title='bbox 1507 3769 1789 3823; x_wconf 89' lang='lat' dir='ltr'>visibilem</span> <span class='ocrx_word' id='word_1_548' title='bbox 1814 3785 1943 3824; x_wconf 81' lang='lat' dir='ltr'>esse</span> <span class='ocrx_word' id='word_1_549' title='bbox 1962 3786 2126 3825; x_wconf 88' lang='lat' dir='ltr'>asse-</span> 
     </span>
    </p>
   </div>
   <div class='ocr_carea' id='block_1_69' title="bbox 524 3848 2123 3925">
    <p class='ocr_par' dir='ltr' id='par_1_69' title="bbox 524 3848 2123 3925">
     <span class='ocr_line' id='line_1_69' title="bbox 524 3848 2123 3925; baseline 0.011 -28"><span class='ocrx_word' id='word_1_550' title='bbox 524 3850 679 3911; x_wconf 88' lang='lat' dir='ltr'>runt,</span> <span class='ocrx_word' id='word_1_551' title='bbox 706 3848 838 3909; x_wconf 88' lang='lat' dir='ltr'>quia</span> <span class='ocrx_word' id='word_1_552' title='bbox 852 3855 911 3902; x_wconf 92' lang='lat' dir='ltr'>et</span> <span class='ocrx_word' id='word_1_553' title='bbox 934 3864 1272 3916; x_wconf 91' lang='lat' dir='ltr'>corporeum</span> <span class='ocrx_word' id='word_1_554' title='bbox 1288 3854 1309 3884; x_wconf 80' lang='grc'><em>⁴</em></span> <span class='ocrx_word' id='word_1_555' title='bbox 1342 3856 1560 3922; x_wconf 90' lang='lat' dir='ltr'>dicunt,</span> <span class='ocrx_word' id='word_1_556' title='bbox 1584 3872 1685 3923; x_wconf 90' lang='lat' dir='ltr'>pro</span> <span class='ocrx_word' id='word_1_557' title='bbox 1706 3873 1772 3912; x_wconf 89' lang='lat' dir='ltr'>eo</span> <span class='ocrx_word' id='word_1_558' title='bbox 1796 3862 1949 3925; x_wconf 90' lang='lat' dir='ltr'>quod</span> <span class='ocrx_word' id='word_1_559' title='bbox 1974 3863 2123 3915; x_wconf 87' lang='lat' dir='ltr'>visio</span> 
     </span>
    </p>
   </div>
   <div class='ocr_carea' id='block_1_70' title="bbox 523 3936 2122 4016">
    <p class='ocr_par' dir='ltr' id='par_1_70' title="bbox 523 3936 2122 4016">
     <span class='ocr_line' id='line_1_70' title="bbox 523 3936 2122 4016; baseline 0.011 -30"><span class='ocrx_word' id='word_1_560' title='bbox 523 3936 746 4001; x_wconf 91' lang='lat' dir='ltr'>proprie</span> <span class='ocrx_word' id='word_1_561' title='bbox 771 3940 1021 4004; x_wconf 87' lang='lat' dir='ltr'>corporis</span> <span class='ocrx_word' id='word_1_562' title='bbox 1039 3946 1145 3993; x_wconf 89' lang='lat' dir='ltr'>est.</span> <span class='ocrx_word' id='word_1_563' title='bbox 1177 3944 1340 3997; x_wconf 91' lang='lat' dir='ltr'>Unde</span> <span class='ocrx_word' id='word_1_564' title='bbox 1368 3950 1427 3997; x_wconf 91' lang='lat' dir='ltr'>et</span> <span class='ocrx_word' id='word_1_565' title='bbox 1449 3947 1527 3999; x_wconf 87' lang='lat' dir='ltr'>illi</span> <span class='ocrx_word' id='word_1_566' title='bbox 1544 3948 1945 4016; x_wconf 85' lang='lat' dir='ltr'>Valentiniani,</span> <span class='ocrx_word' id='word_1_567' title='bbox 1966 3940 2122 4015; x_wconf 85' lang='lat' dir='ltr'>quos</span> 
     </span>
    </p>
   </div>
   <div class='ocr_carea' id='block_1_71' title="bbox 524 4027 2125 4102">
    <p class='ocr_par' dir='ltr' id='par_1_71' title="bbox 524 4027 2125 4102">
     <span class='ocr_line' id='line_1_71' title="bbox 524 4027 2125 4102; baseline 0.011 -27"><span class='ocrx_word' id='word_1_568' title='bbox 524 4038 700 4090; x_wconf 88' lang='lat' dir='ltr'>supra</span> <span class='ocrx_word' id='word_1_569' title='bbox 730 4027 1009 4093; x_wconf 81' lang='lat' dir='ltr'>diximus,</span> <span class='ocrx_word' id='word_1_570' title='bbox 1048 4032 1323 4099; x_wconf 70' lang='lat' dir='ltr'>haeretici,</span> <span class='ocrx_word' id='word_1_571' title='bbox 1358 4038 1725 4102; x_wconf 88' lang='lat' dir='ltr'>corporaliter</span> <span class='ocrx_word' id='word_1_572' title='bbox 1748 4043 1804 4092; x_wconf 92' lang='lat' dir='ltr'>et</span> <span class='ocrx_word' id='word_1_573' title='bbox 1827 4041 2125 4093; x_wconf 89' lang='lat' dir='ltr'>visibiliter</span> 
     </span>
    </p>
   </div>
   <div class='ocr_carea' id='block_1_72' title="bbox 523 4120 2123 4190">
    <p class='ocr_par' dir='ltr' id='par_1_72' title="bbox 523 4120 2123 4190">
     <span class='ocr_line' id='line_1_72' title="bbox 523 4120 2123 4190; baseline 0.012 -27"><span class='ocrx_word' id='word_1_574' title='bbox 523 4125 831 4176; x_wconf 87' lang='lat' dir='ltr'>generasse</span> <span class='ocrx_word' id='word_1_575' title='bbox 875 4120 1117 4179; x_wconf 85' lang='lat' dir='ltr'>Patrem,</span> <span class='ocrx_word' id='word_1_576' title='bbox 1163 4127 1220 4173; x_wconf 91' lang='lat' dir='ltr'>et</span> <span class='ocrx_word' id='word_1_577' title='bbox 1262 4132 1598 4187; x_wconf 84' lang='lat' dir='ltr'>generatum</span> <span class='ocrx_word' id='word_1_578' title='bbox 1641 4128 1866 4190; x_wconf 84' lang='lat' dir='ltr'>Filium,</span> <span class='ocrx_word' id='word_1_579' title='bbox 1904 4129 2123 4182; x_wconf 87' lang='lat' dir='ltr'>dicunt.</span> 
     </span>
    </p>
   </div>
   <div class='ocr_carea' id='block_1_73' title="bbox 524 4201 2127 4282">
    <p class='ocr_par' dir='ltr' id='par_1_73' title="bbox 524 4201 2127 4282">
     <span class='ocr_line' id='line_1_73' title="bbox 524 4201 2127 4282; baseline 0.012 -31"><span class='ocrx_word' id='word_1_580' title='bbox 524 4201 839 4265; x_wconf 84' lang='lat' dir='ltr'>Refugiens</span> <span class='ocrx_word' id='word_1_581' title='bbox 864 4218 1014 4271; x_wconf 90' lang='lat' dir='ltr'>ergo,</span> <span class='ocrx_word' id='word_1_582' title='bbox 1033 4213 1100 4259; x_wconf 92' lang='lat' dir='ltr'>ut</span> <span class='ocrx_word' id='word_1_583' title='bbox 1114 4210 1330 4273; x_wconf 84' lang='lat' dir='ltr'>Opinor,</span> <span class='ocrx_word' id='word_1_584' title='bbox 1348 4213 1621 4277; x_wconf 90' lang='lat' dir='ltr'>Origenes</span> <span class='ocrx_word' id='word_1_585' title='bbox 1633 4216 1874 4267; x_wconf 67' lang='lat' dir='ltr'>Visionis</span> <span class='ocrx_word' id='word_1_586' title='bbox 1888 4218 2127 4282; x_wconf 88' lang='lat' dir='ltr'>appella-</span> 
     </span>
    </p>
   </div>
   <div class='ocr_carea' id='block_1_74' title="bbox 524 4288 2125 4363">
    <p class='ocr_par' dir='ltr' id='par_1_74' title="bbox 524 4288 2125 4363">
     <span class='ocr_line' id='line_1_74' title="bbox 524 4288 2125 4363; baseline 0.01 -24"><span class='ocrx_word' id='word_1_587' title='bbox 524 4288 736 4342; x_wconf 88' lang='lat' dir='ltr'>tionem</span> <span class='ocrx_word' id='word_1_588' title='bbox 755 4294 1027 4357; x_wconf 89' lang='lat' dir='ltr'>tanquam</span> <span class='ocrx_word' id='word_1_589' title='bbox 1046 4304 1391 4363; x_wconf 78' lang='lat' dir='ltr'>suspectam,</span> <span class='ocrx_word' id='word_1_590' title='bbox 1408 4301 1488 4352; x_wconf 89' lang='lat' dir='ltr'>ait</span> <span class='ocrx_word' id='word_1_591' title='bbox 1503 4302 1706 4355; x_wconf 89' lang='lat' dir='ltr'>melius</span> <span class='ocrx_word' id='word_1_592' title='bbox 1722 4318 1849 4356; x_wconf 89' lang='lat' dir='ltr'>esse</span> <span class='ocrx_word' id='word_1_593' title='bbox 1865 4306 1925 4357; x_wconf 90' lang='lat' dir='ltr'>in</span> <span class='ocrx_word' id='word_1_594' title='bbox 1945 4312 2125 4355; x_wconf 85' lang='lat' dir='ltr'>natura</span> 
     </span>
    </p>
   </div>
   <div class='ocr_carea' id='block_1_75' title="bbox 524 4378 2122 4453">
    <p class='ocr_par' dir='ltr' id='par_1_75' title="bbox 524 4378 2122 4453">
     <span class='ocr_line' id='line_1_75' title="bbox 524 4378 2122 4453; baseline 0.01 -24"><span class='ocrx_word' id='word_1_595' title='bbox 524 4378 783 4443; x_wconf 86' lang='lat' dir='ltr'>Deitatis,</span> <span class='ocrx_word' id='word_1_596' title='bbox 801 4382 858 4434; x_wconf 94' lang='lat' dir='ltr'>id</span> <span class='ocrx_word' id='word_1_597' title='bbox 882 4382 943 4448; x_wconf 83' lang='lat' dir='ltr'>[A</span> <span class='ocrx_word' id='word_1_598' title='bbox 953 4384 984 4433; x_wconf 85' lang='grc' dir='ltr'>ι.</span> <span class='ocrx_word' id='word_1_599' title='bbox 1007 4389 1111 4437; x_wconf 80' lang='lat' dir='ltr'>(ac.</span> <span class='ocrx_word' id='word_1_600' title='bbox 1128 4387 1205 4452; x_wconf 87' lang='lat' dir='ltr'>id]</span> <span class='ocrx_word' id='word_1_601' title='bbox 1235 4393 1342 4453; x_wconf 90' lang='lat' dir='ltr'>est,</span> <span class='ocrx_word' id='word_1_602' title='bbox 1359 4389 1506 4443; x_wconf 90' lang='lat' dir='ltr'>inter</span> <span class='ocrx_word' id='word_1_603' title='bbox 1520 4392 1742 4446; x_wconf 89' lang='lat' dir='ltr'>Patrem</span> <span class='ocrx_word' id='word_1_604' title='bbox 1758 4399 1816 4446; x_wconf 93' lang='lat' dir='ltr'>et</span> <span class='ocrx_word' id='word_1_605' title='bbox 1832 4394 2033 4447; x_wconf 87' lang='lat' dir='ltr'>Filium</span> <span class='ocrx_word' id='word_1_606' title='bbox 2050 4399 2122 4446; x_wconf 89' lang='lat' dir='ltr'>uti</span> 
     </span>
    </p>
   </div>
   <div class='ocr_carea' id='block_1_76' title="bbox 524 4432 2208 4551">
    <p class='ocr_par' dir='ltr' id='par_1_76' title="bbox 524 4432 2208 4551">
     <span class='ocr_line' id='line_1_76' title="bbox 772 4432 2122 4453; baseline 0.01 -18"><span class='ocrx_word' id='word_1_607' title='bbox 772 4432 857 4443; x_wconf 25' lang='grc' dir='ltr'>,κέ</span> <span class='ocrx_word' id='word_1_608' title='bbox 882 4432 911 4448; x_wconf 31' lang='grc' dir='ltr'>,κ</span> <span class='ocrx_word' id='word_1_609' title='bbox 932 4432 939 4433; x_wconf 32' lang='grc' dir='ltr'><em>κ</em></span> <span class='ocrx_word' id='word_1_610' title='bbox 958 4432 982 4433; x_wconf 51' lang='grc' dir='ltr'><em>η</em></span> <span class='ocrx_word' id='word_1_611' title='bbox 1012 4432 1205 4452; x_wconf 52' lang='lat'>,,----,</span> <span class='ocrx_word' id='word_1_612' title='bbox 1238 4432 1497 4453; x_wconf 57' lang='grc' dir='ltr'>νη,</span> <span class='ocrx_word' id='word_1_613' title='bbox 1520 4432 1542 4441; x_wconf 85' lang='grc'>-</span> <span class='ocrx_word' id='word_1_614' title='bbox 1562 4432 1852 4447; x_wconf 47' lang='lat' dir='ltr'>“nunc...</span> <span class='ocrx_word' id='word_1_615' title='bbox 1875 4432 2033 4447; x_wconf 65' lang='grc' dir='ltr'>...ηιμ</span> <span class='ocrx_word' id='word_1_616' title='bbox 2054 4432 2122 4446; x_wconf 69' lang='grc' dir='ltr'>υ..</span> 
     </span>
     <span class='ocr_line' id='line_1_77' title="bbox 524 4432 2208 4551; baseline 0.013 -35"><span class='ocrx_word' id='word_1_617' title='bbox 524 4464 621 4518; x_wconf 87' lang='lat' dir='ltr'>illo</span> <span class='ocrx_word' id='word_1_618' title='bbox 638 4479 921 4535; x_wconf 89' lang='lat' dir='ltr'>sermone,</span> <span class='ocrx_word' id='word_1_619' title='bbox 951 4484 1123 4536; x_wconf 90' lang='lat' dir='ltr'>quem</span> <span class='ocrx_word' id='word_1_620' title='bbox 1139 4474 1261 4540; x_wconf 91' lang='lat' dir='ltr'>ipse</span> <span class='ocrx_word' id='word_1_621' title='bbox 1277 4478 1559 4531; x_wconf 90' lang='lat' dir='ltr'>Dominus</span> <span class='ocrx_word' id='word_1_622' title='bbox 1575 4479 1850 4543; x_wconf 80' lang='lat' dir='ltr'>deﬁnivit,</span> <span class='ocrx_word' id='word_1_623' title='bbox 1874 4483 2071 4536; x_wconf 90' lang='lat' dir='ltr'>dicens</span> <span class='ocrx_word' id='word_1_624' title='bbox 2106 4503 2121 4551; x_wconf 87' lang='lat'>;</span> <span class='ocrx_word' id='word_1_625' title='bbox 2150 4432 2208 4506; x_wconf 85' lang='lat' dir='ltr'><strong>D</strong></span> 
     </span>
    </p>
   </div>
   <div class='ocr_carea' id='block_1_77' title="bbox 525 4635 2118 4721">
    <p class='ocr_par' dir='ltr' id='par_1_77' title="bbox 525 4635 2118 4721">
     <span class='ocr_line' id='line_1_78' title="bbox 525 4635 2118 4721; baseline 0.01 -31"><span class='ocrx_word' id='word_1_626' title='bbox 525 4635 721 4721; x_wconf 42' lang='lat' dir='ltr'>amite,</span> <span class='ocrx_word' id='word_1_627' title='bbox 739 4650 871 4721; x_wconf 62' lang='lat' dir='ltr'>quas</span> <span class='ocrx_word' id='word_1_628' title='bbox 883 4640 897 4692; x_wconf 90' lang='lat' dir='ltr'>i</span> <span class='ocrx_word' id='word_1_629' title='bbox 898 4655 1006 4721; x_wconf 75' lang='lat' dir='ltr'>pse</span> <span class='ocrx_word' id='word_1_630' title='bbox 1017 4644 1451 4721; x_wconf 74' lang='lat' dir='ltr'>interpretando</span> <span class='ocrx_word' id='word_1_631' title='bbox 1462 4651 1531 4701; x_wconf 90' lang='lat' dir='ltr'>ad</span> <span class='ocrx_word' id='word_1_632' title='bbox 1550 4651 1905 4705; x_wconf 85' lang='lat' dir='ltr'>Catholicum</span> <span class='ocrx_word' id='word_1_633' title='bbox 1918 4670 2118 4705; x_wconf 87' lang='lat' dir='ltr'>sensum</span> 
     </span>
    </p>
   </div>
   <div class='ocr_carea' id='block_1_78' title="bbox 529 4706 2122 4787">
    <p class='ocr_par' dir='ltr' id='par_1_78' title="bbox 529 4706 2122 4787">
     <span class='ocr_line' id='line_1_79' title="bbox 529 4706 2122 4787; baseline 0.015 -32"><span class='ocrx_word' id='word_1_634' title='bbox 529 4706 864 4787; x_wconf 72' lang='lat' dir='ltr'>traduxerit.</span> <span class='ocrx_word' id='word_1_635' title='bbox 891 4715 1093 4767; x_wconf 85' lang='lat' dir='ltr'>Confer</span> <span class='ocrx_word' id='word_1_636' title='bbox 1106 4706 1312 4771; x_wconf 74' lang='lat' dir='ltr'>librum</span> <span class='ocrx_word' id='word_1_637' title='bbox 1341 4723 1393 4772; x_wconf 93' lang='lat' dir='ltr'>S.</span> <span class='ocrx_word' id='word_1_638' title='bbox 1415 4723 1743 4786; x_wconf 84' lang='lat' dir='ltr'>Hieronymi</span> <span class='ocrx_word' id='word_1_639' title='bbox 1761 4725 1832 4775; x_wconf 92' lang='lat' dir='ltr'>ad</span> <span class='ocrx_word' id='word_1_640' title='bbox 1861 4728 2122 4779; x_wconf 88' lang='lat' dir='ltr'>Pamma-</span> 
     </span>
    </p>
   </div>
   <div class='ocr_carea' id='block_1_79' title="bbox 529 4777 2123 4860">
    <p class='ocr_par' dir='ltr' id='par_1_79' title="bbox 529 4777 2123 4860">
     <span class='ocr_line' id='line_1_80' title="bbox 529 4777 2123 4860; baseline 0.015 -34"><span class='ocrx_word' id='word_1_641' title='bbox 529 4777 726 4860; x_wconf 74' lang='lat' dir='ltr'>cliium</span> <span class='ocrx_word' id='word_1_642' title='bbox 771 4786 970 4860; x_wconf 78' lang='lat' dir='ltr'>contra</span> <span class='ocrx_word' id='word_1_643' title='bbox 1016 4788 1179 4860; x_wconf 87' lang='lat' dir='ltr'>Joan.</span> <span class='ocrx_word' id='word_1_644' title='bbox 1212 4777 1674 4855; x_wconf 75' lang='lat' dir='ltr'>Jerosolymitan.</span> <span class='ocrx_word' id='word_1_645' title='bbox 1721 4794 1894 4848; x_wconf 88' lang='lat' dir='ltr'>Porro</span> <span class='ocrx_word' id='word_1_646' title='bbox 1919 4777 2123 4851; x_wconf 84' lang='lat' dir='ltr'>vitiose</span> 
     </span>
    </p>
   </div>
   <div class='ocr_carea' id='block_1_80' title="bbox 527 4848 2120 4933">
    <p class='ocr_par' dir='ltr' id='par_1_80' title="bbox 527 4848 2120 4933">
     <span class='ocr_line' id='line_1_81' title="bbox 527 4848 2120 4933; baseline 0.016 -36"><span class='ocrx_word' id='word_1_647' title='bbox 527 4848 789 4933; x_wconf 53' lang='lat' dir='ltr'>ltiartian.</span> <span class='ocrx_word' id='word_1_648' title='bbox 826 4852 1213 4933; x_wconf 64' lang='lat' dir='ltr'>legeratsine</span> <span class='ocrx_word' id='word_1_649' title='bbox 1236 4861 1345 4925; x_wconf 86' lang='lat' dir='ltr'>ipse</span> <span class='ocrx_word' id='word_1_650' title='bbox 1395 4848 1630 4927; x_wconf 69' lang='lat' dir='ltr'>quidem,</span> <span class='ocrx_word' id='word_1_651' title='bbox 1678 4879 1777 4929; x_wconf 89' lang='lat' dir='ltr'>pro</span> <span class='ocrx_word' id='word_1_652' title='bbox 1803 4868 1926 4932; x_wconf 76' lang='lat' dir='ltr'>ipsi,</span> <span class='ocrx_word' id='word_1_653' title='bbox 1953 4848 2120 4933; x_wconf 68' lang='lat' dir='ltr'>idest,</span> 
     </span>
    </p>
   </div>
   <div class='ocr_carea' id='block_1_81' title="bbox 533 4921 2122 5003">
    <p class='ocr_par' dir='ltr' id='par_1_81' title="bbox 533 4921 2122 5003">
     <span class='ocr_line' id='line_1_82' title="bbox 533 4921 2122 5003; baseline 0.018 -37"><span class='ocrx_word' id='word_1_654' title='bbox 533 4921 840 5003; x_wconf 69' lang='grc' dir='ltr'>Πηίῃεηίιο³</span> <span class='ocrx_word' id='word_1_655' title='bbox 864 4927 955 5003; x_wconf 75' lang='lat' dir='ltr'>cui</span> <span class='ocrx_word' id='word_1_656' title='bbox 1003 4929 1211 5003; x_wconf 80' lang='lat' dir='ltr'>Divina</span> <span class='ocrx_word' id='word_1_657' title='bbox 1232 4921 1439 4985; x_wconf 78' lang='lat' dir='ltr'>natura</span> <span class='ocrx_word' id='word_1_658' title='bbox 1462 4921 1701 4987; x_wconf 76' lang='lat' dir='ltr'>visibilis</span> <span class='ocrx_word' id='word_1_659' title='bbox 1726 4938 1800 4989; x_wconf 89' lang='lat' dir='ltr'>sit</span> <span class='ocrx_word' id='word_1_660' title='bbox 1862 4921 1976 4993; x_wconf 80' lang='lat' dir='ltr'>non</span> <span class='ocrx_word' id='word_1_661' title='bbox 2006 4921 2122 4995; x_wconf 55' lang='lat' dir='ltr'>Ori:</span> 
     </span>
    </p>
   </div>
   <div class='ocr_carea' id='block_1_82' title="bbox 524 4996 1436 5066">
    <p class='ocr_par' dir='ltr' id='par_1_82' title="bbox 524 4996 1436 5066">
     <span class='ocr_line' id='line_1_83' title="bbox 524 4996 1436 5066; baseline 0.016 -25"><span class='ocrx_word' id='word_1_662' title='bbox 524 5004 723 5055; x_wconf 90' lang='lat' dir='ltr'>genes,</span> <span class='ocrx_word' id='word_1_663' title='bbox 741 4996 841 5057; x_wconf 91' lang='lat' dir='ltr'>qui</span> <span class='ocrx_word' id='word_1_664' title='bbox 864 4997 971 5050; x_wconf 89' lang='lat' dir='ltr'>hac</span> <span class='ocrx_word' id='word_1_665' title='bbox 994 4999 1065 5051; x_wconf 92' lang='lat' dir='ltr'>de</span> <span class='ocrx_word' id='word_1_666' title='bbox 1089 5014 1147 5053; x_wconf 91' lang='lat' dir='ltr'>re</span> <span class='ocrx_word' id='word_1_667' title='bbox 1162 5002 1436 5066; x_wconf 86' lang='lat' dir='ltr'>disputat.</span> 
     </span>
    </p>
   </div>
   <div class='ocr_carea' id='block_1_83' title="bbox 588 5066 2124 5147">
    <p class='ocr_par' dir='ltr' id='par_1_83' title="bbox 588 5066 2124 5147">
     <span class='ocr_line' id='line_1_84' title="bbox 588 5066 2124 5147; baseline 0.016 -34"><span class='ocrx_word' id='word_1_668' title='bbox 588 5070 614 5147; x_wconf 27' lang='grc' dir='ltr'><strong><em>Ἀ</em></strong></span> <span class='ocrx_word' id='word_1_669' title='bbox 631 5066 831 5147; x_wconf 81' lang='lat' dir='ltr'>Denuo</span> <span class='ocrx_word' id='word_1_670' title='bbox 852 5069 1218 5147; x_wconf 77' lang='lat' dir='ltr'>Guarnerian.</span> <span class='ocrx_word' id='word_1_671' title='bbox 1254 5075 1331 5123; x_wconf 82' lang='lat' dir='ltr'>vel</span> <span class='ocrx_word' id='word_1_672' title='bbox 1342 5081 1512 5147; x_wconf 78' lang='lat' dir='ltr'>tacet</span> <span class='ocrx_word' id='word_1_673' title='bbox 1535 5092 1549 5128; x_wconf 90' lang='lat'><strong>:</strong></span> <span class='ocrx_word' id='word_1_674' title='bbox 1570 5091 1706 5131; x_wconf 85' lang='lat' dir='ltr'>mox</span> <span class='ocrx_word' id='word_1_675' title='bbox 1736 5083 1953 5146; x_wconf 80' lang='lat' dir='ltr'>quidem</span> <span class='ocrx_word' id='word_1_676' title='bbox 1985 5083 2124 5146; x_wconf 69' lang='lat' dir='ltr'>legit</span> 
     </span>
    </p>
   </div>
   <div class='ocr_carea' id='block_1_84' title="bbox 522 5142 2116 5218">
    <p class='ocr_par' dir='ltr' id='par_1_84' title="bbox 522 5142 2116 5218">
     <span class='ocr_line' id='line_1_85' title="bbox 522 5142 2116 5218; baseline 0.015 -36"><span class='ocrx_word' id='word_1_677' title='bbox 522 5144 625 5218; x_wconf 80' lang='lat' dir='ltr'>pro</span> <span class='ocrx_word' id='word_1_678' title='bbox 652 5142 940 5218; x_wconf 70' lang='lat' dir='ltr'>quippe,et</span> <span class='ocrx_word' id='word_1_679' title='bbox 962 5142 1180 5218; x_wconf 65' lang='lat' dir='ltr'>quidem</span> <span class='ocrx_word' id='word_1_680' title='bbox 1205 5146 1358 5207; x_wconf 91' lang='lat' dir='ltr'>quod</span> <span class='ocrx_word' id='word_1_681' title='bbox 1373 5150 1651 5211; x_wconf 85' lang='lat' dir='ltr'>sequitur,</span> <span class='ocrx_word' id='word_1_682' title='bbox 1678 5142 1903 5204; x_wconf 72' lang='lat' dir='ltr'>rursum</span> <span class='ocrx_word' id='word_1_683' title='bbox 1932 5142 2080 5207; x_wconf 81' lang='lat' dir='ltr'>tacet</span> <span class='ocrx_word' id='word_1_684' title='bbox 2104 5175 2116 5218; x_wconf 87' lang='lat'><strong>;</strong></span> 
     </span>
    </p>
   </div>
   <div class='ocr_carea' id='block_1_85' title="bbox 520 5210 2124 5277">
    <p class='ocr_par' dir='ltr' id='par_1_85' title="bbox 520 5210 2124 5277">
     <span class='ocr_line' id='line_1_86' title="bbox 520 5210 2124 5277; baseline 0.012 -23"><span class='ocrx_word' id='word_1_685' title='bbox 520 5210 703 5269; x_wconf 82' lang='lat' dir='ltr'>pergit</span> <span class='ocrx_word' id='word_1_686' title='bbox 726 5222 910 5277; x_wconf 82' lang='lat' dir='ltr'>porro,</span> <span class='ocrx_word' id='word_1_687' title='bbox 958 5213 1114 5263; x_wconf 81' lang='lat' dir='ltr'>aliud</span> <span class='ocrx_word' id='word_1_688' title='bbox 1156 5221 1228 5263; x_wconf 87' lang='lat' dir='ltr'>est</span> <span class='ocrx_word' id='word_1_689' title='bbox 1257 5210 1483 5271; x_wconf 78' lang='lat' dir='ltr'>noscere.</span> <span class='ocrx_word' id='word_1_690' title='bbox 1538 5210 1719 5272; x_wconf 75' lang='lat' dir='ltr'>Victori</span> <span class='ocrx_word' id='word_1_691' title='bbox 1741 5231 1788 5272; x_wconf 87' lang='lat' dir='ltr'>et</span> <span class='ocrx_word' id='word_1_692' title='bbox 1820 5226 1991 5274; x_wconf 84' lang='lat' dir='ltr'>vtdcrc</span> <span class='ocrx_word' id='word_1_693' title='bbox 2014 5210 2124 5275; x_wconf 50' lang='lat' dir='ltr'>cor;</span> 
     </span>
    </p>
   </div>
   <div class='ocr_carea' id='block_1_86' title="bbox 518 5288 863 5338">
    <p class='ocr_par' dir='ltr' id='par_1_86' title="bbox 518 5288 863 5338">
     <span class='ocr_line' id='line_1_87' title="bbox 518 5288 863 5338; baseline 0.023 -13"><span class='ocrx_word' id='word_1_694' title='bbox 518 5290 748 5338; x_wconf 80' lang='lat' dir='ltr'>porcum</span> <span class='ocrx_word' id='word_1_695' title='bbox 773 5288 863 5334; x_wconf 88' lang='lat' dir='ltr'>est.</span> 
     </span>
    </p>
   </div>
   <div class='ocr_carea' id='block_1_87' title="bbox 590 5347 2121 5431">
    <p class='ocr_par' dir='ltr' id='par_1_87' title="bbox 590 5347 2121 5431">
     <span class='ocr_line' id='line_1_88' title="bbox 590 5347 2121 5431; baseline 0.014 -30"><span class='ocrx_word' id='word_1_696' title='bbox 590 5347 611 5377; x_wconf 79' lang='grc'>¹³</span> <span class='ocrx_word' id='word_1_697' title='bbox 640 5354 934 5431; x_wconf 73' lang='lat' dir='ltr'>Interserit</span> <span class='ocrx_word' id='word_1_698' title='bbox 967 5358 1334 5431; x_wconf 62' lang='lat' dir='ltr'>Quarnerian.</span> <span class='ocrx_word' id='word_1_699' title='bbox 1376 5376 1485 5414; x_wconf 89' lang='lat' dir='ltr'>ms.</span> <span class='ocrx_word' id='word_1_700' title='bbox 1519 5372 1739 5428; x_wconf 86' lang='lat' dir='ltr'>constat,</span> <span class='ocrx_word' id='word_1_701' title='bbox 1796 5369 1951 5431; x_wconf 89' lang='lat' dir='ltr'>quod</span> <span class='ocrx_word' id='word_1_702' title='bbox 1994 5382 2121 5421; x_wconf 90' lang='lat' dir='ltr'>ver-</span> 
     </span>
    </p>
   </div>
   <div class='ocr_carea' id='block_1_88' title="bbox 520 5421 1806 5488">
    <p class='ocr_par' dir='ltr' id='par_1_88' title="bbox 520 5421 1806 5488">
     <span class='ocr_line' id='line_1_89' title="bbox 520 5421 1806 5488; baseline 0.012 -16"><span class='ocrx_word' id='word_1_703' title='bbox 520 5421 662 5473; x_wconf 89' lang='lat' dir='ltr'>bum</span> <span class='ocrx_word' id='word_1_704' title='bbox 687 5435 759 5475; x_wconf 82' lang='lat' dir='ltr'>ex</span> <span class='ocrx_word' id='word_1_705' title='bbox 780 5425 907 5478; x_wconf 91' lang='lat' dir='ltr'>libri</span> <span class='ocrx_word' id='word_1_706' title='bbox 941 5428 1072 5480; x_wconf 91' lang='lat' dir='ltr'>albo</span> <span class='ocrx_word' id='word_1_707' title='bbox 1096 5430 1210 5482; x_wconf 91' lang='lat' dir='ltr'>huc</span> <span class='ocrx_word' id='word_1_708' title='bbox 1243 5433 1470 5485; x_wconf 91' lang='lat' dir='ltr'>videtur</span> <span class='ocrx_word' id='word_1_709' title='bbox 1499 5421 1806 5488; x_wconf 79' lang='lat' dir='ltr'>intrusum.</span> 
     </span>
    </p>
   </div>
   <div class='ocr_carea' id='block_1_89' title="bbox 558 5494 2120 5572">
    <p class='ocr_par' dir='ltr' id='par_1_89' title="bbox 558 5494 2120 5572">
     <span class='ocr_line' id='line_1_90' title="bbox 558 5494 2120 5572; baseline 0.012 -28"><span class='ocrx_word' id='word_1_710' title='bbox 1037 5514 1172 5572; x_wconf 79' lang='lat' dir='ltr'>ms.,</span> <span class='ocrx_word' id='word_1_711' title='bbox 1217 5505 1366 5553; x_wconf 83' lang='lat' dir='ltr'>Istud</span> <span class='ocrx_word' id='word_1_712' title='bbox 1404 5512 1474 5554; x_wconf 86' lang='lat' dir='ltr'>est</span> <span class='ocrx_word' id='word_1_713' title='bbox 1518 5513 1693 5570; x_wconf 82' lang='lat' dir='ltr'>caput.</span> <span class='ocrx_word' id='word_1_714' title='bbox 1732 5510 1883 5567; x_wconf 88' lang='lat' dir='ltr'>Quos</span> <span class='ocrx_word' id='word_1_715' title='bbox 1912 5512 2120 5561; x_wconf 88' lang='lat' dir='ltr'>Auctor</span> 
     </span>
    </p>
   </div>
   <div class='ocr_carea' id='block_1_90' title="bbox 525 5563 2115 5644">
    <p class='ocr_par' dir='ltr' id='par_1_90' title="bbox 525 5563 2115 5644">
     <span class='ocr_line' id='line_1_91' title="bbox 525 5563 2115 5644; baseline 0.013 -33"><span class='ocrx_word' id='word_1_716' title='bbox 525 5563 745 5644; x_wconf 60' lang='lat' dir='ltr'>sibi_ad_</span> <span class='ocrx_word' id='word_1_717' title='bbox 767 5568 1157 5644; x_wconf 86' lang='lat' dir='ltr'>insidiandum</span> <span class='ocrx_word' id='word_1_718' title='bbox 1192 5577 1561 5627; x_wconf 87' lang='lat' dir='ltr'>transmissos</span> <span class='ocrx_word' id='word_1_719' title='bbox 1582 5563 1592 5570; x_wconf 73' lang='grc'><em>’</em></span> <span class='ocrx_word' id='word_1_720' title='bbox 1610 5563 1844 5628; x_wconf 54' lang='grc' dir='ltr'>όὶοίῐίᾱθ</span> <span class='ocrx_word' id='word_1_721' title='bbox 1871 5580 2115 5642; x_wconf 83' lang='lat' dir='ltr'>Oriente,</span> 
     </span>
    </p>
   </div>
   <div class='ocr_carea' id='block_1_91' title="bbox 525 5632 2117 5713">
    <p class='ocr_par' dir='ltr' id='par_1_91' title="bbox 525 5632 2117 5713">
     <span class='ocr_line' id='line_1_92' title="bbox 525 5632 2117 5713; baseline 0.014 -32"><span class='ocrx_word' id='word_1_722' title='bbox 525 5632 927 5713; x_wconf 68' lang='lat' dir='ltr'>Paulinianum</span> <span class='ocrx_word' id='word_1_723' title='bbox 959 5642 1011 5691; x_wconf 86' lang='lat' dir='ltr'>S.</span> <span class='ocrx_word' id='word_1_724' title='bbox 1042 5644 1374 5707; x_wconf 83' lang='lat' dir='ltr'>Hieronymi</span> <span class='ocrx_word' id='word_1_725' title='bbox 1398 5645 1648 5706; x_wconf 85' lang='lat' dir='ltr'>fratrem,</span> <span class='ocrx_word' id='word_1_726' title='bbox 1676 5650 1731 5697; x_wconf 91' lang='lat' dir='ltr'>et</span> <span class='ocrx_word' id='word_1_727' title='bbox 1748 5632 2117 5713; x_wconf 77' lang='lat' dir='ltr'>Presbyteros</span> 
     </span>
    </p>
   </div>
   <div class='ocr_carea' id='block_1_92' title="bbox 528 5703 1712 5781">
    <p class='ocr_par' dir='ltr' id='par_1_92' title="bbox 528 5703 1712 5781">
     <span class='ocr_line' id='line_1_93' title="bbox 528 5703 1712 5781; baseline 0.014 -30"><span class='ocrx_word' id='word_1_728' title='bbox 528 5703 888 5759; x_wconf 88' lang='lat' dir='ltr'>Vincentium</span> <span class='ocrx_word' id='word_1_729' title='bbox 913 5714 1088 5775; x_wconf 87' lang='lat' dir='ltr'>atque</span> <span class='ocrx_word' id='word_1_730' title='bbox 1114 5703 1419 5765; x_wconf 69' lang='lat' dir='ltr'>Eusebium</span> <span class='ocrx_word' id='word_1_731' title='bbox 1444 5703 1712 5781; x_wconf 80' lang='lat' dir='ltr'>intelligo.</span> 
     </span>
    </p>
   </div>
   <div class='ocr_carea' id='block_1_93' title="bbox 2222 3143 3833 3209">
    <p class='ocr_par' dir='ltr' id='par_1_93' title="bbox 2222 3143 3833 3209">
     <span class='ocr_line' id='line_1_94' title="bbox 2222 3143 3833 3209; baseline 0.001 -15"><span class='ocrx_word' id='word_1_732' title='bbox 2222 3155 2352 3194; x_wconf 91' lang='lat' dir='ltr'>sum</span> <span class='ocrx_word' id='word_1_733' title='bbox 2364 3156 2491 3194; x_wconf 88' lang='lat' dir='ltr'>esse</span> <span class='ocrx_word' id='word_1_734' title='bbox 2507 3143 2660 3207; x_wconf 92' lang='lat' dir='ltr'>quod</span> <span class='ocrx_word' id='word_1_735' title='bbox 2674 3144 3437 3209; x_wconf 80' lang='lat' dir='ltr'>possitotiendere.Denique</span> <span class='ocrx_word' id='word_1_736' title='bbox 3449 3144 3498 3195; x_wconf 92' lang='lat' dir='ltr'>si</span> <span class='ocrx_word' id='word_1_737' title='bbox 3508 3143 3621 3195; x_wconf 89' lang='lat' dir='ltr'>hoc</span> <span class='ocrx_word' id='word_1_738' title='bbox 3637 3150 3833 3208; x_wconf 82' lang='lat' dir='ltr'>putas-</span> 
     </span>
    </p>
   </div>
   <div class='ocr_carea' id='block_1_94' title="bbox 2220 3232 3800 3297">
    <p class='ocr_par' dir='ltr' id='par_1_94' title="bbox 2220 3232 3800 3297">
     <span class='ocr_line' id='line_1_95' title="bbox 2220 3232 3800 3297; baseline 0.001 -14"><span class='ocrx_word' id='word_1_739' title='bbox 2220 3233 2352 3284; x_wconf 87' lang='lat' dir='ltr'>sent</span> <span class='ocrx_word' id='word_1_740' title='bbox 2370 3233 2514 3296; x_wconf 90' lang='lat' dir='ltr'>ipsa,</span> <span class='ocrx_word' id='word_1_741' title='bbox 2536 3232 2685 3283; x_wconf 91' lang='lat' dir='ltr'>sicut</span> <span class='ocrx_word' id='word_1_742' title='bbox 2698 3234 3122 3297; x_wconf 85' lang='lat' dir='ltr'>transtuleram,</span> <span class='ocrx_word' id='word_1_743' title='bbox 3143 3246 3272 3285; x_wconf 90' lang='lat' dir='ltr'>mea</span> <span class='ocrx_word' id='word_1_744' title='bbox 3296 3233 3473 3285; x_wconf 87' lang='lat' dir='ltr'>verba</span> <span class='ocrx_word' id='word_1_745' title='bbox 3485 3235 3800 3295; x_wconf 81' lang='lat' dir='ltr'>posuissent.</span> 
     </span>
    </p>
   </div>
   <div class='ocr_carea' id='block_1_95' title="bbox 2283 3322 3833 3386">
    <p class='ocr_par' dir='ltr' id='par_1_95' title="bbox 2283 3322 3833 3386">
     <span class='ocr_line' id='line_1_96' title="bbox 2283 3322 3833 3386; baseline -0.002 -10"><span class='ocrx_word' id='word_1_746' title='bbox 2283 3322 2369 3376; x_wconf 85' lang='grc'>19.</span> <span class='ocrx_word' id='word_1_747' title='bbox 2397 3322 2507 3373; x_wconf 91' lang='lat' dir='ltr'>Sed</span> <span class='ocrx_word' id='word_1_748' title='bbox 2553 3334 2711 3373; x_wconf 93' lang='lat' dir='ltr'>nunc</span> <span class='ocrx_word' id='word_1_749' title='bbox 2745 3324 3026 3386; x_wconf 89' lang='lat' dir='ltr'>ausculta,</span> <span class='ocrx_word' id='word_1_750' title='bbox 3066 3322 3205 3386; x_wconf 91' lang='lat' dir='ltr'>quid</span> <span class='ocrx_word' id='word_1_751' title='bbox 3246 3322 3477 3384; x_wconf 87' lang='lat' dir='ltr'>faciunt,</span> <span class='ocrx_word' id='word_1_752' title='bbox 3522 3326 3581 3373; x_wconf 88' lang='lat' dir='ltr'>et</span> <span class='ocrx_word' id='word_1_753' title='bbox 3624 3323 3833 3385; x_wconf 77' lang='lat' dir='ltr'>ﬂagitii</span> 
     </span>
    </p>
   </div>
   <div class='ocr_carea' id='block_1_96' title="bbox 2220 3410 3833 3477">
    <p class='ocr_par' dir='ltr' id='par_1_96' title="bbox 2220 3410 3833 3477">
     <span class='ocr_line' id='line_1_97' title="bbox 2220 3410 3833 3477; baseline 0.001 -16"><span class='ocrx_word' id='word_1_754' title='bbox 2220 3423 2418 3462; x_wconf 88' lang='lat' dir='ltr'>eorum</span> <span class='ocrx_word' id='word_1_755' title='bbox 2432 3412 2682 3475; x_wconf 91' lang='lat' dir='ltr'>require,</span> <span class='ocrx_word' id='word_1_756' title='bbox 2700 3412 2748 3462; x_wconf 92' lang='lat' dir='ltr'>si</span> <span class='ocrx_word' id='word_1_757' title='bbox 2771 3412 2952 3464; x_wconf 91' lang='lat' dir='ltr'>ullum</span> <span class='ocrx_word' id='word_1_758' title='bbox 2978 3410 3635 3477; x_wconf 60' lang='lat' dir='ltr'>praecessitexemplum.</span> <span class='ocrx_word' id='word_1_759' title='bbox 3665 3414 3735 3463; x_wconf 92' lang='lat' dir='ltr'>In</span> <span class='ocrx_word' id='word_1_760' title='bbox 3768 3425 3833 3463; x_wconf 90' lang='lat' dir='ltr'>eo</span> 
     </span>
    </p>
   </div>
   <div class='ocr_carea' id='block_1_97' title="bbox 2221 3500 3831 3565">
    <p class='ocr_par' dir='ltr' id='par_1_97' title="bbox 2221 3500 3831 3565">
     <span class='ocr_line' id='line_1_98' title="bbox 2221 3500 3831 3565; baseline 0.001 -13"><span class='ocrx_word' id='word_1_761' title='bbox 2221 3500 2349 3552; x_wconf 92' lang='lat' dir='ltr'>loco</span> <span class='ocrx_word' id='word_1_762' title='bbox 2393 3501 2491 3552; x_wconf 91' lang='lat' dir='ltr'>ubi</span> <span class='ocrx_word' id='word_1_763' title='bbox 2518 3502 2795 3565; x_wconf 79' lang='lat' dir='ltr'>scriptum</span> <span class='ocrx_word' id='word_1_764' title='bbox 2840 3507 2964 3553; x_wconf 90' lang='lat' dir='ltr'>erat</span> <span class='ocrx_word' id='word_1_765' title='bbox 2987 3517 3001 3553; x_wconf 88' lang='lat'><strong>:</strong></span> <span class='ocrx_word' id='word_1_766' title='bbox 3026 3517 3055 3549; x_wconf 78' lang='grc' dir='ltr'><strong>α</strong></span> <span class='ocrx_word' id='word_1_767' title='bbox 3092 3502 3254 3562; x_wconf 89' lang='lat' dir='ltr'>Quod</span> <span class='ocrx_word' id='word_1_768' title='bbox 3298 3502 3346 3552; x_wconf 90' lang='lat' dir='ltr'>si</span> <span class='ocrx_word' id='word_1_769' title='bbox 3379 3501 3618 3564; x_wconf 88' lang='lat' dir='ltr'>requiris</span> <span class='ocrx_word' id='word_1_770' title='bbox 3645 3513 3683 3552; x_wconf 89' lang='lat' dir='ltr'>a</span> <span class='ocrx_word' id='word_1_771' title='bbox 3716 3515 3831 3561; x_wconf 85' lang='lat' dir='ltr'>me,</span> 
     </span>
    </p>
   </div>
   <div class='ocr_carea' id='block_1_98' title="bbox 2224 3590 3830 3657">
    <p class='ocr_par' dir='ltr' id='par_1_98' title="bbox 2224 3590 3830 3657">
     <span class='ocr_line' id='line_1_99' title="bbox 2224 3590 3830 3657; baseline 0 -16"><span class='ocrx_word' id='word_1_772' title='bbox 2224 3590 2359 3654; x_wconf 89' lang='lat' dir='ltr'>quid</span> <span class='ocrx_word' id='word_1_773' title='bbox 2385 3591 2557 3642; x_wconf 89' lang='lat' dir='ltr'>etiam</span> <span class='ocrx_word' id='word_1_774' title='bbox 2600 3590 2672 3643; x_wconf 91' lang='lat' dir='ltr'>de</span> <span class='ocrx_word' id='word_1_775' title='bbox 2716 3592 2840 3657; x_wconf 91' lang='lat' dir='ltr'>ipso</span> <span class='ocrx_word' id='word_1_776' title='bbox 2884 3592 3186 3656; x_wconf 87' lang='lat' dir='ltr'>Unigenito</span> <span class='ocrx_word' id='word_1_777' title='bbox 3219 3591 3479 3655; x_wconf 82' lang='lat' dir='ltr'>sentiam,</span> <span class='ocrx_word' id='word_1_778' title='bbox 3506 3590 3554 3642; x_wconf 90' lang='lat' dir='ltr'>si</span> <span class='ocrx_word' id='word_1_779' title='bbox 3579 3603 3654 3642; x_wconf 88' lang='lat' dir='ltr'>ne</span> <span class='ocrx_word' id='word_1_780' title='bbox 3691 3591 3830 3655; x_wconf 78' lang='lat' dir='ltr'>‘ipsi</span> 
     </span>
    </p>
   </div>
   <div class='ocr_carea' id='block_1_99' title="bbox 2223 3679 3833 3744">
    <p class='ocr_par' dir='ltr' id='par_1_99' title="bbox 2223 3679 3833 3744">
     <span class='ocr_line' id='line_1_100' title="bbox 2223 3679 3833 3744; baseline 0.001 -15"><span class='ocrx_word' id='word_1_781' title='bbox 2223 3679 2455 3743; x_wconf 90' lang='lat' dir='ltr'>quidem</span> <span class='ocrx_word' id='word_1_782' title='bbox 2474 3680 2757 3732; x_wconf 89' lang='lat' dir='ltr'>visibilem</span> <span class='ocrx_word' id='word_1_783' title='bbox 2769 3681 2955 3733; x_wconf 90' lang='lat' dir='ltr'>dicam</span> <span class='ocrx_word' id='word_1_784' title='bbox 2967 3686 3235 3733; x_wconf 83' lang='lat' dir='ltr'>naturam</span> <span class='ocrx_word' id='word_1_785' title='bbox 3249 3680 3477 3744; x_wconf 88' lang='lat' dir='ltr'>Dei,qui</span> <span class='ocrx_word' id='word_1_786' title='bbox 3488 3680 3833 3731; x_wconf 88' lang='lat' dir='ltr'>naturaliter</span> 
     </span>
    </p>
   </div>
   <div class='ocr_carea' id='block_1_100' title="bbox 2223 3768 3829 3834">
    <p class='ocr_par' dir='ltr' id='par_1_100' title="bbox 2223 3768 3829 3834">
     <span class='ocr_line' id='line_1_101' title="bbox 2223 3768 3829 3834; baseline 0.001 -15"><span class='ocrx_word' id='word_1_787' title='bbox 2223 3768 2530 3821; x_wconf 90' lang='lat' dir='ltr'>invisibilis</span> <span class='ocrx_word' id='word_1_788' title='bbox 2572 3775 2677 3830; x_wconf 86' lang='lat' dir='ltr'>est;</span> <span class='ocrx_word' id='word_1_789' title='bbox 2712 3783 2831 3823; x_wconf 90' lang='lat' dir='ltr'>non</span> <span class='ocrx_word' id='word_1_790' title='bbox 2855 3771 2958 3822; x_wconf 84' lang='lat' dir='ltr'>tibi</span> <span class='ocrx_word' id='word_1_791' title='bbox 2998 3770 3211 3833; x_wconf 87' lang='lat' dir='ltr'>statim,</span> <span class='ocrx_word' id='word_1_792' title='bbox 3237 3770 3325 3822; x_wconf 89' lang='lat' dir='ltr'>vel</span> <span class='ocrx_word' id='word_1_793' title='bbox 3353 3769 3593 3834; x_wconf 91' lang='lat' dir='ltr'>impium</span> <span class='ocrx_word' id='word_1_794' title='bbox 3624 3770 3829 3821; x_wconf 86' lang='lat' dir='ltr'>videa-</span> 
     </span>
    </p>
   </div>
   <div class='ocr_carea' id='block_1_101' title="bbox 2222 3859 3829 3923">
    <p class='ocr_par' dir='ltr' id='par_1_101' title="bbox 2222 3859 3829 3923">
     <span class='ocr_line' id='line_1_102' title="bbox 2222 3859 3829 3923; baseline -0.001 -13"><span class='ocrx_word' id='word_1_795' title='bbox 2222 3863 2320 3911; x_wconf 87' lang='lat' dir='ltr'>tur</span> <span class='ocrx_word' id='word_1_796' title='bbox 2363 3871 2512 3922; x_wconf 90' lang='lat' dir='ltr'>esse,</span> <span class='ocrx_word' id='word_1_797' title='bbox 2557 3860 2649 3911; x_wconf 91' lang='lat' dir='ltr'>vel</span> <span class='ocrx_word' id='word_1_798' title='bbox 2699 3860 3072 3923; x_wconf 65' lang='lat' dir='ltr'>absurdum,t</span> <span class='ocrx_word' id='word_1_799' title='bbox 3116 3860 3397 3911; x_wconf 86' lang='lat' dir='ltr'>rationem</span> <span class='ocrx_word' id='word_1_800' title='bbox 3431 3859 3639 3923; x_wconf 91' lang='lat' dir='ltr'>quippe</span> <span class='ocrx_word' id='word_1_801' title='bbox 3665 3859 3829 3910; x_wconf 81' lang='lat' dir='ltr'>dabi-</span> 
     </span>
    </p>
   </div>
   <div class='ocr_carea' id='block_1_102' title="bbox 2223 3948 3826 4014">
    <p class='ocr_par' dir='ltr' id='par_1_102' title="bbox 2223 3948 3826 4014">
     <span class='ocr_line' id='line_1_103' title="bbox 2223 3948 3826 4014; baseline -0.001 -15"><span class='ocrx_word' id='word_1_802' title='bbox 2223 3961 2356 4000; x_wconf 89' lang='lat' dir='ltr'>mus</span> <span class='ocrx_word' id='word_1_803' title='bbox 2373 3954 2792 4012; x_wconf 87' lang='lat' dir='ltr'>consequenter</span> <span class='ocrx_word' id='word_1_804' title='bbox 2820 3962 2832 4010; x_wconf 90' lang='lat'><strong>;</strong></span> <span class='ocrx_word' id='word_1_805' title='bbox 2867 3966 2895 3998; x_wconf 74' lang='grc' dir='ltr'><strong>ι)</strong></span> <span class='ocrx_word' id='word_1_806' title='bbox 2924 3962 3025 4014; x_wconf 90' lang='lat' dir='ltr'>pro</span> <span class='ocrx_word' id='word_1_807' title='bbox 3048 3962 3115 4001; x_wconf 88' lang='lat' dir='ltr'>eo</span> <span class='ocrx_word' id='word_1_808' title='bbox 3138 3949 3293 4013; x_wconf 91' lang='lat' dir='ltr'>quod</span> <span class='ocrx_word' id='word_1_809' title='bbox 3320 3961 3429 4001; x_wconf 90' lang='lat' dir='ltr'>nos</span> <span class='ocrx_word' id='word_1_810' title='bbox 3461 3948 3826 4012; x_wconf 88' lang='lat' dir='ltr'>scripsimus,</span> 
     </span>
    </p>
   </div>
   <div class='ocr_carea' id='block_1_103' title="bbox 2222 4037 3829 4104">
    <p class='ocr_par' dir='ltr' id='par_1_103' title="bbox 2222 4037 3829 4104">
     <span class='ocr_line' id='line_1_104' title="bbox 2222 4037 3829 4104; baseline 0 -16"><span class='ocrx_word' id='word_1_811' title='bbox 2222 4040 2511 4088; x_wconf 80' lang='lat' dir='ltr'>Rationem</span> <span class='ocrx_word' id='word_1_812' title='bbox 2537 4039 2735 4103; x_wconf 76' lang='lat' dir='ltr'>quippe</span> <span class='ocrx_word' id='word_1_813' title='bbox 2759 4038 3009 4089; x_wconf 81' lang='lat' dir='ltr'>dabimus</span> <span class='ocrx_word' id='word_1_814' title='bbox 3048 4055 3338 4104; x_wconf 75' lang='lat' dir='ltr'>conscquen</span> <span class='ocrx_word' id='word_1_815' title='bbox 3350 4043 3441 4101; x_wconf 83' lang='lat' dir='ltr'>ter,</span> <span class='ocrx_word' id='word_1_816' title='bbox 3467 4037 3544 4089; x_wconf 88' lang='lat' dir='ltr'>illi</span> <span class='ocrx_word' id='word_1_817' title='bbox 3594 4039 3829 4101; x_wconf 77' lang='lat' dir='ltr'>scripto-</span> 
     </span>
    </p>
   </div>
   <div class='ocr_carea' id='block_1_104' title="bbox 2223 4127 3823 4194">
    <p class='ocr_par' dir='ltr' id='par_1_104' title="bbox 2223 4127 3823 4194">
     <span class='ocr_line' id='line_1_105' title="bbox 2223 4127 3823 4194; baseline 0 -16"><span class='ocrx_word' id='word_1_818' title='bbox 2223 4130 2375 4191; x_wconf 90' lang='lat' dir='ltr'>runt,</span> <span class='ocrx_word' id='word_1_819' title='bbox 2411 4149 2438 4172; x_wconf 84' lang='grc'><em>‹‹</em></span> <span class='ocrx_word' id='word_1_820' title='bbox 2475 4130 2598 4179; x_wconf 88' lang='lat' dir='ltr'>Non</span> <span class='ocrx_word' id='word_1_821' title='bbox 2623 4130 2725 4180; x_wconf 90' lang='lat' dir='ltr'>tibi</span> <span class='ocrx_word' id='word_1_822' title='bbox 2749 4131 2943 4181; x_wconf 89' lang='lat' dir='ltr'>statim</span> <span class='ocrx_word' id='word_1_823' title='bbox 2988 4129 3248 4194; x_wconf 90' lang='lat' dir='ltr'>impium,</span> <span class='ocrx_word' id='word_1_824' title='bbox 3273 4127 3367 4181; x_wconf 89' lang='lat' dir='ltr'>vel</span> <span class='ocrx_word' id='word_1_825' title='bbox 3401 4127 3722 4180; x_wconf 89' lang='lat' dir='ltr'>absurdum</span> <span class='ocrx_word' id='word_1_826' title='bbox 3748 4129 3823 4179; x_wconf 84' lang='lat' dir='ltr'>vi-</span> 
     </span>
    </p>
   </div>
   <div class='ocr_carea' id='block_1_105' title="bbox 2224 4216 3820 4282">
    <p class='ocr_par' dir='ltr' id='par_1_105' title="bbox 2224 4216 3820 4282">
     <span class='ocr_line' id='line_1_106' title="bbox 2224 4216 3820 4282; baseline 0.002 -15"><span class='ocrx_word' id='word_1_827' title='bbox 2224 4216 2427 4268; x_wconf 91' lang='lat' dir='ltr'>deatur</span> <span class='ocrx_word' id='word_1_828' title='bbox 2446 4230 2594 4281; x_wconf 90' lang='lat' dir='ltr'>esse,</span> <span class='ocrx_word' id='word_1_829' title='bbox 2619 4220 2641 4252; x_wconf 81' lang='grc' dir='ltr'>ιι</span> <span class='ocrx_word' id='word_1_830' title='bbox 2673 4219 2807 4282; x_wconf 85' lang='lat' dir='ltr'>quia</span> <span class='ocrx_word' id='word_1_831' title='bbox 2840 4219 2991 4271; x_wconf 92' lang='lat' dir='ltr'>sicut</span> <span class='ocrx_word' id='word_1_832' title='bbox 3025 4218 3200 4270; x_wconf 88' lang='lat' dir='ltr'>Filius</span> <span class='ocrx_word' id='word_1_833' title='bbox 3228 4221 3452 4270; x_wconf 89' lang='lat' dir='ltr'>Patrem</span> <span class='ocrx_word' id='word_1_834' title='bbox 3492 4230 3611 4269; x_wconf 91' lang='lat' dir='ltr'>non</span> <span class='ocrx_word' id='word_1_835' title='bbox 3644 4217 3820 4270; x_wconf 87' lang='lat' dir='ltr'>videt.</span> 
     </span>
    </p>
   </div>
   <div class='ocr_carea' id='block_1_106' title="bbox 2224 4304 3821 4370">
    <p class='ocr_par' dir='ltr' id='par_1_106' title="bbox 2224 4304 3821 4370">
     <span class='ocr_line' id='line_1_107' title="bbox 2224 4304 3821 4370; baseline 0 -14"><span class='ocrx_word' id='word_1_836' title='bbox 2224 4304 2303 4356; x_wconf 88' lang='lat' dir='ltr'>ita</span> <span class='ocrx_word' id='word_1_837' title='bbox 2323 4316 2429 4357; x_wconf 91' lang='lat' dir='ltr'>nec</span> <span class='ocrx_word' id='word_1_838' title='bbox 2474 4306 2716 4370; x_wconf 90' lang='lat' dir='ltr'>Spiritus</span> <span class='ocrx_word' id='word_1_839' title='bbox 2755 4308 3001 4360; x_wconf 87' lang='lat' dir='ltr'>Sanctus</span> <span class='ocrx_word' id='word_1_840' title='bbox 3034 4307 3194 4361; x_wconf 90' lang='lat' dir='ltr'>videt</span> <span class='ocrx_word' id='word_1_841' title='bbox 3226 4307 3450 4359; x_wconf 86' lang='lat' dir='ltr'>Filium.</span> <span class='ocrx_word' id='word_1_842' title='bbox 3477 4325 3505 4350; x_wconf 75' lang='grc' dir='ltr'>›ι</span> <span class='ocrx_word' id='word_1_843' title='bbox 3527 4308 3650 4358; x_wconf 89' lang='lat' dir='ltr'>Hoc</span> <span class='ocrx_word' id='word_1_844' title='bbox 3681 4306 3729 4357; x_wconf 90' lang='lat' dir='ltr'>si</span> <span class='ocrx_word' id='word_1_845' title='bbox 3764 4306 3821 4357; x_wconf 94' lang='lat' dir='ltr'>in</span> 
     </span>
    </p>
   </div>
   <div class='ocr_carea' id='block_1_107' title="bbox 2230 4394 3821 4459">
    <p class='ocr_par' dir='ltr' id='par_1_107' title="bbox 2230 4394 3821 4459">
     <span class='ocr_line' id='line_1_108' title="bbox 2230 4394 3821 4459; baseline 0.001 -15"><span class='ocrx_word' id='word_1_846' title='bbox 2230 4394 2350 4446; x_wconf 88' lang='lat' dir='ltr'>foro</span> <span class='ocrx_word' id='word_1_847' title='bbox 2378 4396 2619 4459; x_wconf 90' lang='lat' dir='ltr'>positus,</span> <span class='ocrx_word' id='word_1_848' title='bbox 2645 4396 2737 4449; x_wconf 90' lang='lat' dir='ltr'>vel</span> <span class='ocrx_word' id='word_1_849' title='bbox 2760 4397 2997 4457; x_wconf 85' lang='lat' dir='ltr'>negotiis</span> <span class='ocrx_word' id='word_1_850' title='bbox 3039 4395 3413 4450; x_wconf 71' lang='lat' dir='ltr'>saecularibus</span> <span class='ocrx_word' id='word_1_851' title='bbox 3436 4395 3821 4448; x_wconf 85' lang='lat' dir='ltr'>commisisset</span> 
     </span>
    </p>
   </div>
   <div class='ocr_carea' id='block_1_108' title="bbox 2228 4482 3821 4551">
    <p class='ocr_par' dir='ltr' id='par_1_108' title="bbox 2228 4482 3821 4551">
     <span class='ocr_line' id='line_1_109' title="bbox 2228 4482 3821 4551; baseline 0.001 -17"><span class='ocrx_word' id='word_1_852' title='bbox 2228 4482 2339 4535; x_wconf 88' lang='lat' dir='ltr'>iste</span> <span class='ocrx_word' id='word_1_853' title='bbox 2357 4484 2656 4545; x_wconf 85' lang='lat' dir='ltr'>(Eusebius</span> <span class='ocrx_word' id='word_1_854' title='bbox 2672 4486 3109 4551; x_wconf 88' lang='lat' dir='ltr'>Cremonensis),</span> <span class='ocrx_word' id='word_1_855' title='bbox 3126 4487 3227 4550; x_wconf 88' lang='lat' dir='ltr'>qui</span> <span class='ocrx_word' id='word_1_856' title='bbox 3249 4487 3321 4538; x_wconf 90' lang='lat' dir='ltr'>de</span> <span class='ocrx_word' id='word_1_857' title='bbox 3342 4485 3691 4538; x_wconf 88' lang='lat' dir='ltr'>monasterio</span> <span class='ocrx_word' id='word_1_858' title='bbox 3714 4487 3821 4537; x_wconf 85' lang='lat' dir='ltr'>Ro-</span> 
     </span>
    </p>
   </div>
   <div class='ocr_carea' id='block_1_109' title="bbox 2285 4652 3820 4721">
    <p class='ocr_par' dir='ltr' id='par_1_109' title="bbox 2285 4652 3820 4721">
     <span class='ocr_line' id='line_1_110' title="bbox 2285 4652 3820 4721; baseline 0.003 -16"><span class='ocrx_word' id='word_1_859' title='bbox 2285 4652 2539 4706; x_wconf 75' lang='lat' dir='ltr'>‘Iterum</span> <span class='ocrx_word' id='word_1_860' title='bbox 2570 4668 2700 4719; x_wconf 91' lang='lat' dir='ltr'>ms.,</span> <span class='ocrx_word' id='word_1_861' title='bbox 2745 4657 2989 4719; x_wconf 82' lang='lat' dir='ltr'>credunt,</span> <span class='ocrx_word' id='word_1_862' title='bbox 3036 4670 3149 4721; x_wconf 92' lang='lat' dir='ltr'>quo</span> <span class='ocrx_word' id='word_1_863' title='bbox 3186 4670 3321 4711; x_wconf 90' lang='lat' dir='ltr'>cum</span> <span class='ocrx_word' id='word_1_864' title='bbox 3372 4656 3547 4710; x_wconf 85' lang='lat' dir='ltr'>altero</span> <span class='ocrx_word' id='word_1_865' title='bbox 3596 4657 3669 4709; x_wconf 89' lang='lat' dir='ltr'>ab</span> <span class='ocrx_word' id='word_1_866' title='bbox 3713 4657 3820 4709; x_wconf 87' lang='lat' dir='ltr'>hoc</span> 
     </span>
    </p>
   </div>
   <div class='ocr_carea' id='block_1_110' title="bbox 2222 4729 3133 4793">
    <p class='ocr_par' dir='ltr' id='par_1_110' title="bbox 2222 4729 3133 4793">
     <span class='ocr_line' id='line_1_111' title="bbox 2222 4729 3133 4793; baseline 0.002 -16"><span class='ocrx_word' id='word_1_867' title='bbox 2222 4736 2396 4777; x_wconf 88' lang='lat' dir='ltr'>versu</span> <span class='ocrx_word' id='word_1_868' title='bbox 2420 4742 2551 4791; x_wconf 83' lang='lat' dir='ltr'>quos</span> <span class='ocrx_word' id='word_1_869' title='bbox 2580 4740 2680 4791; x_wconf 91' lang='lat' dir='ltr'>pro</span> <span class='ocrx_word' id='word_1_870' title='bbox 2708 4729 2852 4792; x_wconf 84' lang='lat' dir='ltr'>quod</span> <span class='ocrx_word' id='word_1_871' title='bbox 2873 4730 3133 4793; x_wconf 78' lang='lat' dir='ltr'>legimus.</span> 
     </span>
    </p>
   </div>
   <div class='ocr_carea' id='block_1_111' title="bbox 2283 4798 3389 4862">
    <p class='ocr_par' dir='ltr' id='par_1_111' title="bbox 2283 4798 3389 4862">
     <span class='ocr_line' id='line_1_112' title="bbox 2283 4798 3389 4862; baseline 0.002 -13"><span class='ocrx_word' id='word_1_872' title='bbox 2283 4810 2301 4829; x_wconf 72' lang='grc' dir='ltr'>ε</span> <span class='ocrx_word' id='word_1_873' title='bbox 2324 4801 2388 4849; x_wconf 88' lang='lat' dir='ltr'>In</span> <span class='ocrx_word' id='word_1_874' title='bbox 2412 4798 2628 4862; x_wconf 88' lang='lat' dir='ltr'>eodem,</span> <span class='ocrx_word' id='word_1_875' title='bbox 2653 4800 3074 4850; x_wconf 78' lang='lat' dir='ltr'>indissolubilem</span> <span class='ocrx_word' id='word_1_876' title='bbox 3100 4801 3389 4852; x_wconf 76' lang='lat' dir='ltr'>veritatem.</span> 
     </span>
    </p>
   </div>
   <div class='ocr_carea' id='block_1_112' title="bbox 2287 4869 3813 4937">
    <p class='ocr_par' dir='ltr' id='par_1_112' title="bbox 2287 4869 3813 4937">
     <span class='ocr_line' id='line_1_113' title="bbox 2287 4869 3813 4937; baseline 0.001 -16"><span class='ocrx_word' id='word_1_877' title='bbox 2287 4869 2306 4903; x_wconf 69' lang='grc' dir='ltr'><em>τ</em></span> <span class='ocrx_word' id='word_1_878' title='bbox 2320 4873 2457 4921; x_wconf 88' lang='lat' dir='ltr'>Item</span> <span class='ocrx_word' id='word_1_879' title='bbox 2480 4884 2607 4935; x_wconf 86' lang='lat' dir='ltr'>ms.,</span> <span class='ocrx_word' id='word_1_880' title='bbox 2629 4887 2744 4935; x_wconf 59' lang='lat' dir='ltr'>qum</span> <span class='ocrx_word' id='word_1_881' title='bbox 2758 4874 2915 4921; x_wconf 85' lang='lat' dir='ltr'>etiam</span> <span class='ocrx_word' id='word_1_882' title='bbox 2932 4874 2993 4934; x_wconf 88' lang='lat' dir='ltr'>ii,</span> <span class='ocrx_word' id='word_1_883' title='bbox 3020 4877 3143 4925; x_wconf 89' lang='lat' dir='ltr'>tum</span> <span class='ocrx_word' id='word_1_884' title='bbox 3162 4874 3284 4923; x_wconf 81' lang='lat' dir='ltr'>etde</span> <span class='ocrx_word' id='word_1_885' title='bbox 3302 4871 3689 4937; x_wconf 80' lang='lat' dir='ltr'>hujuscemodi,</span> <span class='ocrx_word' id='word_1_886' title='bbox 3704 4874 3813 4923; x_wconf 87' lang='lat' dir='ltr'>etc.</span> 
     </span>
    </p>
   </div>
   <div class='ocr_carea' id='block_1_113' title="bbox 2285 4942 3229 5009">
    <p class='ocr_par' dir='ltr' id='par_1_113' title="bbox 2285 4942 3229 5009">
     <span class='ocr_line' id='line_1_114' title="bbox 2285 4942 3229 5009; baseline 0.005 -19"><span class='ocrx_word' id='word_1_887' title='bbox 2285 4951 2302 4979; x_wconf 76' lang='grc' dir='ltr'><strong>ε</strong></span> <span class='ocrx_word' id='word_1_888' title='bbox 2336 4943 2505 4993; x_wconf 87' lang='lat' dir='ltr'>Tacet</span> <span class='ocrx_word' id='word_1_889' title='bbox 2539 4942 2691 4993; x_wconf 87' lang='lat' dir='ltr'>idem</span> <span class='ocrx_word' id='word_1_890' title='bbox 2713 4956 2803 4993; x_wconf 91' lang='lat' dir='ltr'>ms</span> <span class='ocrx_word' id='word_1_891' title='bbox 2832 4983 2842 5001; x_wconf 91' lang='lat'>,</span> <span class='ocrx_word' id='word_1_892' title='bbox 2870 4945 3229 5009; x_wconf 77' lang='lat' dir='ltr'>supradictas.</span> 
     </span>
    </p>
   </div>
   <div class='ocr_carea' id='block_1_114' title="bbox 2283 5013 3816 5081">
    <p class='ocr_par' dir='ltr' id='par_1_114' title="bbox 2283 5013 3816 5081">
     <span class='ocr_line' id='line_1_115' title="bbox 2283 5013 3816 5081; baseline -0.001 -18"><span class='ocrx_word' id='word_1_893' title='bbox 2283 5013 2305 5041; x_wconf 67' lang='grc' dir='ltr'>δ</span> <span class='ocrx_word' id='word_1_894' title='bbox 2329 5015 2415 5063; x_wconf 85' lang='lat' dir='ltr'>Ms</span> <span class='ocrx_word' id='word_1_895' title='bbox 2443 5053 2455 5076; x_wconf 92' lang='lat'>,</span> <span class='ocrx_word' id='word_1_896' title='bbox 2481 5014 2923 5064; x_wconf 80' lang='lat' dir='ltr'>criminatoribus</span> <span class='ocrx_word' id='word_1_897' title='bbox 2946 5019 3075 5065; x_wconf 74' lang='lat' dir='ltr'>meis</span> <span class='ocrx_word' id='word_1_898' title='bbox 3099 5033 3201 5065; x_wconf 83' lang='lat' dir='ltr'>esse</span> <span class='ocrx_word' id='word_1_899' title='bbox 3224 5016 3437 5081; x_wconf 83' lang='lat' dir='ltr'>aliquid</span> <span class='ocrx_word' id='word_1_900' title='bbox 3466 5016 3521 5064; x_wconf 86' lang='lat' dir='ltr'>in</span> <span class='ocrx_word' id='word_1_901' title='bbox 3546 5015 3680 5065; x_wconf 77' lang='lat' dir='ltr'>meis</span> <span class='ocrx_word' id='word_1_902' title='bbox 3705 5016 3816 5063; x_wconf 59' lang='lat' dir='ltr'>lite-</span> 
     </span>
    </p>
   </div>
   <div class='ocr_carea' id='block_1_115' title="bbox 2218 5085 3412 5153">
    <p class='ocr_par' dir='ltr' id='par_1_115' title="bbox 2218 5085 3412 5153">
     <span class='ocr_line' id='line_1_116' title="bbox 2218 5085 3412 5153; baseline 0.005 -21"><span class='ocrx_word' id='word_1_903' title='bbox 2218 5085 2297 5133; x_wconf 76' lang='lat' dir='ltr'>ris</span> <span class='ocrx_word' id='word_1_904' title='bbox 2320 5087 2493 5133; x_wconf 75' lang='lat' dir='ltr'>visum</span> <span class='ocrx_word' id='word_1_905' title='bbox 2518 5092 2604 5147; x_wconf 81' lang='lat' dir='ltr'>est,</span> <span class='ocrx_word' id='word_1_906' title='bbox 2631 5089 2775 5150; x_wconf 82' lang='lat' dir='ltr'>quod</span> <span class='ocrx_word' id='word_1_907' title='bbox 2794 5095 2964 5151; x_wconf 79' lang='lat' dir='ltr'>posset</span> <span class='ocrx_word' id='word_1_908' title='bbox 2996 5088 3278 5153; x_wconf 74' lang='lat' dir='ltr'>offendere,</span> <span class='ocrx_word' id='word_1_909' title='bbox 3305 5092 3412 5140; x_wconf 85' lang='lat' dir='ltr'>etc.</span> 
     </span>
    </p>
   </div>
   <div class='ocr_carea' id='block_1_116' title="bbox 2283 5158 3812 5224">
    <p class='ocr_par' dir='ltr' id='par_1_116' title="bbox 2283 5158 3812 5224">
     <span class='ocr_line' id='line_1_117' title="bbox 2283 5158 3812 5224; baseline 0.001 -18"><span class='ocrx_word' id='word_1_910' title='bbox 2283 5158 2683 5209; x_wconf 72' lang='lat' dir='ltr'>iltiartianaeus</span> <span class='ocrx_word' id='word_1_911' title='bbox 2713 5160 2932 5224; x_wconf 88' lang='lat' dir='ltr'>vitiose,</span> <span class='ocrx_word' id='word_1_912' title='bbox 2968 5165 3179 5211; x_wconf 88' lang='lat' dir='ltr'>etcum</span> <span class='ocrx_word' id='word_1_913' title='bbox 3215 5160 3599 5212; x_wconf 88' lang='lat' dir='ltr'>Guarneriano</span> <span class='ocrx_word' id='word_1_914' title='bbox 3625 5163 3812 5210; x_wconf 88' lang='lat' dir='ltr'>tamen</span> 
     </span>
    </p>
   </div>
   <div class='ocr_carea' id='block_1_117' title="bbox 2219 5228 3812 5296">
    <p class='ocr_par' dir='ltr' id='par_1_117' title="bbox 2219 5228 3812 5296">
     <span class='ocr_line' id='line_1_118' title="bbox 2219 5228 3812 5296; baseline 0.001 -19"><span class='ocrx_word' id='word_1_915' title='bbox 2219 5239 2328 5278; x_wconf 91' lang='lat' dir='ltr'>ms.</span> <span class='ocrx_word' id='word_1_916' title='bbox 2358 5228 2480 5278; x_wconf 85' lang='lat' dir='ltr'>heic</span> <span class='ocrx_word' id='word_1_917' title='bbox 2513 5228 2637 5289; x_wconf 88' lang='lat' dir='ltr'>loci,</span> <span class='ocrx_word' id='word_1_918' title='bbox 2669 5231 2715 5277; x_wconf 85' lang='lat' dir='ltr'>si</span> <span class='ocrx_word' id='word_1_919' title='bbox 2756 5246 2822 5278; x_wconf 84' lang='lat' dir='ltr'>ne</span> <span class='ocrx_word' id='word_1_920' title='bbox 2855 5233 2965 5294; x_wconf 82' lang='lat' dir='ltr'>ipse</span> <span class='ocrx_word' id='word_1_921' title='bbox 3011 5233 3247 5295; x_wconf 70' lang='lat' dir='ltr'>quidem,</span> <span class='ocrx_word' id='word_1_922' title='bbox 3294 5244 3395 5296; x_wconf 89' lang='lat' dir='ltr'>pro</span> <span class='ocrx_word' id='word_1_923' title='bbox 3439 5231 3565 5294; x_wconf 77' lang='lat' dir='ltr'>ipsi.</span> <span class='ocrx_word' id='word_1_924' title='bbox 3614 5231 3812 5281; x_wconf 76' lang='lat' dir='ltr'>Recole</span> 
     </span>
    </p>
   </div>
   <div class='ocr_carea' id='block_1_118' title="bbox 2221 5300 3810 5362">
    <p class='ocr_par' dir='ltr' id='par_1_118' title="bbox 2221 5300 3810 5362">
     <span class='ocr_line' id='line_1_119' title="bbox 2221 5300 3810 5362; baseline 0.001 -13"><span class='ocrx_word' id='word_1_925' title='bbox 2221 5300 2567 5362; x_wconf 87' lang='lat' dir='ltr'>superiorem</span> <span class='ocrx_word' id='word_1_926' title='bbox 2583 5301 2687 5353; x_wconf 92' lang='lat' dir='ltr'>col.</span> <span class='ocrx_word' id='word_1_927' title='bbox 2708 5300 2830 5355; x_wconf 69' lang='lat'>554.</span> <span class='ocrx_word' id='word_1_928' title='bbox 2865 5306 2984 5353; x_wconf 88' lang='lat' dir='ltr'>not.</span> <span class='ocrx_word' id='word_1_929' title='bbox 3011 5304 3044 5355; x_wconf 91' lang='lat' dir='ltr'>t.</span> <span class='ocrx_word' id='word_1_930' title='bbox 3077 5304 3322 5355; x_wconf 85' lang='lat' dir='ltr'>Inferius</span> <span class='ocrx_word' id='word_1_931' title='bbox 3348 5307 3498 5353; x_wconf 88' lang='lat' dir='ltr'>tacet</span> <span class='ocrx_word' id='word_1_932' title='bbox 3530 5302 3681 5352; x_wconf 87' lang='lat' dir='ltr'>idem</span> <span class='ocrx_word' id='word_1_933' title='bbox 3704 5314 3810 5351; x_wconf 88' lang='lat' dir='ltr'>ms.</span> 
     </span>
    </p>
   </div>
   <div class='ocr_carea' id='block_1_119' title="bbox 2219 5370 3537 5438">
    <p class='ocr_par' dir='ltr' id='par_1_119' title="bbox 2219 5370 3537 5438">
     <span class='ocr_line' id='line_1_120' title="bbox 2219 5370 3537 5438; baseline 0.002 -18"><span class='ocrx_word' id='word_1_934' title='bbox 2219 5370 2290 5421; x_wconf 94' lang='lat' dir='ltr'>de</span> <span class='ocrx_word' id='word_1_935' title='bbox 2312 5384 2471 5422; x_wconf 92' lang='lat' dir='ltr'>more</span> <span class='ocrx_word' id='word_1_936' title='bbox 2496 5373 2573 5421; x_wconf 78' lang='lat' dir='ltr'>vet</span> <span class='ocrx_word' id='word_1_937' title='bbox 2598 5374 2879 5433; x_wconf 89' lang='lat' dir='ltr'>voculam,</span> <span class='ocrx_word' id='word_1_938' title='bbox 2907 5386 3038 5436; x_wconf 66' lang='lat' dir='ltr'>quae</span> <span class='ocrx_word' id='word_1_939' title='bbox 3066 5376 3247 5438; x_wconf 89' lang='lat' dir='ltr'>primo</span> <span class='ocrx_word' id='word_1_940' title='bbox 3273 5373 3537 5426; x_wconf 90' lang='lat' dir='ltr'>occurrit.</span> 
     </span>
    </p>
   </div>
   <div class='ocr_carea' id='block_1_120' title="bbox 2278 5442 3809 5509">
    <p class='ocr_par' dir='ltr' id='par_1_120' title="bbox 2278 5442 3809 5509">
     <span class='ocr_line' id='line_1_121' title="bbox 2278 5442 3809 5509; baseline 0 -18"><span class='ocrx_word' id='word_1_941' title='bbox 2278 5449 2288 5477; x_wconf 77' lang='grc' dir='ltr'><strong><em>ι</em></strong></span> <span class='ocrx_word' id='word_1_942' title='bbox 2318 5443 2588 5493; x_wconf 85' lang='lat' dir='ltr'>Attamen</span> <span class='ocrx_word' id='word_1_943' title='bbox 2604 5456 2711 5495; x_wconf 86' lang='lat' dir='ltr'>nec</span> <span class='ocrx_word' id='word_1_944' title='bbox 2726 5445 2785 5494; x_wconf 90' lang='lat' dir='ltr'>in</span> <span class='ocrx_word' id='word_1_945' title='bbox 2800 5451 2968 5496; x_wconf 89' lang='lat' dir='ltr'>antea</span> <span class='ocrx_word' id='word_1_946' title='bbox 2983 5446 3235 5509; x_wconf 86' lang='lat' dir='ltr'>vulgatis</span> <span class='ocrx_word' id='word_1_947' title='bbox 3263 5446 3437 5505; x_wconf 86' lang='lat' dir='ltr'>libris,</span> <span class='ocrx_word' id='word_1_948' title='bbox 3458 5455 3643 5506; x_wconf 82' lang='lat' dir='ltr'>neque</span> <span class='ocrx_word' id='word_1_949' title='bbox 3658 5443 3712 5492; x_wconf 93' lang='lat' dir='ltr'>in</span> <span class='ocrx_word' id='word_1_950' title='bbox 3732 5442 3809 5491; x_wconf 86' lang='lat' dir='ltr'>ul-</span> 
     </span>
    </p>
   </div>
   <div class='ocr_carea' id='block_1_121' title="bbox 2217 5511 3808 5579">
    <p class='ocr_par' dir='ltr' id='par_1_121' title="bbox 2217 5511 3808 5579">
     <span class='ocr_line' id='line_1_122' title="bbox 2217 5511 3808 5579; baseline 0.001 -18"><span class='ocrx_word' id='word_1_951' title='bbox 2217 5511 2285 5561; x_wconf 86' lang='lat' dir='ltr'>lis</span> <span class='ocrx_word' id='word_1_952' title='bbox 2304 5526 2445 5562; x_wconf 90' lang='lat' dir='ltr'>mss.</span> <span class='ocrx_word' id='word_1_953' title='bbox 2470 5527 2749 5566; x_wconf 80' lang='lat' dir='ltr'>exeorum</span> <span class='ocrx_word' id='word_1_954' title='bbox 2781 5517 3131 5577; x_wconf 80' lang='lat' dir='ltr'>testimonio,</span> <span class='ocrx_word' id='word_1_955' title='bbox 3161 5516 3259 5579; x_wconf 89' lang='lat' dir='ltr'>qui</span> <span class='ocrx_word' id='word_1_956' title='bbox 3285 5517 3475 5579; x_wconf 88' lang='lat' dir='ltr'>plures</span> <span class='ocrx_word' id='word_1_957' title='bbox 3510 5514 3808 5564; x_wconf 83' lang='lat' dir='ltr'>consulue-</span> 
     </span>
    </p>
   </div>
   <div class='ocr_carea' id='block_1_122' title="bbox 2217 5585 3805 5649">
    <p class='ocr_par' dir='ltr' id='par_1_122' title="bbox 2217 5585 3805 5649">
     <span class='ocr_line' id='line_1_123' title="bbox 2217 5585 3805 5649; baseline 0 -17"><span class='ocrx_word' id='word_1_958' title='bbox 2217 5588 2370 5641; x_wconf 81' lang='lat' dir='ltr'>runt,</span> <span class='ocrx_word' id='word_1_959' title='bbox 2390 5585 2671 5646; x_wconf 85' lang='lat' dir='ltr'>ejusmodi</span> <span class='ocrx_word' id='word_1_960' title='bbox 2688 5587 3120 5639; x_wconf 87' lang='lat' dir='ltr'>adulterationis</span> <span class='ocrx_word' id='word_1_961' title='bbox 3133 5588 3279 5649; x_wconf 89' lang='lat' dir='ltr'>vola,</span> <span class='ocrx_word' id='word_1_962' title='bbox 3294 5592 3395 5637; x_wconf 91' lang='lat' dir='ltr'>aut</span> <span class='ocrx_word' id='word_1_963' title='bbox 3408 5586 3710 5648; x_wconf 67' lang='lat' dir='ltr'>vestigium</span> <span class='ocrx_word' id='word_1_964' title='bbox 3725 5592 3805 5631; x_wconf 67' lang='lat' dir='ltr'>est.</span> 
     </span>
    </p>
   </div>
   <div class='ocr_carea' id='block_1_123' title="bbox 2279 5655 3803 5724">
    <p class='ocr_par' dir='ltr' id='par_1_123' title="bbox 2279 5655 3803 5724">
     <span class='ocr_line' id='line_1_124' title="bbox 2279 5655 3803 5724; baseline 0.001 -21"><span class='ocrx_word' id='word_1_965' title='bbox 2279 5656 2300 5687; x_wconf 70' lang='grc' dir='ltr'>ι</span> <span class='ocrx_word' id='word_1_966' title='bbox 2320 5655 2449 5704; x_wconf 86' lang='lat' dir='ltr'>Plus</span> <span class='ocrx_word' id='word_1_967' title='bbox 2468 5656 2641 5707; x_wconf 88' lang='lat' dir='ltr'>habet</span> <span class='ocrx_word' id='word_1_968' title='bbox 2657 5658 3050 5724; x_wconf 80' lang='lat' dir='ltr'>Guarnerian.,</span> <span class='ocrx_word' id='word_1_969' title='bbox 3078 5660 3219 5707; x_wconf 71' lang='lat' dir='ltr'>ratio</span> <span class='ocrx_word' id='word_1_970' title='bbox 3245 5659 3399 5723; x_wconf 84' lang='lat' dir='ltr'>quia,</span> <span class='ocrx_word' id='word_1_971' title='bbox 3418 5662 3545 5718; x_wconf 89' lang='lat' dir='ltr'>etc.,</span> <span class='ocrx_word' id='word_1_972' title='bbox 3574 5662 3712 5712; x_wconf 88' lang='lat' dir='ltr'>tum,</span> <span class='ocrx_word' id='word_1_973' title='bbox 3736 5657 3803 5700; x_wconf 70' lang='lat' dir='ltr'>ita</span> 
     </span>
    </p>
   </div>
   <div class='ocr_carea' id='block_1_124' title="bbox 2215 5725 3798 5790">
    <p class='ocr_par' dir='ltr' id='par_1_124' title="bbox 2215 5725 3798 5790">
     <span class='ocr_line' id='line_1_125' title="bbox 2215 5725 3798 5790; baseline 0.006 -17"><span class='ocrx_word' id='word_1_974' title='bbox 2215 5740 2308 5774; x_wconf 86' lang='lat' dir='ltr'>ncc</span> <span class='ocrx_word' id='word_1_975' title='bbox 2322 5725 2563 5790; x_wconf 79' lang='lat' dir='ltr'>Spiritus</span> <span class='ocrx_word' id='word_1_976' title='bbox 2582 5728 2814 5779; x_wconf 86' lang='lat' dir='ltr'>Sanctus</span> <span class='ocrx_word' id='word_1_977' title='bbox 2829 5732 3008 5780; x_wconf 84' lang='lat' dir='ltr'>Fitum</span> <span class='ocrx_word' id='word_1_978' title='bbox 3047 5730 3080 5769; x_wconf 63' lang='grc' dir='ltr'>ξ’</span> <span class='ocrx_word' id='word_1_979' title='bbox 3096 5747 3163 5781; x_wconf 85' lang='lat' dir='ltr'>on</span> <span class='ocrx_word' id='word_1_980' title='bbox 3187 5732 3322 5780; x_wconf 77' lang='lat' dir='ltr'>videt</span> <span class='ocrx_word' id='word_1_981' title='bbox 3341 5731 3636 5780; x_wconf 87' lang='lat' dir='ltr'>:neutrum</span> <span class='ocrx_word' id='word_1_982' title='bbox 3671 5731 3798 5782; x_wconf 83' lang='lat' dir='ltr'>bene.</span> 
     </span>
    </p>
   </div>
  </div>
