3900 6408
91 382 226 437 557

1312 381 1688 433 Al‘OLOGI/E
1723 382 1930 433 LIBER
1965 385 2248 438 PRIMUS.

3323 400 3428 457 558

90 508 303 560 mam,
343 497 512 560 quasi
546 495 935 548 calumniandi
967 495 1346 561 peritissimus
1376 496 1589 546 missus
1618 496 1725 557 est,
1749 499 1811 569 Α
1833 494 1924 545 ille
1948 494 2406 562 falsavit,indico.
2423 500 2505 551 Sit
2525 500 3023 569 quisnegat,quod
3043 511 3256 565 nonita
3274 514 3431 569 videt

90 589 345 637 norunt
361 597 585 650 omnes,
606 586 744 650 quid
765 590 1211 649 consequeretur
1226 598 1294 636 ex
1311 584 1536 649 legibus
1553 586 1731 649 publi-

92 673 199 725 cis
242 674 527 737 ejusmodi
562 675 817 726 criminis
854 687 1007 726 reus.
1051 675 1213 726 Nunc
1234 687 1366 726 vero
1392 676 1528 739 quia
1552 689 1731 729 saecu-

90 762 305 814 larem
332 764 515 815 vitam
541 773 559 792 ⁸
586 764 838 827 reliquit,
877 767 935 815 et
957 776 993 815 a
1015 763 1490 827 tergiversatione
1514 765 1609 816 illa
1635 778 1731 817 ac-

95 856 294 903 tuum
315 851 677 915 publicorum
701 852 773 904 ad
796 852 1212 905 monasterium
1230 866 1547 905 conversus
1559 859 1730 917 est,et

96 938 161 1005 3
175 938 238 1005 2
253 936 301 1007 7
329 940 578 992 adhaesit
596 942 874 1005 magistro
891 940 1275 1005 (Hieronymo)
1295 942 1489 1000 nobili,
1515 943 1588 993 ab
1603 944 1729 1008 ipso

94 1028 400 1081 edocetur
421 1030 634 1081 iterum
662 1042 763 1094 pro
789 1029 1072 1081 modestia
1096 1029 1298 1093 furere,
1327 1031 1604 1084 insanire:
1630 1045 1732 1097 pro

93 1117 333 1182 quiete,
351 1118 667 1170 seditiones
681 1130 941 1182 movere;
959 1131 1059 1182 pro
1081 1131 1238 1184 pace,
1261 1131 1494 1172 movere
1516 1122 1729 1169 bellum:

94 1218 220 1271 pro
251 1206 562 1259 concordia
583 1219 816 1259 movere
840 1207 1084 1260 dissidia
1116 1222 1129 1255 :
1156 1208 1414 1273 perfidus
1448 1221 1595 1271 esse,
1633 1222 1733 1273 pro

95 1295 234 1347 fide
263 1310 277 1347 :
301 1309 403 1361 pro
418 1296 659 1349 veritate
688 1296 972 1349 falsarius.
1001 1297 1178 1349 Crede
1201 1297 1361 1363 mihi,
1386 1298 1539 1361 quod
1556 1298 1733 1362 hujus

94 1385 356 1438 sceleris
376 1385 638 1449 nequitia
659 1384 835 1438 etiam
852 1398 1052 1438 verum
1067 1387 1273 1438 fuisset
1286 1385 1595 1450 exemplar,
1620 1386 1733 1438 nisi

96 1474 351 1527 Jezabel
377 1474 480 1526 tibi
507 1473 605 1526 illa
624 1473 647 1503 "
669 1475 1038 1526 occurrisset.
1064 1473 1166 1526 Illa
1182 1474 1456 1537 estenim,
1478 1487 1609 1538 quas
1625 1474 1735 1527 hoc

96 1564 339 1616 crimen
361 1564 649 1617 adversus
659 1564 1022 1616 Nabotheum
1036 1565 1069 1615 J
1073 1563 1275 1617 ezraeli
1284 1568 1380 1615 ten
1395 1563 1550 1617 vinaa
1566 1577 1736 1616 caus—

1831 583 2009 635 Filius
2041 587 2282 651 Patrem,
2306 587 2457 639 sicut
2484 590 2649 641 Pater
2681 591 2917 647 Filium:
2944 601 3003 649 et
3027 611 3145 651 non
3176 601 3257 653 ita
3275 604 3431 657 videt

1830 672 2072 736 Spiritus
2098 676 2342 728 Sanctus
2368 679 2589 730 Patrem
2614 685 2672 732 et
2700 683 3248 749 Filium,sicutvidet
3264 694 3431 746 Pater

1831 760 2031 814 Filium
2078 768 2133 814 et
2175 765 2447 829 Spiritum
2478 770 2767 835 Sanctum,
2791 775 3103 829 anathema
3137 780 3229 832 sit.
3259 783 3429 835 Videt

1831 851 2004 914 enim,
2035 854 2090 903 et
2112 853 2412 906 verissime
2441 856 2617 922 videt,
2645 860 2745 911 sed
2772 867 2839 913 ut
2863 865 3016 916 Deus
3030 867 3229 930 Deum,
3245 875 3302 923 et
3322 871 3427 924 lux

1829 939 2038 1005 lucem,
2056 944 2117 992 et
2137 954 2257 993 non
2278 948 2344 994 ut
2367 957 2496 995 caro
2526 959 2771 1012 carnem,
2799 952 2901 1003 sed
2930 958 2993 1005 ut
3021 955 3259 1019 Spiritus
3284 962 3429 1013 San-

1832 1032 1979 1091 ctus,
1994 1042 2111 1081 non
2125 1032 2409 1094 corporeis
2426 1035 2710 1101 sensibus,
2730 1039 2832 1090 sed
2842 1041 3152 1097 virtutibus
3172 1047 3423 1103 Deitatis.

1832 1117 1889 1167 Si
1920 1118 2049 1181 quis
2084 1118 2209 1171 haec
2247 1123 2438 1185 negat,
2478 1124 2554 1175 sit
2581 1126 2893 1180 anathema
2913 1129 2974 1182 in
2997 1137 3297 1188 aeternum.
3321 1140 3428 1197 Qui

1832 1210 2011 1254 autem
2036 1221 2126 1255 vos
2162 1209 2460 1271 conturbat,
2497 1211 2649 1265 sitmt
2670 1214 2809 1266 dicit
2842 1218 3166 1285 Apostolus,
3190 1224 3427 1288 portabit

1824 1293 2119 1358 judicium,
2146 1297 2471 1362 quicumque
2493 1305 2564 1349 est
2586 1301 2673 1351 ille
2696 1304 2830 1367 (Gal.
2858 1304 2952 1369 5.).

1895 1381 1982 1445 20,
2010 1384 2239 1436 Memini
2262 1398 2420 1450 sane,
2445 1389 2602 1453 quod
2625 1390 2831 1455 aliquis
2854 1407 3053 1449 eorum
3078 1412 3211 1452 cum
3231 1414 3428 1467 argue-

1833 1476 1991 1524 retur
2027 1473 2263 1526 falsasse
2306 1476 2450 1541 haec,
2497 1481 2793 1543 respondit
2830 1484 2991 1550 mihi,
3039 1486 3101 1540 in
3124 1490 3321 1545 Graeco
3345 1493 3427 1546 ita

1833 1561 2048 1625 haberi,
2075 1575 2170 1615 me
2183 1568 2380 1617 autem
2405 1566 2464 1618 in
2490 1568 2689 1622 Latino
2721 1570 3026 1627 immutare
3048 1576 3151 1640 [AL
3178 1582 3424 1647 mutare]

98 1666 174 1705 sa.
212 1653 560 1718 composuit,
605 1657 664 1705 et
690 1652 995 1705 mandavit
1015 1653 1371 1717 presbyteris
1392 1653 1741 1717 iniquitatis
1833 1650 2102 1703 voluisse.
2148 1655 2215 1704 In
2248 1665 2362 1716 quo
2404 1656 2606 1709 omitto
2644 1658 2785 1712 illud
2828 1664 3080 1728 exsequi,
3125 1668 3262 1729 quia
3316 1683 3426 1723 nec

95 1741 282 1795 falsis
305 1755 446 1794 eum
468 1742 987 1807 conscriptionibus
1021 1742 1514 1807 perurgere,quasi
1526 1742 1625 1806 qui
1641 1742 1733 1793 be-

1834 1739 2069 1802 quidem
2109 1754 2312 1794 verum
2361 1743 2581 1811 dicunt,
2610 1747 2712 1799 sed
2738 1752 2932 1803 tamen
2956 1765 3259 1821 ponamus,
3291 1759 3428 1822 quia

100 1831 460 1895 nedixisset,
490 1830 548 1883 id
581 1833 690 1892 est,
715 1830 1178 1896 blasphemasset
1199 1832 1405 1895 Deum,
1429 1834 1488 1882 et
1509 1843 1721 1895 regem.
1747 1813 1801 1887 B
1829 1826 1932 1890 (Al.
1980 1828 2156 1894 quod]
2192 1831 2274 1883 sic
2311 1838 2401 1885 est
2430 1833 2492 1886 in
2523 1836 2739 1900 Grasco,
2775 1842 2834 1890 et
2865 1813 2976 1905 ego
3003 1842 3063 1893 in
3087 1813 3286 1897 Latino
3309 1813 3427 1901 hoc

99 1920 221 1973 Sed
266 1920 399 1984 quis
431 1920 651 1972 inchoc
666 1919 896 1984 felicior,
916 1920 1011 1972 illa
1028 1920 1427 1984 quamandat,
1442 1919 1617 1971 authi
1632 1920 1731 1983 qui

96 2009 392 2061 mandato
401 2009 723 2073 iniquitatis
735 2010 1141 2074 obtemperant
1155 2009 1398 2061 PGravia
1412 2009 1557 2071 haec,
1584 2013 1642 2060 et
1665 2009 1731 2059 ut

96 2100 334 2164 opinor,
366 2099 425 2151 in
449 2097 702 2151 Ecclesia
725 2111 872 2163 pene
893 2098 1230 2163 hujusmodi
1265 2097 1488 2150 facinus
1504 2096 1731 2149 inaudi-

94 2192 242 2240 tum
269 2193 375 2240 est.
414 2188 524 2241 Sed
553 2187 783 2240 additur
803 2187 993 2239 adhuc
1028 2187 1265 2251 aliquid.
1290 2186 1556 2250 Requiris
1588 2185 1728 2249 quid

95 2275 254 2328 illud
272 2314 284 2338 ,
311 2277 383 2328 Ut
404 2275 725 2341 reijudices
749 2276 909 2334 ﬂant,
935 2278 993 2327 et
1014 2275 1379 2327 insidiatores
1410 2273 1728 2326 sententias

97 2366 322 2418 ferant.
360 2367 507 2417 Nam
553 2377 774 2417 errasse
813 2365 1182 2428 scribentem,
1227 2369 1328 2416 aut
1348 2361 1573 2428 lapsum
1597 2373 1728 2414 esse

101 2454 168 2506 in
215 2453 329 2519 [Αι.
357 2460 459 2503 tac.
483 2453 565 2517 in]
589 2465 874 2519 sermone,
895 2465 1119 2506 novum
1148 2464 1268 2504 non
1290 2456 1399 2513 est,
1424 2452 1483 2503 et
1513 2452 1578 2502 ut
1600 2450 1726 2515 opic

94 2555 213 2595 nor
266 2542 432 2595 venia
475 2542 716 2607 dignum
740 2545 848 2607 est,
884 2542 1021 2606 quia
1055 2544 1117 2594 et
1147 2541 1443 2606 Scriptura
1467 2539 1628 2602 dicit,
1661 2540 1727 2588 In

98 2632 300 2682 multis
338 2632 487 2682 enim
509 2631 835 2697 offendimus
872 2646 1057 2682 omnes
1092 2645 1106 2681 :
1138 2631 1236 2696 qui
1272 2635 1453 2680 autem
1485 2629 1548 2677 in
1573 2626 1727 2677 verbo

96 2738 219 2772 non
274 2721 518 2786 offendit,
565 2722 653 2772 hic
698 2722 960 2786 perfectus
1003 2725 1075 2770 est
1122 2719 1144 2750 δ
1179 2720 1263 2770 vir
1311 2718 1510 2778 (Jacob.
1542 2717 1593 2771 3.
1632 2715 1725 2780 2.).

104 2812 250 2863 Erra
261 2816 383 2862 tum
408 2812 643 2875 putatur
664 2810 726 2862 in
758 2810 976 2863 verbo?
994 2808 1341 2873 Corrigatur,
1365 2805 1723 2871 emendetur,

106 2900 157 2950 si
187 2900 254 2951 id
278 2899 497 2951 utilitas
520 2900 796 2964 postulat,
821 2904 878 2951 et
895 2898 1203 2950 auferatur.
1230 2896 1413 2948 Inseri
1438 2907 1576 2948 vero
1595 2906 1726 2958 qum

104 2970 230 3040 non
258 2992 407 3040 sunt
439 2988 645 3053 scripta
662 2987 843 3040 literis
872 2987 1093 3051 alienis,
1119 2991 1177 3038 et
1197 2984 1343 3037 falsa
1365 2983 1625 3036 interseri
1654 2983 1727 3033 ad

105 3077 220 3129 hoc
239 3077 435 3130 solum
451 3081 516 3129 ut
533 3078 709 3130 vitam
732 3076 924 3128 fratris
946 3076 1208 3139 infames,
1227 3077 1504 3126 temerare
1528 3071 1719 3124 aliena

106 3167 344 3231 scripta,
380 3171 445 3219 ut
482 3166 743 3231 scriptori
786 3165 997 3218 inferas
1028 3170 1243 3228 notam,
1290 3169 1358 3215 ut
1380 3172 1399 3193 °
1435 3163 1711 3226 subrepas

101 3256 352 3308 auribus
381 3255 742 3321 populorum,
757 3259 827 3307 ut
840 3255 1150 3307 conturbes
1167 3252 1339 3306 corda
1355 3251 1718 3316 simplicium,

108 3349 176 3396 ut
194 3343 349 3397 nihil
368 3344 523 3397 aliud
549 3357 624 3397 ex
648 3357 714 3397 eo
737 3344 853 3397 nisi
881 3343 1035 3409 apud
1059 3343 1325 3395 homines
1341 3340 1593 3407 opinioni
1609 3350 1723 3391 ma-

99 3435 300 3487 culam
323 3435 609 3487 conferas:
627 3434 819 3487 videte
837 3434 886 3485 si
902 3433 1137 3485 alterius
1150 3438 1241 3484 est
1257 3444 1422 3497 opus,
1438 3430 1551 3482 nisi
1567 3430 1721 3480 illius

104 3524 202 3588 qui
248 3524 325 3578 ab
372 3524 535 3576 initio
569 3523 822 3576 mendax
857 3523 980 3584 fuit,
1012 3527 1072 3575 et
1104 3522 1309 3574 fratres
1330 3519 1718 3586 criminando,

105 3613 394 3675 diabolus,
441 3613 501 3665 id
546 3618 637 3666 est
686 3612 1029 3673 criminator,
1075 3624 1284 3663 nomen
1313 3609 1552 3674 accepit.
1577 3610 1722 3659 Nam

105 3715 242 3754 cum
286 3701 492 3754 falsam
521 3701 856 3767 hujusmodi
893 3701 1239 3753 sententiam
1264 3699 1418 3763 apud
1442 3696 1714 3750 Mediola-

104 3804 250 3844 num
270 3792 534 3844 recitaret
558 3790 898 3855 (Eusebius),
913 3793 972 3842 et
992 3802 1027 3842 a
1050 3801 1141 3841 me
1166 3801 1299 3853 quas
1314 3788 1540 3852 legebat
1569 3786 1717 3837 falsa

105 3894 237 3935 esse
264 3882 606 3947 dicerentur,
617 3882 1004 3945 interrogatus
1015 3892 1174 3943 aquo
1192 3879 1516 3942 accepisset
1527 3889 1720 3929 exem-

110 3970 310 4035 plaria,
346 3971 646 4036 respondit
686 3973 1006 4023 matronam
1044 3966 1399 4034 (Marcellam)
1423 3965 1713 4030 quandam

106 4060 217 4112 sibi
244 4059 497 4124 dedisse,
522 4060 594 4112 de
627 4072 742 4123 qua
764 4072 890 4125 ego,
922 4056 1399 4123 quacunquean
1427 4059 1533 4119 est,
1571 4052 1715 4105 nihil

108 4148 260 4211 dico;
313 4149 413 4201 sed
459 4149 550 4201 sui
577 4161 706 4202 eam
728 4153 787 4201 et
818 4148 921 4200 Dei
956 4146 1325 4199 conscientiae
1362 4144 1711 4207 derelinquo.

108 4235 291 4305 328
310 4237 461 4307 ‘Mihi
486 4240 675 4291 tamen
696 4238 757 4289 in
778 4237 889 4288 hoc
912 4236 1012 4288 Dei
1037 4238 1095 4287 et
1114 4234 1293 4288 vestri
1320 4233 1531 4286 sufficit
1554 4233 1714 4285 testi-

105 4329 386 4390 monium,
418 4327 478 4380 id
501 4329 607 4395 est,
626 4331 792 4380 tuum
815 4331 869 4379 et
915 4326 1096 4378 sancti
1130 4325 1237 4377 viri
1262 4325 1464 4389 ipsius,
1490 4324 1583 4375 cui
1603 4324 1713 4375 hoc

107 4429 254 4482 opus
299 4419 585 4483 gerebam,
629 4416 877 4480 Macarii,
914 4416 1012 4481 qui
1039 4414 1344 4468 schedulas
1364 4413 1522 4478 ipsas
1545 4426 1703 4465 meas

1828 1929 1947 1969 non
1971 1919 2332 1984 scripseram.
2346 1923 2726 1977 Promiseram
2749 1939 2843 1979 me
2860 1929 3014 1981 enim
3029 1930 3091 1983 in
3101 1933 3427 1989 Praefatiun-

1829 2008 1974 2060 culis
2016 2009 2129 2062 tale
2172 2011 2389 2075 aliquid
2420 2013 2716 2068 facturum.
2753 2019 2915 2081 Quod
2949 2021 3000 2072 si
3030 2021 3296 2090 feceram,
3321 2035 3341 2064 κ
3361 2032 3427 2081 ut

1829 2097 1983 2160 quod
1995 2097 2072 2150 ibi
2085 2100 2427 2166 offendebat,
2440 2102 2497 2154 in
2508 2105 2712 2158 Latino
2725 2110 3083 2164 commodius
3096 2113 3423 2167 scriberem:

1828 2186 1964 2249 quid
1981 2188 2199 2251 absque
2211 2190 2609 2253 promisso,vel
2621 2195 2760 2257 quid
2770 2197 2989 2261 absque
2999 2200 3218 2253 ratione
3228 2209 3426 2256 nostra

1827 2274 2110 2329 feceram?
2154 2279 2244 2330 Tu
2287 2282 2439 2333 certe
2474 2282 2574 2344 qui
2596 2282 2707 2335 hoc
2732 2285 2793 2335 in
2817 2287 3036 2339 Latinis
3058 2290 3204 2341 meis
3231 2304 3425 2345 exem-

1826 2363 2080 2427 plaribus
2114 2378 2232 2417 non
2260 2366 2581 2433 inveneras,
2605 2370 2667 2422 in
2688 2372 2804 2424 tuis
2825 2373 3114 2440 chartulis,
3138 2378 3246 2431 hoc
3268 2381 3421 2434 unde

1826 2453 1931 2518 [AL
1949 2454 2152 2519 unum)
2175 2455 2452 2520 scriptum
2463 2458 2696 2522 legebas
2707 2463 2732 2511 ‘2
2761 2464 2879 2527 Ego
2896 2464 2996 2527 qui
3016 2465 3421 2531 interpretatus

1828 2555 1978 2604 sum,
1995 2555 2113 2595 non
2136 2544 2352 2609 scripsi.
2373 2546 2567 2611 Tuqui
2590 2546 2610 2577 ¹¹
2625 2561 2721 2602 me
2743 2562 3000 2615 accusas,
3023 2558 3081 2606 et
3101 2567 3261 2608 meas
3276 2557 3421 2609 tales

1824 2630 2018 2683 literas
2059 2645 2174 2685 non
2219 2638 2400 2695 tenes,
2442 2636 2658 2689 crimen
2699 2639 2842 2690 mihi
2891 2641 3045 2694 unde
3085 2646 3423 2709 componis?

1825 2721 1969 2772 ‘Aut
2010 2721 2143 2773 inde
2179 2735 2284 2787 ego
2308 2725 2563 2776 accusari
2586 2725 2786 2793 debeo,
2812 2729 2966 2782 unde
3002 2735 3065 2783 tu
3099 2731 3310 2785 falsum
3334 2735 3421 2787 di-

1825 2809 1963 2861 xisti
1990 2812 2017 2861 *ἲ
2044 2812 2184 2863 Rem
2231 2813 2623 2876 planissimam
2665 2816 2811 2869 dico.
2836 2819 3092 2879 Quatuor
3121 2820 3250 2874 libri
3274 2826 3414 2876 sunt

1824 2897 1941 2961 isti,
1967 2911 2114 2962 quos
2132 2900 2539 2966 interpretatus
2562 2916 2714 2965 sum,
2739 2905 2800 2956 in
2822 2907 3034 2969 quibus
3054 2909 3125 2960 de
3146 2911 3419 2964 Trinitate

1826 2987 2067 3051 sparsim
2078 3002 2181 3052 per
2203 2990 2461 3054 singulas
2483 3004 2628 3055 pene
2644 2994 2882 3058 paginas
2897 2995 3243 3061 disputatur.
3263 3000 3419 3051 Rele-

1816 3078 2027 3140 gantor
2048 3077 2336 3140 universa,
2364 3079 2414 3130 si
2443 3093 2689 3144 usquam
2713 3082 2842 3133 talis
2860 3083 3068 3148 aliquis
3084 3086 3155 3138 de
3177 3089 3417 3139 Trinitale

1813 3165 2089 3218 inventus
2134 3167 2307 3220 fuerit
2348 3168 2410 3219 in
2446 3169 2911 3234 interpretatione
2950 3180 3150 3227 nostra
3185 3189 3413 3242 sensus,

1818 3256 2041 3318 qualem
2071 3253 2247 3323 329
2280 3258 2338 3308 in
2364 3257 2475 3309 isto
2499 3261 2683 3324 capite
2707 3261 3417 3320 calumniantur:tuncde-

1815 3356 1978 3395 mum
2011 3346 2277 3399 credatur
2303 3346 2477 3398 etiam
2508 3346 2618 3400 hoc
2642 3362 2709 3401 eo
2741 3350 2845 3415 [Αἰ.
2876 3352 2937 3403 in
2960 3351 3046 3417 eo]
3082 3367 3274 3419 sensu,
3300 3369 3415 3420 quo

1816 3434 1912 3485 isti
1967 3435 2324 3500 contingunt,
2365 3450 2493 3488 esse
2531 3439 2833 3502 prolatum.
2868 3442 2925 3493 Si
2964 3455 3100 3495 vero
3123 3456 3225 3508 per
3246 3458 3414 3498 omne

1816 3521 2093 3575 librorum
2117 3537 2324 3589 corpus
2348 3538 2640 3590 nusquam
2665 3528 2862 3582 sitilla
2889 3530 3209 3601 differentia
3230 3535 3414 3586 Trini-

1818 3611 1952 3663 tatis
1979 3625 2173 3665 nonne
2198 3627 2477 3667 vesanum
2499 3617 2857 3682 stultumque
2885 3621 3094 3685 pariter
3114 3635 3410 3676 commen-

1816 3705 1941 3753 tum
1969 3706 2061 3753 est
2096 3701 2300 3767 dicere,
2332 3704 2487 3768 quod
2512 3718 2629 3758 uno
2654 3707 2775 3759 solo
2806 3709 2989 3772 capite
3010 3709 3249 3764 heresis
3272 3726 3409 3765 con-

1813 3789 2041 3842 firmala
2062 3796 2151 3843 est
2173 3793 2245 3843 ab
2273 3806 2358 3856 eo,
2386 3795 2484 3858 qui
2508 3807 2634 3847 eam
2650 3795 2803 3849 mille
2816 3799 3100 3862 capitibus
3115 3814 3409 3868 expugna-

1814 3879 2006 3931 verit?
2050 3880 2158 3931 Sed
2199 3883 2255 3931 et
2298 3881 2376 3933 rei
2426 3882 2609 3946 ipsius
2632 3887 3043 3949 consequentia
3064 3890 3406 3953 prudentem

1814 3980 2103 4032 quemque
2136 3970 2279 4021 satis
2314 3970 2530 4023 edocet.
2569 3973 2731 4033 Quod
2761 3974 2810 4025 si
2832 3975 2940 4027 hoc
2970 3977 3034 4027 in
3054 3978 3202 4029 meis
3226 3979 3405 4031 literis

1812 4057 2150 4123 invenisset,
2168 4064 2226 4111 et
2254 4072 2386 4112 vere
2412 4059 2746 4125 scrupulum
2773 4063 3022 4128 aliquem
3043 4079 3115 4118 ex
3137 4068 3271 4132 ipsa
3290 4067 3405 4120 lec-

1817 4147 1965 4200 tione
1989 4148 2250 4213 cepisset,
2276 4162 2408 4200 cum
2431 4162 2540 4211 me,
2568 4150 2715 4203 sicut
2729 4152 2852 4216 ipse
2880 4154 3053 4217 nosti,
3077 4156 3277 4208 Romae
3307 4169 3405 4221 po-

1813 4237 1989 4289 situm
2003 4237 2239 4290 haberet
2258 4244 2623 4303 praesentem,
2654 4241 2927 4294 continuo
2946 4244 3149 4308 utique
3175 4246 3405 4311 perqui-

1813 4326 2002 4391 sisset,
2039 4332 2096 4379 et
2126 4328 2250 4391 ipsa
2271 4327 2343 4380 ad
2368 4341 2460 4380 me
2478 4329 2687 4394 scripta
2705 4329 3044 4385 detulisset:
3070 4336 3280 4400 quippe
3302 4334 3403 4399 qul

1802 4428 1987 4479 usque
2016 4417 2085 4468 ad
2110 4416 2298 4481 ipsum
2321 4416 2381 4482 [Α
2392 4416 2425 4467 ι.
2446 4416 2604 4482 illud]
2631 4422 2858 4484 tempus
2881 4421 3052 4473 etiam
3082 4422 3272 4475 videre
3288 4435 3397 4484 me,

108 4507 200 4559 vel
230 4508 307 4561 ab
337 4507 497 4561 initio
535 4507 778 4572 legistis,
814 4505 906 4560 vel
928 4505 1100 4558 etiam
1120 4504 1253 4556 licet
1267 4503 1526 4555 nondum
1549 4515 1705 4554 com-
1727 4503 1785 4577 Ι)
1809 4505 2148 4569 etsalutare,
2172 4511 2231 4558 et
2251 4506 2312 4558 in
2335 4506 2587 4559 oratione
2610 4510 3027 4562 communicare
3050 4511 3255 4563 solitus
3280 4515 3402 4564 erat

110 4598 341 4662 pleta,et
353 4599 426 4650 ad
435 4597 727 4662 integrum
741 4595 1086 4649 emendenta
1103 4592 1449 4658 exemplaria
1464 4592 1703 4652 retinetis,

109 4684 165 4736 id
203 4689 315 4749 est,
351 4686 489 4751 quia
512 4686 661 4738 sicut
682 4686 864 4738 Filius
888 4697 1005 4737 non
1036 4684 1195 4736 videt
1214 4684 1458 4745 Patrem,
1483 4680 1565 4731 ita
1596 4691 1706 4731 nec

111 4776 356 4839 Spiritus
379 4778 623 4829 Sanctus
646 4775 855 4827 Filium
879 4774 1051 4837 videt,
1067 4772 1087 4807 τ
1097 4772 1153 4823 id
1166 4776 1271 4834 est,
1295 4769 1449 4835 quod
1473 4782 1576 4833 ego
1588 4781 1706 4819 non

111 4864 297 4916 solum
340 4876 600 4929 unquam
642 4875 762 4916 non
800 4861 1023 4928 scripsi,
1057 4861 1158 4913 sed
1182 4874 1213 4913 e
1239 4858 1539 4923 contrario,
1570 4857 1705 4924 quia

170 5043 187 5064 '
219 5034 399 5087 Addit
436 5034 591 5087 idem
640 5046 751 5086 ms.
791 5032 934 5098 jam,
960 5036 1018 5084 et
1041 5030 1209 5097 paulo
1232 5031 1361 5095 post
1384 5029 1558 5081 ferme
1582 5041 1703 5080 rec-

110 5105 238 5169 tius,
264 5114 326 5157 ut
342 5107 409 5157 ab
432 5108 547 5172 ipso
567 5106 869 5157 edoceretur
890 5106 1090 5155 iterum
1110 5104 1172 5153 ob
1197 5103 1513 5152 modestiam
1549 5101 1702 5149 insa-

112 5179 393 5232 nire.Tum
405 5178 558 5243 quod
575 5178 826 5233 secundo
838 5176 1267 5229 occuritmoverc
1278 5175 1519 5226 verbum
1532 5175 1697 5224 tacet.

166 5250 187 5279 ⁵
220 5253 327 5303 Ms.
360 5250 747 5302 Guarnerian..
786 5252 1099 5299 occurreret.
1124 5246 1223 5297 Ιιια
1246 5247 1411 5304 enim,
1438 5250 1541 5296 etc.

169 5339 189 5359 °
219 5331 376 5383 Idem
421 5343 550 5394 ms.,
595 5332 659 5380 in
701 5330 845 5379 brevi
887 5328 1117 5392 felicior.
1161 5330 1232 5379 Et
1253 5327 1452 5391 quinto
1485 5325 1558 5377 ab
1592 5324 1702 5377 hoc

114 5412 279 5454 versu
302 5402 531 5451 auditur
550 5413 653 5466 pro
687 5401 929 5451 additur.

169 5473 189 5501 ⁶¹
223 5475 395 5526 Tacet
441 5473 593 5525 idem
637 5485 745 5525 ms.
785 5472 889 5534 vir,
919 5470 1072 5536 quod
1106 5469 1320 5521 habent
1341 5480 1553 5520 nomen
1573 5466 1699 5518 libri

113 5541 199 5594 alii
221 5558 441 5597 omnes.

169 5633 187 5653 °
216 5626 393 5689 Idem,
428 5629 489 5674 ut
523 5623 801 5689 scriptoris
833 5623 1053 5687 auferas
1080 5626 1286 5683 notam,
1330 5625 1390 5669 ut
1424 5618 1699 5683 surripias

113 5697 346 5761 auribus,
372 5702 479 5749 etc.
499 5709 513 5757 ;
533 5708 665 5760 quae
681 5699 739 5747 et
763 5694 813 5746 si
836 5694 1043 5746 vitiosa
1058 5692 1361 5744 manifesto
1380 5691 1698 5752 videantur,

114 5765 376 5823 adnotare
409 5767 593 5821 satius
615 5766 906 5827 duximus,
923 5769 1068 5819 utet
1091 5763 1231 5816 illud
1254 5762 1408 5826 quod
1435 5761 1598 5814 tertio
1620 5760 1694 5812 ab

1805 4593 2146 4646 contulisset
2179 4595 2302 4647 sine
2324 4596 2499 4650 dubio
2521 4611 2751 4651 mecum
2779 4599 2850 4651 de
2873 4599 2982 4661 his,
3005 4600 3218 4663 quibus
3237 4600 3402 4654 vide-

1804 4681 1973 4734 batur
1994 4682 2205 4735 offendi
2221 4698 2233 4734 :
2248 4684 2584 4749 inquisisset
2599 4688 3034 4752 quomodoame
3049 4689 3256 4742 fuisset
3271 4702 3401 4755 pro-

1803 4770 2005 4833 fatum,
2024 4773 2312 4835 quomodo
2340 4773 2645 4827 haberetur
2668 4777 2728 4828 in
2752 4778 2969 4830 Grieco.

1864 4858 1952 4914 21.
1987 4862 2144 4914 Certe
2163 4862 2333 4915 etiam
2356 4863 2465 4916 hoc
2487 4864 2685 4929 gloriae
2711 4867 2973 4921 sufﬁcere
2985 4868 3095 4921 sibi
3111 4872 3394 4934 putasset,

1799 5032 1910 5085 hoc
1932 5044 2104 5085 versu
2127 5032 2350 5096 dicitur,
2363 5036 2615 5099 conﬁcias
2644 5049 2746 5101 pro
2769 5038 3032 5099 conferas.

1863 5122 1883 5158 ε
1913 5124 2132 5175 Reticet
2154 5137 2261 5175 ms.
2288 5125 2347 5174 id
2378 5131 2466 5187 est,
2493 5126 2747 5190 voculas,
2774 5127 2952 5179 ferme
2976 5127 3214 5190 rectius,
3239 5131 3309 5180 ut
3336 5134 3394 5181 et

1798 5208 1937 5247 mox
1981 5196 2135 5256 legit,
2178 5196 2323 5259 quod
2359 5197 2448 5247 ille
2472 5198 2708 5262 falsavit,
2735 5199 2869 5259 dico,
2896 5210 2998 5262 pro
3021 5199 3155 5263 quia
3180 5198 3268 5249 itte
3284 5199 3396 5262 fat-

1798 5267 1952 5329 savit,
1978 5266 2176 5319 indico.

1862 5357 2015 5481 2M?
2056 5354 2289 5418 facerem
2336 5355 2473 5421 heic,
2524 5362 2582 5409 et
2623 5356 2684 5408 in
2724 5356 2940 5421 periodi
2964 5357 3104 5419 ﬂne;
3135 5360 3260 5409 tum
3290 5357 3392 5408 hoc
3474 5416 3481 5419 ,

1799 5441 1856 5480 re
1887 5441 1969 5480 rce
2001 5465 2013 5477 .

1861 5519 1882 5549 ¹³
1914 5517 2151 5571 Brevius
2180 5516 2350 5569 idem.
2377 5517 2474 5582 qui
2497 5532 2714 5566 accusas
2737 5532 2883 5567 meas
2907 5518 3032 5567 tales
3056 5517 3253 5579 literas,
3280 5518 3386 5568 etc.

1862 5609 1882 5644 ί
1912 5610 2093 5660 Vetus
2117 5607 2249 5660 edit.
2279 5608 2388 5659 sub
2424 5606 2747 5659 affirmandi
2779 5612 2931 5667 nota,
2956 5607 3120 5656 Haud
3146 5605 3272 5654 inde
3295 5621 3387 5667 ego

1797 5681 2043 5733 accusari
2092 5680 2260 5742 debeo,
2287 5682 2428 5730 unde
2470 5686 2531 5730 tu
2563 5694 2645 5729 me
2677 5678 2880 5741 falsum
2909 5679 3092 5741 fecisti.
3122 5678 3248 5725 [lem
3267 5677 3388 5739 pta-

1799 5754 2105 5816 nissimam,
2150 5757 2258 5805 etc.
2302 5752 2429 5805 Cod.
2457 5749 2850 5811 Guarnerian.,
2892 5756 2947 5799 tu
2969 5750 3169 5812 falsum
3195 5748 3385 5812 fecisti.
