3900 6388
515 354 621 413 559
1524 356 1769 407 RUFINI
1822 354 2311 415 AQUILEIENSIS
2365 356 2799 407 PRESBYTERI
3716 358 3815 414 560

516 471 567 523 si
593 471 761 523 visus
776 468 984 521 fuisset
1004 466 1063 518 in
1086 462 1254 517 dictis
1282 464 1499 516 nostris
1523 466 1616 518 vel
1639 466 1871 530 scriptis
1900 465 2107 517 fecisse
2132 467 2187 540 Α
2214 466 2435 518 cemodi
2456 467 2792 531 dogmatum
2811 478 3036 531 semper
3067 465 3440 519 exsecrabilis
3474 467 3670 533 fuerit,
3694 468 3812 533 lege

514 559 731 623 aliquid
769 570 872 623 per
913 569 975 608 se
1024 554 1331 607 emendari.
1376 556 1496 605 Aut
1527 554 1575 605 si
1604 554 1759 607 furor
1780 555 1956 606 animi
1990 567 2109 607 non
2218 556 2671 607 Commentarios
2713 568 2873 607 meos
2913 555 2970 607 in
2998 555 3251 619 Epistola
3274 555 3295 584 ⁴
3317 554 3475 607 Pauli
3514 556 3592 607 ad
3632 557 3812 620 Ephe-

512 650 630 700 tam
647 646 951 699 emendare
967 656 1212 696 errorem
1236 655 1411 706 quam
1438 643 1688 707 proferre
1720 642 1824 707 [AL
1852 641 2109 707 proferri]
2216 645 2352 709 sios,
2378 650 2436 697 et
2471 658 2544 696 ex
2585 645 2677 696 his
2710 657 2843 708 quae
2881 644 3109 709 scripsi,
3143 645 3280 709 quid
3316 645 3387 697 de
3426 658 3491 697 eo
3517 646 3810 705 senserim,

511 737 571 789 in
592 737 886 801 publicum
909 732 1308 797 compulisset,
1328 732 1456 783 sine
1485 732 1660 783 dubio
1680 745 1977 795 nunquam
2000 731 2115 783 ele-
2211 734 2409 797 legens
2434 746 2587 797 eum,
2613 736 2705 785 vel
2742 733 3142 797 interpretans,
3168 746 3391 786 nosces.
3426 753 3452 777 ιο
3483 736 3554 786 Et
3578 734 3711 786 haec
3734 738 3813 785 est

512 822 1469 891 gissetabsentemlacerare,quem
1488 821 1771 885 potuisset
1797 820 1898 885 [AL
1927 820 2106 884 potuit]
2216 821 2323 885 [AL
2370 828 2469 871 tac.
2516 823 2625 885 estl
2678 827 2775 873 tua
2809 823 2952 873 tanti
2997 822 3259 885 magistri
3293 823 3567 887 gravitas,
3594 827 3664 874 ut
3686 836 3812 873 eum

511 913 742 979 gravius
765 912 1063 964 confutare
1086 915 1458 975 prasentem.
1485 910 1596 962 Sed
1622 910 1801 961 istum
1821 911 1958 974 quia
1980 909 2111 961 falsi
2210 924 2383 974 quem
2406 911 2465 962 in
2482 911 2610 962 aliis
2632 910 2857 973 laudas,
2884 920 2903 940 ⁸
2925 910 3278 962 condemnes
3301 912 3363 962 in
3383 910 3528 975 aliis,
3552 916 3615 963 et
3646 925 3814 975 quem

512 1003 866 1056 conscientia
888 1001 1238 1065 deterrebat,
1266 1001 1339 1052 ad
1367 1013 1460 1051 me
1483 1000 1716 1063 quidem
1738 1000 1823 1050 AL
1847 1007 1948 1049 tac.
1982 1000 2111 1064 qui-
2204 997 2268 1050 in
2290 999 2723 1051 meationibus
2740 1000 2858 1051 tuis
2874 1000 3118 1052 alterum
3135 1002 3269 1064 post
3297 1000 3613 1065 Apostolos
3637 1001 3817 1052 Eccle-

514 1090 667 1156 dem]
686 1092 856 1155 cujus
872 1094 1036 1142 erant
1047 1090 1423 1153 scripta,tu
1441 1088 1666 1140 volebat
1679 1088 1965 1140 criminari
1987 1102 2107 1140 non
2206 1088 2420 1139 siarum
2442 1089 2788 1152 magistrum
2817 1088 3035 1150 dixisti,
3061 1101 3222 1140 nunc
3244 1089 3587 1141 haereticum
3613 1089 3814 1140 dicas?

511 1180 734 1241 detulit,
759 1178 862 1232 sed
883 1191 984 1244 per
1002 1179 1226 1243 domos,
1253 1190 1352 1242 per
1370 1182 1682 1241 matronas,
1701 1190 1801 1241 per
1814 1182 2106 1229 monaste-
2203 1178 2342 1238 Quis
2374 1177 2704 1241 haereticus,
2750 1178 3141 1230 Ecclesiarum
3174 1178 3455 1242 magister
3499 1178 3812 1242 aliquando

506 1269 610 1333 ria,
633 1281 735 1334 per
767 1267 1027 1333 singulos
1065 1278 1328 1330 quosque
1352 1266 1590 1318 fratrum
1620 1265 1964 1329 circumfert,
1988 1278 2104 1328 quo
2202 1266 2313 1316 dici
2329 1266 2779 1331 potuitiErravi,
2803 1267 3011 1332 inquit,
3026 1268 3087 1318 in
3112 1266 3241 1319 hoc.
3261 1267 3371 1319 Sed
3387 1268 3652 1332 quandiu
3668 1269 3813 1320 Prm-

508 1358 631 1410 solo
664 1358 849 1422 possit
891 1356 996 1420 [AL
1028 1354 1237 1419 possis]
1279 1354 1619 1406 conturbare
1648 1353 1870 1405 auditu.
1900 1355 1970 1405 Et
1991 1354 2101 1405 hoc
2198 1354 2574 1409 ratiunculam
2605 1354 2842 1417 subjicis
2862 1356 3370 1407 ‘tCommentarios
3392 1356 3538 1420 lege,
3559 1356 3667 1407 sed
3688 1355 3812 1407 illos

508 1445 643 1497 fecit
667 1445 768 1510 [AL
794 1444 948 1509 facit]
978 1444 1086 1495 sub
1109 1444 1234 1507 ipso
1266 1448 1519 1507 tempore
1552 1454 1667 1507 quo
1691 1442 1996 1494 confestim
2025 1454 2100 1493 ex
2199 1456 2348 1507 quos
2373 1443 2703 1507 designavi.
2724 1446 2795 1495 Et
2818 1444 3536 1509 cuihocjustumvidetur,
3554 1450 3626 1497 ut
3644 1446 3696 1497 is
3720 1446 3808 1509 qui

505 1534 654 1586 Urbe
670 1533 991 1585 discederet
1011 1532 1115 1597 [AL
1134 1532 1481 1596 decederes],
1511 1544 1585 1583 ne
1608 1531 1699 1584 vel
1726 1531 2098 1595 comprehen-

504 1635 606 1676 sus
632 1622 766 1675 facti
789 1622 882 1674 sui
904 1622 1163 1675 redderet
1178 1621 1633 1674 caussas.Etiam
1654 1620 1805 1682 inde,
1833 1625 1900 1672 ut
1926 1620 2098 1671 intel-

500 1711 603 1776 ligi
623 1711 809 1774 datur,
823 1711 1147 1763 secundum
1169 1714 1525 1775 praeceptum
1548 1709 1812 1773 magistri
1830 1721 1932 1774 per
1949 1715 2094 1758 totam

2200 1537 2290 1584 tot
2318 1532 2494 1585 libros
2506 1534 2867 1597 conscripsit,
2884 1533 3176 1597 inquibus
3203 1534 3476 1586 omnibus
3506 1547 3660 1599 pene
3678 1547 3811 1599 prte-

2204 1622 2375 1672 conia
2396 1622 2522 1685 ejus
2546 1635 2733 1686 usque
2759 1622 2833 1674 ad
2856 1622 3065 1673 calum
3094 1623 3203 1674 fert
3229 1637 3241 1674 :
3273 1623 3373 1687 qui
3392 1627 3475 1674 tot
3492 1624 3622 1687 jam
3646 1623 3808 1675 annis

2203 1715 2263 1761 et
2286 1709 2418 1762 lecti
2469 1713 2606 1762 sunt
2628 1711 2702 1761 ab
2748 1711 3021 1763 omnibus
3064 1716 3123 1763 et
3144 1710 3452 1775 leguntur:
3482 1724 3558 1763 ex
3604 1712 3808 1775 quibus

496 1812 589 1852 me
614 1799 839 1851 Italiam
864 1798 1175 1863 criminari,
1211 1799 1486 1863 instigare
1519 1799 1737 1863 turbas,
1764 1799 2104 1850 conturbare
2128 1784 2183 1858 Β
2212 1800 2622 1864 quamplurimi
2666 1800 2747 1852 ita
2795 1800 2981 1853 edocti
3010 1802 3133 1865 jam
3159 1800 3230 1852 de
3271 1801 3381 1853 hoc
3403 1801 3423 1835 τ
3456 1800 3685 1853 mundo
3715 1801 3806 1852 de-

502 1888 806 1953 Ecclesias,
833 1900 1002 1941 aures
1026 1900 1258 1952 quoque
1281 1887 1533 1953 polluere
1557 1887 1938 1952 sacerdotum,
1963 1892 2023 1938 et
2041 1887 2100 1938 in

501 1978 596 2032 his
618 1979 889 2031 omnibus
910 1977 1195 2031 modestia
1225 1981 1425 2030 nostra
1446 1982 1724 2042 tanquam
1752 1977 2104 2029 conscientia

505 2068 687 2120 abuti.
712 2068 854 2121 Haac
877 2067 1160 2132 discipuli.
1187 2070 1315 2132 Ipse
1331 2080 1469 2121 vero
1492 2068 1784 2120 orientalis
1806 2068 2099 2131 magister,

504 2158 606 2222 qui
628 2160 701 2210 ad
746 2157 1123 2223 Vigilantium
1159 2158 1420 2211 scribens
1458 2158 1682 2211 dixerat
1718 2159 1904 2223 (Epist.
1930 2158 2016 2212 61.
2043 2174 2101 2207 n.

502 2248 661 2310 2‘2.)«
707 2250 813 2300 Per
853 2262 949 2301 me
989 2248 1179 2301 Latini
1210 2250 1573 2313 cognoscunt
1615 2261 1817 2302 omnes
1842 2248 2102 2313 Origenis

498 2338 652 2389 bona
673 2342 731 2390 et
751 2338 1020 2403 ignorant
1046 2337 1201 2391 mala
1225 2351 1238 2400 ;
1264 2338 1451 2391 xistos
1468 2341 1627 2404 ipsos
1652 2351 1800 2403 quos
1816 2351 1922 2403 ego
1945 2350 2103 2390 nunc

494 2427 921 2492 transtuleram,
950 2436 968 2457 ·
992 2428 1464 2493 reinterpretatus
1496 2431 1602 2491 est,
1628 2432 1686 2479 et
1707 2427 1902 2480 omnia
1923 2439 2104 2491 quwa

493 2528 590 2569 me
605 2516 698 2569 vel
710 2517 1117 2582 improbabilia
1137 2518 1527 2581 praetermissa
1537 2517 1782 2581 fuerant,
1816 2513 1991 2584 330
2017 2517 2104 2569 in-

499 2604 696 2669 seruit,
727 2618 841 2670 quo
872 2606 1098 2659 scilicet
1128 2619 1285 2659 nunc
1315 2612 1516 2659 contra
1556 2608 1904 2659 sententiam
1942 2618 2109 2659 suam

501 2695 752 2747 Romani
792 2707 894 2760 per
917 2695 1113 2759 ipsum
1162 2695 1427 2760 Origenis
1449 2698 1811 2760 cognoscunt
1834 2695 2004 2759 mala,
2052 2700 2111 2747 et

498 2782 765 2848 ignorent
796 2784 964 2836 bona.
983 2785 1133 2836 Hinc
1153 2785 1277 2849 jam
1312 2798 1430 2836 non
1453 2784 1643 2837 solum
1659 2785 1982 2849 Origenem,
2007 2784 2108 2836 sed

504 2885 600 2925 me
610 2872 801 2937 ipsum
816 2873 872 2924 in
894 2873 1283 2938 suspicionem
1295 2873 1534 2926 haresis
1546 2878 1786 2926 conatur
1800 2873 2103 2926 adducere.

498 2962 651 3013 Hinc
684 2962 899 3015 emittit
943 2963 1062 3027 [Αι.
1095 2962 1293 3028 etiam]
1332 2963 1749 3015 incessabiliter
1770 2975 1944 3015 canes
1968 2975 2107 3015 suos

501 3050 602 3115 qui
615 3064 712 3104 me
726 3064 828 3117 per
849 3052 1044 3118 urbes,
1064 3066 1168 3118 per
1195 3054 1375 3118 vicos,
1391 3054 1413 3082 "
1434 3066 1535 3118 per
1551 3053 1659 3105 iter
1675 3065 1903 3117 quoque
1927 3057 2111 3105 trans-

2199 1895 2520 1955 cesserunt,
2558 1892 2615 1941 et
2653 1894 3034 1954 perrexerunt
3083 1889 3158 1940 ad
3190 1890 3521 1955 Dominum,
3568 1890 3722 1942 hanc
3743 1890 3806 1941 de

2203 1978 2448 2042 Origene
2496 1980 2846 2031 sententiam
2894 1984 3178 2045 tenentes,
3212 1992 3387 2044 quam
3421 1992 3495 2031 ex
3531 1978 3805 2031 librorum

2198 2067 2371 2120 istius
2406 2069 2723 2121 assertione
2772 2069 3113 2134 didicerant,
3137 2073 3195 2121 et
3226 2070 3488 2122 abierunt
3510 2074 3804 2133 sperantes

2195 2160 2368 2225 juxta
2402 2158 2583 2222 hujus
2624 2158 3025 2211 testimonium
3067 2158 3411 2211 inventuros
3454 2171 3518 2211 se
3562 2170 3701 2211 eum
3725 2170 3806 2209 se-

2200 2249 2460 2301 cundum
2497 2250 2630 2313 post
2668 2248 2987 2313 Apostolos
3024 2248 3411 2300 Ecclesiarum
3441 2249 3801 2314 magistrum,

2201 2336 2352 2405 33|
2395 2342 2454 2390 et
2477 2348 2495 2377 ι
2517 2342 2583 2390 ut
2620 2350 2776 2389 nunc
2808 2338 3024 2388 iterum
3058 2337 3274 2401 scribit,
3300 2337 3655 2389 invenerunt
3675 2349 3797 2389 eum

2199 2440 2335 2479 cum
2371 2426 2561 2491 impiis
2583 2426 2874 2479 haereticis
2905 2431 2963 2477 et
2985 2425 3299 2489 gentilibus
3323 2425 3798 2479 condemnatum.

2206 2518 2505 2580 Quomodo
2552 2530 2615 2569 se
2659 2530 2731 2568 ex
2773 2515 3143 2568 contentione
3178 2520 3497 2568 commutet
3528 2521 3593 2569 et
3637 2515 3795 2575 dicat,

2206 2608 2345 2672 quia
2384 2606 2549 2659 illum
2592 2618 2764 2669 quem
2809 2606 3046 2671 triginta
3080 2605 3196 2657 fere
3215 2605 3386 2657 annis
3412 2604 3800 2657 eontinuisle-

2200 2711 2345 2763 gens
2369 2701 2423 2749 et
2446 2696 2725 2759 scribens,
2744 2694 3034 2760 Apostolis
3049 2695 3372 2759 exaequavi,
3396 2708 3555 2747 nunc
3580 2694 3798 2747 haereti-

2206 2798 2342 2838 cum
2358 2784 2671 2850 pronuntio
2681 2788 2707 2835 ?
2730 2784 3061 2848 Numquuid
3075 2784 3296 2847 aliquos
3310 2796 3493 2836 novos
3503 2784 3635 2849 ejus
3651 2786 3797 2834 libros

2204 2874 2379 2927 modo
2404 2873 2561 2939 legit,
2587 2886 2733 2937 quos
2755 2877 2891 2926 ante
2918 2885 3035 2925 non
3067 2872 3327 2937 legerat?
3347 2873 3456 2925 Sed
3473 2885 3545 2925 ex
3572 2873 3665 2924 his
3686 2873 3791 2925 eis-

2205 2964 2340 3017 dem
2361 2963 2549 3027 dictis,
2565 2975 2699 3015 eum
2715 2967 2774 3015 et
2791 2967 2930 3014 tunc
2947 2962 3305 3027 Apostolum,
3324 2966 3383 3013 et
3399 2975 3557 3014 nunc
3577 2962 3793 3015 haereti-

2209 3066 2345 3105 cum
2391 3052 2545 3115 dicit,
2588 3056 2648 3103 et
2667 3051 2825 3103 nullo
2857 3051 3029 3103 modo
3052 3052 3163 3103 hoc
3207 3051 3288 3102 ita
3310 3050 3432 3102 fieri
3457 3052 3669 3116 potuit.
3690 3051 3793 3103 Aut

501 3146 734 3195 euntem
759 3141 1181 3195 calumniarum
1198 3142 2113 3208 latratibusinsectantur,etfanda
2138 3150 2186 3225 ρ
2217 3143 2373 3195 enim
2413 3147 2554 3194 tunc
2597 3146 2749 3194 recte
2792 3141 2957 3205 dixit,
2983 3144 3041 3193 et
3079 3140 3251 3192 modo
3274 3140 3453 3193 livore
3478 3140 3728 3204 quodam
3748 3142 3797 3190 et

497 3231 818 3284 adversum
849 3246 944 3285 me
978 3232 1192 3297 omnia,
1223 3238 1397 3297 atque
1418 3232 1655 3285 infanda
1676 3235 1975 3286 tentantur
2002 3232 2106 3297 [AL

497 3320 776 3385 tentant].
827 3321 996 3385 Quid,
1045 3334 1245 3386 quaso
1282 3325 1359 3387 te,
1397 3322 1627 3374 sceleris
1670 3322 2034 3382 admisimus,
2065 3322 2115 3373 si

496 3408 744 3463 fecimus
779 3409 935 3474 quod
972 3410 1155 3462 fecisti
1177 3413 1205 3461 ‘t
1234 3410 1294 3463 Si
1338 3415 1533 3463 tamen
1577 3411 1858 3462 nefarium
1905 3413 1995 3463 est
2024 3411 2110 3463 uti

500 3497 782 3563 exemplis
806 3498 943 3562 tuis,
969 3498 1042 3551 de
1069 3503 1129 3552 te
1151 3499 1294 3564 ipse,
1332 3500 1471 3564 quid
1490 3500 1717 3564 judicas
1738 3502 1765 3550 ?

557 3586 647 3641 Ἡ.
687 3588 800 3639 Ver
812 3589 1093 3640 untamen
1130 3588 1223 3640 dic
1242 3588 1403 3652 mihi,
1430 3600 1464 3640 o
1486 3589 1781 3654 magister,
1807 3588 1929 3653 jam
1955 3588 2109 3641 enim

499 3674 573 3727 ad
588 3680 645 3728 te
656 3676 1054 3729 convertenda
1062 3676 1367 3741 responsio
1381 3680 1488 3741 est,
1501 3677 1574 3729 ad
1590 3678 1896 3742 legentem,
1919 3682 2021 3730 aut
2034 3677 2106 3729 ad

505 3762 1003 3829 interpretantem,
1022 3768 1069 3817 si
1085 3778 1201 3829 qua
1221 3765 1319 3819 illa
1341 3770 1431 3817 est
1452 3766 1743 3831 scriptoris
1754 3766 1939 3833 culpa,
1953 3772 2109 3819 recte

504 3855 1040 3919 revocaturPAbsit,
1060 3855 1273 3919 inquit:
1291 3868 1673 3920 nequaquam.
1691 3857 1835 3919 Quid
1851 3870 1945 3909 me
1961 3867 1978 3886 ε
1990 3860 2109 3906 sub-

501 3944 678 3997 tiliter
703 3944 1099 3997 circumvenis
1118 3949 1141 3995 P
1158 3945 1431 4009 Nunquid
1454 3959 1572 3997 non
1595 3951 1652 3998 et
1673 3947 1942 4012 egolegi?
1965 3960 2111 3999 nun-

510 4032 651 4097 quid
673 4046 790 4086 non
803 4038 863 4086 et
878 4047 986 4099 ego
1000 4033 1411 4098 interpretatus
1428 4048 1558 4087 sum
1570 4039 1596 4086 ?
1612 4035 1720 4087 Sed
1753 4036 1880 4100 lege
1903 4049 1971 4088 ea
1992 4051 2106 4097 quae

502 4121 914 4185 interpretatus
956 4136 1106 4186 sum,
1131 4123 1265 4175 vide
1289 4124 1340 4174 si
1361 4124 1498 4187 quid
1522 4124 1579 4175 in
1603 4124 1695 4175 bis
1718 4124 2108 4189 dogmaticum

495 4200 759 4263 invenies
778 4227 789 4259 :
814 4212 966 4262 certe
983 4211 1032 4262 si
1050 4211 1266 4275 aliquid
1292 4212 1521 4275 horum,
1543 4225 1676 4275 quae
1696 4226 1852 4264 nunc
1862 4214 1934 4264 ad
1946 4214 2108 4265 dam-

501 4298 798 4352 nationem
828 4301 968 4352 voco
994 4300 1259 4364 reperies.
1277 4301 1570 4351 Postremo
1593 4301 1673 4352 ait
1702 4316 1715 4352 :
1740 4321 1767 4345 ‹‹
1801 4303 1857 4353 Si
1880 4301 1969 4354 vis
1992 4301 2113 4366 ple-

495 4387 631 4441 nius
646 4400 818 4441 nosse
842 4388 1138 4452 quomodo
1153 4388 1307 4453 apud
1327 4401 1423 4441 me
1446 4389 1618 4441 etiam
1641 4390 1892 4454 suspicio
1910 4390 2102 4455 hujus.

566 4568 584 4589 "
608 4559 744 4612 Cod.
782 4560 1155 4613 Guarnerian.
1183 4560 1350 4617 ἁπλῶς
1384 4561 1763 4625 interpretatus
1784 4567 1872 4627 est,
1898 4566 2023 4615 tum
2048 4578 2111 4612 ca

503 4632 696 4680 omnia
724 4644 828 4695 pro
851 4638 898 4680 et
921 4633 1129 4696 omnia,
1156 4636 1214 4683 et
1234 4639 1361 4681 sunt
1386 4646 1486 4696 pro
1519 4633 1760 4696 fuerant.

568 4702 590 4730 ⁵
612 4701 771 4753 Idem
793 4703 1181 4754 Guarnerian..
1199 4720 1295 4767 per
1310 4705 1449 4753 vicos
1474 4706 1679 4769 pariter
1708 4710 2074 4754 transeuntem
2095 4727 2109 4764 ε

503 4777 629 4824 tum
652 4777 698 4821 et
719 4772 897 4833 fanda
921 4774 1110 4822 omnia
1128 4779 1174 4823 et
1198 4775 1442 4837 nefanda
1468 4777 1753 4825 adversum
1776 4792 1859 4825 me
1880 4777 2107 4842 fateant,

501 4856 603 4909 pro
621 4856 735 4907 quo
760 4844 963 4908 utique
983 4850 1272 4909 postremo
1299 4848 1473 4899 verbo
1486 4847 1681 4898 malim
1703 4849 1936 4899 rescribi
1950 4847 2112 4897 blate-

500 4919 651 4978 rant,
682 4919 786 4966 aut
809 4915 947 4978 quid
977 4916 1178 4967 simile.
1210 4916 1368 4968 Alias
1403 4918 1626 4981 vulgati
1645 4925 1921 4969 sectentur.

567 4995 585 5015 ε
632 4987 902 5051 Pericopa
946 4987 1110 5039 istaec
1157 4990 1483 5051 verborum,
1531 4989 1674 5046 Quid
1717 5005 1800 5037 me
1850 4989 2111 5039 subtiliter

476 5057 881 5123 circumvenis,
914 5058 974 5111 in
1004 5060 1378 5111 Guarnerian.
1413 5072 1522 5110 ms.
1549 5060 1921 5111 desideratur.

566 5128 588 5157 ⁴¹
614 5130 791 5182 Tacet
813 5130 967 5182 idem
987 5144 1096 5181 ms.
1140 5130 1323 5193 Pauli,
1356 5135 1482 5181 tum
1504 5130 1694 5195 habet,
1731 5138 1775 5181 et
1800 5132 1860 5181 de
1886 5133 1971 5181 his
1996 5148 2109 5196 quae

499 5200 711 5264 scripsi,
742 5216 936 5263 nosces,
970 5201 1121 5265 quid,
1150 5206 1280 5261 etc.,
1308 5200 1479 5263 legens
1514 5217 1633 5250 cum
1659 5209 1703 5251 et
1728 5204 2105 5268 interpretans,

500 5275 611 5322 etc.
638 5273 811 5324 Porro
842 5273 1073 5324 videtur
1095 5284 1373 5336 perquam
1402 5272 1459 5322 id
1484 5275 1695 5325 mirum
1724 5274 2104 5339 Tillemontio,

501 5339 922 5406 Hieronymum
940 5342 1012 5394 ad
1041 5355 1174 5393 eum
1200 5342 1684 5396 Commentarium
1701 5358 2029 5409 provocare,
2048 5346 2109 5396 in

503 5424 618 5475 quo
630 5412 789 5464 nulla
801 5425 1053 5476 unquam
1068 5413 1330 5477 Origenis
1341 5414 1673 5478 Opinionum
1688 5416 2107 5480 perstringitur,

509 5494 583 5534 ex
602 5484 813 5545 quibus
832 5483 1178 5547 Origeniana
1190 5485 1411 5547 proprie
1423 5486 1660 5537 haeresis
1679 5490 1929 5537 constat:
1948 5499 2111 5537 econ-

504 5556 675 5605 trario
695 5556 896 5617 multa,
913 5569 1044 5618 quae
1056 5556 1124 5607 ad
1144 5557 1549 5620 Origenianum
1566 5558 1779 5620 dogma
1791 5557 2106 5621 plurimum

503 5624 959 5749 ggiuilitigilacita
995 5628 1379 5692 proferuntur.
1401 5630 1549 5679 Eum
1572 5628 1788 5682 videsis
1814 5634 1952 5681 tom.
1978 5630 2102 5681 Xll.

583 5708 637 5749 ιε.
667 5714 671 5720 ’
775 5735 787 5749 .

508 5695 787 5759 pag.115.

2122 4470 2180 4542 D

2209 3232 2574 3284 contentione
2596 3231 2960 3295 pervertitur,
2983 3232 3043 3283 et
3072 3230 3395 3282 audiendus
3416 3242 3535 3281 non
3558 3233 3663 3282 est.
3688 3230 3792 3280 Aut

2206 3323 2257 3373 si
2280 3327 2419 3374 tunc
2443 3320 2758 3383 maledixit,
2803 3322 2862 3372 et
2890 3319 3063 3371 modo
3108 3319 3362 3384 seipsum
3385 3318 3407 3349 ¹¹
3437 3319 3790 3381 condemnat,

2206 3410 2377 3475 quale
2405 3424 2540 3476 ergo
2555 3410 2626 3464 de
2649 3423 2713 3462 se
2728 3415 3069 3463 cmterorum
3086 3408 3411 3473 expectabit
3426 3409 3727 3472 judicium,
3748 3407 3791 3457 is

2206 3500 2306 3563 qui
2323 3500 2646 3553 secundum
2661 3499 2922 3565 Apostoli
2939 3498 3285 3552 sententiam
3295 3510 3331 3551 a
3341 3498 3654 3563 semetipso
3666 3500 3791 3547 dam-

2205 3594 2380 3642 natur
2412 3594 2437 3640 9

2269 3676 2356 3732 ‘22.
2384 3680 2452 3730 Et
2469 3678 2626 3743 quid,
2644 3678 2849 3743 inquit,
2866 3676 3227 3729 abscinditur
3241 3675 3580 3742 paenitentia
3592 3679 3621 3728 ‘t
3639 3677 3756 3728 Non
3778 3691 3786 3722 :

2207 3772 2443 3832 erratur,
2469 3773 2525 3819 et
2540 3768 2600 3819 in
2616 3768 2794 3820 verbo
2809 3767 3063 3818 maxime
3082 3781 3095 3817 :
3112 3765 3245 3818 licet
3269 3766 3502 3830 quidem
3531 3765 3603 3818 de
3619 3776 3788 3817 errore

2206 3857 2502 3922 pcenitere.
2523 3856 2631 3909 Sed
2650 3856 2822 3908 simul
2832 3856 3037 3920 aliquis
3054 3855 3453 3921 paenitentiam
3467 3856 3607 3919 agit,
3632 3852 3789 3905 simul

2208 3950 2461 4010 accusat,
2478 3946 2648 3997 simul
2669 3945 2905 4009 judicat,
2938 3944 3227 4008 simulque
3254 3944 3639 3996 condemnat?
3653 3943 3784 4000 Quasi

2206 4048 2342 4088 vero
2375 4036 2425 4087 si
2454 4048 2571 4099 qua
2611 4035 2882 4090 meretrix
2923 4047 3043 4087 una
3070 4047 3133 4086 se
3175 4038 3365 4097 nocte,
3398 4038 3499 4084 aut
3522 4033 3785 4085 duabusa

2206 4124 2513 4177 scortando
2532 4125 2837 4185 contineat,
2862 4123 3072 4176 debeat
3091 4124 3362 4175 continuo
3377 4122 3534 4187 leges
3558 4123 3629 4175 de
3643 4119 3786 4187 pudi-

2206 4214 2342 4265 citia
2374 4214 2638 4277 scribere,
2673 4218 2733 4266 et
2768 4226 2887 4266 non
2911 4213 3101 4265 solum
3125 4212 3280 4277 leges
3303 4210 3570 4275 condere,
3600 4221 3783 4263 verum

2207 4306 2267 4354 et
2289 4301 2583 4366 sepulcra‘
2629 4303 2865 4354 obruere
2909 4301 3186 4364 omnium,
3223 4301 3489 4365 queejam
3512 4299 3782 4352 defuncta:

2206 4396 2343 4443 sunt
2354 4391 2873 4455 feminarum,quod
2884 4404 2982 4445 eas
2994 4390 3319 4455 suspicetur
3328 4391 3409 4439 sui
3420 4391 3637 4439 similem
3649 4390 3779 4435 vitam

2270 4568 2289 4589 ε
2316 4562 2383 4612 In
2406 4560 2793 4614 Guarneriano
2817 4574 2948 4627 ms.,
2975 4566 3300 4611 contemnas.

2272 4649 2292 4683 ί
2319 4652 2381 4701 In
2405 4651 2627 4713 eodem,
2652 4651 2714 4700 de
2739 4651 2836 4700 hoc
2852 4651 3057 4699 mundo
3078 4651 3158 4699 ita
3181 4650 3527 4699 discesserunt
3551 4652 3597 4697 et
3617 4657 3784 4712 perre-

2207 4727 2405 4769 xerunt
2442 4722 2515 4771 ad
2553 4724 2740 4781 Deum,
2768 4724 2910 4771 hanc
2938 4722 3127 4786 Origcn
3140 4722 3183 4769 is
3205 4720 3522 4769 sententiam
3555 4722 3780 4771 tenentes,

2210 4807 2375 4856 quam
2406 4810 2472 4841 ea:
2497 4793 2759 4842 librorum
2802 4795 3092 4843 assertione
3132 4793 3222 4841 isti
3268 4791 3589 4842 didicerant.
3614 4790 3779 4840 Vetus

2209 4876 2439 4929 quoque
2463 4866 2654 4926 editio,
2684 4866 2826 4915 hanc
2859 4866 3102 4929 Origenis
3125 4865 3443 4913 sententiam
3470 4862 3710 4927 praefert.

2271 4964 2287 4992 ι
2312 4955 2503 5018 Hujus
2540 4960 2599 5003 ut
2631 4954 2852 5008 voculae
2880 4954 3228 5015 accessione,
3255 4966 3361 5018 ope
3385 4951 3597 5003 codicis
3620 4952 3778 5001 Guar-

2207 5026 2641 5089 neriani,locum
2658 5026 3208 5089 restituimus,cujus
3221 5029 3343 5076 erat
3356 5025 3416 5075 in
3425 5030 3567 5072 antea
3582 5020 3779 5079 vulgatis

2207 5097 2366 5148 libris
2383 5097 2611 5149 hiulcus
2644 5110 2855 5149 sensus
2876 5103 3049 5161 atque
3074 5097 3469 5161 imperfectus.
3487 5098 3602 5143 Eam
3620 5092 3773 5141 etolim

2206 5180 2319 5220 nos
2332 5170 2616 5220 excidisse
2634 5170 2909 5233 suspicati
2924 5182 3146 5220 sumus.
3164 5170 3446 5220 Caeterum
3458 5171 3514 5217 et
3529 5162 3776 5213 invenient

2205 5238 2345 5303 legit
2361 5241 2511 5291 idem
2526 5254 2633 5291 ms.
2653 5255 2754 5304 pro
2770 5243 3107 5303 invenerunt,
3127 5244 3184 5292 et
3208 5239 3360 5303 quod
3381 5238 3594 5289 rectius
3608 5233 3773 5286 adhuc

2205 5311 2415 5363 habere
2431 5312 2655 5363 videtur
2672 5313 3050 5375 subsequenti
3066 5311 3313 5375 periodo,
3332 5310 3491 5359 modo
3514 5324 3564 5357 se
3586 5321 3647 5355 ea:
3665 5316 3773 5352 con-

2206 5382 2355 5431 cione
2399 5390 2680 5432 eonzmulet
2720 5396 2820 5447 pro
2844 5383 3119 5441 Quomodo
3155 5398 3206 5431 se
3226 5397 3292 5431 ea:
3311 5380 3656 5435 contentione,
3680 5376 3770 5423 etc.

2267 5469 2288 5500 ³³
2336 5470 2492 5522 Idem
2546 5485 2678 5535 ms.,
2727 5487 2779 5521 se
2828 5472 2939 5537 ipse
2980 5471 3319 5535 condemnat,
3366 5468 3523 5533 quate
3566 5480 3679 5528 ergo
3716 5470 3770 5505 cx

2204 5556 2271 5602 se,
2309 5547 2418 5592 etc.
3152 5572 3159 5576 -

2266 5630 2490 5694 ‘Atque
2533 5630 2642 5682 hoc
2682 5631 2892 5683 rectius
2920 5631 2981 5682 in
3022 5632 3148 5684 cod.
3194 5629 3582 5685 Guarneriano
3620 5614 3768 5675 scribi

2203 5700 2432 5754 videtur
2457 5702 2708 5753 subruere
2734 5716 2834 5767 pro
2859 5703 3097 5755 obruere.
