3900 6414
104 400 231 457 561
1345 417 1707 473 ΑΡΟΕΟΘΙᾹ

1823 424 1967 477 ζΒΕΒ
1998 427 2279 483 PRIMUS.
3346 438 3452 495 562

100 514 419 569 duxisse?
435 519 1023 588 Pmnitentiamagens
1039 527 1196 591 quod
1211 531 1477 582 haereticus
1494 534 1651 585 fueris
1663 539 1744 585 he—
1763 547 1817 613 Α
1848 550 1979 603 quae
2006 542 2204 606 arguis
2229 544 2580 599 confutanda
2600 548 2902 613 proponis:
2920 551 3211 615 quomodo
3235 551 3307 607 de
3329 555 3451 608 tuis

100 604 646 668 nefacis.Quidhoc
663 610 736 661 ad
755 624 862 677 me,
883 614 980 677 qui
995 620 1614 681 nunquamhaareticus
1631 627 1742 674 fui?
1763 604 1817 613 ﬂ
1845 629 2035 682 verbis
2073 604 2335 686 mulieres
2375 636 2568 700 arguis
2584 604 2623 686 7-
2652 604 2864 690 Deinde
2900 604 3034 703 quae
3064 641 3272 695 mulier
3299 643 3447 697 dixit

102 695 544 749 Paenitentiam
575 699 700 763 agis
732 713 836 765 pro
868 715 1077 768 errore,
1101 711 1255 759 recte
1291 710 1450 770 facis;
1479 712 1528 764 si
1550 718 1744 767 tamen
1839 717 2168 785 aliquando,
2206 722 2361 786 quod
2392 737 2599 777 uxores
2635 726 2697 778 in
2736 727 2886 780 viros
2908 736 3342 796 convertantur,
3384 741 3445 789 et

96 783 321 847 ipsam
352 786 755 849 paenitentiam
787 790 1043 855 legitime
1066 807 1250 858 geras,
1283 797 1387 861 [AL
1413 800 1540 852 add.
1567 802 1736 869 idest]
1840 818 2082 871 corpora
2124 783 2457 875 redigantur
2492 813 2552 865 in
2578 814 2819 881 animas,
2846 818 3001 881 quod
3026 822 3092 871 tu
3118 783 3344 873 scribis:

100 885 245 923 non
272 875 622 933 accusando,
641 876 741 929 sed
758 878 1133 946 deprecando,
1147 897 1265 936 non
1279 888 1739 957 condemnando,

101 960 223 1012 sed
253 962 630 1019 ﬁendo.Nam
655 979 788 1030 quae
804 970 1163 1032 paenitentia:
1187 975 1399 1028 veritas
1422 982 1532 1041 est,
1548 982 1646 1033 ubi
1662 982 1746 1033 in.

103 1048 451 1115 dulgentite
475 1053 770 1107 decretum
793 1058 915 1122 ipse
939 1061 1047 1112 sibi
1071 1064 1360 1126 pmnitens
1379 1064 1595 1120 dictat?
1633 1072 1740 1133 Qui

102 1140 378 1204 paenitet
400 1154 503 1206 pro
525 1142 615 1195 his
638 1156 773 1208 quae
792 1147 938 1200 male
958 1148 1190 1204 locutus
1206 1158 1311 1218 est,
1329 1155 1542 1209 vulnus
1567 1170 1739 1212 suum

100 1241 241 1281 non
280 1230 500 1283 iterum
534 1233 683 1286 male
726 1235 1017 1299 loquendo
1039 1246 1220 1307 curat,
1259 1243 1360 1295 sed
1385 1245 1624 1300 silendo.
1651 1249 1742 1301 Sic

100 1319 283 1370 enim
304 1320 584 1385 scriptum
598 1328 717 1376 est:
729 1334 748 1355 ι
762 1326 1239 1394 Peccasti,quiesce.
1255 1332 1363 1385 Sed
1376 1346 1534 1387 nunc
1543 1337 1666 1401 ipse
1685 1342 1739 1391 te

96 1420 285 1461 reum
314 1410 543 1475 statuis,
578 1415 636 1465 et
650 1412 859 1467 iterum
883 1422 1043 1470 reatu
1066 1418 1187 1483 ipse
1205 1424 1258 1472 te
1277 1422 1552 1489 absolvis,
1574 1432 1632 1478 et
1654 1441 1727 1479 ex

90 1510 200 1550 reo
228 1498 363 1563 ipse
383 1501 438 1553 te
449 1500 703 1564 judicem
718 1503 877 1556 facis.
906 1508 1044 1559 Haec
1062 1520 1183 1572 1am
1212 1522 1332 1563 non
1346 1517 1464 1577 tua,
1486 1516 1584 1579 qui
1610 1516 1737 1569 irri-

96 1587 213 1639 des
256 1601 393 1641 nos.
420 1589 521 1642 sed
545 1595 743 1645 nostra
765 1593 866 1658 qui
881 1594 962 1648 ita
983 1609 1091 1650 nos
1105 1597 1323 1652 irrideri
1347 1601 1613 1670 patimur,
1639 1610 1730 1659 est

99 1690 375 1730 miseria.

188 1765 248 1833 3
260 1765 320 1834 3
332 1766 383 1834 2
404 1766 491 1823 23.
509 1770 901 1825 Veruntamen
912 1774 1216 1829 veniamus
1225 1777 1301 1830 ad
1313 1777 1421 1831 hos
1432 1781 1579 1835 duos
1590 1786 1731 1838 Com-

1839 909 2072 961 corpora
2086 898 2144 949 in
2162 899 2385 952 animas
2399 902 2741 967 redigentur,
2761 918 2895 970 ergo
2913 908 3233 961 secundum
3263 916 3307 958 te
3342 926 3445 962 non

1840 986 2029 1037 solum
2052 985 2069 1015 '
2089 988 2279 1039 carnis
2309 991 2617 1041 resurectio
2645 1005 2764 1044 non
2786 995 2909 1058 erit,
2940 995 3044 1047 sed
3078 1010 3187 1049 nec
3243 1011 3446 1064 corpo-

1837 1086 1984 1135 rum,
2011 1075 2168 1139 quod
2191 1076 2450 1129 conﬁteri
2469 1078 2615 1131 istos
2639 1093 2784 1144 quos
2815 1083 2878 1134 tu
2902 1082 3087 1136 fecisti
3108 1084 3442 1154 haereticos,

1840 1162 2001 1215 dicis.
2028 1164 2134 1216 Ubi
2152 1165 2270 1229 jam
2296 1165 2444 1219 ultra
2465 1180 2674 1233 corpus
2702 1171 3039 1237 qumrimus,
3059 1174 3108 1225 si
3129 1174 3191 1227 in
3206 1176 3443 1233 animan

1835 1252 2114 1316 redigitur
2129 1253 2156 1302 9
2177 1255 2295 1306 Erit
2317 1256 2608 1320 enimjam
2631 1259 2818 1311 totum
2839 1260 3051 1327 anima,
3070 1265 3129 1316 et
3142 1276 3441 1329 nusquam

1836 1353 2065 1405 corpus.
2091 1343 2160 1395 Et
2180 1343 2391 1397 iterum
2416 1344 2591 1413 333
2619 1347 2668 1399 si
2691 1359 2901 1400 uxores
2915 1348 2979 1402 in
2999 1350 3159 1404 viros
3174 1364 3442 1407 commu-

1835 1430 2128 1497 tabuntur,
2166 1444 2267 1496 pro
2303 1445 2372 1486 eo
2396 1435 2553 1498 quod
2578 1436 2960 1504 subjunxisti,
2982 1443 3049 1492 ut
3069 1452 3440 1507 nequaquam

1834 1518 1910 1571 sit
1932 1532 2183 1572 sexuum
2206 1520 2323 1574 ulla
2343 1521 2670 1590 diversitas,
2684 1526 2851 1589 quasi
2877 1526 3062 1581 uthoc
3077 1531 3436 1599 ostenderes,

1833 1608 1969 1672 quia
2002 1621 2181 1661 sexus
2214 1610 2452 1674 quidem
2489 1611 2772 1666 femineus
2806 1612 3063 1669 interibit
3084 1630 3159 1670 ex
3185 1630 3255 1672 eo
3278 1621 3438 1684 quod

1830 1697 2119 1763 redigetur
2159 1699 2221 1751 in
2257 1699 2464 1765 virum,
2498 1700 2658 1755 solus
2689 1706 2889 1757 autem
2929 1707 3187 1760 manebit
3211 1707 3432 1762 virilis:

1828 1787 2023 1840 nescio
2047 1788 2280 1853 quidem
2314 1790 2364 1841 si
2386 1790 2516 1844 hac
2550 1791 2655 1843 tibi
2684 1792 2757 1845 de
2782 1805 2847 1846 se
2878 1793 3071 1848 dicere
3093 1796 3437 1852 feminarum

99 1860 462 1924 mentarios,
496 1873 661 1927 quos,
701 1865 926 1918 caeteris
965 1869 1234 1922 omnibus
1266 1873 1563 1938 opusculis
1596 1854 1792 1930 suisB
1818 1888 1994 1928 sexus
2035 1876 2146 1939 [AL
2188 1890 2366 1930 sexus
2399 1879 2541 1944 ipse]
2584 1880 2897 1944 permittat.
2935 1883 3154 1937 Tamen
3184 1890 3245 1938 et
3288 1886 3339 1938 si
3360 1887 3433 1938 ab

97 1946 524 2001 condemnatis
546 1963 613 2002 ac
635 1954 1002 2021 renuntiatis,
1027 1958 1180 2011 solos
1201 1962 1442 2027 excepit,
1468 1967 1527 2015 et
1547 1976 1724 2028 quam

99 2035 124 2065 ⁵
153 2039 330 2088 caste
355 2050 419 2089 se
442 2038 501 2090 in
522 2038 613 2091 his
638 2045 695 2093 et
724 2043 1080 2098 continenter
1093 2049 1289 2112 egerit,
1303 2051 1622 2105 videamus.
1637 2056 1723 2106 Ex

95 2124 197 2176 his
224 2125 392 2178 enim
405 2127 540 2179 soils
555 2132 613 2181 et
628 2130 800 2183 ﬁdem
816 2146 983 2186 suam
1003 2138 1231 2200 probari
1255 2139 1398 2205 vult,
1417 2146 1474 2194 et
1501 2141 1610 2207 [AL
1636 2147 1722 2193 ta-

92 2225 248 2264 cetur
279 2216 360 2282 et]
395 2218 551 2282 quod
575 2219 803 2286 Origeni
826 2222 885 2275 in
909 2226 1181 2278 omnibus
1197 2228 1550 2284 adversetur.
1585 2233 1720 2286 Pro-

94 2304 371 2359 ferantur
390 2309 633 2373 ergoisti
655 2311 753 2375 qui
782 2311 887 2376 [AL
915 2318 971 2366 et
994 2314 1110 2381 isti]
1142 2317 1192 2368 ei
1216 2318 1322 2369 soli
1345 2332 1418 2371 ex
1447 2322 1717 2375 omnibus

100 2395 344 2461 scriptis
376 2398 500 2449 suis
523 2399 767 2464 placent,
799 2401 857 2453 id
895 2406 1001 2467 est,
1030 2404 1093 2456 in
1124 2406 1435 2470 Epistolam
1463 2411 1623 2463 Pauli
1644 2412 1717 2464 ad

98 2484 392 2563 Ephesios
436 2485 563 2540 libri
606 2493 758 2540 tres:
796 2492 853 2542 et
883 2493 945 2543 in
969 2494 1376 2558 Ecclesiasten,
1411 2503 1474 2550 ut
1507 2504 1665 2564 puto,
1698 2510 1718 2532 °

96 2560 278 2627 unus.
300 2575 417 2627 Sed
435 2589 590 2628 nunc
605 2577 830 2631 interim
854 2582 953 2644 qui
980 2583 1200 2646 primus
1212 2587 1476 2652 occurrit,
1495 2588 1557 2640 in
1581 2590 1716 2655 Epi-

102 2663 319 2716 stolam
346 2665 423 2716 ad
445 2665 722 2730 Ephesios
734 2670 1190 2725 Commentarius
1207 2675 1505 2740 relegatur.
1527 2678 1713 2730 Etiam

104 2751 159 2803 bi
184 2754 537 2806 consocium
575 2757 633 2807 et
665 2758 1006 2811 concordem
1039 2765 1095 2812 et
1129 2764 1439 2828 συμμύστην,
1486 2768 1546 2817 ιιι
1587 2767 1710 2831 ipse

99 2842 195 2906 ait,
222 2842 287 2893 in
316 2841 415 2893 his
440 2855 571 2907 quae
593 2847 785 2910 arguit
803 2849 1073 2912 approbo.
1089 2852 1157 2902 Et
1170 2852 1350 2915 primo
1366 2854 1624 2906 omnium
1640 2855 1712 2908 de

102 2931 326 2994 quibus
355 2930 556 2984 irridet
586 2935 973 2999 mulierculas,
1001 2951 1132 3002 qua)
1158 2953 1219 2991 se
1242 2941 1444 2994 dicunt
1464 2948 1597 3007 post
1618 2957 1710 2997 re-

104 3021 532 3074 surrectionem
554 3035 673 3075 non
694 3024 992 3078 habituras
1021 3026 1217 3093 fragile
1240 3042 1467 3095 corpus,
1499 3033 1710 3098 quippe

1819 1964 1934 2018 illis
1963 1965 2326 2031 concedatur,
2351 1980 2467 2032 qua
2488 1970 2906 2033 consequentia
2925 1973 3148 2036 poteris
3174 1978 3435 2025 ostendam

1818 2050 1898 2103 ibi
1923 2053 2148 2105 virilem
2179 2066 2389 2106 sexum
2416 2066 2546 2107 esse
2568 2057 3002 2121 necessarium,
3025 2058 3127 2111 ubi
3148 2059 3434 2114 femineus

1816 2141 2180 2194 necessarius
2210 2155 2330 2194 non
2374 2144 2672 2210 probatur,
2714 2146 2853 2210 quia
2894 2148 3142 2200 naturali
3178 2149 3433 2213 quodam

1816 2230 2049 2284 vinculo
2090 2232 2152 2284 in
2185 2235 2414 2284 tantum
2458 2245 2635 2285 sexus
2664 2233 2810 2286 alter
2853 2237 2983 2301 eget
3003 2236 3258 2303 alterius,
3288 2244 3353 2292 ut
3381 2239 3433 2290 si

1788 2347 1797 2357 ι
1815 2318 1959 2371 alter
1979 2331 2097 2371 non
2122 2319 2212 2385 sit,
2239 2320 2475 2373 alterius
2497 2333 2645 2386 opus
2659 2335 2781 2375 non
2792 2323 2883 2374 sit.
2899 2324 3125 2377 Etenim
3145 2325 3194 2376 si
3207 2323 3428 2380 luteam

1815 2408 2058 2460 formam
2082 2421 2154 2460 ex
2175 2410 2614 2476 resurrectione,
2646 2410 2822 2464 homo
2842 2421 2861 2451 ε
2885 2414 3113 2465 tantum
3135 2421 3428 2477 recepturus

1813 2500 2069 2565 putatur,
2115 2511 2290 2562 quam
2334 2499 2396 2552 in
2437 2500 2704 2565 paradiso
2754 2502 2974 2567 habuit,
3015 2504 3116 2555 ubi
3153 2506 3243 2556 est
3265 2505 3424 2569 quod

1808 2588 2086 2652 seriptum
2120 2592 2229 2654 est,
2262 2589 2398 2652 quia
2414 2589 2719 2639 Masculum
2740 2596 2787 2640 et
2806 2590 3076 2653 feminam
3097 2592 3221 2655 fecit
3243 2608 3347 2658 eos,
3372 2598 3417 2643 et

1806 2676 2075 2728 benedixit
2106 2679 2181 2727 eis
2221 2679 2371 2741 (Gen.
2412 2678 2462 2733 1.
2500 2678 2645 2751 27.)?
2668 2680 2726 2731 Si
2763 2693 2900 2732 vero
2923 2685 2991 2733 ut
3019 2686 3085 2733 tu
3106 2684 3165 2733 et
3187 2681 3418 2735 mulier-

1809 2768 1957 2819 culaa
1981 2780 2128 2832 quas
2150 2768 2404 2834 incusas,
2431 2767 2639 2832 dicitis,
2664 2781 2856 2834 neque
2885 2770 2975 2821 vir
2996 2782 3185 2834 neque
3201 2770 3412 2824 mulier

1808 2861 1918 2923 est,
1956 2856 2246 2920 quomodo
2281 2869 2415 2922 ergo
2444 2861 2544 2908 aut
2581 2869 2820 2922 corpora
2845 2858 3181 2923 redigentur
3202 2859 3265 2911 in
3287 2860 3412 2913 ani-

1806 2958 1953 3010 mas,
2018 2950 2125 3015 aut,
2172 2945 2439 2998 mulieres
2492 2950 2904 2999 convertentur
2944 2947 3006 2999 in
3056 2948 3233 3014 viros,
3280 2961 3419 3001 cum

1806 3034 1898 3087 vel
1921 3035 2225 3099 paradisus
2251 3039 2564 3098 utrumque
2589 3046 2796 3086 sexum
2818 3035 2840 3064 ¹ι
2877 3047 2997 3087 non
3031 3037 3300 3101 patiatur,
3317 3038 3414 3091 vel

104 3121 238 3173 quae
257 3111 625 3174 Angelorum
646 3112 860 3166 futurae
883 3115 998 3168 sint
1017 3117 1251 3183 similes,
1278 3120 1415 3183 quid
1437 3121 1557 3186 ipse
1580 3135 1714 3174 sen—
1740 3169 1783 3189 η
1816 3123 2128 3176 similitudo
2141 3123 2510 3188 Angelorum,
2529 3127 2596 3175 ut
2620 3128 2683 3175 tu
2699 3135 2931 3187 quoque
2954 3123 3164 3189 fateris,
3188 3124 3417 3178 nullum

361 3169 394 3174 _
1181 3169 1193 3171 -
1221 3169 1251 3183 ν,
1437 3169 1552 3186 τη
1582 3169 1686 3174 η-
1817 3169 2510 3188 -__-__---_D----_,
2536 3169 2594 3175 _-
2624 3169 2683 3175 η
2704 3169 2929 3187 νη--
2954 3169 3164 3189 mm",
3189 3169 3413 3178 _._._...

109 3199 226 3265 tiat,
256 3200 585 3253 videamus.
611 3204 674 3255 In
712 3205 876 3256 tertio
900 3207 1447 3261 Commentariorum
1481 3211 1626 3265 libro
1647 3212 1707 3264 in
1737 3169 1784 3244 Ε
1816 3213 2051 3267 omnino
2074 3212 2343 3278 recipiat?
2364 3215 2435 3264 Et
2463 3212 2639 3264 miror
2657 3212 2948 3277 quomodo
2963 3214 3036 3265 ab
3057 3212 3185 3265 aliis
3209 3214 3413 3279 exigas

104 3289 365 3353 Epistola
410 3290 567 3342 Pauli
617 3293 689 3345 ad
730 3293 1027 3361 Ephesios,
1065 3299 1174 3348 sub
1213 3311 1279 3350 eo
1316 3300 1563 3364 capitulo
1608 3302 1707 3354 ubi

105 3378 393 3444 scriptum
409 3384 530 3432 est:
554 3381 659 3440 Qui
682 3397 911 3433 uxorem
933 3399 1093 3435 suam.
1115 3386 1313 3450 deligit,
1335 3389 1572 3454 seipsum
1586 3391 1715 3441 diti-

102 3468 215 3528 git:
251 3483 417 3518 nemo
454 3470 601 3519 enim
638 3486 892 3537 unquam
925 3489 1143 3524 carnem
1173 3492 1333 3526 suam.
1363 3478 1486 3528 odio
1524 3480 1712 3530 habuit

109 3556 319 3621 (Ephes.
369 3557 422 3612 5.
462 3557 589 3623 28.),
625 3566 760 3625 post
789 3561 1085 3627 aliquanta
1114 3565 1193 3617 ita
1228 3566 1308 3619 ait
1338 3589 1364 3613 ‹‹
1386 3569 1710 3623 Foveamus

104 3643 279 3708 igitur
306 3650 369 3698 et
394 3648 499 3699 viri
525 3661 753 3716 uxores,
787 3655 845 3703 et
872 3651 977 3715 [AL
999 3653 1083 3718 ut]
1116 3654 1325 3708 animm
1347 3658 1558 3710 nostra:
1580 3672 1708 3710 cor—

105 3745 259 3799 pora,
283 3740 353 3788 ut
391 3740 449 3788 et
472 3750 684 3790 uxores
707 3739 768 3791 in
791 3740 965 3805 viros,
989 3744 1045 3794 et
1065 3755 1299 3808 corpora
1322 3745 1344 3773 ἀ
1372 3746 1708 3811 redigantur

106 3823 159 3874 in
182 3825 503 3889 animas,et
529 3840 900 3893 nequaquam
922 3832 997 3883 sit
1013 3844 1219 3884 sexum
1242 3833 1357 3885 ulla
1380 3834 1700 3897 diversitas,

106 3913 204 3964 sed
241 3902 538 3979 quomodo
569 3918 723 3982 apud
760 3919 1013 3984 Angelos
1033 3934 1151 3973 non
1175 3927 1264 3975 est
1288 3924 1375 3975 vir
1397 3928 1456 3975 et
1477 3925 1700 3990 mulier,

1819 3302 1928 3369 [AL
1947 3302 2150 3368 exigis]
2165 3301 2237 3354 de
2252 3314 2500 3354 sexuum
2518 3302 2848 3355 diversitate
2865 3302 3230 3368 sententiam,
3246 3305 3307 3353 de
3315 3318 3417 3365 qua

1813 3398 1878 3446 tu
1901 3393 2099 3445 volens
2121 3393 2417 3456 disserere,
2437 3392 2614 3445 tantis
2629 3397 2687 3444 te
2709 3390 2961 3445 involvis
2974 3391 3166 3459 nodis,
3191 3397 3261 3446 ut
3277 3396 3418 3443 evol-

1810 3496 1944 3536 vere
1960 3488 2013 3535 te
2035 3482 2366 3535 nullatenus
2389 3482 2596 3547 possis.
2626 3484 2855 3545 Quanto
2881 3481 3094 3534 rectius
3108 3481 3344 3547 faceres,
3367 3484 3419 3535 si

1808 3586 1917 3625 nos
1942 3584 2088 3636 quos
2122 3572 2340 3637 culpas,
2368 3571 2673 3623 imitareris
2708 3571 2770 3622 in
2794 3570 3026 3635 talibus,
3068 3575 3126 3623 et
3146 3568 3277 3624 hac
3304 3571 3411 3637 [AL

1808 3662 1937 3726 hoc]
1969 3662 2076 3713 soli
2097 3664 2233 3723 Deo,
2249 3665 2315 3712 ut
2325 3674 2386 3712 se
2399 3660 2611 3713 veritas
2622 3660 2816 3721 habet,
2835 3671 3011 3712 nosse
3024 3660 3386 3725 permitteres
3399 3676 3415 3709 :

1809 3755 1866 3803 et
1897 3756 1951 3803 te
1975 3752 1986 3780 ί
2011 3751 2203 3815 potius
2228 3750 2493 3813 ignorare
2533 3748 2808 3811 fatereris,
2843 3761 3018 3813 quam
3041 3761 3111 3801 ea
3134 3748 3417 3803 scriberes

1808 3852 1941 3904 quae
1951 3838 2121 3904 paulo
2141 3842 2271 3903 post
2294 3841 2357 3889 tu
2381 3838 2503 3902 ipse
2520 3837 2863 3888 damnares?
2884 3835 3070 3888 Velim
3087 3835 3251 3900 mihi,
3275 3847 3415 3888 con-

1800 3928 2038 3980 scientia
2060 3940 2167 3979 sua
2188 3932 2353 3989 teste,
2376 3939 2533 3977 nunc
2550 3925 2900 3989 diceret,non
2917 3923 3045 3975 dico
3068 3923 3192 3976 siin
3209 3923 3412 3988 aliquo

104 4001 178 4053 ita
206 4006 263 4054 et
297 4018 411 4057 nos
455 4006 553 4070 qui
587 4007 807 4060 similes
841 4010 1074 4073 Angelis
1110 4010 1287 4064 futuri
1331 4027 1554 4081 sumus,
1575 4018 1698 4082 jam
1795 4017 2084 4082 Opusculo
2126 4028 2272 4080 meo,
2310 4014 2412 4066 sed
2454 4015 2515 4066 in
2538 4012 2796 4077 Epistola
2820 4013 3030 4064 saltem
3053 4024 3208 4075 mea,
3231 4024 3411 4076 quam

104 4103 256 4144 nunc
278 4094 626 4159 incipiamus
652 4110 782 4150 esse
813 4099 969 4164 quod
999 4100 1167 4152 nobis
1187 4101 1245 4153 in
1268 4103 1593 4158 caelestibus
1616 4120 1697 4159 reb
1792 4108 1963 4160 alicui
1988 4106 2247 4158 familiari
2269 4117 2394 4157 meo
2416 4102 2809 4168 negligentius
2838 4101 3242 4167 scripsissem,
3270 4101 3413 4155 inve

106 4184 457 4244 promissum
481 4189 589 4238 est.
617 4206 643 4229 »

162 4269 249 4325 24.
302 4282 323 4303 ⁸

1790 4198 1972 4254 uisset
1995 4198 2290 4263 scriptum,
2308 4194 2444 4258 quia
2465 4203 2703 4257 corpora
2725 4191 2785 4243 in
2831 4190 3054 4243 animas
3077 4190 3412 4256 redigantur

380 4276 521 4327 Hmc
570 4280 625 4329 te
667 4276 726 4330 in
764 4278 881 4331 tuis
923 4280 1361 4335 Commentariis
1395 4284 1694 4350 scripsisse
1796 4289 1904 4355 [AL
1932 4285 2296 4352 redigentur],
2317 4288 2376 4336 et
2397 4295 2606 4335 uxores
2628 4281 2688 4332 in
2711 4281 2887 4346 viros,
2914 4279 2964 4332 si
2994 4292 3118 4333 non
3143 4280 3270 4334 hac
3299 4281 3407 4346 [AL

107 4359 309 4424 sciens,
332 4364 625 4428 quomodo
648 4379 749 4420 eos
777 4367 850 4420 ad
869 4370 1199 4437 exemplum
1223 4372 1357 4425 ﬁdei
1376 4377 1515 4440 tuae,
1547 4379 1605 4427 et
1626 4387 1695 4429 ea
1795 4384 1895 4430 tae.
1912 4377 2060 4443 haec]
2088 4376 2263 4429 etiam
2285 4374 2449 4427 mrcis
2472 4372 2653 4425 literis
2677 4370 2852 4424 scribi
2870 4383 2970 4435 per
2992 4373 3190 4435 portas
3205 4370 3412 4424 civita-

166 4538 186 4559 ⁸
218 4531 325 4585 Ubi
372 4539 568 4587 autem
605 4538 883 4604 scriptum
920 4540 1011 4606 sit,
1058 4542 1157 4593 vix
1180 4541 1458 4606 invenias,
1494 4549 1595 4597 aut
1632 4558 1706 4598 ne

1864 4548 1887 4578 ⁴¹
1910 4547 2088 4612 Idem,
2121 4546 2473 4605 reducantur,
2517 4543 2616 4609 qui
2649 4546 2708 4595 et
2755 4541 2864 4593 sub
2908 4539 3194 4605 periochae
3230 4538 3409 4593 ﬁnem

106 4600 201 4683 {ix
214 4607 484 4683 ‘quidem:
505 4593 737 4683 Similes
744 4593 1060 4677 utcumque
1078 4593 1704 4669 sententiae—occurrunt
1728 4593 1785 4666 Ῑ)
1802 4620 1953 4669 nobis
1976 4593 2293 4683 pronomen
2316 4593 2730 4681 praetermittit.

110 4671 488 4750 Ecclesiastici
514 4681 664 4734 xx}.
691 4682 742 4736 1.
761 4686 884 4735 tum
907 4671 1072 4737 Ιςέιίεθ
1098 4687 1278 4737 xxx.
1303 4686 1351 4740 7.
1375 4692 1551 4750 atque
1570 4687 1705 4739 alibi

110 4743 205 4794 sed
229 4760 348 4800 non
372 4750 602 4803 duobus
623 4753 715 4805 his
740 4754 906 4818 plane
933 4756 1142 4818 verbis,
1168 4763 1234 4809 ut
1256 4758 1304 4809 is
1328 4743 1492 4809 locus
1516 4758 1702 4810 videri

108 4818 309 4893 possit.
329 4822 417 4872 Ad
428 4821 523 4874 hae
536 4839 554 4871 ;
571 4837 691 4876 non
704 4826 837 4877 alibi
850 4828 1274 4889 requirendum,
1293 4842 1469 4893 quam
1480 4829 1541 4880 in
1555 4832 1700 4881 Pen-

110 4886 392 4965 tateucho,
413 4893 580 4946 docet
594 4886 946 4961 Theophilus
968 4899 1221 4962 Epistola
1235 4886 1492 4953 pa'schan
1514 4902 1608 4965 ιιι,
1624 4901 1706 4952 in~

110 4955 190 5028 ter
211 4960 693 5028 Hieronymianas
712 4955 785 5019 ex
811 4955 1144 5021 recensione
1163 4977 1365 5024 nostra
1386 4973 1443 5022 Ο.
1464 4955 1622 5023 num.
1651 4971 1701 5027 3.

111 5026 352 5106 Audiam
378 5026 749 5100 hujuscemodi
769 5040 1029 5089 dicentem
1052 5043 1268 5105 Moysen
1293 5043 1597 5107 :Peccasti,
1612 5042 1705 5095 de-

112 5096 248 5179 Eine,
275 5107 397 5179 [Aine
406 5096 610 5171 peccati
639 5111 833 5173 priora
860 5096 1179 5177 subvertensv,
1206 5118 1312 5165 etc.
1340 5117 1460 5165 ΙΠιο
1485 5127 1557 5166 ex
1581 5096 1705 5179 ipso

112 5167 345 5249 Genesis
364 5167 509 5230 libro
534 5167 729 5233 laudat
752 5184 806 5233 S.
840 5167 1222 5245 Hieronymus
1247 5186 1424 5249 Epist.
1448 5167 1702 5236 CXLVII.

112 5240 595 5317 §g_Sabinianum
638 5266 800 5304 num.
838 5252 890 5307 9.
933 5240 1085 5313 Quod
1125 5256 1197 5304 ad
1225 5240 1362 5306 Cain
1387 5257 1590 5305 dictum
1613 5262 1701 5317 est,

113 5310 201 5394 ἐξὺὶ
225 5316 424 5394 dictum
449 5328 599 5386 puta,
619 5325 890 5383 Peccasti,
914 5310 1164 5388 quiesce,
1185 5327 1325 5386 Quid
1348 5328 1578 5391 longius,
1594 5310 1700 5394 etc,

113 5378 291 5463 Fuerit
331 5378 523 5455 itaque
559 5378 695 5445 olim
732 5378 913 5459 capite
933 5378 1028 5446 iV.
1068 5398 1127 5448 in
1151 5378 1349 5450 Graeco
1372 5378 1701 5463 examplari;

113 5460 173 5531 ac
206 5461 391 5531 vetere
415 5464 634 5526 Latino,
658 5466 812 5527 quod
836 5479 1173 5531 expressum
1196 5470 1268 5520 ab
1292 5469 1388 5519 illo
1410 5472 1522 5520 est:
1544 5460 1703 5520 nunc

20 5535 23 5543 '
114 5530 295 5603 Emme
326 5529 385 5581 in
423 5533 622 5586 Graeco
656 5534 785 5599 ipso
822 5529 1134 5603 vestigium
1166 5539 1290 5603 ejus
1324 5538 1703 5592 additamenti

115 5598 385 5651 invenias.

175 5661 194 5690 ¹³
216 5666 404 5724 Malim
451 5689 522 5727 ex
561 5678 873 5733 Guarnerio
916 5693 1024 5733 ms.
1066 5685 1217 5732 caute
1248 5681 1502 5734 rescribi.
1542 5681 1703 5735 Idem

120 5740 247 5788 mox
278 5744 422 5794 enim
449 5747 789 5803 adverbium
814 5756 979 5805 tacet.

180 5813 197 5833 ‘
217 5809 601 5888 Guarnerian.,
631 5828 692 5874 ut
701 5831 838 5891 puto
861 5823 991 5878 liber
1010 5837 1176 5875 unus.

1864 4708 1883 4730 ο
1916 4698 2050 4750 Plus
2081 4699 2273 4757 habet,
2298 4698 2495 4747 minus
2518 4703 2710 4747 autem
2732 4695 2902 4758 bene,
2926 4692 3082 4744 idem
3104 4703 3237 4756 ms.,
3266 4695 3312 4739 te
3343 4690 3409 4741 in

1800 4769 2048 4820 Ecclcsiis
2099 4769 2205 4819 tuis
2244 4767 2679 4831 Commentariis,
2705 4767 2835 4830 etc.,
2885 4768 2946 4817 et
2985 4762 3155 4816 tertio
3186 4763 3260 4814 ab
3294 4760 3407 4815 hoc

1772 4845 1782 4855 “
1804 4853 1997 4901 versu,
2032 4845 2077 4889 et
2100 4840 2367 4904 quomodo
2392 4837 2455 4886 de
2481 4838 2609 4901 tuis,
2629 4839 2738 4888 etc.

1868 4920 1888 4954 ί
1908 4922 2078 4972 Tacet
2099 4919 2253 4971 idem
2275 4930 2384 4969 ms.
2403 4918 2589 4966 carnis
2615 4916 2774 4981 :plus
2797 4918 2995 4968 autem
3012 4914 3190 4967 altero
3209 4913 3282 4966 ab
3295 4913 3407 4966 hoc

1803 5005 1997 5056 versu,
2021 4990 2261 5054 conﬁteri
2282 4991 2447 5038 etiam
2469 4990 2612 5067 istos,
2636 4991 2693 5067 et
2716 4986 3092 5067 d_einde,_AUbi
3114 4986 3262 5036 enim

1803 5065 1966 5125 ultra,
2005 5068 2114 5115 etc.
2140 5080 2151 5112 :
2193 5061 2441 5124 denique
2470 5060 2647 5113 habet
2676 5058 2840 5121 infra,
2878 5059 2983 5110 erit
3015 5071 3156 5121 ergo,
3183 5068 3281 5116 pro
3302 5058 3406 5106 erit

1803 5137 1969 5200 enim,
1992 5139 2103 5187 etc.

1866 5235 1884 5264 ι
1915 5223 2156 5275 Brevius
2199 5219 2384 5273 multo
2415 5219 2543 5272 heic
2580 5231 2712 5282 ms.,
2753 5218 2912 5267 homo
2949 5215 3138 5267 habere
3155 5219 3400 5281 putatur,

1803 5310 1971 5360 quam
2006 5295 2069 5343 in
2101 5292 2366 5343 Paradiso
2405 5289 2594 5340 habuit
2629 5289 2910 5353 scriptum,
2933 5284 3240 5338 Masculum
3262 5288 3308 5334 et
3328 5285 3403 5350 fe-

1802 5368 2033 5430 minam,
2058 5370 2166 5416 etc.

1864 5456 1886 5486 ¹·
1912 5456 2147 5518 Absque
2160 5450 2409 5517 negandi
2419 5453 2554 5502 nota
2581 5449 2736 5501 idem
2757 5460 2891 5513 ms.,
2903 5451 3196 5509 utrumque
3210 5456 3401 5494 samum

1798 5529 2066 5595 patiatur.

1866 5610 1878 5638 ί
1898 5609 2070 5659 Tacet
2091 5603 2461 5676 Guarnerian.
2486 5614 2595 5676 ms.
2620 5599 2816 5676 potius,
2844 5600 2969 5650 tum
2984 5612 3062 5676 _ea
3085 5606 3402 5676 pronomen

1801 5679 1960 5744 quod
1985 5680 2263 5741 sequitur.
2293 5674 2533 5726 Inferius
2560 5670 2714 5744 haud
2737 5682 2924 5735 pauca
2948 5669 3074 5744 ejus
3094 5665 3402 5744 manifesta

1800 5738 2031 5815 menda,
2053 5738 2186 5815 quae
2222 5749 2514 5801 Lectorem
2532 5742 2673 5800 nihil
2694 5743 2936 5797 interest
2950 5741 3114 5807 scire,
3134 5738 3404 5792 dissimu-

1802 5822 2011 5878 lamus.
