3900 6400
495 391 600 448 563

1524 383 1764 436 RUFINI
1794 376 2289 442 AQUILEIENSIS
2323 375 2763 429 PRESBYTERI

3701 358 3796 414 564

497 515 627 566 tum
640 511 1026 578 praecepisset,
1053 509 1101 560 si
1117 507 1309 560 nonin
1334 506 1472 566 foro,
1497 504 1555 556 in
1571 502 1745 565 curia,
1763 513 1864 566 pro
1889 498 2091 551 rostris
2114 491 2170 565 Α
2200 498 2258 550 di
2281 500 2528 549 testatus
2544 496 2649 558 est,
2668 492 2739 546 ad
2755 487 3177 558 praescientiam
3202 482 3377 552 335
3402 480 3510 535 Dei
3533 479 3795 546 pertinet,

510 602 686 655 etiam
701 599 938 652 recitari.
954 600 1211 660 Quantos
1227 607 1300 647 ex
1329 594 1437 645 hoc
1463 591 1894 645 accusationum
1912 587 2108 639 titulos

501 703 639 754 quas
657 688 949 741 volumina
972 684 1428 748 conscripsisset,
1462 693 1635 745 quam
1658 693 1751 731 me
1774 678 1909 731 totis
1928 675 2104 728 armis

498 792 565 831 ac
580 778 706 830 telis
718 774 1236 828 fcecundissimisui
1256 771 1501 837 pectoris
1518 770 1864 834 perurgeret,
1885 768 2103 818 dicens,

507 867 640 930 quia
681 867 730 916 si
775 864 917 915 mihi
948 875 1066 915 non
1108 862 1338 915 creditis
1367 859 1593 921 dicenti,
1628 860 1765 921 quia
1806 857 1948 909 fallit
1970 868 2104 907 cum

498 966 705 1019 corpus
744 953 883 1005 dicit
914 963 1232 1016 resurgere,
1267 953 1327 1001 et
1361 960 1593 1000 carnem
1619 952 1812 1010 negat,
1854 946 1949 998 vel
1971 958 2103 996 cum

493 1054 705 1105 fatetur
747 1051 983 1116 quidem
1026 1061 1278 1109 carnem,
1328 1048 1589 1100 membra
1620 1050 1814 1098 autem
1851 1048 2026 1108 negat
2047 1044 2105 1095 et

494 1154 705 1195 sexum
730 1154 744 1192 :
775 1153 907 1193 ecce
929 1139 1139 1201 videte,
1162 1137 1452 1202 quomodo
1475 1136 1600 1201 ipse
1630 1134 1859 1199 scripsit
1879 1134 1941 1185 in
1961 1133 2100 1198 Epi—

486 1232 649 1285 stola
674 1242 803 1294 sua,
826 1229 962 1294 quia
985 1226 1163 1294 334
1204 1239 1441 1291 corpora
1462 1228 1764 1278 vertantur
1785 1224 1847 1275 in
1860 1223 2104 1287 animas,

497 1323 556 1374 et
589 1331 808 1371 uxores
830 1319 888 1370 in
909 1319 1087 1370 viros.
1105 1316 1215 1369 Sed
1248 1328 1356 1367 nos
1387 1318 1443 1366 te
1465 1313 1699 1378 quidem
1722 1315 1831 1362 haec
1853 1312 2108 1364 scriben-

502 1415 641 1473 tem,
651 1421 767 1461 non
786 1406 975 1460 solum
998 1419 1117 1458 non
1141 1405 1439 1469 arguimus
1455 1402 1819 1455 haereticum:
1838 1401 1942 1453 sed
1965 1402 2105 1451 satis

494 1498 734 1550 facimus
749 1502 1023 1560 tanquam
1039 1495 1230 1558 magis
1242 1497 1348 1545 tro.
1364 1493 1631 1545 Mulieres
1646 1496 1837 1542 tamen
1846 1489 2110 1550 illas,un

494 1591 615 1639 tam
639 1585 891 1650 indignis
909 1588 969 1636 et
989 1583 1321 1635 inhonestis
1344 1579 1709 1634 contumellis
1732 1580 1993 1631 lacerasti
2017 1592 2111 1631 ex-

492 1676 782 1727 hibebunt
795 1678 931 1726 ante
952 1672 1203 1725 tribunal
1229 1671 1441 1723 Christi
1466 1676 1524 1722 et
1538 1670 1665 1722 haec
1682 1681 1814 1733 qum
1845 1669 1940 1720 his
1963 1673 2105 1718 Com.

493 1762 791 1816 mentariis
815 1762 1004 1822 doces,
1022 1764 1080 1814 et
1098 1761 1195 1812 illa
1206 1772 1340 1824 quas
1357 1759 1572 1811 oblitus
1588 1759 1692 1823 tui,
1719 1771 1953 1810 rursum
1974 1769 2108 1809 cum

497 1860 863 1913 contumeliis
881 1858 1111 1911 scribis:
1135 1861 1192 1910 et
1207 1858 1285 1909 ibi
1307 1863 1550 1921 utraque
1566 1857 1980 1917 recitabuntur,
2006 1856 2102 1917 ubi
2128 1852 2183 1926 B

497 1950 750 2002 cessabit
777 1950 901 2013 jam
925 1949 1083 2001 favor
1125 1947 1448 2011 hominum,
1473 1949 1531 1998 et
1565 1946 1802 1998 redemti
1827 1945 2110 2007 [laudibus

499 2045 520 2067 ⁸
529 2039 774 2104 plausus
799 2037 1050 2089 silcbunt
1066 2050 1079 2087 :
1099 2041 1157 2088 et
1170 2038 1359 2088 tecum
1372 2049 1473 2101 pro
1488 2036 1582 2086 his
1599 2035 1692 2088 vel
1703 2034 1893 2098 dictis,
1911 2037 1990 2083 vel
2006 2049 2112 2095 ges-

497 2127 571 2179 tis
589 2126 1138 2191 tuisjudicabuntur
1151 2125 1539 2190 apudjustum
1548 2124 1807 2190 judicem
1832 2127 2106 2175 Christum.

558 2242 651 2298 25.
676 2244 892 2295 Verum
924 2254 1235 2307 pergamus
1281 2240 1567 2293 discutere
1610 2240 1716 2306 [AL
1767 2240 2107 2304 discurrere]

497 2342 634 2407 quid
673 2341 848 2394 etiam
870 2341 941 2393 de
985 2340 1408 2405 quaestionibus
1444 2339 1674 2401 scribat,
1707 2338 1818 2391 hoc
1852 2338 2009 2390 enim
2030 2338 2104 2390 ad

498 2432 674 2485 fidem
716 2432 976 2497 pertinet,
1021 2431 1083 2482 in
1126 2431 1339 2495 quibus
1382 2429 1454 2481 de
1494 2429 1683 2481 carnis
1727 2428 2104 2481 resurrectio-

497 2534 572 2574 ne
616 2522 699 2573 sic
742 2521 927 2573 variat
983 2522 1207 2585 caetera,
1270 2525 1335 2572 ut
1392 2519 1517 2584 [AL
1567 2519 1680 2583 ad]
1731 2519 2100 2583 quaestiones.

501 2612 645 2662 Item
688 2623 762 2662 ex
806 2610 1359 2661 Commentariorum
1411 2608 1555 2660 libro
1606 2607 1790 2671 primo
1850 2608 1920 2659 de
1970 2608 2103 2671 Epi-

505 2698 653 2752 stola
682 2698 846 2752 Pauli
887 2701 956 2750 ad
986 2698 1264 2763 Ephesios
1298 2697 1370 2751 de
1402 2710 1470 2750 eo
1521 2697 1786 2761 capitulo,
1824 2697 1926 2748 ubi
1968 2696 2106 2749 dicit

501 2797 846 2862 Apostolus:
882 2797 1032 2848 Sicut
1065 2797 1215 2861 elegit
1238 2812 1336 2846 nos
1361 2797 1423 2846 in
1469 2797 1585 2862 ipso
1608 2801 1731 2845 ante
1755 2796 1953 2845 mundi
1974 2812 2103 2845 con-

501 2888 852 2948 stitutionem,
889 2892 951 2937 ut
993 2901 1219 2936 essemus
1254 2885 1429 2936 sancti
1464 2891 1511 2935 et
1545 2885 1885 2935 immaculati
1919 2900 2103 2934 coram

503 2978 621 3043 ipso
648 2978 864 3042 {Ephes.
884 2976 933 3031 1.
961 2976 1061 3040 4.),
1095 2976 1176 3028 ita
1196 2977 1305 3028 ait:
1336 2977 1488 3029 «Pro
1511 2976 1921 3029 constitutione
1942 2989 2103 3028 mun-

504 3066 564 3119 di
591 3066 655 3118 in
675 3067 873 3120 Graeco
909 3066 1183 3131 scriptum
1206 3066 1383 3118 habet
1400 3065 1421 3095 ¹³
1443 3069 1722 3129 καταϐολῆς
1744 3066 1956 3130 κόσμου.
1975 3067 2104 3118 Non

502 3156 755 3221 idipsum
807 3156 1002 3207 autem
1033 3152 1309 3219 καταϐολὴ,
1355 3155 1510 3218 quod
1550 3156 1860 3205 constitutio
1911 3163 2097 3210 sonat.

2201 586 2293 638 cui
2304 584 2498 637 omnia
2520 584 2714 635 futura
2729 581 2851 645 jam
2879 578 3030 631 facta
3055 580 3209 636 sunt,
3242 579 3301 627 et
3321 576 3648 635 antequam
3669 567 3798 618 ﬂant

2201 676 2480 729 universa
2503 674 2638 724 sunt
2661 674 2800 722 nota
2817 676 2861 720 ε·
2883 668 3035 719 sicut
3057 670 3115 718 et
3134 662 3483 726 Paulusipse
3499 657 3799 724 praedesti-

2201 771 2374 819 natur
2406 764 2467 815 in
2500 766 2661 813 utero
2695 758 2893 811 matris
2924 768 3069 820 sum,
3102 758 3159 807 et
3189 751 3468 804 Jeremias
3517 749 3583 799 in
3630 744 3799 799 vulva

2203 854 2612 916 sanctiﬁcatur,
2638 850 2882 914 eligitur,
2923 847 3238 905 roboratur,
3264 846 3322 894 et
3341 841 3403 892 in
3427 842 3563 904 typo
3591 834 3797 887 Christi

2202 945 2480 1008 Propheta
2498 941 2767 1006 gentibus
2799 936 3063 989 mittitur.
3086 952 3115 978 ιι

2265 1034 2352 1089 26.
2384 1035 2882 1095 Hucusqueunam
2902 1024 3074 1078 edidit
3100 1019 3540 1087 expositionem,
3555 1013 3664 1066 sed
3694 1013 3800 1064 sub

2203 1124 2373 1188 cujus
2394 1132 2641 1187 persona
2652 1108 3445 1183 hujuscemodiintelligentia
3466 1100 3804 1169 accipienda

2204 1215 2295 1276 sit,
2332 1226 2450 1265 non
2465 1208 2763 1275 expressit.
2804 1207 2927 1258 Hoc
2942 1209 3138 1257 tamen
3153 1200 3286 1269 egit,
3321 1195 3476 1261 quod
3496 1207 3573 1246 ex
3595 1203 3804 1244 conse-

2203 1301 2518 1367 quentibus
2541 1297 2805 1362 reprobat
2825 1294 3037 1360 priora:
3053 1291 3135 1343 ait
3149 1288 3301 1341 enim
3314 1286 3376 1339 in
3389 1279 3806 1346 consequenti-

2203 1394 2313 1444 bus
2337 1405 2350 1442 :
2373 1406 2403 1438 α
2426 1390 2445 1424 τ
2466 1388 2631 1441 Alius
2654 1398 2791 1438 vero
2818 1387 2928 1447 est,
2962 1381 3065 1445 qui
3093 1381 3280 1431 Deum
3296 1376 3523 1441 justum
3557 1374 3807 1424 conatur

2204 1480 2518 1535 ostendere.
2574 1475 2739 1528 Unde
2790 1471 3094 1526 manifeste
3146 1465 3424 1526 ostendit,
3480 1460 3639 1528 quod
3703 1472 3807 1524 per

2203 1570 2359 1622 illam
2370 1569 2617 1634 priorem
2642 1563 3058 1628 expositionem
3071 1570 3187 1615 non
3214 1554 3554 1608 ostendatur
3573 1549 3806 1615 justitia

2206 1660 2337 1711 Dei:
2362 1655 2516 1721 quod
2540 1654 2741 1717 utique
2764 1650 3006 1715 impium
3034 1652 3152 1699 est:
3182 1644 3284 1697 sed
3304 1655 3403 1708 per
3424 1643 3605 1693 istum
3628 1649 3806 1703 quem

2206 1748 2343 1801 dicit
2382 1746 2579 1808 alium,
2630 1743 2796 1806 cujus
2837 1738 3215 1791 assertionem
3250 1734 3374 1786 sine
3393 1730 3571 1783 dubio
3595 1728 3805 1781 volens

2204 1836 2359 1904 apud
2370 1846 2573 1888 omnes
2587 1830 2972 1884 indubitatam
2994 1832 3052 1879 et
3074 1823 3408 1878 catholicam
3436 1822 3803 1879 demonstrare,

2208 1927 2368 1980 dedit
2404 1923 2516 1977 tale
2550 1919 2966 1981 testimonium,
2999 1915 3155 1980 quod
3187 1914 3294 1965 hac
3330 1922 3436 1963 sua
3458 1907 3805 1964 assertione,

2202 2018 2425 2083 justum
2436 2025 2567 2066 esse
2584 2013 2766 2063 Deum
2781 2012 3018 2061 conetur
3031 2002 3348 2057 ostendere.
3370 1999 3480 2052 Sed
3499 1997 3809 2051 videamus

2207 2105 2345 2170 quid
2368 2104 2517 2155 dicat
2538 2102 2651 2153 iste
2670 2100 2834 2162 alius,
2860 2096 2959 2160 qui
2984 2097 3167 2147 Deum
3186 2093 3410 2157 justum
3433 2099 3566 2141 esse
3588 2084 3805 2151 praedi-

2206 2200 2315 2247 cat.
2341 2215 2368 2239 α
2402 2192 2568 2245 Alius
2584 2201 2735 2253 vero,
2770 2186 2974 2250 inquit,
3002 2183 3100 2249 qui
3119 2184 3302 2235 Deum
3327 2191 3456 2231 esse
3466 2177 3699 2241 justum
3718 2186 3809 2225 co-

2204 2288 2377 2336 natur
2394 2278 2710 2340 ostendere,
2743 2274 2900 2339 quod
2932 2285 3051 2325 non
3081 2283 3155 2324 ex
3176 2266 3507 2336 prmjudicio
3542 2262 3807 2316 scientiae

2205 2385 2349 2433 suae,
2367 2370 2470 2423 sed
2486 2381 2559 2421 ex
2580 2366 2783 2418 merito
2800 2363 3104 2417 electorum
3121 2366 3595 2421 unumquemque
3605 2351 3805 2415 eligat,

2203 2463 2344 2515 dicit
2377 2463 2512 2512 ante
2550 2455 2801 2510 visibiles
2832 2456 3142 2513 creaturas,
3173 2446 3397 2505 omium,
3420 2444 3656 2507 terram,
3682 2453 3806 2492 ma-

2202 2553 2304 2612 ria,
2330 2553 2386 2603 et
2413 2547 2608 2603 omnia
2627 2557 2759 2609 quae
2780 2544 2931 2595 intra
2953 2554 3020 2594 ea
3052 2543 3209 2598 sunt,
3230 2534 3410 2588 fuisse
3433 2532 3576 2585 alias
3600 2530 3805 2582 invisi-

2202 2640 2346 2693 biles
2368 2640 2673 2699 creaturas,
2697 2633 2759 2684 in
2781 2630 2995 2696 quibus
3030 2633 3089 2680 et
3110 2626 3351 2686 animas,
3382 2634 3517 2687 quas
3538 2620 3615 2673 ob
3639 2631 3805 2684 quas

2201 2730 2335 2781 dam
2351 2738 2589 2780 caussas
2605 2722 2711 2776 soli
2734 2723 2851 2773 Deo
2876 2722 3065 2782 notas,
3083 2717 3323 2781 dejectm
3343 2712 3460 2765 sint
3474 2720 3493 2749 ε
3505 2710 3805 2771 deorsum,

2201 2818 2262 2870 in
2295 2817 2504 2869 vallem
2539 2814 2712 2865 istam
2755 2811 3154 2874 lacrymarum,
3182 2804 3243 2856 in
3271 2801 3377 2868 [AL
3415 2803 3472 2853 et
3499 2798 3580 2864 in}
3609 2799 3803 2850 locum

2199 2909 2381 2960 istum
2403 2902 2732 2957 afflictionis
2754 2902 2813 2952 et
2834 2893 3307 2964 peregrinationis
3337 2895 3572 2949 nostra,
3596 2889 3661 2940 in
3686 2901 3803 2953 quo

2206 2998 2442 3049 sanctus
2457 2992 2808 3045 constitutus
2850 2988 3065 3050 orabat,
3097 2989 3163 3037 ut
3181 2983 3252 3036 ad
3274 2982 3474 3035 sedem
3496 2980 3805 3046 pristinam

2206 3088 2609 3146 reverteretur,
2644 3079 2865 3139 dicens,
2894 3077 3012 3127 Heu
3036 3075 3197 3137 mihi,
3216 3073 3348 3138 quia
3368 3070 3640 3120 incolatus
3654 3083 3806 3117 meus

2198 3175 2550 3240 prolongatus
2591 3175 2681 3231 est,
2717 3166 2955 3217 habitavi
2999 3179 3124 3214 cum
3174 3161 3544 3214 habitantibus
3587 3158 3802 3211 Cedar:

508 3253 673 3352 Una?
696 3257 756 3352 (ξι
776 3264 885 3305 n03
908 3256 1138 3352 ξπίξῐηξῖ
1167 3256 1562 3352 Ρὶξξιρθηῆἲςθω
1583 3253 1799 3352 lin-gum
1839 3257 1897 3307 et
1917 3270 2109 3309 rerum
2139 3268 2188 3342 ρ
2210 3262 2481 3313 multum"
2493 3260 2839 3326 peregrinata
2853 3261 2924 3306 est
2945 3255 3139 3304 anima
3151 3267 3271 3301 mea
3293 3250 3403 3313 (Ps.
3420 3248 3540 3304 119.
3556 3245 3649 3313 5.).
3663 3248 3735 3298 Et
3750 3247 3808 3298 in

505 3341 853 3404 novitatem,
878 3344 936 3392 et
959 3341 1110 3392 sicut
1131 3341 1366 3405 quidam
1393 3340 1492 3405 ait,
1520 3342 1670 3405 quod
1702 3344 2030 3398 Graecorum
2054 3352 2113 3400 et
2151 3337 2187 3342 ⁷
2211 3353 2320 3405 alio
2335 3353 2491 3404 loco:
2515 3350 2679 3400 Miser
2717 3363 2808 3412 ego
2838 3347 3016 3405 homo,
3055 3343 3176 3408 quis
3197 3356 3281 3390 me
3312 3337 3553 3389 liberabit
3602 3337 3669 3386 de
3690 3352 3810 3385 cor-

508 3442 698 3484 sermo
722 3429 891 3481 latior
934 3432 994 3481 et
1025 3429 1221 3494 lingua
1264 3429 1478 3481 felicior
1511 3430 1604 3495 sit,
1638 3433 1972 3486 conabimur
1994 3448 2114 3488 non

503 3523 625 3571 tam
655 3518 899 3570 verbum
924 3529 998 3569 ex
1017 3517 1194 3569 verbo
1230 3520 1555 3582 transferre,
1575 3520 1730 3583 quod
1754 3521 2113 3585 impossibile

510 3611 619 3687 est,
663 3618 836 3669 quam
884 3606 1003 3658 vim
1052 3605 1210 3658 verbi
1244 3606 1493 3669 quodam
1539 3608 1821 3671 explicare
1846 3610 2110 3666 circuitu.

509 3690 780 3758 Καταϐολὴ
798 3704 816 3725 °
826 3694 1052 3759 proprie
1073 3694 1295 3758 dicitur,
1311 3708 1441 3746 cum
1457 3696 1595 3759 quid
1614 3697 1887 3750 deorsum
1907 3703 2107 3760 jacitur,

504 3789 563 3838 et
602 3785 664 3837 in
704 3784 817 3849 [AL
851 3784 943 3849 ad]
966 3784 1289 3837 inferiorem
1321 3783 1509 3837 locum
1532 3786 1780 3839 mittitur
1802 3800 1835 3839 a
1857 3790 2107 3853 sublimi,

514 3874 607 3928 vel
640 3887 774 3926 cum
797 3874 991 3937 aliqua
1012 3888 1103 3926 res
1127 3875 1304 3927 sumit
1329 3875 1645 3927 exordium.
1672 3877 1832 3929 Unde
1853 3884 1910 3931 et
1929 3879 1989 3930 hi
2010 3880 2109 3943 qui

502 3964 721 4018 mdium
739 3965 1059 4017 futurarum
1069 3964 1254 4030 prima
1264 3965 1485 4029 jaciunt
1499 3966 1889 4033 fundamenta,
1902 3973 2109 4022 καταϐε-

502 4055 766 4118 ϐληκέναι,
800 4054 859 4105 id
874 4057 962 4106 est
977 4055 1229 4104 deorsum
1245 4055 1410 4104 initia
1418 4055 1914 4117 fundamentorum
1928 4058 2111 4122 jecisse

506 4143 796 4195 dicuntur.
816 4143 1032 4195 Voiens
1044 4143 1237 4207 itaque
1260 4144 1471 4196 Paulus
1487 4145 1810 4209 ostendere,
1823 4146 1957 4210 quia
1979 4151 2107 4197 Deus

484 4231 777 4285 .universa
801 4231 1264 4295 sit;machinatus
1297 4245 1372 4283 ex
1394 4233 1591 4297 nihilo,
1617 4246 1737 4285 non
1766 4240 2102 4299 creaturam,

501 4334 622 4375 non
639 4321 1045 4384 conditionem,
1068 4334 1188 4373 non
1211 4323 1507 4385 facturam,
1537 4322 1638 4374 sed
1674 4319 1953 4388 καταβολὴν
1989 4324 2011 4355 ει
2046 4326 2105 4378 id

504 4415 614 4475 est,
645 4410 872 4463 initium
888 4411 1248 4462 fundamenti
1264 4410 1336 4461 ad
1353 4422 1486 4462 eum
1502 4412 1712 4473 retulit,
1747 4415 1811 4464 ut
1826 4426 1943 4465 non
1960 4416 2101 4474 juxta

502 4499 908 4561 Manichaeum,
941 4505 1000 4553 et
1027 4505 1265 4553 crateras
1288 4499 1561 4563 haereses,
1587 4514 1717 4565 quas
1752 4500 2025 4554 factorem
2047 4508 2105 4556 et

2207 3458 2338 3509 pore
2370 3441 2558 3491 mortis
2596 3438 2762 3503 hujus
2793 3437 2961 3501 (Rom.
3001 3433 3053 3488 7.
3077 3431 3223 3496 ‘29.)?
3250 3432 3321 3482 Et
3341 3429 3494 3492 alibi,
3517 3426 3713 3476 Melius
3738 3433 3807 3474 est

2209 3531 2418 3592 reverti,
2464 3534 2511 3579 et
2554 3543 2657 3578 esse
2692 3540 2814 3576 cum
2863 3525 3075 3575 Christo
3122 3520 3345 3584 (Philip.
3404 3517 3492 3581 1.).
3542 3518 3614 3567 Et
3650 3514 3804 3577 alibi,

2208 3622 2518 3684 Antequam
2562 3615 2905 3675 humiliarer,
2951 3628 3042 3677 ego
3063 3610 3274 3677 peccavi
3302 3607 3406 3674 (Al.
3431 3604 3668 3670 deliqui]
3703 3606 3803 3669 (Ps.

2210 3707 2472 3772 116.67.),
2498 3718 2555 3759 et
2582 3711 2789 3758 cmtera
2805 3704 2897 3755 his
2921 3700 3147 3754 similia.
3178 3716 3208 3748 »
3237 3700 3434 3761 Itaque
3461 3694 3804 3760 priusquam

2207 3799 2434 3857 animas,
2461 3796 2747 3859 inquiunt,
2772 3792 3265 3858 praecipitarentur
3285 3788 3347 3839 in
3369 3784 3675 3837 mundum.
3697 3783 3806 3833 Ma-

2207 3884 2385 3949 gister
2406 3882 2568 3945 dicis,
2591 3880 2862 3944 inquiunt
2884 3883 2944 3931 et
2963 3889 3082 3929 non
3106 3874 3269 3938 dicis,
3294 3873 3396 3938 qui
3419 3876 3555 3924 sunt
3582 3871 3681 3922 isti
3706 3870 3806 3932 qui

2204 3977 2217 4008 ί
2239 3973 2365 4026 haec
2376 3973 2662 4036 inquiunt,
2679 3969 2835 4034 quod
2853 3968 3063 4020 animus
3079 3965 3236 4031 prius
3251 3966 3461 4025 essent,
3481 3972 3657 4025 quam
3683 3975 3806 4021 prae-

2206 4065 2578 4128 cipitarentur
2599 4061 2657 4112 in
2679 4057 2982 4111 mundum.
3013 4058 3217 4107 Nonne
3235 4065 3370 4118 ergo
3386 4055 3537 4105 recte
3561 4050 3703 4112 dixi,
3725 4050 3805 4101 in-

2206 4154 2349 4217 quit,
2376 4152 2508 4215 quia
2531 4150 2683 4214 talpa
2702 4162 2783 4212 es,
2808 4151 2866 4199 et
2886 4158 3006 4198 non
3028 4142 3370 4197 vides‘iDixi
3377 4143 3500 4206 jam
3516 4139 3801 4204 superius,

2205 4243 2341 4306 quia
2359 4241 2437 4292 Illi
2466 4240 2593 4292 haec
2630 4238 2733 4304 [AL
2747 4237 2876 4302 hoc]
2899 4236 3118 4298 dicunt,
3135 4232 3235 4297 qui
3246 4230 3662 4293 Deumjustum
3673 4240 3803 4280 esse

2202 4334 2485 4389 asserunt,
2506 4340 2675 4392 quem
2692 4326 2889 4390 utique
2902 4325 2948 4377 si
2967 4325 3063 4376 cor
3077 4323 3338 4384 haberes,
3356 4332 3447 4371 me
3460 4318 3655 4383 ipsum
3671 4330 3798 4369 esse

2201 4411 3367 4485 intelligeres.336Neque[ALNonJenim
3383 4412 3451 4457 ita
3462 4409 3656 4468 impius
3668 4422 3798 4465 sum,

2200 4514 2268 4561 ut
2289 4510 2466 4562 alium
2508 4520 2599 4559 me
2630 4512 2691 4559 et
2725 4506 3023 4558 diversum
3059 4515 3189 4555 esse
3213 4505 3464 4553 statuam
3485 4498 3559 4549 ab
3581 4496 3676 4548 his
3704 4496 3801 4560 qui

503 4589 799 4640 materiam
850 4594 1090 4653 Donum,
1144 4589 1301 4641 διίυά
1346 4589 1485 4653 (inid
1532 4589 1640 4656 [Αἶα
1665 4591 1900 4657 aliqum]
1941 4592 2097 4645 unde
2120 4588 2629 4663 DDeumjustum
2670 4593 3006 4657 defendunt,
3045 4590 3202 4656 quod
3236 4589 3430 4653 utique
3457 4592 3698 4638 omnes!
3726 4585 3800 4636 fa-

506 4680 781 4731 creaturae
803 4677 972 4729 factae
1005 4679 1121 4730 sint
1145 4678 1247 4740 [AL
1276 4680 1454 4745 sunt],
1480 4681 1854 4733 antecesserit
1891 4686 2109 4734 creatu-

505 4780 617 4831 ras,
634 4767 735 4819 sed
751 4767 944 4819 omnia
959 4779 1023 4818 ex
1036 4767 1218 4820 nihilo
1231 4769 1556 4821 exstiterint
1575 4768 1679 4834 [AL
1699 4770 2109 4836 substiterint].

508 4856 674 4920 Quod
689 4860 887 4909 autem
903 4856 1113 4909 electos
1127 4870 1234 4910 nos
1258 4864 1324 4911 ut
1346 4871 1608 4912 essemus
1634 4861 1819 4914 sancti
1834 4866 1890 4915 et
1907 4862 2113 4914 imma-

506 4946 681 5002 culati
698 4958 889 4999 coram
904 4947 1047 5012 ipso,
1066 4946 1175 4999 hoc
1191 4952 1298 5012 est,
1317 4950 1452 5009 Deo,
1479 4954 1615 5002 ante
1637 4949 1916 5003 fabricam
1936 4964 2110 5004 mun-

573 5118 763 5171 'Idem
773 5130 883 5169 ms.
889 5154 905 5179 ,
919 5116 1145 5183 plausus
1152 5118 1275 5182 jam
1285 5118 1512 5168 silebant
1531 5134 1547 5168 :
1574 5124 1741 5169 tecum
1760 5136 1862 5185 pro
1878 5121 1981 5183 his,
2000 5123 2105 5175 etc.

571 5188 595 5220 δ
636 5189 1076 5254 Rescripsimus,
1101 5194 1169 5241 ut
1197 5189 1259 5240 in
1289 5189 1734 5253 Hieronymiano
1785 5197 1873 5244 est
1897 5198 2059 5246 textu
2088 5208 2103 5245 :

509 5265 680 5313 antea
716 5262 870 5312 enim
918 5260 1113 5311 minus
1135 5264 1286 5311 recte
1308 5263 1448 5321 erat,
1486 5258 1768 5324 καταϐολὴν
1792 5283 1819 5314 τ
1849 5272 1874 5312 ῡ
1896 5265 2106 5329 κόσμου.

512 5333 717 5384 Confer
737 5332 925 5395 ipsum
945 5332 999 5382 S.
1016 5332 1319 5381 Doctorem
1337 5332 1496 5382 Tom.
1524 5334 1645 5396 VII,
1667 5333 1888 5388 col547.
1904 5340 1963 5387 et
1986 5350 2108 5400 seq.

576 5412 596 5433 ⁶
622 5404 805 5454 Antea
827 5402 975 5450 enim
997 5400 1333 5461 addebatur,
1357 5401 1509 5464 quod
1527 5416 1633 5453 ms.
1660 5407 1971 5469 textusque
1986 5407 2109 5470 ipse

512 5481 997 5545 Hieronymianus
1031 5480 1317 5533 nesciunt.
1359 5482 1597 5535 Leviora
1622 5483 1730 5534 alia
1772 5484 2009 5537 inferius
2032 5491 2111 5539 ta-

514 5553 611 5605 citi
640 5552 1011 5616 castigamus.

578 5623 601 5652 δ
624 5626 692 5674 In
707 5623 1046 5694 veteriedit.,
1061 5623 1121 5673 id
1129 5628 1218 5685 est,
1223 5623 1361 5688 jacti
1378 5625 1602 5674 initium
1616 5625 1985 5694 fundamenti,
1998 5633 2106 5681 etc.

580 5702 600 5723 θ
621 5693 987 5746 Guarnerian.
1013 5707 1143 5757 ms.,
1170 5695 1259 5746 Sic
1282 5702 1328 5745 et
1349 5697 1574 5758 Paulus,
1601 5702 1708 5750 etc.

583 5761 605 5796 ί
625 5762 783 5842 Idem
803 5776 877 5842 ex
906 5763 1064 5842 scioli
1096 5765 1430 5842 glossatoris
1445 5781 1641 5833 manu,
1664 5768 1834 5820 Aliud
1848 5785 1987 5833 vero,
2012 5771 2110 5837 qui

521 5830 689 5886 Deum
697 5832 860 5897 justis
881 5840 1100 5886 conetur
1120 5838 1405 5905 ostendere,
1435 5844 1542 5893 etc.

2210 4690 2389 4751 ciunt,
2415 4688 2517 4753 qui
2546 4698 2752 4737 sanum
2775 4684 3023 4749 sapiunt.
3042 4702 3069 4727 κ
3094 4680 3197 4733 Dic
3218 4691 3371 4743 ergo,
3395 4676 3486 4729 dic
3508 4674 3801 4739 magister,

2209 4779 2347 4845 quid
2366 4778 2464 4830 isti
2487 4776 2585 4841 qui
2605 4779 2668 4827 tu
2684 4787 2765 4835 es,
2781 4771 3053 4837 inquiunt
3071 4770 3095 4823 Ἰ
3111 4772 3311 4833 Itaque
3320 4766 3477 4833 prius
3488 4775 3665 4829 quam
3681 4762 3796 4816 ani-

2206 4881 2338 4933 mae,
2354 4867 2637 4932 inquiunt,
2650 4862 3144 4930 praicipitarentur
3161 4860 3221 4911 in
3235 4856 3538 4920 mundum,
3551 4858 3608 4906 et
3629 4865 3800 4905 mun—

2206 4959 2318 5012 dus
2330 4971 2402 5010 ex
2429 4957 2734 5009 animabus
2770 4954 2947 5013 fieret,
2971 4963 3107 5004 cum
3127 4946 3563 5002 habitatricibus
3586 4943 3714 4996 suis
3741 4943 3795 4993 in

2269 5128 2644 5182 tAddidimus
2677 5126 2929 5176 deorsum
2951 5120 3287 5175 adverbium
3312 5132 3385 5173 ex
3411 5116 3791 5169 Guarneriano

2205 5215 2334 5264 ms.,
2354 5206 2544 5253 vetere
2567 5198 2831 5259 editione,
2861 5200 3034 5258 atque
3049 5194 3172 5258 ipso
3197 5188 3601 5264 Commentarii
3616 5191 3785 5239 textu.

2268 5273 2289 5302 ⁵
2313 5275 2499 5324 Antea
2529 5271 2743 5322 lectum
2767 5267 2947 5315 incola
2967 5264 3091 5328 fuit.
3118 5263 3481 5316 Guarnerian.
3500 5273 3632 5321 ms.,
3653 5274 3791 5323 pere-

2206 5345 2371 5409 griua
2394 5350 2481 5406 est,
2512 5341 2665 5405 quod
2696 5339 2770 5391 ad
2806 5336 3359 5409 impressa_iectione
3395 5330 3785 5409 Commentarii

2206 5401 2438 5480 propius
2471 5401 2701 5466 recedit.
2747 5401 2904 5461 Idem
2929 5409 3057 5473 plus
3084 5406 3290 5458 deinde
3313 5405 3501 5467 habet,
3525 5409 3571 5453 et
3594 5404 3657 5452 in
3685 5401 3787 5451 alio

2206 5487 2315 5537 loco
2339 5486 2499 5545 alius,
2530 5486 2711 5546 Miser,
2732 5487 2841 5534 etC.
2912 5503 2922 5509 ί

2268 5544 2489 5609 "facet
2524 5544 2892 5607 Guarnerian.
2942 5564 3075 5617 ms.,
3120 5550 3244 5613 haec,
3298 5553 3422 5600 tum
3472 5544 3787 5610 insequenti

2206 5629 2436 5695 periodo
2458 5642 2581 5691 ergo
2611 5624 2967 5677 adverbium.

2268 5708 2279 5737 ι
2303 5700 2459 5750 Idem
2481 5687 2613 5759 ms.,
2627 5697 2864 5761 facimus
2880 5695 2976 5761 qui
2991 5708 3189 5745 sanum
3210 5692 3472 5759 sapimus.
3491 5690 3624 5741 Mox
3646 5687 3787 5739 tacet

2206 5772 2486 5838 inquiunt.
