3900 6406
153 374 264 429 565

1330 379 1706 431 APOLOGLE
1754 381 1965 434 LIBER
2008 383 2288 435 PRIMUS.

3352 396 3457 453 566

150 488 430 540 infimum
452 488 577 553 ipse
598 488 1057 553 dejectus,elegit
1079 490 1318 543 Paulum
1349 493 1521 555 Deus,
1545 495 1602 544 et
1624 492 1674 545 ei
1693 494 1761 545 si-
1775 498 1837 570 Α
1864 493 2207 546 damnanda.
2243 495 2352 547 Sed
2387 508 2507 549 non
2541 510 2689 563 sum,
2725 499 2929 565 inquit,
2968 515 3073 568 ego
3095 506 3195 569 qui
3223 506 3451 574 definio,

148 579 326 631 miles
347 591 541 630 coram
554 591 632 641 se,
647 580 747 642 qui
761 582 923 631 erant
943 580 1127 632 sancti
1150 583 1207 632 et
1221 581 1589 636 immaculati.
1609 587 1760 636 Nemo

148 672 354 720 autem
392 668 619 732 eligitur
661 668 774 719 nisi
809 668 880 721 de
916 669 1193 732 pluribus,
1220 673 1275 722 et
1306 672 1402 722 ubi
1429 676 1564 725 sunt
1586 675 1760 739 aliqui

145 757 410 819 viliores,
434 757 513 807 ibi
537 756 738 809 electio
761 760 1130 821 perpetratur.
1161 759 1457 819 Quomodo
1480 768 1675 815 autem
1699 766 1759 817 in

145 846 471 910 Babylonia
493 854 510 874 ·
540 844 893 910 captivitate,
922 848 1151 910 quando
1174 860 1208 898 a
1231 849 1759 905 Nabuchodonosor

146 936 212 987 in
225 935 555 987 Chaldaaam
567 935 775 987 ductus
788 938 876 987 est
887 936 1129 1000 populus
1140 937 1303 990 missi
1330 944 1467 991 sunt
1485 944 1754 1004 Pmphetae,

146 1024 439 1088 Ezechiel,
472 1024 697 1087 Daniel,
731 1028 847 1076 tres
874 1024 1053 1088 Pueri,
1078 1028 1335 1090 Aggaeus
1356 1032 1415 1079 et
1437 1029 1756 1091 Zacharias,

140 1125 271 1166 non
286 1113 446 1177 quod
470 1113 580 1177 ipsi
594 1113 1329 1179 meruerintcaptivitatem,
1355 1117 1457 1169 sed
1474 1122 1539 1169 ut
1558 1124 1755 1172 essent

141 1203 210 1255 in
223 1202 434 1255 solatio
447 1203 803 1267 captivorum
820 1222 831 1252 :
851 1202 931 1255 ita
941 1208 997 1255 et
1007 1203 1067 1255 in
1079 1204 1175 1256 illa
1198 1204 1514 1268 dejectione
1530 1209 1755 1273 mundi,

140 1303 250 1345 eos
277 1292 379 1357 qui
400 1296 707 1355 antequam
730 1291 987 1345 mundus
1016 1292 1179 1345 ﬂeret
1209 1295 1371 1347 electi
1385 1298 1592 1348 eranta
1614 1298 1750 1368 Deo,

140 1381 368 1433 missos
387 1393 517 1433 esse
538 1380 600 1433 in
621 1381 995 1434 eruditionem
1032 1387 1090 1434 et
1123 1383 1515 1448 magisterium
1537 1386 1752 1438 anima-

138 1483 278 1522 rum
310 1470 730 1535 peccatricium,
767 1474 831 1523 ut
853 1471 1258 1535 praedicatione
1284 1486 1482 1525 eorum
1506 1481 1751 1528 reverte-

138 1563 352 1612 rentur
377 1558 451 1611 ad
478 1571 609 1611 eum
632 1560 823 1611 locum
846 1561 1000 1613 unde
1023 1565 1375 1614 corruerant:
1405 1567 1461 1614 et
1484 1562 1595 1616 hoc
1622 1577 1751 1617 esse

138 1649 305 1713 quod
326 1661 361 1701 a
387 1650 583 1714 Moyse
604 1650 661 1701 in
685 1651 1036 1715 octogesimo
1062 1664 1216 1703 nono
1240 1652 1462 1704 dicatur
1488 1655 1746 1708 Psalmo:

135 1739 397 1801 Domine,
442 1739 721 1803 refugium
763 1739 939 1803 factus
970 1755 1022 1789 es
1057 1741 1207 1790 nobis
1243 1742 1305 1790 in
1338 1744 1680 1805 generatione
1702 1748 1749 1793 et

132 1829 421 1893 progenie,
438 1833 734 1893 antequam
755 1834 956 1879 montes
976 1832 1350 1895 ﬁrmarent-ur,
1362 1838 1409 1882 ct
1422 1835 1567 1897 ﬁeret
1579 1838 1740 1895 terra,

134 1922 188 1965 et
212 1916 360 1967 orbis
376 1922 645 1967 terrarum
677 1919 776 1983 (Ps.
802 1918 999 1983 89.1.).
1026 1920 1188 1980 Quod
1201 1920 1417 1974 scilicet
1430 1927 1741 1985 antequam

132 2006 404 2058 mundus
432 2006 609 2070 ﬁeret,
628 2011 684 2059 et
706 2008 977 2060 universa
998 2010 1285 2073 generatio
1300 2010 1641 2076 principium
1652 2024 1744 2065 su-

131 2100 346 2159 meret,
376 2096 598 2147 Sanctis
621 2096 742 2148 suis
765 2098 919 2148 Deus
944 2098 1231 2161 refugium
1253 2098 1441 2151 fuerit.
1461 2118 1489 2145 υ

205 2183 297 2238 27.
333 2186 473 2237 Haec
501 2189 640 2237 sunt
663 2198 794 2250 qua
820 2186 882 2238 in
912 2186 1040 2251 illis,
1066 2199 1212 2251 quos
1239 2187 1393 2241 solos
1415 2188 1437 2218 "
1460 2202 1533 2241 ex
1557 2190 1742 2241 omni-

133 2274 257 2326 bus
276 2272 571 2339 opusculis
592 2274 707 2327 tuis
723 2274 902 2339 eligis,
919 2280 977 2327 et
1000 2276 1071 2327 ad
1088 2276 1558 2329 condemnandos
1570 2283 1741 2330 caete-

130 2376 238 2415 ros
283 2362 456 2428 relegi
483 2363 674 2427 jubes,
712 2365 1148 2417 Commentariis
1187 2367 1405 2418 scribis.
1438 2368 1736 2429 Mundum,

130 2453 246 2515 ais,
267 2451 447 2503 fuisse
468 2452 816 2505 invisibilem
840 2458 1149 2518 antequam
1172 2455 1265 2506 hic
1290 2455 1527 2507 visibilis
1546 2457 1735 2508 iteret:

128 2541 202 2592 in
235 2554 352 2605 quo
383 2541 604 2593 mundo
628 2554 761 2593 cum
785 2543 1021 2606 reliquis
1044 2543 1481 2608 habitatoribus,
1503 2546 1738 2609 Angelis

40 2692 43 2697 γ
129 2631 247 2695 [Αἱ.
281 2630 505 2694 Angeli]
532 2631 765 2696 scilicet,
796 2634 854 2684 et
879 2632 1087 2684 animae
1116 2636 1296 2684 erant.
1321 2634 1469 2685 Istas
1492 2634 1732 2695 animas,

128 2721 247 2783 ais,
271 2721 346 2771 ob
385 2720 669 2783 quasdam
698 2733 935 2773 caussas
959 2721 1065 2773 soli
1090 2723 1204 2773 Deo
1228 2722 1504 2787 cognitas,
1531 2723 1593 2775 in
1626 2723 1735 2775 hoc

128 2808 355 2862 visibili
383 2808 601 2861 mundo
614 2810 775 2862 nasci
803 2810 862 2861 in
886 2811 1236 2875 corporibus,
1260 2816 1320 2881 et
1334 2824 1467 2875 quae
1484 2818 1615 2864 ante
1635 2813 1732 2865 ha-

129 2899 465 2950 bitaverunt
477 2898 685 2950 caelum
699 2898 852 2963 apud
867 2900 1027 2963 prius
1049 2900 1348 2956 smculum.
1361 2914 1513 2952 uunc
1529 2902 1621 2953 hic
1636 2902 1734 2953 ha-

128 2988 346 3042 bitant.
380 2988 587 3039 terram
630 2987 845 3040 scilicet
877 3001 997 3040 non
1029 2994 1196 3041 extra
1226 3002 1465 3041 caussas
1490 2992 1731 3055 aliquas,

1860 582 2040 634 alium
2084 584 2211 635 dico
2257 598 2386 637 esse
2431 586 2530 649 qui
2578 587 2704 641 haec
2738 590 2817 641 ita
2838 590 3110 644 dicat:id
3133 600 3241 659 est,
3264 597 3455 661 ipsum

1858 670 2034 722 istum
2054 684 2226 736 quem
2242 674 2413 725 modo
2430 675 2555 726 dico
2580 676 2784 729 debere
2802 679 3081 733 damnari.
3105 685 3454 748 Repetamus

1858 773 1993 824 ergo
2028 762 2075 812 si
2109 762 2294 826 placet
2320 763 2481 815 illum
2504 765 2696 829 ipsum
2724 768 3097 835 versiculum,
3120 773 3221 824 ubi
3243 774 3455 829 immu-

1857 850 1946 900 tas
1975 852 2319 915 exponentis
2331 866 2653 918 personam,
2667 860 2733 907 ut
2750 857 3066 922 videamus,
3087 861 3216 924 quis
3235 869 3324 915 est
3338 864 3451 931 ille,

1856 951 2029 1002 quem
2054 938 2189 992 talia
2211 940 2353 992 dicis
2377 946 2650 994 astruere.
2689 944 2790 996 Ais
2820 958 2972 1011 ergo,
2997 948 3159 999 Alius
3183 963 3320 1004 vero
3354 955 3454 1018 qui

1854 1029 2034 1079 Deum
2060 1029 2289 1093 justum
2319 1033 2560 1083 conatur
2581 1033 2883 1088 ostendere
2908 1036 3045 1089 dicit
3062 1037 3189 1090 haec
3219 1038 3323 1103 [AL
3350 1045 3450 1090 tac.

1853 1116 2001 1182 haec]
2037 1129 2170 1181 quae
2199 1120 2322 1183 jam
2358 1132 2531 1184 supra
2561 1120 2837 1176 diximus.
2878 1124 2934 1176 Si
2976 1125 3086 1179 iste
3108 1140 3280 1191 quem
3303 1127 3451 1180 dicis

1853 1206 2064 1274 Alium,
2096 1210 2279 1259 Deum
2296 1208 2525 1272 justum
2552 1212 2872 1265 assertione
2893 1213 3001 1266 hac
3016 1227 3140 1279 sua,
3156 1221 3222 1268 ut
3235 1217 3339 1281 ais,
3355 1228 3452 1269 os-

1856 1294 2054 1358 tendit,
2080 1299 2137 1347 et
2160 1308 2194 1347 a
2228 1301 2281 1349 te
2302 1297 2449 1349 alius
2472 1303 2533 1351 et
2555 1299 2819 1353 diversus
2843 1306 2951 1367 est,
2978 1302 3051 1355 de
3075 1305 3129 1356 te
3161 1304 3285 1368 ipso
3312 1305 3451 1369 quid

1851 1383 2033 1435 sentis
2047 1389 2071 1435 Ρ
2086 1385 2172 1436 Tu
2183 1397 2361 1449 negas
2373 1386 2601 1450 justum
2617 1400 2745 1440 esse
2758 1390 2944 1442 Deum
2959 1394 2987 1442 γ
3002 1392 3290 1458 Magister,
3308 1393 3451 1445 dum

1849 1474 1914 1523 tu
1943 1471 2046 1537 [Λι.
2073 1478 2171 1523 lac.
2200 1474 2283 1540 tu]
2312 1476 2561 1528 multum
2584 1475 2765 1541 vides,
2792 1482 2851 1529 et
2871 1479 3012 1532 satis
3032 1481 3229 1545 arguis
3249 1487 3450 1547 captos

1848 1560 2029 1614 oculis
2055 1562 2266 1627 talpas:
2299 1569 2440 1629 puto
2465 1569 2519 1617 te
2537 1566 2843 1619 incurrisse
2866 1564 3262 1636 ἇδυνατώτατον,
3292 1575 3352 1623 et
3373 1584 3448 1623 ex

1847 1654 2089 1715 utraque
2106 1656 2265 1717 parte
2284 1653 2565 1706 concludi.
2586 1656 2704 1706 Aut
2725 1657 2881 1709 enim
2898 1658 3129 1719 justum
3143 1660 3326 1711 Deum
3348 1672 3449 1712 ne-

1847 1739 2031 1805 gabis,
2070 1745 2135 1793 ut
2165 1740 2314 1793 alius
2338 1742 2414 1793 sis
2439 1748 2498 1795 et
2528 1744 2851 1796 contrarius
2885 1745 2965 1797 illi
2990 1747 3091 1809 qui
3117 1747 3245 1799 hinc
3269 1748 3439 1801 dicit:

1846 1834 1950 1881 aut
1978 1830 2046 1893 si,
2070 1834 2136 1882 ut
2157 1831 2345 1882 omnis
2365 1833 2670 1884 confitetur
2684 1832 2955 1897 Ecclesia,
2992 1835 3164 1887 etiam
3180 1841 3243 1887 tu
3258 1836 3447 1889 Deum

1837 1920 2066 1983 justum
2084 1932 2211 1971 esse
2235 1920 2576 1984 confitearis,
2594 1926 2657 1973 tu
2684 1933 2746 1972 es
2766 1922 2861 1985 qui
2878 1921 3007 1975 haec
3028 1922 3190 1987 dicis,
3229 1928 3289 1977 et
3308 1925 3369 1977 tu
3383 1937 3444 1977 es

1840 2008 1941 2070 qui
1955 2008 2173 2072 primus
2189 2008 2408 2073 excipis
2420 2009 2970 2074 sententiam,un
2982 2011 3043 2063 in
3056 2010 3235 2064 alium
3249 2012 3440 2073 fers,et

1839 2099 1905 2147 tu
1932 2095 2036 2161 [AL
2063 2103 2162 2149 tae.
2183 2098 2264 2163 tu]
2293 2098 2393 2163 qui
2406 2098 2805 2163 tuometipsius
2817 2111 3093 2159 mucrone
3103 2101 3438 2154 confoderis.

1841 2186 2108 2239 Suillcere
2118 2187 2318 2251 opinor
2333 2187 2459 2239 haec
2470 2187 2624 2251 apud
2638 2188 2999 2252 justissimos
3019 2188 3246 2253 judices
3267 2194 3327 2242 et
3348 2189 3443 2242 fu-

1839 2276 2034 2326 turum
2045 2275 2148 2327 Dei
2161 2275 2444 2339 judicium
2456 2275 2878 2341 praestolantes,
2894 2289 3013 2329 non
3026 2278 3162 2341 quia
3170 2278 3443 2330 condem-

1837 2376 1973 2417 nare
2005 2364 2255 2417 debeant
2276 2377 2430 2423 eum,
2456 2365 2555 2428 qui
2580 2365 2863 2417 festucam
2884 2365 3040 2419 videt
3061 2366 3124 2417 in
3137 2366 3321 2419 oculis
3333 2366 3441 2419 fra-

1838 2453 1940 2505 tris
1974 2453 2085 2517 sui,
2116 2457 2173 2505 et
2204 2453 2264 2505 in
2288 2467 2394 2506 suo
2421 2455 2640 2507 trabem
2656 2467 2771 2507 non
2789 2454 2976 2515 videt;
3007 2454 3108 2507 sed
3130 2455 3434 2508 emendare

1835 2544 1894 2594 et
1914 2542 1988 2595 ad
2011 2555 2207 2595 veram
2239 2544 2642 2607 pcenitentiam
2665 2556 2950 2597 revocare.

1896 2631 1985 2686 ‘28.
2020 2633 2233 2683 Verum
2268 2645 2342 2684 ne
2366 2632 2507 2685 forte
2537 2632 2765 2685 latuerit
2793 2645 2926 2685 eum
2953 2631 3116 2685 locus
3147 2635 3257 2686 iste
3279 2647 3436 2686 unus

1834 2734 1908 2773 ex
1936 2721 2039 2786 [Αι.
2064 2721 2141 2786 in]
2169 2722 2260 2773 his
2281 2721 2441 2773 libris
2466 2734 2610 2785 quos
2624 2722 2991 2786 adliquidum
3003 2734 3065 2776 se
3076 2723 3437 2776 recensuisse

1833 2812 2215 2875 putaverat,et
2227 2823 2468 2875 quorum
2478 2809 2529 2876 3
2538 2809 2590 2877 3
2600 2810 2797 2876 88mm
2804 2813 2971 2874 plum,
2988 2825 3058 2860 cie
3065 2813 3181 2860 teris
3195 2813 3435 2861 Omnibus

1833 2899 2249 2962 condemnatis,
2272 2899 2345 2951 ad
2378 2898 2802 2951 confessionem
2825 2899 2847 2929 ‘
2869 2898 3005 2950 ﬁdei
3034 2904 3429 2965 proposuerat,

1831 2989 2193 3052 requiramus
2218 2987 2504 3053 quomodo
2527 2987 2699 3041 etiam
2722 2987 2781 3039 in
2796 2988 3020 3039 caeteris
3044 2988 3267 3039 sentiat.
3286 2989 3432 3040 Item

126 3090 286 3142 quas
311 3076 454 3141 ipsa:
476 3076 617 3128 inibi
636 3077 889 3129 vivendo
919 3078 1328 3130 commiserint.
1354 3081 1425 3132 Et
1447 3080 1550 3139 ais,
1577 3081 1732 3145 quod
1758 3123 1801 3145 η
1830 3077 1890 3128 in
1929 3076 2129 3144 eodem
2170 3076 2331 3138 libra,
2372 3075 2445 3127 de
2481 3087 2546 3128 eo
2583 3074 2832 3139 capitulo
2856 3075 2958 3127 ubi
2979 3075 3264 3139 scriptum
3296 3080 3388 3129 est
3413 3093 3425 3125 :

128 3123 587 3231 ganctirquique,
617 3170 684 3217 ut
705 3172 795 3219 est
810 3165 1017 3219 Paulus
1034 3173 1091 3220 et
1114 3169 1307 3220 cateri
1330 3169 1545 3221 similes
1559 3123 1613 3221 ei
1632 3183 1735 3235 per
1755 3123 1805 3198 Ε
1831 3127 2139 3215 Secundum
2170 3165 2435 3229 placitum
2469 3164 2762 3213 voluntatis
2795 3178 2904 3213 suae
2932 3164 2993 3214 in
3017 3163 3232 3214 laudem
3249 3163 3434 3228 gloriae

125 3255 531 3322 generationes
555 3255 810 3320 singulas
830 3255 903 3307 ad
929 3256 1306 3309 eruditionem
1328 3271 1524 3310 earum
1547 3271 1580 3311 a
1614 3261 1734 3312 Deo

124 3344 409 3397 destinati
459 3344 563 3409 [AL
612 3343 1023 3409 prmdestinati]
1056 3350 1213 3410 sunt,
1255 3351 1321 3398 ut
1344 3360 1440 3398 eas
1466 3349 1733 3412 praedica-

126 3436 293 3488 tione
315 3446 421 3485 sua
435 3434 505 3485 ad
516 3433 674 3485 illam
688 3434 1100 3487 habitationem
1118 3448 1283 3488 suam
1300 3436 1404 3501 [AL
1433 3441 1515 3487 tac
1540 3440 1727 3504 suam]

125 3523 292 3577 unde
316 3522 582 3587 collapsze
601 3521 846 3587 fuerant,
872 3532 1224 3589 revocarent,
1251 3530 1310 3576 et
1331 3525 1440 3577 hoc
1464 3527 1734 3591 copiosis-

127 3614 303 3666 simis
327 3612 1277 3682 Scripturarum337testimoniis
1296 3616 1510 3667 firmas.
1527 3619 1737 3681 thuaa

128 3708 278 3755 sunt
313 3701 425 3754 alia
457 3715 657 3766 quaeso
690 3704 842 3755 dicta
871 3716 971 3767 pro
998 3705 1210 3768 quibus
1240 3705 1541 3769 Origenem
1564 3706 1624 3757 in
1642 3710 1737 3767 jus

128 3804 312 3845 vocas
334 3795 359 3842 Ρ
382 3804 513 3855 quae
527 3792 635 3843 alia
662 3797 802 3845 sunt
816 3792 875 3843 in
887 3793 1098 3855 quibus
1110 3806 1245 3844 eum
1262 3793 1699 3858 damnarijubes
1712 3799 1739 3846 ‘P

127 3882 411 3934 Aliumne
432 3893 450 3915 ο
476 3881 718 3932 damnas
750 3881 811 3932 in
834 3881 991 3933 tuis?
1023 3884 1094 3933 Et
1116 3882 1183 3943 si,
1209 3886 1275 3933 ut
1299 3887 1361 3933 tu
1388 3883 1615 3947 suades,
1639 3883 1740 3935 hu-

125 3970 399 4036 jusmodi
413 3970 564 4021 dicta
576 3970 904 4023 damnanda
919 3975 1075 4033 sunt,
1090 3970 1238 4023 feres
1256 3975 1317 4022 tu
1334 3972 1493 4035 prius
1510 3977 1741 4023 sonten-

131 4061 301 4123 tiam,
320 4064 377 4111 et
398 4072 500 4124 pro
530 4059 697 4112 dictis
721 4059 929 4112 talibus
946 4060 1097 4124 prior
1113 4063 1169 4112 te
1191 4060 1311 4124 ipse
1330 4061 1740 4112 condemnabis

133 4152 345 4212 Neque
367 4150 519 4200 enim
538 4149 658 4213 jam
677 4148 776 4200 tibi
794 4148 943 4201 ultra
959 4148 1142 4200 ullum
1158 4149 1431 4200 remansit
1443 4150 1740 4213 effugium.

133 4241 186 4291 N
199 4238 331 4291 ulla:
346 4237 438 4289 hic
454 4238 721 4303 strophae,
744 4252 845 4303 pro
862 4238 1069 4303 quibus
1086 4244 1325 4291 cwteros
1337 4251 1550 4304 arguis,
1566 4240 1744 4292 habe-

134 4330 293 4381 bunt
319 4328 525 4381 locum.
553 4330 619 4380 In
634 4328 761 4393 ipsa.
782 4333 839 4381 et
854 4329 1009 4380 enim
1032 4329 1371 4394 pmnitentia
1382 4334 1480 4381 tua
1495 4336 1742 4390 postcon-

137 4420 467 4473 versionem
496 4419 619 4483 jam
641 4419 984 4472 emendatus
1012 4424 1069 4471 et
1090 4425 1405 4484 correptus,
1430 4420 1557 4471 istis
1580 4420 1740 4472 libris

1828 3271 1937 3304 suae
1968 3255 2179 3319 (Ephes.
2222 3256 2305 3316 1.),
2342 3255 2474 3318 post
2505 3266 2686 3318 pauca
2720 3253 2801 3305 ita
2824 3253 2931 3306 ait:
2959 3268 2988 3300 ‹‹
3009 3253 3303 3307 Invadunt
3322 3253 3432 3306 ita-

1830 3357 1942 3408 que
1982 3344 2042 3395 in
2079 3344 2188 3395 hoc
2210 3342 2335 3395 loco
2360 3344 2740 3401 occasionem,
2776 3342 2874 3406 qui
2912 3346 3047 3396 ante
3071 3342 3434 3395 constitutio-

1828 3446 1965 3486 nem
1986 3432 2499 3499 [At.conditionem]
2518 3432 2949 3485 mundiammas
2963 3434 3169 3498 putant
3178 3446 3310 3485 cum
3321 3435 3433 3485 An-

1831 3524 1975 3589 gelis
2009 3528 2068 3575 et
2109 3523 2334 3575 caeteris
2358 3524 2652 3574 Virtutum
2676 3522 2994 3575 caelestium
3024 3522 3355 3574 nominibus
3370 3521 3432 3573 in

1833 3615 2049 3667 caelesti
2070 3612 2387 3666 Jerusalem
2404 3612 2585 3664 fuisse
2607 3617 2888 3673 versatas,
2913 3611 3068 3676 quod
3095 3623 3201 3663 nec
3220 3622 3431 3663 secun-

1834 3704 1972 3755 dum
1994 3702 2416 3767 beneplacitum
2439 3702 2554 3764 Dei,
2572 3714 2680 3754 nec
2700 3700 2759 3752 in
2780 3700 3006 3753 laudem
3021 3699 3217 3765 glorias
3236 3700 3280 3764 ej
3292 3712 3360 3751 us
3376 3705 3434 3753 et

1833 3792 2032 3856 gratiae
2058 3793 2240 3856 possit
2262 3791 2520 3856 intelligi,
2554 3790 2695 3843 alios
2726 3789 2935 3853 nudos,
2962 3790 3288 3852 cbarbaros,
3315 3802 3437 3841 ser-

1835 3894 1960 3942 vos,
1985 3880 2199 3931 debiles
2224 3898 2235 3928 :
2255 3879 2397 3931 alios
2422 3880 2649 3939 divites,
2663 3876 3210 3938 Romanos,liberos,
3231 3889 3435 3929 sanos:

1835 3969 2132 4034 ignobiles,
2174 3968 2267 4020 vel
2308 3968 2529 4020 nobiles
2572 3968 2633 4019 in
2677 3967 2918 4018 diversis
2947 3966 3080 4026 oris,
3108 3968 3167 4018 et
3208 3965 3438 4018 diversa

1835 4062 1993 4124 parte
2017 4057 2288 4123 generari,
2314 4057 2428 4107 nisi
2444 4068 2671 4108 caussae
2696 4055 3113 4120 praecesserint,
3137 4054 3348 4119 quibus
3361 4067 3435 4106 ex

1836 4148 2053 4200 meritis
2063 4147 2192 4199 haec
2203 4146 2527 4197 animarum
2541 4155 2904 4209 unaquaeque
2916 4143 3116 4195 sortita
3126 4145 3292 4195 est.Et
3303 4145 3435 4193 illud

1838 4236 1991 4301 quod
2008 4235 2080 4288 ad
2094 4238 2381 4287 Romanos
2394 4234 2672 4299 scriptum
2683 4238 2788 4296 est,
2802 4232 3035 4297 quidam
3047 4234 3252 4297 putant
3263 4244 3438 4284 nosse

1837 4338 1944 4377 nec
1960 4328 2172 4378 norunt
2197 4346 2209 4377 :
2236 4324 2325 4374 An
2358 4339 2472 4373 non
2495 4323 2647 4373 habet
2668 4327 2973 4387 potestatem
3007 4320 3207 4386 ﬁgulus
3230 4320 3349 4382 luti,
3376 4320 3438 4370 de

1839 4416 2021 4465 eadem
2066 4430 2247 4464 massa
2286 4414 2460 4477 facere
2494 4412 2651 4462 aliud
2684 4428 2775 4461 vas
2808 4411 2868 4461 in
2895 4411 3171 4471 honorem,
3197 4408 3354 4458 aliud
3373 4408 3436 4458 in

136 4508 547 4562 auctoritatem
582 4508 823 4560 dedisti:
864 4508 1144 4567 videlicet.
1186 4510 1248 4560 ut
1284 4521 1357 4561 ex
1380 4508 1471 4559 his
1496 4514 1593 4561 tua
1617 4497 1819 4569 sen-D
1844 4504 2224 4556 contumeliam
2250 4504 2419 4567 (Rom.
2445 4501 2496 4557 9.
2522 4501 2649 4565 ‘21.).
2668 4494 2743 4552 ad
2759 4499 3007 4553 eundem
3036 4510 3271 4550 sensum
3293 4496 3438 4550 refe-

138 4597 326 4650 tentia
351 4597 421 4649 de
436 4598 527 4648 his
548 4610 680 4662 qua:
690 4597 1019 4650 damnanda
1040 4597 1600 4663 [ALcondemnanda]
1617 4601 1745 4648 dicis

139 4687 521 4753 dogmatibus
566 4688 920 4752 probaretur.
961 4689 1029 4740 Et
1072 4687 1199 4739 ideo
1244 4699 1376 4750 quae
1402 4686 1495 4738 hic
1534 4687 1746 4752 scripta

142 4782 290 4830 sunt
312 4779 590 4841 tanquam
616 4778 665 4829 si
687 4777 858 4830 modo
881 4777 1010 4830 hac
1032 4777 1370 4841 pronunties
1394 4780 1451 4828 et
1482 4776 1745 4840 deﬁnias,

143 4866 442 4920 audienda
465 4870 621 4919 sunt.
649 4868 719 4919 Et
742 4866 834 4919 hic
858 4867 992 4919 talia
1014 4866 1221 4919 deﬁnis
1241 4865 1434 4931 qualia
1449 4866 1593 4917 dicis
1616 4878 1746 4918 esse

207 5047 228 5068 ⁸
265 5038 474 5090 Denuo
507 5037 676 5102 idem,
720 5037 782 5088 in
826 5037 1122 5102 Babylonis
1164 5037 1484 5101 captivitate,
1524 5037 1746 5101 quando

144 5126 249 5175 per
279 5108 780 5159 Nabuchodonosor
809 5110 1171 5172 captivitatem
1207 5110 1397 5158 ductus
1428 5112 1499 5157 est
1513 5108 1748 5173 populus

152 5181 213 5229 in
263 5180 591 5231 Chaldeam.
625 5182 739 5232 Nos
776 5179 1032 5229 abductus
1057 5192 1156 5243 pro
1176 5179 1365 5228 ductus
1389 5178 1748 5229 restituimus

150 5265 225 5302 ex
252 5252 687 5304 Commentario.
724 5253 871 5302 Tum
904 5249 1044 5301 alias
1069 5266 1177 5299 non
1205 5265 1310 5315 quo
1334 5256 1378 5298 et
1404 5250 1526 5313 ipsi,
1562 5254 1667 5301 etc.
1695 5251 1751 5301 et

151 5323 447 5372 directione
482 5336 584 5387 pio
616 5322 919 5387 dejectione,
945 5322 1208 5386 denique,
1234 5326 1297 5373 ut
1318 5321 1391 5370 ad
1409 5321 1752 5385 pradicatio-

150 5410 279 5443 nem
307 5410 513 5458 eorum,
544 5399 649 5447 etc.

211 5468 233 5497 λ’
270 5468 399 5530 Ms.,
429 5468 491 5516 in
515 5466 766 5517 omnibus
791 5468 1064 5532 opusculis
1086 5466 1253 5529 eligis.

214 5552 234 5574 °
268 5540 661 5602 Guarnerian.,
684 5540 871 5589 Alium
898 5540 957 5588 in
982 5539 1093 5602 ejus
1113 5540 1366 5601 damnas,
1390 5542 1517 5600 etc.,
1549 5548 1621 5587 ex
1638 5548 1753 5599 quo

149 5613 401 5664 fortasse
429 5612 880 5670 rescribendum,
902 5611 1161 5661 Aliumnc
1185 5611 1243 5658 in
1259 5609 1394 5673 ejus,
1412 5609 1755 5658 aliumdam-

151 5700 274 5741 nas,
300 5687 408 5735 etc.
434 5684 568 5735 Mox
589 5682 743 5734 idem
768 5688 825 5732 tu
848 5683 1063 5747 primus
1086 5694 1185 5747 pro
1209 5687 1267 5730 tu
1286 5682 1460 5745 prius.
1486 5684 1595 5732 etc.

218 5756 239 5786 "
269 5757 429 5810 Idem
469 5768 603 5821 ms.,
640 5756 757 5822 Dei,
794 5757 853 5808 et
889 5766 1026 5807 mox
1055 5754 1213 5805 sentit
1245 5765 1347 5819 pro
1368 5753 1580 5807 sentiat.
1607 5753 1755 5806 Tum

1846 4599 2000 4658 runt,
2013 4599 2078 4647 ut
2094 4592 2380 4658 quomodo
2405 4590 2555 4643 mala
2573 4590 2693 4645 vita
2715 4602 2819 4641 seu
2852 4589 3021 4652 bona,
3038 4586 3320 4639 labOriosa
3343 4586 3436 4639 vel

1843 4683 2024 4736 facilis
2060 4683 2270 4735 frustra
2293 4681 2352 4733 in
2380 4681 2491 4733 hoc
2514 4679 2735 4731 mundo
2757 4678 2964 4744 agitur,
2997 4676 3111 4729 nisi
3134 4677 3437 4728 credamus

1842 4773 1946 4825 Dei
1968 4772 1989 4807 τ
2014 4773 2274 4825 futurum
2297 4783 2427 4823 esse
2449 4769 2754 4835 judicium:
2776 4768 2923 4820 itaet
2937 4766 3238 4820 diversitas
3248 4765 3311 4818 in
3327 4764 3438 4818 hoc

1843 4862 2061 4915 mundo
2095 4862 2462 4915 nascentium
2490 4858 2775 4924 justitiam
2807 4857 2910 4910 Dei
2931 4859 3152 4923 arguat,
3176 4854 3289 4908 nisi
3312 4853 3439 4908 ani-

1844 5032 1994 5085 male
2018 5034 2234 5084 Erasm.
2261 5033 2317 5083 et
2338 5030 2597 5083 Martian.
2622 5030 2769 5080 Idem
2793 5040 2894 5092 pro
2910 5026 3059 5077 item.

1907 5118 1925 5138 °
1959 5103 2178 5155 Vitiose
2200 5102 2353 5154 idem
2368 5102 2612 5153 barbatos
2636 5114 2736 5166 pro
2760 5097 3249 5162 barbaros,quibus
3269 5099 3441 5146 auctor

1846 5177 2119 5225 Romanos
2163 5174 2428 5236 opponit:
2473 5174 2572 5224 sed
2606 5186 2711 5224 nec
2748 5173 2913 5232 bene,
2939 5182 3072 5234 quae
3104 5172 3439 5232 sequuntur,

1845 5262 2024 5306 sanos,
2049 5244 2304 5307 ignobiles
2330 5245 2390 5293 in
2413 5244 2648 5293 diversas
2684 5258 2826 5304 oras,
2866 5243 2941 5291 vel
2965 5246 3139 5305 partes
3161 5239 3434 5303 generari.

1848 5321 1964 5371 Nos
1977 5331 2049 5369 ex
2065 5314 2467 5367 Commentarii
2482 5316 2606 5377 ipso
2639 5317 2807 5364 textu
2829 5312 3021 5363 locum
3044 5312 3405 5363 restituimus
3426 5324 3440 5361 :

1848 5396 2018 5443 antea
2042 5387 2238 5437 nobiles
2252 5385 2325 5436 ad
2336 5386 2607 5433 Romanos
2629 5382 2965 5444 addebatur,
2987 5388 3110 5433 tum
3126 5382 3223 5433 illa
3241 5379 3445 5445 ignobi-

1851 5464 1919 5513 les
1948 5461 2024 5511 vel
2070 5458 2267 5508 nobiles
2304 5455 2794 5506 desiderabantur.
2839 5454 3124 5504 Caeterum
3171 5451 3441 5503 laudatus

1851 5538 2048 5587 textus
2082 5532 2143 5580 in
2178 5529 2388 5577 diversa
2419 5524 2561 5574 orbis
2585 5528 2741 5588 parte
2763 5523 2937 5575 habet
2957 5534 3058 5586 pro
3082 5521 3305 5571 diversis
3327 5521 3441 5571 oris

1852 5613 1898 5657 et
1922 5606 2128 5655 diversa
2144 5606 2317 5667 parte.

1814 5722 1817 5723 ν
1915 5677 1935 5712 ί
1967 5661 2308 5739 Supplemus
2329 5672 2582 5737 futurum
2604 5678 2677 5717 ex
2698 5661 3440 5739 Commentario,quodlibri

1855 5749 1991 5804 editi
2012 5736 2124 5813 alii,
2147 5752 2318 5810 atque
2332 5736 2469 5810 ipse
2491 5736 2860 5792 Guarnerian.
2884 5748 2996 5788 ms.
3022 5740 3190 5790 tacet.
