3900 6424
475 371 578 428 567

1492 373 1733 425 RUFINI
1770 371 2261 433 AQUILEIENSIS
2296 369 2736 422 PRESBYTERI

3680 360 3785 415 568

475 497 705 538 marum
726 484 931 538 merita
944 484 1361 549 prmcesserint.
1377 483 1431 535 Si
1444 482 1913 546 enim,inquiunt,
1938 481 2067 533 haec
2091 485 2147 556 Α
2174 482 2357 545 fuerit,
2377 482 2513 533 dicit
2538 480 2640 545 [AL
2660 484 2758 533 tac.
2782 480 3040 545 dicit],ut
3061 478 3151 530 his
3163 476 3395 529 omissis
3418 474 3521 527 illa
3538 478 3787 526 tenean-

476 588 597 627 non
618 575 700 627 ita
743 574 1074 640 accipimus,
1102 581 1118 602 ·
1141 584 1248 623 nec
1292 571 1709 635 beneplacitum
1751 571 2066 623 voluntatis

476 665 581 717 Dei
606 664 731 728 erit,
763 676 869 715 nec
908 663 966 713 in
993 661 1219 713 laudem
1245 660 1439 725 glorise
1462 662 1519 712 et
1540 660 1741 725 gratias
1766 661 1892 724 ejus
1928 660 2070 712 alios

477 754 722 816 elegisse
734 757 866 802 ante
879 751 1347 803 constitutionem
1368 749 1589 813 mundi,
1609 754 1674 801 ut
1697 751 1893 800 essent
1913 751 2072 798 sancti

474 846 532 893 et
552 838 923 901 immaculati,
948 843 1004 889 et
1040 838 1321 889 haberent
1356 837 1724 901 adoptionem
1746 850 1845 901 per
1872 838 2073 889 Jesum

479 930 791 992 Christum,
822 927 967 979 alios
1001 926 1223 979 ultimm
1244 926 1557 978 conditioni
1575 929 1631 978 et
1644 926 1830 990 pmnis
1846 927 2073 988 perpetui

476 1017 812 1069 destinasse:
831 1027 1022 1068 amare
1049 1016 1227 1067 Jacob
1248 1018 1558 1078 antequam
1574 1015 1865 1066 oriaturex
1890 1020 2071 1078 uteros,

474 1106 666 1159 odisse
710 1108 864 1157 Esau
907 1104 1247 1169 priusquam
1287 1102 1461 1168 digna
1509 1103 1657 1154 odiis
1706 1105 2072 1167 perpetraret,

473 1194 587 1246 nisi
623 1206 851 1248 caussa
891 1193 1299 1259 praecesserint
1327 1204 1461 1257 quae
1498 1192 1785 1257 justitiam
1820 1192 1924 1245 Dei
1945 1204 2075 1257 pro-

475 1284 636 1336 bent.
666 1303 693 1327 »ι

539 1370 627 1426 29.
654 1371 800 1434 Quid
817 1371 1147 1436 expressius
1174 1371 1283 1422 hac
1306 1370 1618 1423 assertione
1635 1374 1659 1421 ξ’
1679 1369 1817 1434 quid
1834 1369 2076 1422 eviden-

481 1460 602 1512 tius
626 1460 719 1512 vel
735 1461 806 1511 ab
823 1460 1087 1523 Origene,
1105 1459 1239 1510 vela
1254 1470 1545 1522 quoquam
1562 1471 1760 1510 eorum
1775 1471 1922 1522 quos
1937 1462 1991 1510 te
2008 1473 2079 1506 ar-

481 1561 661 1612 guere
699 1548 860 1610 dicis,
908 1547 978 1598 de
1026 1547 1118 1599 his
1160 1547 1529 1611 dogmatibus
1578 1547 1670 1600 vel
1706 1547 1957 1611 cogitari,
1985 1546 2078 1598 vel

476 1636 587 1687 dici
630 1635 835 1700 potuit,
870 1636 1023 1698 quod
1069 1636 1287 1687 scilicet
1330 1635 1631 1687 diversitas
1656 1635 1677 1665 ι’
1721 1639 1781 1687 et
1811 1635 2077 1699 inaequa-

479 1725 633 1789 litas,
684 1737 814 1789 qua:
845 1729 935 1775 est
979 1723 1038 1775 in
1060 1724 1171 1776 hoc
1193 1724 1412 1775 mundo
1447 1725 1827 1788 nascentium,
1881 1724 1954 1775 ad
1978 1724 2079 1775 Dei

2172 578 2281 624 tur.
2299 571 2441 623 Vide
2466 574 2681 634 quanta
2697 570 2788 621 ille
2804 570 3067 622 cautione
3083 567 3255 619 ususf
3269 569 3358 619 est
3386 580 3399 616 :
3434 567 3495 616 et
3518 569 3731 616 tamen
3754 576 3786 614 a

2170 667 2225 714 te
2253 661 2325 712 ad
2349 660 2778 713 damnationem
2800 663 3055 711 vocatur.
3083 659 3170 709 Tu
3194 657 3335 719 quia
3356 651 3785 706 tantummodo

2169 751 2342 802 alium
2364 750 2645 812 nominas,
2671 748 2941 813 effugisse
2966 752 3022 799 te
3036 749 3225 812 putas.
3242 748 3326 797 Ex
3348 744 3441 795 his
3458 742 3625 795 enim
3644 754 3785 793 eum

2171 841 2430 903 damnas,
2465 839 2526 889 in
2548 839 2761 902 quibus
2785 850 2919 889 eum
2954 836 3211 900 sequeris
3234 840 3292 887 et
3312 834 3582 885 imitaris.

2234 927 2318 982 30.
2346 927 2455 979 Sed
2483 926 2911 991 progrediamur
2935 925 3175 989 legendo
3200 922 3687 983 Commentarios,
3710 932 3788 971 ne

2171 1015 2528 1068 immorando
2573 1028 2672 1079 per
2704 1015 2951 1080 singula,
2975 1012 3351 1066 excludamur
3372 1011 3446 1064 ab
3475 1009 3788 1075 agnitione

2172 1104 2563 1171 plurimorum.
2579 1121 2607 1151 (ι
2630 1113 2648 1143 ι
2663 1105 2806 1156 Item
2821 1115 2894 1156 ex
2910 1103 3113 1156 eodem
3123 1102 3287 1164 libro,
3311 1101 3384 1153 de
3397 1100 3604 1153 eodem
3618 1100 3791 1163 capi-

2173 1194 2293 1247 tulo
2316 1194 2417 1246 ubi
2467 1192 2745 1258 scriptum
2788 1197 2880 1245 est
2909 1210 2921 1241 :
2947 1197 3007 1241 ut
3049 1191 3220 1241 simus
3242 1190 3305 1240 in
3339 1189 3558 1239 laudem
3584 1187 3793 1253 gloriae

2174 1284 2304 1348 ejus,
2331 1284 2428 1348 qui
2452 1288 2574 1332 ante
2605 1283 2939 1347 speravimus
2960 1281 3024 1330 in
3056 1279 3267 1331 Christo
3315 1279 3538 1344 (Ephes.
3583 1278 3639 1331 1.
3668 1276 3789 1336 12.)

2175 1374 2230 1424 Si
2248 1373 2580 1437 speravimus
2602 1376 2827 1423 tantum
2844 1370 3087 1422 dixisset
3098 1370 3159 1418 in
3174 1368 3407 1430 Christo,
3424 1372 3484 1419 et
3495 1379 3615 1419 non
3630 1378 3787 1430 prae-

2176 1461 2446 1523 misisset,
2485 1457 2791 1527 340mm
2811 1460 3165 1524 speravimus,
3183 1457 3336 1522 quod
3351 1460 3548 1509 Gmce
3565 1455 3791 1508 dicitur

2174 1550 2539 1616 προηλπικότες,
2573 1554 2727 1600 esset
2759 1547 3111 1599 manifestior
3135 1558 3359 1605 sensus,
3386 1557 3487 1597 eos
3508 1546 3610 1608 qui
3641 1557 3786 1608 spe-

2174 1643 2450 1691 raverunt
2470 1638 2529 1688 in
2552 1637 2774 1688 Christo
2807 1635 2983 1688 forte“
3016 1639 3269 1698 vocatos,
3296 1638 3354 1685 et
3383 1645 3516 1685 esse
3528 1632 3791 1696 praedes-

2184 1728 2398 1780 tinatos
2423 1726 2740 1778 secundum
2766 1724 3119 1789 propositum
3133 1723 3783 1787 ejus,quiuniversaope-

482 1813 770 1877 justitiam
801 1813 1075 1864 referatur
1103 1816 1130 1864 τ
1178 1815 1455 1865 Caussam
1501 1813 1703 1865 salutis
1738 1812 1829 1864 vel
1852 1812 2080 1864 damna-
2105 1797 2162 1866 Β
2185 1816 2519 1878 raturjuxta
2537 1814 2842 1865 consilium
2862 1812 3177 1865 voluntatis
3201 1824 3343 1863 suae.
3361 1813 3525 1862 Nunc
3537 1825 3660 1859 vero
3676 1826 3789 1872 pro-

483 1901 658 1953 tionis
684 1901 845 1965 dicis,
875 1901 1104 1953 dedisse
1131 1901 1318 1966 ipsam
1344 1901 1936 1965 sibiunamquamque
1958 1901 2084 1951 ani-

492 2001 667 2055 mam,
703 2003 776 2042 ex
813 1990 916 2054 [AL
967 1990 1052 2053 ut]
1074 1989 1166 2041 his
1208 1989 1426 2041 scilicet
1466 1990 1723 2041 motibus
1763 1990 2087 2041 animorum

493 2092 641 2142 quos
682 2079 844 2143 prius
888 2079 947 2130 in
992 2078 1206 2132 caelesti
1247 2079 1583 2143 Jerusalem,
1621 2091 1752 2143 qum
1795 2082 1885 2131 est
1907 2083 2090 2131 mater

481 2170 766 2233 omnium,
795 2166 971 2236 339
999 2169 1249 2222 vivendo
1290 2173 1611 2234 gesserunt.
1648 2171 1718 2219 Et
1748 2168 1876 2231 hoc,
1900 2168 2087 2232 inquit

490 2258 599 2323 [AL
627 2258 866 2322 inquis],
893 2270 1011 2310 non
1057 2271 1130 2310 ex
1172 2270 1303 2310 mea
1343 2270 1582 2319 persona
1604 2257 1820 2309 dictum
1844 2261 1951 2319 est,
1988 2258 2088 2310 sed

486 2348 665 2399 alium
682 2347 870 2399 dicere
883 2347 1177 2412 descripsi.
1205 2348 1463 2411 Denique
1483 2346 1622 2411 dixi,
1641 2348 1775 2411 quia
1796 2347 2087 2400 Invadunt

487 2436 726 2499 quidam
751 2436 1132 2488 occasionem.
1164 2438 1280 2488 Nec
1308 2449 1415 2501 ego
1438 2436 1762 2501 nego,quod
1785 2436 1857 2489 de
1880 2436 1990 2488 alio
2013 2436 2091 2488 di-

491 2536 619 2575 cere
634 2524 900 2576 videaris.
927 2524 1036 2577 Sed
1059 2525 1171 2576 iste
1196 2534 1214 2555 °
1237 2524 1404 2586 alius,
1429 2537 1600 2588 quem
1624 2524 1750 2577 haec
1772 2524 1959 2576 dicere
1982 2527 2087 2590 ais,

492 2618 690 2666 utrum
709 2613 810 2664 tibi
834 2626 1067 2665 concors
1085 2618 1141 2665 et
1155 2626 1498 2676 consonans,
1523 2626 1597 2664 an
1612 2627 1749 2665 vero
1772 2614 2091 2666 contrarius

492 2702 571 2754 sit
591 2706 647 2752 et
663 2702 1071 2763 inimicus,non
1086 2702 1404 2765 denegasti.
1423 2703 1562 2752 Cum
1576 2702 1727 2753 enim
1740 2702 1918 2754 alium
1938 2705 2089 2751 istum

492 2791 855 2843 contrarium
870 2790 971 2842 tibi
988 2789 1238 2853 aliquem
1261 2790 1544 2853 nominas,
1564 2790 1713 2841 soles
1728 2803 1938 2855 ponere
1953 2806 2094 2852 quas-

494 2878 635 2931 dam
669 2880 825 2931 dicta
847 2879 1098 2944 ejus,sed
1121 2879 1315 2930 statim
1327 2890 1395 2929 ea
1410 2878 1701 2930 destruere
1716 2884 1772 2931 et
1793 2880 2097 2944 impugna-

493 2981 555 3021 re
581 2984 594 3019 :
638 2974 706 3021 ut
743 2969 1067 3031 Marcionis,
1093 2973 1152 3020 et
1184 2968 1488 3032 Valentini,
1515 2972 1571 3020 et
1598 2968 1729 3032 Arii,
1777 2973 1836 3021 et
1858 2975 2095 3022 caetero-

493 3077 644 3118 rum.
664 3066 809 3115 Cum
832 3070 970 3110 vero
986 3056 1161 3109 alium
1175 3057 1406 3120 quidem
1423 3057 1689 3109 nominas
1712 3058 1942 3121 et,dicta
1966 3060 2093 3123 ejus

2176 1903 2475 1969 positionis
2499 1903 2759 1966 adjectio,
2784 1902 2858 1954 ad
2881 1901 3037 1953 illam
3066 1914 3175 1952 nos
3194 1900 3638 1965 intelligentiam
3661 1902 3786 1951 tra-

2180 1994 2284 2056 hit,
2309 1993 2379 2044 de
2401 2005 2514 2056 qua
2536 1990 2831 2056 superius‘
2855 1990 3283 2055 disputavimus
3296 1988 3785 2053 exponenteshoc

2181 2081 2337 2145 quod
2370 2081 2645 2145 scriptum
2670 2085 2793 2132 est:
2819 2080 2923 2139 Qui
2948 2078 3217 2128 benedixit
3241 2093 3337 2127 nos
3368 2078 3429 2126 in
3461 2078 3620 2127 omni
3641 2077 3789 2126 bene-

2184 2171 2413 2220 dictione
2446 2169 2686 2234 spiritali
2710 2168 2771 2217 in
2794 2167 3073 2216 caelestibus
3109 2168 3171 2216 in
3197 2167 3440 2217 Christo:
3467 2167 3610 2215 sicut
3632 2166 3783 2230 elegit

2182 2274 2293 2308 non
2330 2259 2390 2306 in
2424 2258 2538 2321 ipso
2575 2262 2699 2305 ante
2726 2256 2923 2305 mundi
2966 2255 3419 2319 constitutionem,
3454 2260 3515 2303 ut
3547 2270 3784 2304 essemus

2189 2347 2364 2396 sancti
2386 2351 2431 2395 et
2461 2345 2800 2395 immac‘utati
2822 2359 3005 2393 coram
3026 2344 3142 2408 ipso
3167 2362 3180 2395 :
3206 2342 3358 2407 quod
3382 2342 3623 2406 scilicet,
3638 2344 3791 2395 sicut

2183 2435 2304 2500 jam
2322 2447 2430 2487 nos
2459 2434 2825 2486 benedixerat
2854 2434 2915 2484 in
2948 2432 3102 2484 omni
3126 2432 3521 2484 benedictione
3545 2433 3793 2497 spiritali

2181 2525 2244 2576 in
2295 2524 2643 2586 caelestibus,
2690 2527 2750 2573 et
2792 2523 3073 2587 elegerat!
3128 2526 3262 2573 ante
3311 2521 3791 2573 constitutionem

2190 2612 2429 2664 mundi:
2474 2612 2579 2669 ita
2606 2613 2780 2663 etiam
2811 2624 2967 2662 nunc
2992 2622 3255 2675 sperasse
3277 2615 3410 2662 ante
3443 2610 3714 2662 dicamur
3735 2611 3792 2661 in

2186 2701 2431 2761 Christo,
2470 2713 2544 2752 ex
2576 2712 2643 2752 eo
2677 2705 2933 2763 tempore
2967 2711 3081 2763 quo
3114 2699 3275 2751 electi
3300 2700 3357 2751 et
3391 2698 3793 2763 praedestinati

2186 2794 2244 2842 et
2270 2789 2557 2841 benedicti
2581 2802 2786 2841 sumus
2810 2789 2869 2840 in
2893 2788 3224 2841 celestibus.
3251 2807 3278 2831 υ

2250 2878 2339 2933 31.
2364 2881 2678 2943 Hucusque
2700 2879 2946 2939 interim,
2974 2891 3107 2942 quae
3133 2878 3285 2929 enim
3311 2883 3641 2942 sequuntur
3671 2891 3795 2930 ma-

2184 2968 2311 3032 jora
2342 2972 2500 3019 sunt.
2524 2969 2689 3019 Nunc
2707 2980 2840 3031 ergo
2861 2968 3074 3033 gratias
3097 2980 3205 3032 ago
3217 2969 3353 3031 Deo,
3367 2967 3521 3031 quod
3538 2980 3633 3018 me
3647 2980 3795 3032 pon-

2193 3057 2327 3109 dere
2339 3056 2701 3120 gravissimae
2714 3057 3057 3121 suspicionis
3068 3056 3646 3109 relevavit.Fortasse
3658 3060 3795 3105 enim

498 3152 520 3181 δ
541 3164 676 3203 cum
692 3145 1061 3202 validissimis
1076 3145 1489 3197 assertionibus
1506 3146 1727 3207 scribis,
1756 3147 2095 3200 testimoniis
2120 3116 2170 3191 CI
2198 3146 2435 3199 videbar
2457 3146 2746 3209 aliquibus
2779 3146 2850 3198 de
2880 3146 2988 3197 alio
3012 3146 3124 3198 isto
3149 3144 3565 3198 contentiosius
3591 3146 3689 3197 vel
3711 3157 3798 3196 ca-

502 3252 733 3304 quoque
767 3235 1180 3298 Scripturarum
1221 3234 1631 3298 copiosissimis
1673 3238 1888 3300 munis,
1910 3249 2104 3289 nonne

496 3329 672 3381 etiam
685 3338 797 3377 nos
818 3323 1371 3387 tardissimi,etquos
1388 3328 1450 3374 tu
1468 3324 1649 3386 talpas
1669 3321 2104 3383 dicis,videmus

493 3418 675 3469 istum
709 3413 814 3479 [AL
839 3412 1059 3477 istius],
1082 3413 1249 3476 cujus
1267 3411 1421 3463 dicta
1436 3412 1602 3475 ponis
1624 3415 1682 3463 et
1696 3423 1813 3462 non
1835 3408 2104 3460 destruis’

495 3517 617 3558 non
630 3503 809 3555 alium
835 3514 1009 3565 quam
1033 3507 1088 3553 te
1104 3505 1325 3564 esse,et
1344 3501 1464 3551 fieri
1485 3501 1609 3551 haec
1624 3500 1903 3551 rhetorica
1927 3502 2101 3562 ﬁgura,

497 3605 632 3646 cum
653 3592 761 3643 sub
777 3590 965 3643 aliena
979 3602 1226 3654 persona
1239 3602 1401 3641 suam
1425 3589 1774 3640 sententiam
1792 3587 2099 3652 proferunt.

496 3682 673 3733 Fiunt
697 3681 811 3731 ista
825 3681 896 3731 ab
914 3679 1271 3742 Oratoribus,
1297 3691 1427 3729 cum
1452 3680 1552 3729 aut
1581 3676 1864 3729 otl‘endcre
1881 3676 2101 3740 aliquos

504 3774 797 3831 metuunt,
822 3767 1510 3820 autinvidiamdeclinare
1523 3766 1777 3830 cupiunt.
1804 3767 1948 3817 Nam
1974 3764 2023 3815 si
2050 3768 2102 3815 te

495 3871 567 3911 ex
589 3858 699 3909 hoc
724 3858 1027 3909 defensum
1069 3861 1257 3921 putas,
1298 3859 1450 3919 quod
1475 3864 1493 3884 ο
1539 3856 1598 3906 in
1623 3855 1713 3906 his
1738 3854 1904 3905 dictis
1926 3853 2101 3905 alium

492 3947 782 4009 nomines,
809 3945 998 3997 multo
1029 3945 1134 3997 erit
1156 3945 1538 3997 excusabilior
1561 3943 1652 3995 ille
1676 3956 1849 4007 quem
1870 3942 2104 3994 insimu‘

490 4049 599 4113 las.
617 4037 762 4087 Nam
778 4034 870 4086 ille
903 4047 1021 4085 non
1036 4035 1221 4085 solum
1237 4034 1345 4085 hoc
1377 4034 1435 4085 in
1456 4033 1885 4084 consuetudine
1908 4032 2098 4095 habet,

500 4130 566 4176 ut
587 4124 741 4175 dicat
761 4124 904 4175 alios
927 4124 1007 4174 ita
1045 4123 1252 4186 dicere,
1298 4127 1353 4173 et
1390 4123 1739 4186 quibusdam
1764 4121 1846 4172 ita
1872 4121 2050 4172 videri
2078 4138 2090 4182 ;

504 4212 608 4264 sed
627 4211 811 4263 multo
836 4214 1064 4262 cautius
1103 4211 1239 4262 dicit
1275 4210 1388 4275 ille,
1419 4210 1489 4262 de
1521 4210 1733 4261 talibus
1770 4222 1833 4260 se
1852 4208 1963 4260 hoc
1986 4221 2102 4260 non

504 4301 759 4365 deﬁnire,
790 4300 893 4352 sed
908 4300 1126 4364 opinari
1141 4312 1227 4351 ma
1238 4300 1344 4364 gis.
1362 4299 1526 4361 Quod
1542 4299 1589 4350 si
1605 4298 1699 4350 alii
1720 4298 1925 4350 melius
1940 4302 2101 4347 visum

2201 3234 2527 3287 umniosius
2538 3248 2724 3299 agere,
2755 3248 2887 3286 cum
2901 3235 3221 3287 secundum
3236 3237 3541 3286 rhetoricam
3559 3235 3795 3296 ﬁguram,

2202 3324 2381 3376 istum
2394 3337 2565 3388 quem
2585 3325 2722 3376 dicit
2747 3325 2849 3388 [AL
2873 3325 3085 3389 dicunt]
3111 3324 3306 3381 alium.
3328 3324 3517 3388 ipsum
3531 3324 3801 3388 perhibe-

2203 3426 2322 3464 rem
2352 3426 2498 3465 esse.
2527 3413 2635 3465 Sed
2667 3426 2742 3465 ne
2776 3426 2889 3477 qua
2913 3413 3009 3465 ulli
3031 3412 3356 3465 auditorum
3379 3425 3534 3464 nunc
3556 3424 3798 3476 prorsus

2203 3501 2485 3554 dubitatio
2515 3504 2850 3564 remaneret,
2887 3502 3016 3566 quis
3039 3507 3197 3554 esset
3218 3502 3328 3553 iste
3357 3501 3461 3566 [AL
3482 3500 3595 3565 ille]
3625 3500 3796 3563 alius,

2202 3591 2273 3643 de
2291 3604 2403 3655 quo
2418 3592 2678 3656 superius
2710 3592 2947 3654 dixerat,
2975 3591 3305 3643 declaravit.
3344 3592 3636 3654 Tanquam
3662 3603 3800 3642 vere

2202 3681 2389 3732 bonus
2413 3682 2706 3745 magister,
2748 3684 2804 3732 et
2848 3681 2943 3745 qui
2977 3680 3165 3732 nullas
3209 3680 3347 3733 velit
3377 3693 3448 3731 ex
3472 3679 3637 3731 dictis
3670 3679 3797 3730 suis

2200 3771 2605 3835 ambiguitates
2646 3770 2939 3835 discipulis
2972 3783 3283 3832 remanere,
3318 3770 3587 3834 dignatus
3610 3775 3704 3821 est
3731 3769 3796 3820 in

2198 3859 2310 3910 hoc
2338 3860 2462 3911 loco
2485 3859 2670 3921 illum,
2692 3872 2863 3923 quem
2896 3872 3068 3924 supra
3090 3860 3266 3911 alium
3288 3859 3527 3921 dixerat,
3552 3857 3796 3910 eviden-

2200 3948 2316 3999 tius
2347 3948 2479 4012 quis
2513 3952 2668 4000 esset
2691 3948 3009 4000 ostendere.
3048 3950 3144 4000 Ait
3186 3961 3358 4012 ergo:
3394 3964 3425 3997 ‹‹
3463 3949 3626 3999 Nunc
3652 3960 3793 3999 vero

2202 4038 2625 4101 praepositionis
2656 4037 2919 4102 adjectio,
2945 4037 3017 4090 ad
3040 4037 3195 4089 illam
3226 4049 3335 4089 nos
3359 4036 3791 4100 intelligentiam

2199 4125 2391 4187 trahit,
2416 4126 2486 4178 de
2510 4138 2624 4190 qua
2646 4127 2909 4191 superius
2941 4127 3384 4191 disputavimus.
3406 4143 3435 4177 ››
3459 4125 3631 4177 Vides
3653 4125 3790 4188 quia

2198 4227 2306 4266 nos
2342 4228 2561 4281 sumus,
2586 4216 2793 4280 inquit,
2828 4222 2886 4269 et
2906 4230 3020 4268 non
3044 4216 3193 4267 alius
3225 4216 3418 4268 nescio
3464 4215 3593 4280 quis
3616 4227 3786 4279 quem

2198 4304 2509 4368 putabatis,
2542 4304 2641 4368 qui
2666 4305 2929 4370 superius
2961 4305 3406 4370 disputavimus,
3439 4307 3785 4369 exponentes

558 4481 575 4502 ·
601 4474 687 4524 Ex
730 4470 1173 4544 Commentario,
1200 4474 1391 4544 atque
1427 4469 1553 4533 ipso
1578 4481 1649 4521 ex
1674 4470 1833 4544 parte
1857 4471 2110 4520 Guarne-
2136 4471 2195 4544 D
2260 4473 2280 4507 τ
2295 4473 2427 4526 Cod.
2463 4475 2850 4540 Guarnerian.,
2872 4490 3003 4525 usus
3024 4476 3109 4538 sit,
3137 4479 3261 4526 tum
3283 4475 3356 4523 ad
3384 4474 3783 4524 damnationem

493 4543 653 4595 riano
699 4555 808 4594 ms.
847 4541 1037 4594 locum
1074 4542 1452 4604 restituimus,
1477 4546 1643 4591 antea
1667 4540 1820 4591 enim
1845 4546 1965 4592 erat
1986 4556 2097 4590 non

496 4613 829 4667 secundum.
844 4614 1278 4678 beneplucitum,
1294 4618 1351 4664 et
1372 4625 1508 4664 mox
1538 4618 1583 4661 et
1615 4614 1802 4675 gratiae
1824 4613 1935 4676 ejus
1958 4614 2092 4676 refe-

495 4691 651 4733 retur
676 4704 686 4732 :
709 4697 839 4747 quas
856 4685 971 4737 duo
983 4687 1155 4736 verba
1178 4686 1470 4733 secundum
1487 4685 1809 4747 stre/eretur
1821 4684 2088 4736 laudatus

497 4766 728 4817 quoque
752 4768 859 4805 ms.
879 4756 1111 4819 respuit.
1132 4759 1214 4807 Ex
1228 4756 1429 4806 iisdem
1443 4755 1615 4806 etiam
1631 4754 2089 4817 interiuslegimus

496 4826 805 4875 conditioni
826 4838 927 4889 pro
951 4827 1292 4887 conditionis,
1319 4831 1376 4877 et
1402 4841 1589 4875 amare
1616 4825 1775 4875 Jacob
1798 4833 2089 4891 antequam

499 4896 718 4945 oriatur
740 4908 839 4959 pro
859 4911 1065 4946 amasse
1094 4901 1152 4948 et
1174 4898 1426 4960 oriretur,
1452 4908 1583 4959 quas
1614 4896 1748 4947 editi
1770 4902 1939 4949 antea
1961 4899 2089 4950 libri

494 4966 886 5031 praeferebant.

557 5038 578 5067 "
601 5040 725 5103 Ms.,
771 5039 850 5088 vel
897 5038 1254 5103 inaequalitas,
1288 5054 1405 5102 quae
1426 5042 1495 5087 est
1533 5039 1638 5089 haec
1666 5040 1746 5105 in,
1784 5042 1888 5092 etc.
1913 5039 2088 5092 Paulo

491 5112 625 5173 post
646 5110 825 5162 verba
845 5106 1054 5170 salutis,
1078 5111 1154 5159 vel
1185 5110 1557 5158 damnationis
1581 5114 1743 5162 tacet.

558 5190 576 5209 °
600 5180 741 5231 Heio
766 5181 927 5245 alius,
948 5186 1070 5233 tum
1095 5184 1327 5233 voculas
1342 5196 1417 5229 an
1439 5197 1558 5230 vero
1583 5182 1949 5234 Guarnerian.
1975 5194 2083 5232 ms.

492 5253 660 5303 tacet.
680 5252 854 5304 Paulo
879 5258 1074 5305 autem
1100 5257 1231 5317 post
1251 5252 1389 5317 legit
1423 5254 1640 5317 quidem
1664 5254 1806 5303 dicta
1830 5266 1928 5316 pro
1946 5268 2115 5323 quas

500 5323 648 5374 dam.

553 5392 575 5421 ⁸¹
598 5392 758 5445 Idem
787 5408 916 5458 ms.,
949 5394 1089 5443 dicta
1114 5395 1225 5458 ejus
1248 5395 1490 5457 destruis,
1526 5400 1571 5444 et
1595 5401 1689 5444 tua
1716 5409 1839 5443 cum
1881 5394 2093 5442 validis-

492 5464 663 5525 simis,
692 5468 781 5516 etc
806 5504 820 5531 ,
845 5470 901 5517 et
934 5466 1175 5518 interius
1210 5467 1387 5516 alium
1425 5472 1469 5515 te
1496 5481 1601 5515 esse
1636 5478 1737 5529 pro
1760 5480 1871 5514 non
1896 5465 2086 5525 alium,

496 5549 665 5598 quam
691 5543 733 5584 te
757 5553 875 5587 esse.
1004 5552 1011 5557 ”

554 5613 573 5633 ⁸
597 5607 780 5657 Vetus
812 5608 946 5659 edit.
986 5612 1045 5659 et
1090 5608 1459 5662 Guarnerian.
1505 5620 1637 5670 ms.,
1671 5606 1718 5654 si
1749 5612 1805 5654 tu
1831 5612 1874 5654 te
1897 5621 1963 5655 ea:
1993 5607 2089 5656 hoc

494 5673 605 5755 loc-0
629 5677 906 5739 defensum
927 5686 1104 5744 putas,
1139 5680 1285 5748 quod
1311 5685 1367 5727 tu
1401 5680 1462 5726 in
1503 5679 1588 5727 his
1616 5678 1771 5726 dictis
1794 5678 1969 5728 alium
1994 5695 2086 5729 no-

498 5758 615 5794 mm
624 5761 698 5797 as.

2197 4551 2436 4608 notatur,
2483 4559 2584 4610 pro
2631 4552 2871 4607 vocatur,
2921 4551 2979 4598 et
3022 4559 3161 4599 mox
3195 4547 3351 4595 illum
3393 4547 3648 4595 nominas
3684 4560 3784 4611 pro

2190 4617 2385 4679 alium,
2417 4621 2545 4679 etc.,
2578 4617 2783 4668 deinde
2819 4623 2996 4682 putas,
3022 4622 3067 4665 et
3092 4632 3159 4667 eae
3184 4619 3270 4667 his
3292 4632 3415 4666 eum
3444 4617 3778 4666 condemnas.

2253 4698 2270 4726 ι
2301 4689 2458 4739 ldem
2508 4689 2571 4737 de
2624 4704 2682 4738 eo
2733 4690 2988 4753 capitulo,
3046 4689 3140 4739 ubi
3181 4690 3276 4747 ait,
3328 4688 3394 4738 Ut
3443 4689 3628 4750 simus,
3675 4693 3781 4740 etc.

2193 4761 2458 4812 Graacum
2484 4762 2721 4811 verbum
2742 4761 2896 4823 quod
2912 4762 3070 4825 sequi
3080 4766 3188 4813 tur.
3205 4763 3477 4813 Erasmus
3489 4765 3548 4812 et
3561 4763 3781 4811 Martian.

2189 4832 2547 4898 προηλπικότας
2582 4832 2860 4885 scribunt.

2272 4902 2294 4932 ¹¹
2315 4904 2377 4953 In
2399 4904 2837 4965 Commentario,
2869 4907 3003 4953 sorte
3047 4909 3254 4953 vocatos
3290 4919 3408 4964 esse,
3441 4907 3486 4952 et
3510 4902 3778 4967 praedesti-

2189 4979 2374 5023 natos:
2401 4974 2461 5024 in
2483 4987 2593 5024 ms.
2618 4982 2757 5023 sorte
2779 4990 2863 5024 eos
2891 4981 3097 5025 vocatos
3112 4976 3534 5039 praedestinatos.

2251 5046 2264 5075 ί
2284 5046 2634 5096 Auctoritate
2655 5045 2867 5096 codicis
2880 5046 3251 5097 Guarneriani
3264 5046 3564 5109 ipsiusque
3576 5046 3777 5092 lectione

2189 5116 2592 5166 Commentarii
2604 5118 2995 5180 expunximus
3021 5118 3212 5177 verba,
3224 5116 3356 5165 idest
3371 5122 3514 5178 ante,
3529 5127 3659 5178 quae
3669 5130 3775 5163 cum

2188 5186 2316 5237 heic
2340 5186 2465 5250 loci,
2500 5190 2621 5237 tum
2668 5188 2925 5250 inferius,
2959 5188 3057 5239 ubi
3102 5187 3255 5238 idem
3298 5192 3493 5239 textus
3514 5186 3775 5249 repetitur

2189 5257 2693 5322 interserebantur,
2728 5258 2890 5310 facile
2921 5272 2991 5309 ex
3017 5258 3263 5309 studiosi
3286 5258 3530 5321 alicujus
3553 5255 3626 5307 ad
3656 5256 3771 5307 libri

2189 5341 2346 5449 {nam
2377 5332 2534 5393 nota,
2580 5328 2694 5380 huc
2732 5330 3099 5394 postmodum
3140 5330 3201 5381 in
3230 5329 3480 5393 vulgatis
3515 5326 3673 5378 libris
3694 5328 3772 5377 in-

2215 5411 2367 5449 rusa.

2215 5411 2367 5450 rusa.

2248 5475 2420 5530 thue
2447 5470 2562 5520 heic
2636 5485 2692 5519 os
2728 5485 3002 5530 pronomen
3034 5472 3350 5528 induximus,
3375 5472 3509 5530 quod
3540 5484 3699 5528 neque
3722 5471 3766 5515 in

2187 5554 2282 5590 ms.
2308 5555 2468 5601 neque
2492 5546 2545 5590 in
2572 5545 2934 5591 Commentario
2960 5545 3169 5590 habetur
3192 5556 3204 5591 :
3240 5543 3392 5590 Porro
3419 5555 3531 5601 ms.,
3548 5553 3766 5604 sperasse

2187 5626 2337 5660 nunc
2349 5619 2527 5661 autem
2556 5613 2807 5664 dicamur
2832 5614 2893 5662 in
2919 5614 3132 5664 Christo
3151 5618 3479 5676 extempore,
3507 5613 3648 5660 male.

2250 5683 2273 5707 "‘
2295 5686 2740 5746 Supplendumque
2762 5688 2962 5735 videtur
2982 5691 3092 5750 post
3114 5684 3425 5752 etcgerat,ut
3446 5688 3628 5733 constet
3645 5686 3762 5729 notas

2188 5769 2383 5807 sensus.
2478 5759 2567 5815 En,
