3900 6402
37 391 168 449 569
1253 407 1633 464 APOLOGIIE
1667 413 1879 466 LIBER
1912 414 2193 471 PRIMUS.
3267 428 3374 486 570

32 503 392 604 illud
416 506 835 604 scripturn-est:
996 514 1265 568 benedixit
1302 534 1402 570 nos
1423 521 1483 570 in
1520 536 1673 573 omni
1694 527 1755 601 Α
1781 527 2023 580 reticum
2045 531 2073 580 ?
2094 529 2508 597 damnandum,
2532 535 2723 599 an[AL
2741 541 2845 589 aut
2865 541 2912 588 et
2936 538 3047 604 vel]
3074 540 3377 596 absolven-

33 594 430 647 benedictione
446 598 683 662 spiritali
698 600 757 649 in
768 602 1057 654 calestibus
1078 607 1139 655 in
1172 607 1401 659 Christo.
1426 612 1498 663 Et
1518 612 1673 675 quod
1694 594 1755 601 η
1781 616 1919 668 dum
1937 622 1959 667 ?
1983 618 2039 669 Si
2068 620 2383 673 catholicus
2410 594 2504 675 est
2522 594 2633 676 iste
2659 624 2807 677 alius
2830 631 2985 692 tuus,
2999 594 3101 692 q‘ui
3122 630 3183 682 in
3206 594 3377 695 supe-

34 684 138 735 ibi
161 698 242 737 ex
264 699 511 751 persona
533 687 772 742 alterius
789 691 1010 746 dictum
1043 707 1079 747 a
1100 697 1299 749 minus
1322 699 1682 765 intelligenti-
1779 706 2026 759 rioribus
2037 708 2281 771 dicebat,
2306 717 2441 764 ante
2457 712 2613 765 hunc
2628 715 2910 767 mundum
2922 684 3206 771 visibilem
3218 684 3376 774 fuisse

40 774 176 825 bus
204 776 641 874 putabatuane
665 780 799 843 quis
825 794 981 833 error
1015 783 1126 847 his,
1166 798 1315 849 quos
1331 789 1588 852 jusserat
1609 803 1684 843 ex
1779 798 2001 849 animas
2025 811 2156 849 cum
2182 800 2436 865 Angelis,
2466 805 2525 853 et
2539 805 2763 855 caeteris
2788 805 3098 859 virtutibus
3114 809 3174 859 in
3199 822 3376 874 supe-

40 861 198 955 istis
224 863 388 915 libris
414 862 588 933 337
619 869 647 900 *
671 868 810 931 quid
823 869 894 922 de
905 871 1149 935 Origene
1162 876 1420 938 sentiret,
1449 883 1684 931 senten—
1779 887 1908 938 riori
1931 886 2250 939 Jerusalem
2272 861 2333 940 in
2353 861 2683 943 caelestibus
2700 894 3063 955 constitutas,
3091 900 3148 947 et
3168 897 3248 948 ibi
3271 861 3374 950 ‘vi-

44 950 211 1002 tiam
238 964 409 1004 suam
445 966 704 1017 noscere,
734 965 1071 1024 remaneret,
1086 963 1159 1015 ad
1184 977 1348 1017 suam
1372 980 1681 1031 personam
1779 975 1968 1027 vendo
1984 977 2341 1029 contraxisse
2365 990 2606 1031 caussas
2631 980 2740 1033 sibi
2763 982 2868 1046 [AL
2891 984 2990 1047 ibi]
3005 983 3372 1051 diversitatis,

38 1051 227 1090 nunc
246 1053 547 1106 revocans,
572 1058 681 1097 nec
703 1046 880 1099 alium
902 1049 1158 1114 aliquem
1190 1055 1518 1121 nominans,
1543 1057 1682 1111 dicit

39 1140 130 1179 ea
157 1141 298 1192 qua
327 1133 594 1197 superius
623 1134 898 1201 legimus:
939 1140 1095 1204 quod
1135 1143 1352 1197 scilicet
1391 1146 1680 1211 sicutjam

36 1229 176 1268 nos
228 1219 604 1274 benedixerat
650 1224 710 1276 in
741 1227 898 1279 omni
926 1229 1323 1284 benedictione
1357 1234 1597 1299 spiritali
1618 1237 1681 1289 in

41 1306 409 1360 cmlestibus
437 1310 500 1362 in
529 1311 774 1379 Christo,
798 1317 854 1367 et
873 1316 1122 1383 elegerat
1154 1326 1289 1374 ante
1312 1324 1681 1379 constitutio-

36 1406 202 1446 nem
230 1398 460 1451 mundi:
488 1400 568 1452 ita
596 1402 770 1455 etiam
794 1417 1056 1470 sperasse
1087 1408 1348 1463 dicamur
1370 1412 1432 1465 in
1455 1414 1678 1468 Christo

40 1496 135 1535 ex
169 1497 242 1537 eo
266 1491 548 1552 tempore,
588 1503 706 1555 quo
740 1492 902 1546 electi
925 1498 983 1547 et
1009 1498 1405 1561 praedestinati
1428 1507 1487 1555 et
1509 1503 1678 1555 bene-

46 1572 213 1624 dicti
237 1587 447 1627 sumus
462 1577 520 1628 in
538 1579 885 1634 caelestibus.
903 1584 1168 1637 Absolvit
1181 1600 1317 1653 ergo
1331 1602 1425 1641 me
1443 1592 1526 1655 (ut
1540 1571 1680 1653 puto)

47 1662 198 1725 ipse
214 1677 324 1717 suo
340 1666 674 1720 testimonio
691 1671 848 1723 omni
864 1674 1191 1738 suspicione
1205 1677 1527 1744 calumnias,
1539 1684 1673 1743 quod
1775 1689 1987 1754 gister?
2000 1693 2122 1752 Quo
2138 1662 2494 1755 erumpitur?
2516 1704 2631 1756 quo
2655 1705 2887 1745 rursum
2911 1694 3208 1746 evaditur?
3229 1697 3373 1757 Quo-

38 1751 217 1843 διίξλβ
243 1761 261 1780 “
283 1753 395 1806 “te
416 1767 536 1808 Ποῑὶ
555 1757 631 1810 Sit
661 1758 811 1811 alius
830 1772 1003 1825 quam
1027 1763 1122 1817 ille
1146 1765 1286 1829 ἱρεθο
1778 1751 2012 1843 cunque
2028 1751 2092 1831 te
2114 1779 2136 1809 ⁴
2159 1781 2531 1843 converteris,
2566 1780 2831 1833 hairebis.
2876 1784 3002 1834 Non
3026 1782 3155 1835 dico
3175 1783 3372 1836 nullus

119 1840 218 1896 30.
236 1842 358 1936 Sed
382 1843 404 1873 ³³
426 1845 650 1909 majora
664 1848 856 1901 adhuc
885 1864 958 1903 ex
981 1857 1493 1922 consequentibus,
1527 1858 1678 1913 sicut
1698 1844 1752 1917 B
1779 1840 2221 1921 subtrahendite
2231 1869 2423 1921 aditus
2442 1840 2624 1935 datur,
2643 1870 2745 1922 sed
2756 1871 3156 1936 nerespirandi
3166 1874 3370 1933 quidem

44 1931 458 1996 promisimus,
486 1937 880 1991 ostendemus.
906 1942 1043 1994 Post
1060 1942 1172 1996 hoc
1184 1945 1337 1997 enim
1352 1947 1506 2010 quod
1517 1948 1660 2002 dixe.

1774 1957 2077 2022 paululum
2102 1957 2169 2010 ﬂt
2197 1958 2373 2023 copia.
2394 1958 2484 2010 Sic
2510 1931 3045 2011 tibi-Alexandri—tui
3067 1931 3367 2011 Aristotelici

42 2031 114 2070 Pa
124 2021 172 2079 ιν
210 2032 322 2115 Πφξ
338 2025 473 2074 ante
495 2036 761 2089 Sperasse
784 2027 845 2079 in
861 2028 1104 2095 Christo.
1127 2035 1185 2084 θι
1208 2045 1283 2085 ex
1305 2046 1372 2087 θο
1389 2035 1512 2099 lam
1531 2040 1676 2089 ῐΘΙΙι-
1775 2021 2177 2100 Commentarii
2201 2021 2463 2112 profuere
2484 2052 2508 2097 ?
2532 2049 2616 2099 sic
2638 2048 2933 2114 Porphyrii
2969 2044 3255 2115 εἰσαγωγῆς
3279 2050 3363 2102 sic

50 2121 232 2173 pore,
256 2109 316 2161 id
340 2113 448 2176 est,
474 2117 610 2166 ante
647 2117 1123 2171 constitutionem
1177 2123 1403 2189 mundi,
1430 2127 1487 2177 et
1506 2130 1672 2179 ante-
1773 2141 1828 2189 te
1851 2141 1934 2189 tot
1956 2141 2015 2189 et
2036 2109 2325 2189 tantorum
2348 2109 3055 2201 Philosophorum-Graecae
3077 2109 3135 2190 et
3156 2109 3363 2203 Latinae,

1778 1065 1872 1117 vel
1894 1065 2167 1116 nascendi
2199 1065 2258 1118 in
2286 1066 2396 1118 hoc
2417 1068 2654 1132 mundo,
2702 1070 2798 1122 vel
2833 1071 2973 1123 alias
2996 1072 3101 1137 [AL
3126 1073 3373 1139 aliquas]

1777 1152 2063 1218 quaslibet
2084 1154 2442 1207 conditiones
2469 1156 2767 1221 tolerandi,
2791 1165 2960 1213 erunt
2983 1173 3117 1225 ergo
3140 1162 3253 1215 ista
3277 1174 3373 1216 ca—

1777 1242 1988 1296 tholica
2019 1242 2308 1308 dogmata,
2336 1246 2393 1296 et
2413 1245 2641 1298 interim
2661 1247 2902 1312 impium
2921 1248 3191 1303 damnare
3215 1251 3371 1315 quod

1776 1330 2123 1384 catholicum
2152 1336 2257 1385 est.
2284 1334 2341 1388 Si
2364 1347 2499 1386 vero
2519 1334 2697 1387 alium
2719 1335 2900 1389 istum
2926 1338 3263 1391 hmreticum
3286 1340 3369 1391 di-

1775 1421 1949 1485 xeris,
1965 1421 2299 1475 hmreticum
2315 1423 2646 1489 designabis
2661 1438 2815 1489 eum,
2832 1426 2931 1490 qui
2941 1427 3124 1481 fuisse
3148 1428 3372 1481 animas

1773 1522 1891 1563 non
1912 1510 2111 1576 recipit
2134 1512 2241 1576 [AL
2265 1513 2510 1578 recepit],
2535 1518 2592 1565 et
2614 1527 2876 1579 sperasse
2897 1516 2956 1567 in
2981 1517 3206 1570 Christo
3227 1524 3372 1568 ante-

1775 1611 1950 1663 quam
1976 1602 2038 1652 in
2061 1612 2293 1666 corpore
2304 1607 2694 1656 nascerentur.
2720 1604 2843 1664 Qua
2864 1604 3000 1656 hinc
3027 1605 3229 1667 exitur,
3255 1620 3372 1656 ma-

45 2209 244 2260 quam
257 2198 322 2250 in
336 2202 671 2265 corporibus
688 2218 1075 2272 nasceremur,
1093 2209 1155 2261 in
1174 2211 1331 2263 caelis
1343 2225 1473 2265 esse
1495 2215 1673 2268 bene-

45 2285 252 2339 dictos
277 2292 333 2339 et
352 2290 584 2357 electos,
600 2292 812 2346 iterum
834 2294 996 2348 illum
1022 2311 1196 2350 suum
1213 2299 1390 2353 alium
1414 2301 1672 2357 introdu-

46 2376 157 2440 cit,
194 2380 256 2429 et
286 2378 444 2444 dicit,
462 2395 491 2427 α
505 2381 670 2433 Alius
694 2396 833 2436 vero
852 2384 961 2437 hoc
976 2386 1187 2452 dogma
1209 2402 1326 2441 non
1351 2391 1667 2457 sustinens,

49 2465 224 2529 quod
240 2470 377 2519 ante
403 2467 681 2522 fuerimus
695 2476 754 2524 et
790 2475 1152 2538 speravimus
1168 2477 1231 2529 in
1245 2478 1486 2544 Christo,
1517 2496 1668 2542 quam

46 2555 118 2605 in
140 2556 261 2607 isto
284 2569 518 2622 corpore
535 2559 896 2626 degeremus,
921 2563 1016 2616 illo
1039 2565 1472 2633 intelligentiam
1493 2576 1676 2623 trans-

50 2646 171 2698 fert
214 2647 334 2712 [AL
368 2647 717 2714 transferet].
764 2669 793 2699 ››
817 2653 939 2704 Hoc
984 2654 1046 2705 in
1074 2655 1198 2708 loco
1228 2670 1459 2711 omnem
1494 2674 1668 2714 suum

53 2736 335 2788 faetorem
361 2737 625 2802 quisquis
648 2739 742 2792 ille
764 2746 872 2800 est.
897 2742 1006 2795 iste
1030 2745 1159 2807 ejus
1180 2745 1330 2798 alius
1353 2749 1667 2804 exhalavit.

52 2827 230 2877 Dicat
252 2825 409 2878 enim
433 2828 604 2879 nobis
627 2828 738 2894 hic,
756 2842 928 2894 quem
944 2833 1073 2885 vult
1086 2833 1260 2886 alium
1284 2849 1428 2900 esse,
1454 2840 1551 2902 qui
1576 2844 1671 2891 hoc

52 2916 281 2979 dogma
300 2928 419 2968 non
433 2917 685 2983 sufferat,
717 2921 872 2983 quod
892 2926 1205 2986 antequam
1221 2924 1280 2976 in
1302 2925 1413 2978 hoc
1436 2940 1668 2994 corpore

54 3004 432 3070 degeremus,
452 3011 511 3058 et
530 3006 821 3071 fuerimus,
847 3014 906 3061 et
927 3013 1348 3076 speraverimns
1369 3015 1427 3066 in
1450 3020 1664 3083 Christo,

53 3094 175 3146 hoc
191 3094 452 3146 estenim
478 3107 579 3160 pro
596 3108 709 3160 quo
725 3097 983 3151 damnari
992 3101 1012 3164 j
1024 3102 1161 3152 ubst
1176 3102 1499 3168 Origenem.
1514 3109 1668 3164 Quem

1771 2226 2009 2291 insuper
2031 2230 2089 2278 et
2109 2225 2365 2278 Judaicm
2395 2225 2732 2278 eruditionis
2769 2225 3024 2278 excoluit
3044 2225 3361 2290 disciplina,

1773 2318 1839 2366 ut
1861 2314 1921 2366 in
1943 2315 2057 2366 ista
2081 2314 2386 2378 angustias
2408 2316 2530 2365 tam
2550 2313 2973 2366 inextricabiles
2986 2313 3299 2377 devenires,
3316 2319 3364 2363 et

1770 2408 1890 2456 tam
1911 2402 2312 2455 miserabiliter
2333 2403 2698 2455 coarctareris
2722 2404 2789 2454 ut
2809 2414 2916 2455 nec
2941 2402 3016 2455 ad
3038 2402 3213 2468 Alpes
3236 2414 3363 2468 pos-

1770 2506 1866 2544 ses
1889 2492 1992 2557 [AL
2028 2492 2219 2555 possis
2239 2504 2368 2544 esse
2389 2491 2662 2543 defensus
2682 2494 2710 2543 ετ

1830 2580 1918 2636 31.
1955 2581 2067 2633 Sed
2097 2593 2401 2645 parcamus
2424 2589 2443 2610 '
2469 2581 2617 2645 jam:
2645 2580 3014 2633 deferendum
3046 2582 3136 2633 est
3156 2580 3355 2643 literis,

1767 2675 1826 2723 et
1848 2673 1913 2722 ut
1935 2671 2168 2735 ipseait,
2197 2671 2351 2735 operi
2374 2682 2584 2735 magno
2614 2683 2859 2722 somnus
2882 2682 2997 2721 non
3030 2674 3119 2721 est
3140 2669 3357 2721 adscri-

1769 2760 2015 2823 bendus,
2040 2771 2373 2823 quanquam
2397 2760 2521 2819 ipse
2544 2763 2738 2824 parcat
2760 2759 2994 2823 nemini,
3020 2762 3079 2811 et
3099 2770 3217 2812 non
3236 2759 3357 2810 tam

1765 2849 1985 2901 ratione
1997 2848 2283 2901 dictorum
2303 2861 2475 2912 quam
2499 2848 2724 2913 flagello
2747 2848 2980 2912 linguai,
2996 2860 3142 2912 quos
3153 2850 3356 2897 libitum

1766 2937 1937 2990 fuerit
1948 2940 2221 3002 verberet,
2248 2940 2319 2989 Et
2334 2938 2381 2989 si
2399 2938 2528 3001 quis
2540 2938 2592 2990 ei
2603 2937 2623 2972 α’
2645 2938 2837 2988 minus
2849 2937 3191 3000 adulabitur,
3221 2948 3361 2988 con-

1766 3028 1930 3079 tinuo
1941 3027 2250 3079 haereticus
2266 3030 2324 3078 et
2339 3026 2564 3092 scriptis
2579 3031 2639 3079 et
2655 3027 2850 3078 missis
2869 3039 2969 3091 per
2982 3025 3213 3077 diversa
3235 3040 3358 3075 cen-
3452 3097 3463 3103 .

1768 3120 1894 3168 tum
1919 3115 2214 3168 codicibus
2246 3115 2597 3179 designetur.
2630 3117 2847 3166 Tamen
2866 3127 2976 3166 nos
2999 3127 3116 3166 non
3146 3115 3359 3180 ipsum,

56 3184 192 3236 vult
214 3183 312 3235 hic
333 3184 513 3236 alium
551 3185 905 3241 intellexisse
928 3194 953 3240 ξ’
973 3202 1050 3242 an
1071 3190 1321 3256 aliquem
1343 3195 1445 3259 [AL
1473 3196 1660 3261 aliumj

1771 3205 1872 3258 sed
1902 3204 2287 3257 Patriarcham
2320 3204 2613 3256 imitemur
2638 3203 2841 3267 David,
2868 3206 2965 3268 qui
2990 3203 3365 3268 comprehen-

58 3273 426 3325 contrarium
454 3275 563 3326 sibi
583 3280 609 3326 ε’
632 3277 777 3338 Quid
810 3277 973 3343 dicis,
997 3281 1274 3344 magister
1292 3287 1314 3331 ?
1337 3284 1553 3336 bicorni
1573 3287 1669 3339 illo
1704 3273 1744 3282 ν
1770 3308 1901 3347 sum
1929 3294 1990 3346 in
2013 3295 2288 3358 spelunca
2316 3293 2617 3345 inimicum
2638 3305 2812 3345 suum
2837 3293 2987 3344 Saul.
3013 3306 3146 3344 cum
3168 3298 3365 3357 posset

54 3362 316 3426 urgeris,
346 3361 418 3414 de
452 3376 567 3428 quo
600 3376 884 3429 exponere
908 3367 1203 3433 discipulis
1237 3371 1405 3423 soles.
1434 3373 1492 3424 Si
1515 3376 1670 3427 enim

55 3452 156 3503 hic
188 3452 371 3504 alium
394 3452 571 3505 istum
595 3455 693 3518 qui
709 3457 839 3507 ante
853 3456 1034 3509 fuisse
1049 3459 1273 3512 animas
1290 3474 1465 3525 quam
1479 3464 1537 3515 in
1554 3478 1674 3517 cor-

56 3553 202 3605 pore
225 3540 520 3605 degerent,
537 3555 656 3595 non
671 3544 884 3610 recipit,
906 3549 964 3598 te
980 3559 1110 3600 esse
1122 3548 1364 3610 ,dixeris,
1379 3552 1669 3615 proditum

56 3634 167 3689 est,
196 3630 352 3693 quod
372 3630 433 3681 in
461 3632 851 3695 superioribus
875 3634 1179 3688 celabatur.
1206 3639 1488 3691 Inveniris
1513 3642 1669 3694 enim

56 3720 160 3767 tua
188 3716 556 3769 confessione
579 3719 833 3773 aliusille
855 3725 919 3773 tu
943 3735 1093 3787 esse,
1118 3725 1219 3788 qui
1243 3726 1449 3778 deflnis
1474 3729 1669 3781 omnia

58 3814 77 3835 ε
111 3806 417 3871 dogmata,
468 3820 600 3871 quae
635 3809 897 3863 damnari
916 3813 1106 3877 jubes.
1135 3814 1190 3865 Si
1214 3828 1348 3867 vero
1370 3829 1487 3869 non
1509 3829 1572 3869 es
1601 3822 1665 3870 tu

53 3896 114 3947 in
138 3896 542 3960 superioribus
576 3898 741 3962 alius,
770 3912 842 3951 ne
866 3901 968 3952 tibi
991 3914 1058 3953 ea
1090 3914 1223 3966 quae
1245 3904 1536 3969 improbas
1559 3907 1667 3957 ad-

55 3987 413 4050 scribantur,
436 3999 542 4039 nec
560 3988 654 4040 hic
678 3994 741 4041 tu
764 3990 877 4041 eris
905 3990 1068 4053 alius,
1100 3992 1198 4056 qui
1229 4005 1345 4045 non
1376 3994 1665 4047 sustineas

51 4081 195 4127 ante
210 4075 387 4127 fuisse
401 4076 624 4129 animas
640 4090 814 4141 quam
828 4079 891 4130 in
905 4092 1135 4145 corpore
1148 4080 1507 4146 degeremus.
1525 4087 1665 4147 Elige

52 4164 397 4217 utramlibet
418 4167 1229 4236 excusationis338partem.
1256 4174 1441 4224 Istum
1465 4173 1662 4241 alium,

53 4267 238 4318 quem
262 4255 588 4319 frequenter
606 4256 853 4322 inducis,
870 4263 926 4310 te
952 4260 1042 4311 vis
1064 4260 1472 4327 intelligamus,
1495 4276 1571 4317 an
1592 4265 1664 4318 al-

51 4348 251 4397 terum
266 4344 516 4408 aliquem
529 4349 557 4397 ‘l
581 4346 927 4400 catholicum
943 4361 1077 4401 eum
1093 4351 1181 4403 vis
1214 4352 1412 4416 videri,
1439 4366 1515 4406 an
1534 4354 1664 4409 hw-

117 4523 135 4589 f
164 4515 279 4589 Ms.
296 4514 685 4589 Guarnerian.,
711 4517 854 4568 alius
874 4519 969 4569 iste
990 4535 1105 4569 non
1126 4521 1214 4582 sit,
1240 4537 1409 4586 quam
1433 4523 1562 4589 ipse.

110 4583 133 4613 δ
155 4585 279 4638 Alii
302 4590 347 4635 et
376 4586 672 4650 adjiciunt.
720 4591 855 4642 Mox
892 4590 1065 4644 habet
1109 4583 1501 4659 Guainerianl,
1534 4595 1659 4644 Post

52 4656 157 4706 haec
184 4672 308 4721 quae
353 4658 584 4723 dixerat,
627 4664 736 4711 etc.
763 4661 918 4713 Vitia
950 4663 1077 4726 ejus
1110 4664 1416 4716 manifesta
1439 4656 1658 4729 passim

49 4733 360 4790 praetereo.
386 4729 734 4793 Hujusmodi
751 4736 840 4784 est
862 4731 999 4784 illud
1026 4734 1280 4795 inferius,
1296 4736 1449 4799 quod
1462 4738 1662 4790 reticet

49 4800 308 4865 negandi
322 4802 684 4874 particulam,
704 4805 800 4856 ubi
812 4804 1036 4871 dicitur,
1052 4807 1194 4858 alius
1216 4822 1336 4858 vero
1353 4810 1451 4860 hoc
1462 4810 1660 4874 dogma

50 4885 165 4919 non
190 4872 484 4924 sustinens.

113 4952 131 4971 ε
166 4944 312 4994 Plus
354 4943 531 4997 habet
568 4945 959 5009 Guarnerian.,
1003 4948 1195 4999 omnia
1237 4949 1336 5000 illa
1379 4951 1655 5015 dogmata.

50 5011 231 5085 Paulo
254 5014 493 5068 inferius
521 5016 677 5081 legit,
700 5017 780 5067 vis
804 5018 1034 5083 intelligi
1056 5033 1157 5085 pro
1185 5011 1569 5085 intelligamus.

110 5083 321 5137 ‘Idem
362 5099 495 5151 ms.,
519 5094 782 5139 convertes
818 5083 1217 5144 hmrebiston
1248 5083 1429 5143 dicam
1450 5094 1653 5155 nullus,

52 5156 175 5206 tum
201 5157 271 5205 sit
295 5157 469 5221 copia.

109 5224 305 5299 fMale
347 5229 407 5280 in
451 5228 674 5294 eodem,
721 5247 1034 5297 parcamus,
1073 5234 1197 5299 jam
1220 5234 1537 5285 deserendus
1562 5241 1651 5297 est,
1690 5286 1699 5297 ,

53 5297 304 5359 εειίιενίε,
328 5306 389 5349 ut
425 5302 536 5366 ipse
568 5303 665 5363 ait,
696 5308 803 5355 etc.
840 5305 971 5357 Mox
1010 5297 1276 5358 reticetur
1303 5308 1414 5373 ipse
1448 5321 1655 5373 prono-

54 5387 182 5449 men
213 5384 274 5430 et
298 5391 430 5442 qua:
454 5382 717 5444 sequitur
739 5384 988 5449 negandi
1008 5385 1306 5449 particula.

111 5445 130 5479 τ
152 5449 502 5502 Addidimus
534 5465 604 5502 ex
643 5445 847 5505 eodeni
875 5468 981 5506 ms.
1013 5445 1073 5505 ἐἰ
1108 5470 1450 5520 pronomen:
1495 5470 1656 5510 econ-

56 5516 222 5593 trario
266 5520 503 5593 inferius
519 5523 620 5574 ubi
642 5526 922 5590 scriptum
940 5531 1080 5590 erat,
1106 5516 1228 5576 cum
1241 5544 1364 5577 eum
1389 5535 1555 5593 posset
1559 5530 1656 5593 ju-

54 5588 256 5664 gulam,
272 5591 413 5643 illud
438 5608 560 5642 cum
583 5596 737 5658 quod
760 5588 820 5648 et
842 5588 1218 5660 redundabat,
1237 5588 1648 5664 expunximus.

115 5667 130 5695 ι
177 5663 459 5728 Exemplo
495 5665 759 5718 fortassis
792 5668 916 5733 erit,
953 5669 1109 5733 quod
1153 5682 1285 5721 cum
1318 5663 1652 5722 isimultates

114 5774 143 5805 “‘
176 5775 266 5825 Hic
290 5780 337 5822 et
360 5776 413 5823 in
447 5779 773 5846 sequentibus
806 5784 963 5834 exstat
996 5783 1233 5832 mendosa
1257 5782 1352 5834 ista
1387 5796 1709 5833 numerorum
1740 5783 1965 5843 repetitio
1985 5785 2036 5832 in
2063 5783 2280 5832 editione
2310 5781 2624 5833 anlarsiana
2646 5790 2801 5844 quam
2826 5778 3106 5839 sequimur.

1761 3383 2045 3447 jugulare,
2062 3382 2283 3445 noluit;
2311 3382 2415 3434 sed
2443 3383 2491 3433 ei
2516 3382 2787 3447 pepercit,
2806 3380 2958 3445 quod
2985 3384 3044 3433 et
3066 3381 3174 3433 iste
3199 3381 3306 3432 sibi
3330 3394 3365 3433 a

1766 3473 1937 3524 nobis
1959 3472 2259 3536 aliquoties
2282 3481 2299 3510 ι
2332 3471 2567 3534 factum,
2605 3483 2721 3523 non
2763 3470 2950 3522 solum
2971 3470 3146 3522 verbo
3180 3470 3283 3523 sed
3305 3475 3363 3523 et

1766 3574 1828 3614 re
1868 3563 2042 3625 atque
2077 3573 2264 3626 opere,
2291 3561 2467 3613 etiam
2491 3561 2540 3611 si
2580 3559 2741 3612 fateri
2776 3572 2894 3612 non
2916 3559 3057 3624 vult,
3083 3559 3254 3612 corde
3273 3560 3360 3612 ta-

1764 3662 1900 3701 men
1933 3647 2108 3717 339
2135 3654 2192 3701 et
2210 3648 2560 3701 conscientia
2592 3649 2820 3700 retinet.
2845 3649 3063 3700 Demus
3105 3660 3243 3712 ergo
3266 3661 3362 3700 ve-

1763 3739 1920 3791 niam
1950 3738 2018 3800 ei,
2044 3738 2142 3801 qui
2153 3738 2288 3789 dare
2304 3737 2533 3790 veniam
2545 3737 2746 3798 nescit,
2763 3736 2862 3800 qui
2886 3736 3009 3788 sine
3020 3736 3135 3788 ullo
3156 3736 3360 3788 huma-

1763 3826 1959 3880 nitatis
1974 3828 2237 3890 respectu
2260 3826 2331 3877 de
2354 3825 2524 3877 dictis
2546 3826 2782 3876 alterius
2798 3824 3041 3889 judicat,
3057 3829 3114 3876 et
3135 3824 3360 3876 interim

1763 3915 2079 3967 educamus
2091 3927 2227 3966 eum
2238 3913 2310 3964 de
2331 3913 2469 3965 hack
2492 3913 2785 3978 spelunca,
2812 3924 3115 3977 usquequo
3134 3912 3195 3962 in
3205 3911 3358 3965 illam

1762 4004 1998 4069 incidat,
2024 4003 2095 4056 de
2127 4014 2242 4066 qua
2270 4006 2443 4054 etiam
2466 4002 2516 4053 si
2539 4014 2739 4054 omnes
2774 4012 3047 4055 conemur
3086 4005 3144 4053 et
3165 4001 3362 4065 cupia-

1760 4107 1914 4159 mus,
1928 4093 2090 4146 exire
2112 4104 2230 4144 non
2251 4091 2451 4156 possit.
2476 4091 2642 4143 Dicat
2666 4091 2846 4156 ergo,‘
2872 4091 2972 4154 qui
3004 4092 3195 4155 potest
3215 4090 3357 4154 ﬂeri,

1762 4188 1830 4236 ut
1847 4184 1908 4236 in
1930 4183 2321 4248 superioribus
2333 4180 2466 4243 illis,
2483 4182 2581 4233 ubi
2594 4180 2751 4233 istud
2765 4180 2977 4245 dogma
2989 4180 3360 4233 conﬁrmaba-

1761 4278 1858 4326 tur
1880 4273 1951 4325 ab
1963 4285 2030 4326 eo
2042 4273 2141 4338 qui
2151 4273 2376 4337 justum
2388 4273 2571 4324 Deum
2583 4271 2897 4322 conabatur
2919 4269 3222 4322 ostendam
3244 4271 3355 4320 :ubi

1759 4364 1936 4415 alium
1950 4375 2121 4428 quem
2134 4362 2299 4427 dixit,
2314 4374 2446 4414 vere
2456 4374 2527 4413 ne
2542 4359 2777 4412 alterius
2786 4371 3033 4424 persona
3047 4358 3222 4411 fuerit
3244 4360 3356 4407 telis

1757 4536 1931 4596 atque
1942 4532 2072 4584 odia
2098 4532 2516 4596 Hieronymum
2536 4530 2686 4582 inter
2713 4533 2887 4593 atque
2910 4527 3252 4593 Episcopum
3268 4527 3355 4578 Je-

1680 4617 1741 4691 D
1762 4604 2239 4691 rosolym‘itanur'n
2251 4604 2686 4691 exercebagilur,
2709 4600 3354 4691 Rescri-ptRE-‘I‘m‘p'eri‘ale

1762 4674 2131 4738 impetratum
2153 4676 2227 4727 ab
2250 4675 2359 4726 hoc
2390 4678 2481 4726 est
2502 4674 2573 4725 ad
2597 4673 2757 4724 illum
2780 4672 2840 4723 in
2862 4670 3129 4722 exsilium
3153 4669 3353 4733 depor-

1762 4745 2025 4824 tandum:
2035 4816 2046 4824 _
2060 4746 2250 4824 Egerit
2274 4749 2411 4797 tunc
2449 4746 2716 4824 Rutlnus,
2738 4756 2811 4796 ne
2904 4744 3112 4824 Doctor
3123 4743 3358 4824 deporta-

1758 4820 1944 4868 retur:
1976 4816 2118 4868 alias
2159 4816 2334 4868 etiam
2386 4829 2486 4881 per
2512 4817 2569 4867 id
2612 4815 2887 4880 temporis
2941 4812 3140 4879 egerit,
3172 4824 3246 4864 ne
3279 4812 3352 4864 ab

1757 4887 1985 4940 aemulis
2014 4888 2436 4952 potentissimis
2467 4887 2797 4940 laederetur.

1818 4958 1840 4988 "
1862 4959 1999 5010 Heic
2032 4959 2201 5010 etiam
2232 4958 2561 5009 addidimus
2599 4971 2671 5009 ex
2702 4957 3072 5011 Guarnerian.
3112 4966 3222 5007 ms.
3250 4955 3352 5003 hac

1756 5042 2085 5094 pronomen,
2109 5029 2265 5092 quod
2294 5029 2419 5092 ipse
2450 5029 2561 5081 loci
2598 5033 2909 5081 contextus
2944 5026 3285 5093 postulabat.

1817 5103 1829 5132 ‘
1854 5103 1980 5163 Ms.,
2006 5101 2138 5164 quia
2159 5100 2479 5164 potest/teri,
2500 5105 2555 5148 ut
2566 5100 2950 5165 superioribus,
2966 5104 3095 5161 etc.,
3113 5095 3351 5162 etpaulo

1753 5176 1903 5237 post,
1930 5172 2040 5221 nisi
2053 5170 2231 5220 alium
2254 5185 2413 5237 quem
2435 5170 2594 5234 dixit,
2619 5186 2734 5219 vere
2748 5170 2970 5219 alterius
2989 5185 3218 5235 persona
3241 5182 3349 5217 non

1753 5244 1921 5308 fuerit
1961 5244 2121 5294 Certe
2144 5242 2371 5294 videtur
2384 5241 2703 5293 redundare
2724 5241 2969 5293 alterum
2980 5242 3090 5300 ubi,
3117 5253 3250 5304 quae
3265 5241 3350 5291 in-

1756 5314 1991 5379 tercepti
2031 5318 2205 5376 atque
2229 5312 2402 5363 hiulci
2445 5324 2654 5364 sensus
2679 5311 2979 5376 potissima
3008 5324 3215 5363 caussa
3239 5316 3347 5364 est.

1753 5388 1872 5449 Ego
1883 5386 1956 5437 ad
1980 5386 2135 5436 hunc
2150 5383 2270 5436 fere
2291 5382 2528 5434 modum
2544 5383 2769 5434 restitui
2789 5387 3126 5433 contextum
3142 5384 3343 5433 malim:

1753 5458 1857 5516 Qui
1872 5458 1994 5519 ﬁeri
2003 5462 2187 5522 potest,
2204 5460 2261 5504 ut
2278 5452 2718 5519 insuperioribus
2737 5453 2845 5502 illis
2870 5452 2978 5512 (ubi
2996 5452 3139 5522 istud
3150 5452 3348 5514 dogma

1751 5521 2180 5590 confirmabatur
2208 5525 2273 5576 ab
2293 5541 2368 5589 eo,
2400 5525 2496 5589 qui
2513 5524 2923 5601 justum_Dcum
2946 5521 3245 5601 conabatur
3266 5536 3347 5601 os-

1753 5600 1981 5662 tmtdcre)
2009 5599 2182 5649 alium
2201 5612 2358 5663 quem
2381 5597 2541 5659 dixit,
2558 5610 2673 5645 vere
2688 5594 2907 5644 alterius
2917 5607 3150 5658 persona
3159 5590 3345 5655 fuerit,

1752 5670 1894 5730 talis,
1920 5677 2029 5723 etc.

3204 5778 3346 5827 Enrr.
