3900 6398
557 408 658 465 571

1583 406 1827 459 RUFINI
1868 406 2360 469 AQUILEIENSIS
2393 407 2823 460 PRESBYTERI

3761 406 3853 460 579

546 523 788 588 qualem
798 535 954 576 nunc
965 521 1333 576 condemnari
1348 520 1738 586 [ALdamnari]
1762 520 1888 573 vult
1907 520 2027 572 :hic
2042 536 2159 569 vero
2185 524 2240 598 Α
2256 521 2369 586 geli
2392 522 2537 586 ejus,
2553 521 2689 585 quia
2710 525 2912 586 postea
2927 521 3182 585 credent,
3206 532 3326 572 non
3340 520 3725 573 vocabuntur
3745 536 3809 568 an
3819 526 3855 569 te

554 613 655 666 ubi
665 612 981 665 contrarius
997 615 1166 673 est,et
1179 623 1295 662 non
1310 610 1521 674 recipit,
1539 622 1672 673 qum
1688 610 1748 661 in
1760 609 2149 673 superioribus

557 703 708 754 dicta
724 707 878 761 sunt,
895 701 1071 752 alium
1084 701 1162 751 sei
1169 713 1340 764 psum
1362 699 1589 751 dixerit.
1616 701 1811 764 Potest
1828 700 1984 751 enim
2008 700 2147 763 ﬁeri,

558 794 622 843 ut
661 791 927 841 conscius
974 789 1081 840 sibi
1124 790 1216 851 sit,
1241 789 1322 840 ita
1345 789 1595 840 sensisse
1620 801 1681 840 se
1698 801 1831 839 cum
1853 788 2149 853 scriberet,

554 879 831 931 licetstilo
850 878 909 930 id
934 891 1053 930 non
1077 878 1327 942 potuerit
1348 877 1633 941 explicare
1664 877 1768 942 [AL
1794 876 2144 941 explanare].

549 969 631 1020 Sit.
648 981 784 1032 ergo
797 968 980 1033 venia,
1001 972 1058 1020 et
1081 979 1365 1032 ponamus
1384 967 1443 1018 in
1465 967 1576 1018 hoc
1604 966 1729 1019 loco
1754 967 1935 1018 istum
1951 965 2147 1031 alium,

550 1057 706 1109 hunc
728 1069 856 1109 esse
884 1057 1100 1122 ipsum.
1117 1056 1216 1120 qui
1227 1068 1345 1108 non
1356 1055 1559 1120 recipit
1573 1055 1802 1119 dogma,
1828 1055 1982 1119 quod
1993 1055 2148 1117 dicit,

554 1146 779 1199 animas
817 1146 1001 1198 fuisse
1037 1150 1353 1210 antequam
1373 1145 1432 1196 in
1448 1157 1683 1209 corpore
1712 1144 2070 1209 degeremus,
2093 1150 2152 1197 et

554 1248 820 1300 sperasse
834 1235 896 1287 in
918 1234 1159 1287 Christo.
1179 1236 1331 1299 Repe
1339 1239 1527 1286 tamus
1540 1235 1732 1298 ipsum
1748 1233 2079 1298 capitulum,
2094 1237 2152 1286 et

556 1336 673 1388 quo
694 1336 898 1376 rursus
915 1323 1129 1388 tendat,
1148 1323 1479 1388 diligentius
1493 1335 1926 1388 prosequamur.
1938 1323 2033 1374 Ait
2052 1324 2152 1375 ita.

556 1424 673 1477 que
704 1426 718 1463 :
756 1434 779 1456 ιι
805 1412 969 1464 Alius
995 1424 1129 1464 vero
1152 1412 1263 1464 hoc
1287 1411 1497 1475 dogma
1516 1424 1633 1463 non
1656 1412 1972 1476 sustinens,
1997 1412 2151 1475 quod

555 1505 692 1553 ante
729 1500 1025 1565 fuerimus,
1070 1506 1129 1553 et
1153 1510 1173 1530 ⁸
1225 1501 1584 1565 speravimus
1614 1500 1676 1552 in
1706 1500 1949 1561 Christo,
1975 1512 2153 1564 quam

555 1589 617 1641 in
630 1589 744 1642 isto
766 1601 1000 1655 corpore
1023 1588 1380 1655 degeremus,
1398 1589 1493 1643 illo
1516 1589 1952 1654 intelligentiam
1970 1594 2152 1641 trans-

554 1677 665 1731 fert
692 1679 797 1742 [Αι.
814 1678 1136 1744 transferet]
1147 1683 1230 1742 ,ut
1250 1679 1420 1743 dicat,
1445 1679 1505 1732 in
1526 1679 1782 1731 adventu
1801 1679 2025 1731 Domini
2042 1679 2153 1731 Sal-

561 1768 794 1831 vatoris,
812 1767 1042 1832 quando
1058 1768 1118 1820 in
1132 1768 1364 1820 nomine
1380 1768 1507 1832 ejus
1522 1780 1693 1820 omne
1708 1781 1857 1833 genu
1869 1769 2148 1829 ﬂectetur,

2251 618 2541 675 sperantes,
2581 625 2681 675 pro
2705 624 2772 663 eo
2798 610 3015 663 scilicet
3042 610 3201 674 quod
3221 610 3298 662 illi
3323 615 3459 661 ante
3484 610 3854 661 crediderunt

2247 697 2305 749 in
2342 700 2660 759 Christo,et
2684 704 3060 763 speraverunt
3083 700 3141 750 in
3163 712 3294 750 eum
3326 699 3429 763 [Αι.
3459 698 3612 762 ejus]
3674 698 3857 749 volun-

2249 793 2391 841 tate:
2435 789 2533 839 isti
2557 802 2692 841 vero
2725 789 3116 853 postmodum,
3154 793 3212 839 et
3235 788 3602 839 necessitate.
3645 788 3723 837 Et
3745 787 3857 837 ideo

2248 879 2333 929 ais
2366 890 2465 929 eos
2489 878 2718 930 diversa
2750 878 2984 942 praemia
3012 882 3362 941 recepturos.
3391 876 3644 928 Praemia
3670 879 3855 926 tamen

2250 967 2415 1031 ponis
2452 967 2515 1017 in
2550 966 2640 1017 his
2675 966 2964 1029 omnibus,
2998 964 3098 1029 qui
3135 965 3308 1017 modo
3330 977 3449 1016 non
3473 964 3751 1016 credunt.
3777 964 3795 997 ί
3813 965 3859 1015 id

2247 1058 2338 1108 est
2380 1055 2603 1107 diabolo
2642 1060 2699 1106 et
2741 1055 2963 1119 angelis
3001 1055 3150 1119 ejus,
3172 1054 3304 1106 licet
3324 1053 3613 1111 inferiora,
3642 1057 3708 1104 et
3733 1066 3853 1104 eum

2248 1144 2320 1196 de
2343 1144 2513 1209 cujus
2538 1142 2659 1195 sola
2672 1155 2975 1208 poenarum
2989 1143 3303 1207 aliquando
3328 1143 3499 1195 venia
3518 1142 3857 1206 opinionem

2247 1246 2368 1287 non
2395 1233 2741 1285 sententiam
2771 1232 3007 1284 alterius
3045 1233 3260 1297 arguis,
3292 1232 3433 1284 tuin
3454 1244 3639 1296 regno
3657 1231 3861 1283 Christi

2248 1322 2323 1376 ad
2348 1322 2586 1387 praemia
2631 1322 2886 1374 secunda
2918 1321 3203 1386 perducis.
3238 1323 3309 1372 Et
3342 1321 3448 1372 hoc
3471 1320 3566 1373 vis
3599 1320 3859 1383 intelligi.

2250 1412 2385 1476 quia
2400 1413 2549 1464 sicut
2569 1411 2712 1463 nihil
2727 1412 2970 1463 interest
3002 1413 3197 1463 utrum
3225 1412 3481 1471 veritate,
3508 1423 3586 1462 an
3613 1411 3861 1461 necessi-

2251 1503 2367 1555 tate
2402 1501 2660 1553 Christus
2684 1501 3071 1552 annuncietur
3096 1513 3109 1551 :
3150 1500 3230 1552 ita
3251 1499 3391 1552 nihil
3413 1499 3585 1552 refert
3606 1500 3860 1551 necessi-

2251 1594 2389 1654 tate,
2412 1604 2489 1643 an
2521 1590 2815 1643 voluntate
2839 1590 3124 1642 credatur.

2315 1678 2402 1734 33.
2438 1680 2579 1731 Hac
2602 1682 2758 1741 sunt,
2788 1690 2922 1742 quae
2945 1678 3113 1729 nobis
3137 1677 3357 1729 discere
3377 1677 3447 1729 de
3477 1675 3661 1745 339
3706 1679 3862 1729 Com-

2252 1769 2544 1821 mentariis
2565 1769 2678 1820 tuis
2695 1769 2886 1833 jubes.
2912 1770 3061 1819 Istas
3084 1780 3191 1819 nos
3214 1767 3443 1832 regulas
3460 1776 3479 1805 ι
3496 1766 3857 1818 confusionis

558 1855 877 1909 caelestium
901 1861 959 1909 et
982 1858 1330 1909 terrestrium
1341 1857 1763 1910 etinfernorum
1774 1859 1830 1909 et
1844 1857 2026 1909 omnis
2037 1857 2147 1909 lin-
2171 1843 2226 1916 B
2251 1857 2384 1909 ﬁdei
2409 1857 2598 1921 doces,
2624 1858 2688 1909 ut
2713 1856 2823 1908 hoc
2848 1856 3224 1908 damneturin
3236 1855 3381 1917 aliis,
3397 1855 3552 1920 quod
3566 1855 3740 1908 domi
3761 1856 3861 1907 dis-

560 1956 677 2012 gua
703 1945 1071 1998 conﬁtebitur
1098 1945 1203 2012 [Αι.
1231 1946 1764 2012 conﬁteaturj,quia
1787 1947 2162 2000 DominusJe-

566 2046 672 2086 sus
697 2034 960 2087 Christus
991 2035 1054 2087 in
1083 2035 1262 2100 gloria
1284 2040 1374 2089 est
1396 2036 1501 2088 Dei
1524 2036 1707 2087 Patris
1734 2037 1953 2101 (Philip.
1981 2036 2033 2091 3.
2066 2034 2157 2100 2.).

570 2136 705 2176 cum
741 2123 793 2176 ei
823 2123 1035 2177 fuerint
1062 2125 1335 2177 universa
1362 2126 1645 2189 subjecta,
1681 2124 1821 2177 alios
1843 2124 2158 2177 voluntate.

566 2210 712 2263 alios
722 2211 1059 2265 necessitate
1075 2212 1097 2242 δ
1111 2213 1515 2277 subjiciendos,
1542 2218 1598 2265 et
1618 2226 1717 2265 eos
1741 2214 1840 2278 qui
1863 2218 1995 2266 ante
2015 2226 2162 2278 prai-

565 2300 813 2352 sentiam
827 2301 1149 2365 majestatis
1169 2302 1218 2366 ej
1229 2315 1296 2352 us
1318 2302 1676 2366 speraverint
1689 2302 1753 2354 in
1767 2315 1917 2365 eum,
1936 2302 2161 2355 futuros

562 2401 686 2441 esse
707 2389 770 2441 in
796 2389 1024 2442 laudem
1062 2390 1260 2454 gloria
1299 2391 1443 2455 ejus,
1470 2395 1529 2443 et
1552 2391 1740 2443 vocari
1762 2392 2159 2459 προηλπικόταςι

564 2489 665 2530 eos
699 2491 838 2530 vero
871 2479 969 2542 qui
1000 2480 1209 2545 reperti
1240 2480 1452 2532 fuerint
1474 2481 1817 2533 necessitate
1840 2481 2158 2544 credentes,

556 2579 624 2621 eo
651 2574 903 2632 tempoze
929 2579 1042 2632 quo
1077 2581 1182 2620 nec
1226 2568 1504 2630 diabolus,
1528 2578 1549 2600 '
1569 2583 1676 2622 nec
1693 2570 1881 2635 angeli
1904 2571 2032 2634 ejus
2061 2583 2164 2634 po-

559 2659 758 2711 terunt
795 2670 1007 2722 negare
1039 2664 1395 2723 regnantem,
1427 2672 1556 2711 esse
1580 2664 1898 2724 sperantes,
1922 2659 2024 2710 sed
2045 2671 2163 2711 non

562 2747 623 2799 in
662 2746 891 2799 laudem
941 2747 1136 2811 gloriae
1167 2749 1306 2812 ejus.
1350 2748 1511 2808 Quod
1535 2748 1765 2812 quidem
1799 2754 1858 2801 et
1889 2761 2045 2799 nunc
2087 2761 2163 2800 ex

566 2838 725 2901 parte
750 2835 1015 2889 videmus
1036 2837 1269 2901 expleri,
1292 2837 1429 2901 quia
1450 2836 1559 2889 alia
1582 2837 1657 2890 sit
1669 2850 1887 2889 merces
1900 2838 2043 2901 ejus,
2062 2838 2163 2901 qui

570 2926 865 2980 voluntate
886 2931 1162 2991 sequatur
1178 2924 1353 2994 340
1375 2927 1688 2992 Deum,alia
1702 2927 1801 2991 qui
1822 2926 2162 2979 necessitate

571 3016 967 3069 Veruntamen
993 3016 1117 3069 sive
1136 3029 1236 3081 per
1257 3015 1765 3076 occasionem,sive
1777 3028 1872 3077 per
1886 3017 2160 3077 veritatem,

571 3106 794 3157 tantum
831 3106 1094 3158 Christus
1124 3106 1505 3157 annuncietur
1530 3118 1543 3156 :
1577 3104 1893 3157 dummodo
1918 3104 2081 3166 sciat,
2106 3106 2166 3154 et

2220 1974 2242 1983 -
2258 1946 2422 1998 citur.
2464 1948 2607 1997 Nam
2632 1946 2833 2010 utique
2857 1945 2907 1996 si
2937 1949 3001 1996 tu
3024 1957 3087 1997 es
3110 1957 3267 1996 nunc
3291 1944 3459 2005 alius,
3481 1945 3582 2009 qui
3607 1944 3861 2009 primum

2257 2035 2467 2100 dogma
2487 2034 2630 2087 illud
2653 2047 2771 2086 non
2794 2035 3069 2097 sustines,
3097 2033 3253 2098 quod
3274 2033 3498 2085 animas
3521 2033 3585 2084 in
3609 2033 3859 2085 caelesti-

2256 2125 2365 2177 bus
2389 2124 2567 2176 fuisse
2590 2124 2743 2185 dicit,
2787 2128 3100 2188 antequam
3115 2123 3175 2174 in
3189 2123 3526 2187 corporibus
3542 2134 3859 2174 nasceren-

2258 2218 2381 2266 tur:
2409 2217 2472 2264 tu
2495 2225 2559 2264 es
2582 2212 2705 2265 sine
2728 2212 2923 2274 dubio,
2955 2212 3055 2276 qui
3075 2210 3372 2264 diabolum
3394 2216 3453 2264 et
3474 2210 3729 2274 angelos
3744 2213 3861 2275 ejus

2257 2308 2433 2367 atque
2474 2315 2676 2354 omnes
2717 2301 3062 2364 incredulos,
3094 2314 3213 2353 non
3236 2299 3422 2353 solum
3455 2300 3631 2352 venia
3656 2300 3859 2352 donas.

2259 2405 2465 2446 verum
2498 2392 2673 2444 etiam
2718 2391 2990 2443 secundis
3027 2389 3414 2442 munerandcs
3453 2402 3584 2441 esse
3609 2393 3861 2454 praemiis

2259 2482 2559 2547 polliceris.
2583 2481 2639 2533 Si
2664 2493 2799 2533 vero
2822 2480 2931 2532 hoc
2956 2479 3277 2531 secundum
3299 2479 3509 2543 dogma
3531 2478 3787 2543 refugis,
3812 2484 3857 2530 tu

2260 2571 2370 2624 eris
2392 2570 2558 2636 primi
2580 2570 2733 2621 illius
2762 2569 3048 2633 dogmatis
3072 2574 3247 2633 pater.
3284 2569 3353 2620 Et
3378 2567 3550 2619 miror
3570 2569 3858 2631 quomodo

2259 2660 2353 2711 isti
2398 2659 2713 2725 prudentes
2736 2661 2793 2711 et
2832 2658 3040 2710 eruditi
3072 2658 3196 2721 viri,
3229 2657 3328 2721 qui
3351 2657 3476 2709 hinc
3498 2658 3630 2720 ejus
3660 2656 3859 2722 legunt

2262 2750 2490 2813 scripta,
2533 2749 2603 2800 de
2630 2747 2876 2812 quibus‘
2900 2761 3058 2799 nunc
3081 2746 3175 2798 illa
3192 2748 3265 2798 ab
3297 2745 3393 2798 illo
3415 2746 3783 2811 scribuntur,
3799 2748 3860 2797 ri-

2259 2839 2430 2889 deant
2450 2838 2521 2889 de
2554 2850 2664 2898 me,
2688 2837 2844 2901 quod
2869 2849 2960 2888 me
2984 2836 3197 2901 talpam
3218 2835 3477 2887 nominet
3498 2838 3557 2887 et
3577 2847 3708 2887 non
3735 2849 3858 2888 sen-

2259 2927 2406 2979 tiant
2428 2913 2490 2978 se
2512 2926 2702 2990 magis
2722 2927 2880 2990 ipsos
2898 2926 2970 2976 ab
2986 2938 3052 2977 eo
3069 2924 3251 2989 talpas
3258 2925 3278 2988 j
3290 2922 3687 2987 udicari,quos
3708 2931 3858 2989 putat

2258 3017 2388 3070 haec
2410 3016 2469 3067 in
2494 3016 2615 3067 suis
2636 3014 2795 3066 libris
2818 3027 2936 3067 non
2960 3013 3153 3066 videre
3179 3014 3423 3065 defossa.
3443 3012 3501 3065 Si
3521 3012 3689 3064 enim
3716 3014 3860 3078 puta-

2266 3110 2354 3157 ret
2386 3117 2485 3158 eos
2505 3104 2759 3169 legentes
2779 3102 3091 3167 intelligere
3111 3115 3299 3167 posse,
3312 3113 3621 3166 nunquam
3644 3102 3726 3154 ad
3739 3115 3861 3154 con-

568 3207 826 3259 sperans,
851 3199 910 3247 et
932 3200 1068 3247 ante
1097 3207 1353 3259 sperans,
1381 3194 1534 3259 quod
1563 3207 1666 3260 pro
1688 3194 2022 3247 diversitate
2046 3193 2169 3258 spei
2193 3211 2244 3287 ρ
2272 3194 2599 3247 demnanda
2621 3207 2704 3257 ea,
2729 3205 2862 3257 quae
2889 3193 3013 3257 ipse
3033 3191 3311 3256 magister
3331 3192 3518 3253 docet,
3540 3191 3801 3243 istorum
3820 3190 3864 3242 li-

575 3283 805 3335 diversa
834 3284 951 3334 sint
973 3284 1210 3348 prwmia
1230 3284 1529 3348 recepturi.
1557 3304 1583 3327 η

634 3371 721 3427 32.
742 3372 945 3424 Omnis
960 3373 1020 3424 in
1043 3372 1152 3424 hoc
1172 3371 1297 3424 loco
1321 3372 1593 3424 adimitur
1613 3371 1991 3424 cavillationis
2006 3384 2170 3423 occa-

571 3459 677 3511 sio.
728 3462 795 3512 In
835 3461 1225 3525 superioribus
1250 3460 1466 3522 dixisti,
1497 3460 1653 3524 quod
1674 3460 1737 3512 hi
1759 3461 1858 3524 qui
1879 3466 2014 3513 ante
2037 3474 2169 3525 spe-

566 3553 841 3601 raverunt
875 3550 936 3601 in
978 3549 1224 3612 Christo,
1256 3549 1335 3600 illi
1364 3552 1503 3601 sunt
1523 3549 1618 3613 qui
1640 3554 1953 3612 antequam
1976 3550 2037 3601 in
2059 3550 2171 3602 hoc

571 3636 789 3689 visibili
822 3637 1039 3689 mundo
1063 3638 1121 3688 in
1144 3639 1478 3703 corporibus
1499 3641 1887 3702 nascerentur,
1916 3652 2078 3704 spem
2112 3639 2172 3691 in

576 3725 801 3778 Christo
843 3725 865 3756 ⁴
893 3726 1220 3779 habuerunt
1258 3727 1320 3778 in
1360 3727 1690 3780 caalestibus
1724 3727 1911 3792 positi.
1962 3729 2071 3780 Sed
2099 3741 2173 3780 ne

575 3814 736 3867 istud
756 3815 1143 3879 dogmatuum
1159 3828 1289 3868 esse
1304 3817 1613 3880 videretur,
1627 3816 2179 3868 aliamintroduxisti

576 3905 1022 3970 expositionem,
1049 3918 1166 3969 qua
1188 3907 1331 3958 dicis
1347 3919 1414 3958 eo
1428 3911 1814 3971 tempore,quo
1838 3919 2008 3958 omne
2023 3919 2176 3971 genu

571 3996 840 4047 ﬂectetur
853 3995 1100 4047 Domino
1111 3997 1140 4046 J
1147 4007 1270 4058 esu,
1288 3995 1555 4047 universa
1578 3998 1840 4047 creatura
1858 3994 2174 4047 caelestium

571 4084 936 4135 terrestrium
961 4088 1017 4135 et
1031 4083 1089 4134 in
1098 4084 1384 4135 ternorum
1400 4084 1629 4135 duobus
1645 4084 1696 4135 ei
1713 4083 1900 4135 modis
1915 4084 2024 4135 erit
2041 4084 2175 4134 sub-

565 4173 744 4237 jecta,
768 4172 1005 4234 quidam
1020 4171 1334 4233 voluntate,
1353 4172 1584 4235 quidam
1599 4172 1961 4223 necessitate.
1980 4174 2049 4223 Et
2075 4184 2177 4224 vo-

570 4260 797 4313 luntate
820 4261 906 4312 ais
933 4261 1227 4325 subjectos
1252 4263 1490 4313 Sanctos
1515 4272 1737 4325 omnes,
1762 4260 1861 4325 qui
1884 4274 1982 4325 per
2005 4262 2180 4313 verba

568 4349 997 4413 praedicationis
1021 4349 1193 4400 modo
1214 4349 1319 4415 [Αι.
1337 4349 1479 4413 jam]
1508 4349 1561 4401 ei
1577 4348 2058 4413 credunt,etistos
2074 4362 2173 4401 vo-

572 4439 689 4491 cari
708 4439 1068 4507 προηλπικότας
1094 4438 1151 4489 id
1168 4440 1274 4502 est,
1298 4438 1396 4502 qui
1418 4444 1542 4487 ante
1562 4445 1910 4503 speraverant
1934 4440 1990 4490 in
2016 4439 2177 4490 Chri-

2271 3285 2507 3337 brorum
2541 3284 2749 3335 habere
2779 3282 3054 3345 jussisset
3085 3280 3433 3345 exemplum,
3474 3279 3538 3330 in
3560 3280 3787 3343 quibus
3810 3293 3862 3331 ea

2263 3374 2398 3438 ipsa
2432 3372 2659 3438 plenius
2686 3376 2745 3423 et
2768 3370 3128 3421 manifestius
3157 3370 3543 3429 continentur,
3570 3380 3717 3431 quas
3746 3382 3866 3421 con-

2270 3463 2543 3515 demnare
2567 3474 2673 3513 nos
2691 3459 2914 3512 suadet.
2928 3458 3295 3511 Ostendimus
3311 3456 3541 3509 interim
3562 3458 3755 3509 istum
3778 3458 3863 3522 [At

2266 3556 2367 3603 tac.
2392 3551 2587 3615 istum]
2610 3551 2799 3615 ipsum
2823 3560 3078 3601 asserere
3107 3548 3166 3599 in
3190 3547 3313 3598 istis
3337 3546 3543 3598 electis
3570 3547 3864 3598 Commen-

2270 3642 2430 3693 tariis
2465 3641 2587 3693 suis
2625 3653 2693 3693 ea
2729 3652 2860 3704 qua:
2890 3637 3147 3690 damnari
3178 3637 3239 3688 in
3260 3635 3495 3688 alterius
3517 3635 3691 3687 libris
3713 3637 3859 3699 jubet

2274 3730 2378 3795 [Αι.
2406 3729 2606 3795 videt],
2622 3729 2679 3781 id
2702 3734 2808 3791 est,
2834 3728 2989 3792 quod
3005 3727 3212 3779 animae
3225 3725 3439 3777 fuerint
3459 3725 3522 3776 in
3538 3724 3861 3777 caelestibus

2269 3824 2581 3883 antequam
2607 3819 2665 3869 in
2681 3817 2790 3869 hoc
2809 3816 3027 3868 mundo
3050 3816 3111 3867 in
3134 3815 3392 3879 corporib
3404 3827 3470 3864 us
3493 3817 3860 3865 nascerentur

2276 3909 2387 3974 [Αι.
2406 3907 2888 3970 immitterenturj,
2907 3908 2964 3957 et
2986 3904 3142 3969 quod
3165 3916 3385 3967 omnes,
3413 3902 3501 3954 vel
3520 3906 3861 3966 peccatores.

2268 3997 2362 4052 vel
2394 3996 2669 4048 increduli
2703 4007 2836 4047 cum
2872 3994 3098 4046 diabolo
3136 3999 3191 4045 et
3228 3992 3445 4056 angelis
3470 3991 3518 4054 ej
3531 4004 3617 4050 us,
3647 4005 3719 4044 eo
3745 3998 3862 4043 tem-

2271 4099 2408 4152 pore
2452 4099 2566 4150 quo
2604 4098 2775 4136 omne
2819 4097 2966 4145 genu
3002 4084 3261 4134 ﬂectetur
3281 4083 3441 4144 Jesu,
3466 4080 3797 4133 caelestium
3819 4086 3855 4129 et

2274 4177 2633 4229 terrestrium
2651 4178 2708 4226 et
2722 4174 3092 4232 infernarum,
3110 4184 3227 4223 non
3258 4170 3446 4222 solum
3470 4170 3710 4221 veniam
3732 4169 3863 4221 acci-

2271 4265 2445 4331 pient,
2470 4277 2673 4317 verum
2697 4264 2868 4314 etiam
2898 4262 3001 4327 [Αι.
3032 4260 3153 4326 tac.]
3175 4261 3348 4313 etiam
3363 4259 3436 4311 ad
3458 4259 3728 4311 secunda
3739 4271 3865 4324 prae-

2270 4356 2387 4407 mia
2411 4354 2789 4406 vocabuntur.

2336 4443 2421 4498 34.
2470 4441 2579 4494 Sed
2626 4441 2901 4505 quoniam
2949 4440 3076 4491 haec
3119 4439 3199 4490 rei
3244 4437 3489 4499 novitas,
3529 4449 3654 4488 non
3679 4436 3861 4488 dubitc

570 4535 686 4582 sto.
715 4529 1068 4581 Necessitate
1093 4532 1287 4579 autem
1316 4528 1626 4593 subjectos,
1646 4528 1743 4592 qui
1760 4541 1917 4579 nunc
1936 4528 2171 4592 quidem
2190 4554 2247 4628 D
2274 4532 2428 4596 quod
2464 4532 2633 4583 ﬁdem
2672 4529 2901 4581 difﬁcile
2934 4529 3240 4591 mereatur,
3277 4531 3342 4578 ut
3365 4525 3496 4589 quis
3519 4525 3796 4577 credatur
3815 4536 3865 4574 ea

572 4632 676 4683 per
718 4618 1187 4684 praedicationem
1226 4617 1388 4670 verbi
1433 4630 1550 4670 non
1584 4617 1951 4669 crediderunt
1985 4632 1997 4668 :
2030 4622 2169 4670 tunc

573 4709 768 4760 autem
795 4708 917 4772 jam
956 4719 1166 4771 negare
1197 4721 1315 4760 non
1337 4710 1623 4772 poterunt,
1650 4706 1801 4758 sicut
1822 4706 2085 4758 diabolus
2113 4712 2170 4758 et

574 4796 767 4861 angeli
800 4798 948 4861 ejus,
973 4801 1031 4849 et
1051 4805 1071 4827 ⁸
1093 4797 1193 4861 qui
1216 4810 1350 4850 cum
1382 4797 1526 4861 ipsis
1548 4796 1891 4849 necessitate
1913 4797 2169 4850 credide-

575 4890 731 4951 runt,
756 4886 971 4951 quique
994 4898 1196 4940 omnes
1219 4898 1355 4939 cum
1376 4884 1608 4950 quibus,
1634 4888 1693 4937 et
1714 4883 1975 4937 diabolus
1997 4889 2057 4938 et
2077 4898 2171 4938 au-

635 5066 652 5087 ·
688 5057 1058 5110 Martianseus
1080 5059 1214 5121 post
1245 5057 1488 5117 Erasm.,
1512 5054 1862 5116 speravimus.

633 5129 656 5158 ³³
689 5129 1060 5189 Guarnerian,
1085 5140 1217 5189 ms.,
1240 5126 1591 5189 subjicienda.
1619 5126 1882 5179 Graecum
1898 5126 2053 5190 quod
2078 5140 2169 5179 se-

571 5201 765 5265 quitur
786 5202 1029 5253 verbum
1040 5199 1100 5250 in
1116 5197 1531 5249 Commentario
1548 5200 1785 5247 scribitur
1809 5194 2166 5260 ἆπελπικῶτας,

571 5285 689 5325 uno
713 5272 790 5323 ibi
814 5269 1178 5323 Cisterciensi
1212 5282 1320 5319 ms.
1352 5272 1722 5334 προηλπικὼτας
1751 5269 2104 5332 praeferente.

629 5354 647 5372 °
681 5345 766 5394 Ita
800 5341 1155 5393 Guarncrian
1195 5353 1293 5403 pro
1326 5346 1371 5389 et
1406 5345 1616 5391 caetera
1646 5353 1912 5404 peccans,
1938 5355 2167 5403 regnare

566 5426 668 5476 pro
696 5428 894 5476 negare
924 5417 1260 5474 regnantem,
1299 5414 1420 5462 tum
1444 5416 1489 5460 et
1516 5412 1577 5460 in
1602 5427 1686 5460 me
1711 5422 1813 5474 pro
1840 5417 1885 5459 et
1910 5426 2076 5473 nunc,
2114 5413 2169 5462 et

569 5486 630 5547 ﬁt
666 5497 768 5547 pro
807 5484 893 5545 sit,
937 5488 1113 5547 atque
1144 5482 1239 5534 his
1278 5482 1502 5547 similia,
1529 5494 1661 5546 quae
1685 5482 1829 5533 scire
1856 5481 1999 5532 nihil
2022 5481 2169 5533 inte-

570 5561 709 5607 rest.

636 5625 657 5654 δ
690 5625 849 5676 Idem
879 5638 984 5677 ms.
1007 5625 1250 5675 habuerit
1269 5624 1436 5690 legit;
1463 5629 1585 5675 tum
1610 5638 1729 5684 esse,
1757 5626 1813 5674 et
1841 5622 2008 5686 paulo
2037 5628 2168 5687 post

578 5695 809 5744 Domino
851 5697 978 5745 Jcsu
1021 5702 1188 5750 tacet.
1233 5699 1300 5748 1n
1328 5694 1707 5759 sequentibus
1731 5693 2037 5748 manifesto
2061 5708 2167 5746 nec

579 5765 758 5818 semel
788 5771 1004 5831 peccat.

2274 4622 2544 4674 damnare
2565 4632 2696 4685 qua:
2720 4618 2997 4679 adstruit;
3029 4618 3147 4669 scio
3174 4616 3310 4680 quid
3341 4614 3711 4677 desideratis,
3742 4618 3806 4665 ut
3828 4613 3864 4661 si

2266 4723 2579 4777 possumus
2613 4708 2718 4773 jAt.
2742 4707 3053 4773 possimus]
3083 4706 3217 4758 talia
3241 4717 3312 4758 ex
3331 4703 3550 4756 eisdem
3562 4702 3734 4755 libris
3758 4715 3866 4768 pro-

2264 4801 2515 4853 feramus
2556 4798 2838 4862 exempla,
2884 4798 2942 4849 et
2963 4802 3083 4849 tam
3105 4794 3417 4857 evidentia,
3442 4798 3508 4845 ut
3529 4792 3737 4844 nullus
3762 4803 3867 4844 om-

2265 4890 2404 4943 nino
2427 4889 2498 4943 de
2519 4888 2613 4942 his
2629 4888 2898 4952 cuiquam
2921 4884 3211 4938 dubitanti
3226 4883 3478 4937 resideat
3490 4880 3681 4946 locus,
3700 4881 3761 4933 id
3774 4883 3865 4938 est,

2327 5070 2346 5091 ⁸
2378 5060 2555 5123 Idem,
2578 5064 2626 5109 et
2658 5058 3001 5123 quicumque,
3030 5061 3155 5108 tum
3195 5052 3522 5105 crediderint
3544 5052 3861 5116 quicumque

2266 5146 2464 5190 omnes,
2488 5131 2579 5182 aL.
2604 5131 2801 5194 quippe
2821 5143 3029 5178 omnes.

2326 5220 2343 5250 ί
2375 5220 2535 5284 Legit
2575 5220 2748 5281 idem,
2785 5218 2942 5281 ponis
2968 5217 3053 5266 his
3077 5214 3265 5265 omnib
3285 5228 3349 5264 us
3376 5214 3597 5276 absque
3620 5211 3685 5260 in
3708 5208 3864 5276 parti-

2270 5292 2420 5354 cula,
2456 5300 2514 5343 et
2537 5292 2706 5355 paulo
2730 5294 2860 5354 post
2882 5303 3116 5353 arguens
3137 5300 3240 5352 pro
3263 5286 3471 5350 arguis.

2339 5401 2356 5429 ε
2391 5391 2662 5442 Fortasse
2689 5387 2879 5439 verius
2912 5382 3163 5452 εἰρωνικῶς
3188 5390 3399 5435 tamen.
3437 5382 3564 5445 ﬁdei
3588 5379 3865 5443 confessi-i-

2268 5463 2359 5511 nis
2396 5461 2535 5525 legit
2558 5460 2938 5515 Guarnerian,
2966 5470 3068 5523 pro
3091 5455 3445 5519 confusion-2's,
3473 5459 3582 5505 etc.

2329 5553 2351 5580 ⁸³
2383 5551 2540 5602 Idem
2563 5548 2832 5612 eacquibus
2857 5548 2953 5597 illa
2976 5546 3041 5596 ab
3066 5561 3122 5595 eo
3140 5560 3288 5594 nunc
3302 5543 3643 5604 scribuntur,
3666 5542 3861 5612 etpost

2268 5622 2580 5686 aliquanta,
2626 5610 2742 5685 qua
2778 5620 2891 5684 ipse
2939 5618 3115 5681 magis
3152 5616 3314 5671 docet.
3355 5615 3479 5664 istos
3503 5614 3662 5662 libros
3690 5610 3857 5686 Imber:

2258 5678 2518 5759 jussisset,
2554 5678 2663 5745 etc.
2711 5678 2836 5743 Alia
2866 5678 3105 5742 inferius
3139 5691 3295 5740 certe.
3318 5686 3633 5737 scribarum
3661 5678 3856 5734 menda

2263 5769 2561 5830 prmtereo.
