3900 6398
47 406 164 461 573

1246 407 1623 462 ΑΡΟΕΟϐΙΕ
1657 407 1867 461 LIBER
1899 410 2184 462 PRIMUS.

3263 392 3369 452 574

52 520 161 571 ubi
187 531 266 572 ne
288 518 385 572 ille
408 519 644 584 quidem
666 519 815 573 alius
840 533 986 575 suus
998 523 1364 575 nominetur:
1392 522 1449 573 et
1470 520 1550 572 ita
1580 520 1664 572 fa-
1685 521 1742 596 Α
1768 525 1826 574 et
1836 520 2152 575 voluntatis
2167 519 2412 573 futuros.
2429 516 2757 572 Secundum
2772 513 3134 568 voluntatem
3154 527 3373 574 namque

47 607 232 659 ciam.
262 606 438 676 340
459 612 605 661 Item
617 621 689 662 ex
702 610 904 662 eodem
918 610 1084 675 libro,
1101 610 1259 675 quod
1274 612 1335 662 in
1353 610 1553 662 saeculi
1572 613 1672 667 line

42 697 346 762 Christus,
367 702 426 750 et
449 710 651 750 omnes
675 699 869 750 Sancti
887 700 979 751 sui
1002 712 1177 765 supra
1191 699 1488 751 daemones
1503 699 1671 750 habe

42 786 204 839 bunt
236 788 452 850 sedem,
482 797 500 816 ·
522 793 589 840 ut
611 792 669 840 et
688 788 801 853 ipsi
817 788 1111 841 daemones
1127 789 1449 840 secundum
1472 788 1671 840 volun-

45 879 240 928 tatem
264 877 528 929 sedentis
559 890 735 943 supra
758 891 821 930 se
840 878 1069 941 Christi,
1100 883 1157 930 et
1182 880 1519 929 Sanctorum
1542 879 1670 941 ejus

47 970 241 1029 agant
266 968 386 1017 :Ex
409 978 478 1017 eo
499 966 748 1031 capitulo
775 966 875 1018 ubi
898 966 1037 1020 dicit
1060 966 1391 1031 Apostolus,
1413 966 1475 1015 Ut
1498 971 1673 1015 osten-

47 1054 202 1103 deret
224 1054 433 1104 saeculis
450 1055 942 1119 supervenientibus
955 1055 1293 1105 abundantes
1307 1056 1529 1105 divitias
1551 1070 1674 1119 gra-

47 1143 142 1192 tiae
160 1158 292 1203 sum,
318 1144 381 1193 in
404 1142 636 1193 bonitate
666 1158 829 1209 super
848 1159 948 1195 nos
972 1145 1032 1194 in
1062 1145 1274 1196 Christo
1291 1145 1418 1195 Jesu
1441 1145 1602 1210 (Eph.
1617 1142 1670 1200 2.

47 1231 156 1296 7.),
189 1234 328 1297 post
349 1244 539 1297 pauca
562 1247 576 1284 :
602 1247 631 1280 ί(
653 1233 816 1294 Quod
842 1246 972 1296 nos,
1004 1233 1213 1299 inquit,
1245 1234 1348 1298 qui
1376 1233 1673 1298 quondam

58 1320 198 1384 lege
229 1321 571 1373 tenebamur
591 1321 811 1385 inferni,
836 1326 897 1375 et
928 1327 1157 1388 propter
1180 1323 1321 1376 vitia
1341 1327 1514 1387 atque
1537 1335 1675 1387 pec-

50 1415 190 1462 cata
224 1414 293 1462 ut
316 1412 586 1476 operibus
602 1411 812 1473 carnis,
839 1411 920 1464 ita
933 1424 1165 1464 eramus
1181 1416 1239 1464 et
1248 1411 1549 1477 suppliciis
1565 1411 1671 1476 [AL

50 1498 368 1565 supplicio]
393 1499 685 1561 destinati,
716 1514 884 1553 nunc
908 1504 968 1554 in
991 1502 1217 1553 Christo
1240 1513 1569 1566 regnemus,
1593 1514 1678 1553 se-

50 1588 423 1662 deamusque
447 1602 577 1641 cum
609 1603 700 1642 eo.
728 1590 1039 1645 Sedeamus
1053 1595 1250 1643 autem
1272 1604 1391 1643 non
1412 1590 1474 1642 in
1489 1592 1676 1646 humili

58 1690 423 1743 quocunque
432 1679 579 1742 loco,
597 1680 698 1731 sed
713 1692 887 1745 super
902 1693 1134 1732 omnem
1152 1679 1559 1744 Principatum,
1577 1681 1677 1732 Po-

55 1772 342 1821 testatem
364 1767 387 1798 "
408 1772 467 1820 et
495 1768 978 1833 Dominationem,
1004 1773 1061 1821 et
1089 1781 1259 1821 omne
1280 1781 1495 1820 nomen
1513 1768 1671 1833 quod

1769 610 1996 674 Christi,
2031 613 2090 662 et
2113 609 2372 662 omnium
2409 609 2746 660 Sanctorum
2781 606 2911 669 ejus
2944 602 3051 669 [AL
3073 608 3174 654 tae.
3200 600 3368 666 ejus],

1767 712 1956 764 agere,
1977 699 2087 751 hoc
2110 698 2293 761 est,ad
2317 708 2607 749 summam
2628 693 3047 747 beatitudinem
3058 692 3365 754 pervenisse.

1772 791 1965 853 Neque
1981 789 2131 840 enim
2155 793 2245 839 est
2262 787 2372 839 alia
2399 785 2667 851 perfectio
2692 782 2997 845 Orationis,
3022 792 3137 845 qua
3158 777 3367 843 suppli-

1770 890 1896 930 care
1936 890 2045 930 nos
2089 876 2286 928 docuit
2320 876 2489 939 Patri,
2528 874 2644 927 nisi
2674 877 2741 925 ut
2782 872 2883 923 ﬁat
2917 869 3183 923 voluntas
3216 868 3362 932 ejus,

1770 968 1920 1020 sicut
1941 967 2003 1018 in
2024 966 2169 1018 ccelo
2194 968 2251 1018 et
2273 965 2333 1015 in
2364 968 2535 1016 terra.

1832 1055 1919 1111 35.
1961 1054 2071 1108 Sed
2095 1066 2299 1119 quasso
2313 1053 2598 1119 patienter
2611 1050 2822 1112 audite,
2838 1062 2959 1102 non
2977 1047 3213 1113 quidem
3234 1059 3362 1100 om-

1769 1145 1881 1208 nia,
1914 1156 2049 1208 quae
2073 1143 2146 1196 de
2177 1143 2319 1208 ipsis
2348 1140 2721 1207 dogmatibus
2754 1139 2816 1191 in
2845 1137 3008 1190 libris
3032 1137 3160 1200 ejus
3182 1135 3366 1188 conti-

1769 1238 1983 1287 nentur
2004 1232 2396 1286 revolventem
2412 1231 2591 1294 (tanta
2604 1228 2758 1281 enim
2773 1232 2927 1292 sunt,
2943 1230 3008 1279 ut
3027 1225 3191 1290 plura
3204 1223 3365 1287 mihi,

1772 1323 1822 1376 si
1842 1322 2083 1387 exsequi
2097 1333 2165 1375 ea
2191 1321 2437 1386 cupiam,
2459 1317 2761 1373 volumina
2779 1313 3191 1369 conscribenda
3210 1313 3365 1376 sint),

1773 1413 1875 1464 sed
1890 1414 2050 1465 tanta
2059 1416 2279 1475 quanta
2289 1408 2617 1463 satisfacere
2627 1405 2950 1471 legentibus
2962 1401 3367 1470 possintzquod

1772 1515 1892 1555 non
1920 1503 2031 1554 iste
2059 1513 2198 1554 casu
2231 1500 2293 1552 in
2323 1500 2451 1552 hmo
2470 1496 2704 1560 incidat,
2738 1506 2872 1559 quae
2895 1506 3052 1546 nunc
3071 1491 3366 1557 discipulis

1771 1591 2051 1644 imitanda
2086 1589 2370 1656 proponit,
2410 1587 2512 1640 sed
2533 1585 2815 1638 latissima
2840 1587 2901 1635 et
2920 1580 3205 1646 frequenti
3225 1580 3243 1610 '
3270 1591 3367 1631 as-

1773 1681 2021 1733 sertione
2065 1679 2380 1732 conﬁrmat.
2422 1675 2532 1729 Sed
2566 1674 2867 1728 videamus
2892 1683 3026 1736 qum
3048 1672 3205 1731 sunt,
3230 1677 3365 1731 qum

1772 1783 1881 1824 nos
1903 1783 1978 1823 ex
2000 1769 2091 1822 his
2115 1764 2747 1833 probatissimisedocct
2762 1757 3368 1813 Commentariis.ltem

52 1857 418 1918 nominatur,
450 1869 567 1910 non
592 1857 783 1910 solum
806 1859 866 1910 in
892 1859 1002 1910 hoc
1031 1858 1262 1919 saeculo,
1287 1857 1390 1910 sed
1411 1857 1586 1909 etiam
1608 1856 1669 1909 in
1695 1839 1749 1912 B
1769 1875 1842 1913 ex
1870 1860 2074 1913 eodem
2093 1858 2257 1919 libro,
2274 1855 2429 1920 quod
2444 1867 2562 1907 non
2577 1853 2765 1905 solum
2778 1851 2841 1903 in
2863 1846 3135 1915 praesenti
3152 1843 3368 1898 saculo

51 1946 281 1998 futuro.
296 1946 353 1998 Si
376 1947 531 1999 enim
553 1947 816 2000 Christus
837 1947 1218 2000 resuscitatus
1233 1952 1324 1999 est
1341 1959 1376 1999 a
1390 1946 1671 1999 mortuis.

53 2040 115 2087 et
137 2035 316 2088 sedes
344 2035 417 2088 ad
436 2035 735 2089 dexteram
750 2036 853 2089 Dei
868 2036 928 2087 in
943 2036 1277 2089 caelestibus
1299 2048 1473 2101 super
1487 2050 1671 2084 omnen

56 2125 483 2191 Principatum,
522 2130 581 2178 et
612 2127 984 2189 Potestatem,
1022 2130 1080 2177 et
1109 2124 1595 2189 Dominationem,
1620 2129 1677 2177 et

60 2227 247 2279 super
267 2226 441 2266 omne
465 2227 678 2267 nomen
695 2215 847 2279 quod
864 2215 1229 2267 nominatum
1246 2219 1350 2279 est,
1376 2228 1495 2267 non
1510 2218 1673 2264 solum

62 2305 129 2356 in
152 2304 268 2356 hoc
291 2304 531 2368 saeculo,
568 2304 672 2358 sed
694 2310 752 2357 et
776 2304 838 2357 in
860 2305 1069 2367 futuro,
1094 2308 1152 2358 et
1172 2317 1281 2357 nos
1299 2315 1318 2336 °
1342 2304 1674 2357 sedebimus

64 2402 561 2467 regnabimusque
578 2416 713 2455 cum
736 2403 979 2467 Christo,
1003 2416 1241 2456 necesse
1264 2408 1376 2465 est,
1402 2407 1467 2455 ut
1501 2415 1676 2467 super

64 2492 182 2555 his,
196 2505 372 2557 super
384 2504 517 2556 quae
534 2492 697 2545 sedet
707 2492 819 2557 ille,
835 2493 1160 2545 sedeamus.
1192 2492 1300 2545 Sed
1311 2492 1412 2555 qui
1429 2491 1674 2556 diligens

64 2582 281 2633 Lector
325 2586 434 2641 est,
479 2583 676 2633 statim
708 2582 863 2634 dicet
904 2586 963 2634 et
1006 2582 1294 2646 requiret:
1338 2582 1481 2642 Quid
1517 2594 1673 2646 ergo,

62 2670 259 2735 major
279 2669 454 2722 homo
474 2671 578 2735 [AL
605 2676 695 2724 est
717 2671 910 2737 homo]
937 2671 1156 2735 angelis
1180 2676 1237 2724 et
1258 2671 1545 2722 cunctisin
1556 2673 1675 2719 caelo

60 2760 486 2824 potestatibus?
500 2760 662 2823 Quod
673 2761 807 2825 quia
817 2761 1198 2826 periculosum
1209 2766 1301 2813 est
1312 2759 1673 2825 respondere,

61 2858 453 2923 Principatus,
486 2858 823 2922 Potestates,
853 2871 920 2911 ac
942 2860 1218 2923 Virtutes,
1243 2862 1302 2910 et
1323 2858 1676 2911 Dominatio—

61 2960 194 3012 nes,
230 2952 290 2999 et
311 2959 483 2999 omne
507 2960 718 3000 nomen
742 2948 897 3013 quod
912 2948 1244 3001 nominatur
1264 2961 1381 3000 non
1406 2947 1589 3001 solum
1612 2949 1676 3001 in

63 3036 180 3088 hoc
205 3035 444 3100 saeculo,
470 3036 572 3088 sed
595 3036 842 3088 etiamin
854 3036 1048 3089 futuro
1065 3037 1335 3098 (maxime
1358 3037 1674 3101 quiaomnia

65 3126 336 3190 subjecta
380 3130 520 3177 sunt
552 3125 762 3177 Christi
797 3126 1057 3191 pedibus)
1084 3139 1200 3178 non
1216 3126 1287 3177 ad
1312 3127 1522 3178 bonum
1552 3137 1674 3191 par-

1772 1962 1974 2004 verum
1987 1948 2159 2001 etiam
2168 1947 2229 1999 in
2240 1945 2434 1998 futuro
2445 1955 2723 1996 ascensus
2735 1939 3123 1992 sithominum
3133 1942 3180 1985 et
3190 1936 3369 1983 descen

1773 2053 1894 2101 sus,
1908 2039 1981 2091 de
1992 2050 2059 2090 eo
2070 2036 2339 2101 capitulo,
2363 2035 2426 2087 in
2440 2046 2555 2099 quo
2574 2032 2678 2084 ait:
2706 2046 2735 2078 a
2756 2029 2933 2094 Super
2963 2040 3178 2079 omnem
3201 2024 3385 2075 Prin--

1772 2130 2032 2194 cipatum,
2056 2136 2075 2166 ι
2105 2126 2434 2187 Potestatem,
2452 2138 2516 2173 ac
2556 2122 2833 2179 Virtutem,
2865 2122 2911 2168 et
2932 2113 3372 2167 Dominationem

1770 2223 1822 2270 et
1857 2232 2015 2268 omne
2053 2229 2252 2266 nomen
2285 2212 2430 2278 quod
2456 2209 2800 2275 nominatur,
2838 2220 2953 2256 non
2973 2203 3151 2255 solum
3182 2202 3246 2251 in
3269 2200 3368 2250 hoc

1770 2306 1976 2368 saeculo,
2025 2319 2212 2355 verum
2267 2302 2430 2352 etiam
2469 2315 2531 2349 in
2561 2298 2751 2363 futuro
2799 2295 2960 2360 (Eph.
2996 2292 3048 2347 1.
3082 2290 3210 2355 21.),
3239 2293 3372 2354 post

1770 2397 2093 2461 aliquanta:
2133 2394 2188 2447 Si
2217 2396 2413 2446 autem
2438 2391 2591 2453 sunt,
2612 2386 2801 2453 inquit
2814 2379 3371 2441 Potestates,Virtu-

1774 2490 1881 2551 tes,
1895 2490 1952 2537 et
1972 2483 2347 2549 Principatus,
2361 2485 2421 2533 et
2440 2477 2898 2536 Dominationes,
2916 2482 3155 2525 necesse
3178 2473 3286 2533 est,
3301 2468 3370 2520 ut

1773 2579 1830 2629 et
1866 2576 2160 2640 subjectos
2188 2574 2454 2634 habeant,
2479 2575 2536 2623 et
2564 2568 2836 2620 timentes
2861 2578 2944 2625 se,
2970 2567 3028 2614 et
3052 2559 3371 2612 servientes

1773 2666 1903 2730 sibi,
1927 2670 1984 2718 et
2007 2677 2106 2717 eos
2122 2663 2221 2727 qui
2237 2676 2271 2714 a
2285 2661 2390 2727 [AL
2403 2665 2605 2710 tacetur
2625 2657 2678 2722 a]
2700 2669 2807 2707 sua
2829 2650 3196 2706 fortitudione
3210 2648 3371 2701 robo-

1772 2760 1989 2809 rentur.
2012 2756 2152 2817 Quw
2168 2749 2600 2803 distributiones
2625 2745 2962 2805 officiorum,
2975 2753 3092 2793 non
3103 2738 3292 2792 solum
3307 2737 3369 2789 in

1773 2845 2211 2909 praesentiarum
2241 2840 2346 2906 [AL
2370 2835 2683 2905 prsesenti,]
2726 2833 2829 2886 sed
2859 2832 3033 2885 etiam
3078 2829 3138 2880 in
3178 2828 3370 2879 futuro

1775 2934 1989 2989 saeculo
2014 2936 2185 2985 erunt
2200 2948 2215 2979 :
2246 2934 2313 2983 ut
2332 2942 2433 2994 per
2443 2924 2703 2990 singulos
2735 2922 3025 2988 profectus
3040 2920 3099 2971 et
3117 2917 3367 2970 honores

1771 3024 2142 3079 escensiones
2158 3021 2331 3074 etiam
2355 3025 2413 3072 et
2434 3014 2861 3076 descensiones,
2879 3010 2973 3064 vel
2986 3012 3208 3061 crescat
3216 3006 3365 3059 alius

1775 3117 1876 3182 [AL
1903 3113 2152 3178 aliquis],
2185 3109 2359 3177 342
2399 3107 2494 3161 vel
2520 3106 2829 3166 decrescat,
2852 3105 2910 3153 et
2924 3101 3035 3152 sub
3062 3098 3171 3150 alia
3191 3100 3365 3160 atque

65 3184 209 3277 tem',
235 3214 339 3266 sed
363 3214 437 3267 ad
467 3184 819 3266 contrariam
834 3184 1050 3267 referre.
1063 3215 1164 3279 [AL
1190 3214 1404 3280 refert],
1431 3220 1497 3267 ut
1515 3184 1667 3267 dicat
1691 3204 1741 3276 C
1767 3207 1878 3260 alia
1901 3206 2213 3266 Potestate,
2238 3199 2483 3261 Virtute,
2508 3192 2850 3257 Principatu,
2887 3194 3063 3253 atque
3095 3184 3366 3237 Domina-

64 3316 168 3356 eas
192 3315 324 3356 esse
339 3302 575 3368 angelos
596 3304 837 3368 refugas,
852 3308 910 3356 et
928 3304 1242 3369 principem
1252 3304 1454 3357 mundi
1477 3303 1671 3368 hujus,

73 3398 133 3446 et
173 3392 507 3444 Luciferum
553 3393 652 3456 qui
676 3405 848 3446 mane
877 3394 1183 3459 oriebatur,
1218 3406 1392 3458 super
1414 3392 1437 3423 ‘
1460 3393 1674 3457 quibus

65 3481 263 3534 sancti
294 3481 355 3533 in
378 3481 489 3534 ﬁne
510 3483 709 3534 saculi
727 3482 946 3535 sessuri
977 3485 1119 3535 sunt
1141 3496 1273 3535 cum
1302 3482 1547 3547 Christo,
1561 3482 1673 3535 illis

65 3583 307 3637 quoque
336 3571 626 3624 tribuente
654 3572 1023 3633 beneﬁcium,
1062 3573 1162 3636 qui
1192 3585 1347 3625 nunc
1367 3573 1593 3637 inferni,
1618 3578 1676 3625 et

64 3660 222 3712 male
245 3659 507 3712 libertate
531 3672 641 3713 sua
660 3662 963 3713 abutentes
976 3667 1258 3726 vagentur
1283 3662 1386 3727 [AL
1406 3662 1668 3727 vagantur]

64 3750 288 3816 passim
304 3753 471 3815 etper
483 3750 793 3815 praecipitia
803 3756 1073 3803 corruant
1092 3750 1494 3816 [ALcorruunt]
1510 3766 1676 3813 pecca-

64 3844 287 3891 torum.
315 3837 464 3906 34|
518 3839 658 3890 Cum
679 3841 873 3891 autem
900 3838 1043 3890 tales
1068 3838 1373 3892 habuerint
1394 3852 1670 3900 sessores,

60 3929 243 3993 juxta
254 3927 579 3979 sedentium
592 3927 950 3980 voluntatem
968 3922 1677 3991 [ALvquntatesjincipient

66 4016 405 4082 gubernari.
432 4035 459 4059 ιο
490 4016 781 4081 Numquid
802 4021 862 4068 et
887 4016 980 4068 hic
1008 4015 1355 4079 ambiguitas
1378 4015 1569 4079 aliqua
1600 4014 1672 4067 de

64 4106 271 4158 relicta
294 4109 402 4169 est,
429 4109 496 4156 ut
527 4105 689 4157 locus
727 4105 819 4156 hic
841 4110 1008 4170 egeat
1034 4108 1319 4156 assertore
1346 4102 1452 4169 [AL
1482 4116 1673 4155 asses-

69 4194 227 4260 sore]
248 4197 275 4246 τ
307 4194 417 4247 Ubi
441 4194 897 4259 evidentissime,
923 4193 1084 4246 nulla
1114 4193 1268 4245 illius
1291 4203 1309 4223 ε
1334 4192 1431 4245 alii
1459 4193 1568 4244 sibi
1588 4194 1673 4244 in-

67 4285 176 4349 terj
188 4288 316 4336 ecta
355 4296 618 4348 persona,
652 4283 810 4347 dicit,
842 4283 1081 4347 angelos
1109 4282 1359 4347 refugas,
1385 4284 1444 4335 et
1466 4282 1672 4347 princi-

66 4386 211 4437 pem
237 4372 443 4424 mundi
465 4372 658 4437 hujus,
677 4377 735 4424 et
753 4372 1074 4424 Luciferum
1098 4372 1193 4436 qui
1208 4383 1380 4423 mane
1402 4373 1669 4431 oriebatur,

1838 3297 1896 3344 in
1918 3297 2041 3344 ﬁat.
2066 3311 2094 3336 ι»

1838 3297 1849 3307 “
2029 3331 2041 3344 ,
2066 3311 2094 3336 ι»
3001 3300 3022 3317 ι

1774 3295 2089 3446 ῐοξὲ.ῧὲἷιν,
2113 3380 2411 3445 magister,
2424 3379 2489 3429 ut
2512 3374 2628 3427 tuis
2640 3375 2831 3425 tecum
2846 3367 3040 3423 verbis
3053 3376 3241 3430 agam,
3257 3368 3366 3424 post

1774 3474 2224 3540 quadringentos
2248 3470 2361 3521 fere
2388 3477 2573 3518 annos
2601 3462 2825 3528 quietas
2847 3462 2906 3511 et
2926 3455 3217 3521 simplices
3239 3452 3366 3504 haec

1772 3565 2108 3619 Latinorum
2130 3562 2355 3612 mentes
2374 3554 2706 3607 doces?Cur
2724 3561 2909 3602 novas
2919 3558 3112 3609 voces,
3127 3554 3273 3607 quas
3294 3541 3368 3594 ab

1774 3650 2063 3719 Apostolis
2085 3660 2258 3701 nemo
2282 3644 2556 3708 suscepit,
2585 3638 2828 3693 insuetis
2855 3635 3096 3689 auribus
3118 3631 3368 3697 ingeris?

1774 3746 1982 3807 Quaeso
2005 3740 2163 3800 te,ut
2186 3748 2386 3802 parcas
2402 3730 2676 3785 Romanis
2697 3727 2958 3789 auribus,
2981 3734 3183 3788 parcas
3206 3719 3359 3781 ﬁdei,

1773 3844 1907 3898 quas
1920 3826 2177 3894 Apostoli
2210 3837 2352 3878 voce
2372 3821 2605 3875 laudata
2620 3820 2726 3871 est.
2757 3818 2867 3868 Cur
2882 3814 2944 3865 in
2964 3811 3221 3864 medium
3239 3820 3368 3874 pro-

1772 3922 1885 3973 fers
1909 3917 2064 3982 quod
2086 3917 2288 3967 Petrus
2310 3916 2368 3964 et
2388 3908 2598 3962 Paulus
2621 3905 2789 3958 edere
2811 3901 3156 3954 noluerunt?
3172 3898 3368 3958 Usque

1772 4023 1887 4075 quo
1904 4014 1966 4061 tu
1976 4007 2103 4060 haec
2128 4003 2551 4060 scriberes,non
2573 4004 2877 4058 usquequo
2899 4001 3004 4054 ego
3027 3985 3366 4049 interpreta-

1770 4114 1860 4153 rer
1884 4096 1989 4165 [AL
2007 4089 2465 4158 interpretabor],
2512 4090 2580 4139 ut
2613 4085 2813 4142 doces;
2842 4080 2944 4133 sed
2970 4076 3368 4165 usquequo-tu

1770 4161 1900 4242 haec
1922 4190 2055 4239 ante
2080 4181 2407 4249 quindecim
2436 4178 2551 4230 fere
2578 4176 2762 4227 annos
2799 4170 3100 4230 scriberes,
3129 4163 3255 4216 sine
3277 4161 3369 4214 his

1770 4277 2025 4331 mundus
2061 4272 2413 4326 Christianus
2436 4279 2556 4320 non
2579 4264 2686 4316 fuit
2702 4267 2726 4313 Ρ
2752 4259 2899 4324 Quid
2920 4256 3078 4310 enim
3110 4257 3175 4306 tu
3196 4251 3368 4304 modo

1769 4368 1961 4429 doces,
1988 4363 2144 4428 quod
2168 4363 2227 4414 in
2250 4361 2443 4413 futuro
2465 4352 2681 4409 saculo
2702 4350 2894 4404 adhuc
2915 4343 3286 4429 assensiones
3310 4344 3368 4429 et

67 4427 130 4514 in
152 4463 296 4527 fine,
322 4427 967 4528 Christo'supersedente
984 4427 1327 4525 etregnante
1340 4473 1471 4512 cum
1487 4427 1674 4509 sanctis
1694 4521 1736 4528 _
1779 4427 2185 4509 descensiones
2221 4451 2378 4507 fiant,
2403 4447 2426 4477 δ
2450 4451 2509 4498 et
2540 4440 2840 4528 proficiant
2871 4434 3064 4528 aliqui,
3096 4436 3154 4484 et
3190 4427 3371 4528 διὶίίξιί

69 4553 221 4617 suis,
246 4556 542 4605 consortes
564 4564 631 4604 ac
656 4552 861 4617 socios,
884 4564 1003 4604 non
1020 4550 1209 4602 solum
1224 4550 1542 4615 regniejus,
1570 4549 1675 4601 sed
1694 4521 1750 4589 D
1779 4544 2154 4600 decrescant?
2182 4541 2328 4603 Ergo
2367 4534 2508 4587 illud
2544 4530 2698 4596 quod
2732 4526 2894 4589 dicis,
2933 4524 2993 4575 in
3020 4522 3131 4574 hoc
3155 4515 3370 4571 saeculo

133 4734 152 4754 ·
193 4723 470 4789 Legimus
516 4736 587 4776 ex
612 4722 1020 4787 Guarneriano,
1046 4723 1289 4775 obscuro
1319 4720 1474 4773 enim
1504 4724 1673 4782 atque

69 4796 356 4862 impedito
374 4807 558 4848 sensu
567 4796 785 4861 vulgati
808 4799 997 4859 antea,
1019 4800 1065 4845 et
1088 4798 1147 4844 ut
1168 4794 1339 4844 eidem
1353 4793 1459 4858 ipsi
1474 4791 1674 4842 Daemo-

66 4884 185 4931 nes,
221 4873 329 4920 etc.

133 4942 156 4970 δ
194 4942 261 4991 In
293 4938 708 4992 Commentario
743 4937 974 4990 additur
1004 4942 1052 4988 et
1083 4936 1360 4995 Vtrtutem,
1398 4948 1529 4999 quae
1552 4934 1675 5000 ipse

72 5013 254 5064 etiam
275 5010 514 5064 inferius
539 5011 714 5062 verba
734 5009 983 5061 Ruﬁnus
1014 5008 1316 5061 interserit.
1341 5008 1477 5059 Mox
1500 5008 1675 5059 Guar-

71 5084 355 5135 nerianus
377 5083 727 5146 nominatum
743 5087 815 5131 est
837 5094 937 5147 pro
947 5081 1138 5130 nomin
1145 5084 1285 5139 atu-r,
1306 5084 1364 5130 et
1374 5091 1507 5130 cum
1519 5078 1676 5129 Com-

71 5154 345 5207 mentarii
367 5153 608 5205 lectione
629 5153 914 5203 suscitatus
938 5168 972 5202 a
994 5151 1241 5211 martuis,
1263 5151 1418 5212 sedet,
1443 5152 1549 5201 etc.
1575 5148 1676 5201 de-

74 5227 254 5289 nique
281 5224 444 5276 addit
463 5230 509 5274 et
547 5224 807 5275 Virtutem
818 5222 1418 5289 postDominalionem,
1440 5218 1675 5283 reliquis

74 5297 312 5349 duobus
328 5296 610 5357 versibus,
630 5301 676 5345 et
696 5311 857 5359 super
878 5309 1034 5344 omne
1058 5308 1271 5355 nomen,
1301 5304 1486 5355 usque
1512 5293 1572 5340 in
1591 5292 1677 5354 fu-

76 5373 200 5418 turo
224 5367 647 5433 prastermissis,
675 5379 776 5430 pro
800 5366 1010 5430 quibus
1035 5365 1202 5417 etiam
1230 5363 1289 5415 in
1313 5364 1677 5415 Commenta-

75 5439 159 5491 rio
185 5446 232 5489 ct
256 5445 444 5489 caetera
466 5439 741 5503 scriptum
766 5443 872 5489 est.

141 5521 160 5540 °
194 5513 261 5562 In
284 5511 708 5562 Commentario
729 5510 985 5573 sedemus,
1012 5522 1422 5571 regnamusque,
1450 5511 1594 5567 tum,
1620 5511 1678 5554 ut

78 5596 241 5646 super
273 5583 359 5631 his
393 5596 508 5645 qua
531 5581 665 5629 sedet
694 5581 798 5645 ille,
824 5584 931 5644 etc,
956 5581 1125 5631 Porro
1154 5591 1327 5641 quem
1353 5582 1519 5628 vocat
1541 5576 1677 5628 Hie-

80 5664 363 5715 ronymus
387 5652 721 5717 diligentem
756 5653 1051 5703 Lectorem
1074 5649 1305 5700 minime
1323 5648 1599 5699 diflitetur
1619 5648 1680 5698 in

80 5724 379 5788 Apologia;
409 5724 506 5775 lib.
538 5723 589 5778 1.
636 5723 939 5786 Origenem
968 5733 1115 5783 esse,
1152 5732 1266 5783 quo
1289 5719 1412 5771 loco
1436 5723 1493 5771 et
1515 5718 1682 5784 pluri-

82 5794 195 5847 bus
218 5797 480 5863 excusat,
519 5794 674 5860 quod
699 5792 798 5848 tali
830 5806 960 5847 eum
984 5791 1216 5847 nomine
1245 5790 1489 5846 donarit.

1837 4716 1859 4747 ⁴
1892 4710 2263 4767 Guarnerian.
2278 4719 2408 4767 ms.,
2424 4718 2586 4770 super
2608 4711 2796 4767 quem:
2813 4690 3188 4772 moxtacetin
3202 4690 3370 4772 Com.-

1772 4766 2051 4841 mentario
2075 4781 2269 4833 saeculi.
2294 4766 2546 4830 Rursum
2570 4766 2678 4824 ms.
2704 4782 2837 4822 cum
2848 4766 3375 4843 Commentario

1773 4835 2015 4917 ῐὶιὶῖιὶέξζ
2030 4835 2234 4907 minus
2285 4852 2430 4902 bene
2467 4859 2568 4912 pro
2614 4843 2891 4903 tribuente,
2914 4838 3080 4897 idest,
3114 4835 3367 4917 omnes

1774 4903 2333 4991 ﬂeam—7.},Iluod
2358 4903 2634 4991 sequitur,
2661 4920 2721 4991 et
2737 4925 2884 4991 mss.
2916 4903 3371 4991 quoqueprme-

1773 4979 1927 5061 runt,
1958 4979 2153 5050 malim
2177 4979 2377 5058 unique
2400 4979 2642 5061 rescribi
2660 4983 2887 5061 infreni,
2914 4980 3049 5032 utin
3073 4979 3372 5061 Commen-

1776 5056 1937 5131 tario,
1975 5074 2076 5121 aut
2100 5056 2299 5133 potius
2315 5063 2588 5127 infrenes;
2612 5058 2859 5120 denique
2885 5062 3025 5104 mox
3042 5063 3146 5098 sua
3166 5056 3373 5111 prono-

1778 5156 1912 5196 men
1936 5141 2306 5194 Guarnerian.
2332 5135 2566 5188 omittit.
2735 5199 2740 5201 _
2959 5195 2970 5201 _
3150 5190 3180 5201 η
3204 5190 3215 5201 _
3356 5186 3368 5199 ,

1839 5190 2339 5265 εἶῖτὲιιῶἷιέθοιὶυδ
2380 5206 2441 5257 in
2474 5199 2861 5255 Guarneriano
2882 5195 2970 5245 sui
2993 5205 3093 5258 pro
3113 5190 3248 5265 sibi,-
3271 5190 3373 5252 qui

1780 5290 1839 5339 et
1859 5261 2186 5349 piusiiabet
2208 5278 2373 5343 paulo
2398 5281 2547 5341 post,
2571 5286 2732 5336 super
2759 5267 3058 5349 sesedente,
3075 5268 3183 5315 etc.
3205 5261 3369 5323 Quee-

1777 5344 1912 5409 dafn
1936 5353 2102 5415 infra,
2126 5353 2183 5402 in
2212 5350 2427 5413 quibus
2444 5348 2657 5410 peccat,
2692 5344 2983 5415 praetereo.

1844 5431 1858 5459 '
1893 5429 2066 5481 Addit
2084 5407 2370 5476 idem-ms.
2404 5407 2530 5480 haec,
2556 5424 2615 5469 et
2638 5429 2775 5467 mox
2798 5414 3006 5465 iterum
3028 5408 3159 5474 plus
3174 5407 3368 5468 habet,

1778 5503 1869 5553 sed
1893 5502 2169 5551 videamus
2192 5496 2373 5544 adhuc
2395 5507 2528 5555 quae,
2562 5494 2671 5540 etc.

1843 5548 1864 5611 ἶ
2046 5568 2138 5618 ubi
2155 5548 2567 5616 ait.Mox'tacet
2599 5564 2645 5607 et
2669 5553 3128 5627 Dominationem,
3153 5552 3219 5600 In
3240 5548 3375 5599 Hie-

1778 5624 2117 5708 ronymiano
2163 5642 2322 5690 textu
2345 5633 2513 5697 male,
2538 5632 2777 5708 δαὶ-ηψπ
2808 5624 3000 5708 pro_Si
3016 5626 3219 5708 autem.
3249 5692 3259 5702 '

1846 5691 2396 5770 Vin—Guarnﬂiano,
2430 5691 2817 5767 ut'proﬁciant
2851 5694 3045 5770 aliqui,
3079 5692 3259 5758 atiqui
3286 5691 3376 5741 de-

1782 5791 2047 5847 crescant;
2086 5788 2210 5837 tum
2234 5782 2295 5831 in
2331 5766 2429 5831 hoc
2452 5766 2636 5827 saeculo
2672 5772 2785 5824 vita
2817 5766 3143 5835 acquiritur,
3168 5779 3281 5816 non
3304 5769 3376 5816 est
