3900 6388
587 392 694 447 575

1624 393 1869 446 RUFINI
1902 392 2400 454 AQUILEIENSIS
2434 391 2869 443 PRESBYTERI
3769 385 3841 439 57'}

580 512 830 577 vita,vel
845 512 1177 576 acquiritur,
1196 510 1289 563 vel
1313 499 1609 571 amittitur,
1624 521 1742 560 non
1763 511 2065 561 estverum
2082 523 2095 559 :
2114 524 2182 557 au
2209 514 2258 585 Α
2282 522 2415 573 quae
2452 509 2513 560 in
2545 508 2708 561 terris
2740 509 2897 568 sunt,
2932 505 3036 558 sed
3071 505 3246 558 etiam
3268 518 3402 571 quas
3424 505 3490 557 in
3512 502 3680 557 caalis
3700 511 3839 556 erant

586 601 869 654 occultam
883 601 1057 653 habet
1070 600 1321 663 aliquam
1338 598 1894 663 interpretationem?
1906 600 2030 649 Non
2044 601 2179 647 enim

586 690 986 755 paenitentiam
998 688 1120 752 agis
1136 701 1235 752 pro
1247 688 1357 750 his,
1374 701 1506 751 quae
1523 688 1581 738 in
1594 688 1722 739 istis
1743 688 2180 739 Commentariis

590 779 976 830 continentur.
1002 780 1145 828 Item
1170 777 1325 840 quod
1348 777 1601 828 Ecclesia
1627 790 1809 828 unum
1832 790 2039 841 corpus
2062 788 2181 827 non

589 869 775 919 solum
799 879 870 918 ex
892 866 1239 929 hominibus,
1265 866 1363 916 sed
1384 871 1444 917 et
1465 879 1537 917 ex
1562 865 1813 929 Angelis,
1828 870 1886 917 et
1908 866 2179 917 omnibus

587 956 911 1007 Virtutibus
949 955 1283 1007 ccelestibus
1306 954 1743 1019 intelligendum
1767 954 1859 1018 sit,
1884 967 1958 1006 ex
1980 955 2180 1006 eodem

584 1044 748 1109 libro,
763 1044 835 1097 de
854 1056 927 1097 eo
949 1044 1217 1109 capitulo,
1242 1044 1303 1095 in
1327 1057 1442 1108 quo
1469 1044 1746 1108 scriptum
1764 1050 1853 1095 est
1875 1058 1887 1095 :
1909 1045 1979 1093 Et
1997 1045 2180 1109 ipsum

586 1134 731 1184 dedit
754 1139 915 1200 caput
940 1149 1102 1199 super
1123 1148 1339 1183 omnem
1361 1133 1648 1183 Ecclesium
1672 1134 1829 1198 (Eph.
1846 1133 1873 1187 1
1890 1132 2039 1197 .22.),
2053 1135 2182 1198 post

585 1235 805 1289 pauca:
851 1224 978 1275 Non
1016 1222 1224 1285 solum,
1264 1222 1471 1286 inquit,
1503 1221 1825 1283 hominum,
1868 1223 1969 1274 sed
2007 1223 2181 1274 etiam

588 1311 941 1376 Angelorum
965 1317 1419 1375 cunctarumque
1430 1312 1723 1363 Virtutum
1731 1313 1790 1363 et
1803 1314 2047 1361 rationabi
2056 1314 2178 1360 lium

587 1406 996 1464 creaturarum,
1025 1410 1043 1430 ·
1078 1401 1330 1452 Ecclesia
1359 1400 1598 1465 intelligi
1627 1405 1835 1465 potest,
1861 1403 2004 1452 Item
2027 1400 2180 1464 quod

590 1490 818 1551 animm,
835 1490 970 1553 quia
991 1489 1052 1540 in
1075 1488 1170 1541 illa
1191 1489 1363 1554 priori
1386 1490 1797 1542 vitanoverant
1812 1491 2016 1553 Deum,
2034 1492 2179 1539 modo

587 1589 721 1629 eum
742 1589 861 1628 non
882 1577 1049 1640 quasi
1071 1576 1332 1641 ignotum
1356 1582 1727 1640 cognoscant,
1744 1576 1846 1628 sed
1862 1576 2029 1640 quasi
2052 1581 2182 1641 post

587 1665 935 1718 oblivionem
967 1666 1155 1717 denuo
1188 1670 1527 1729 agnoscant,
1564 1678 1637 1718 ex
1675 1665 1875 1717 eodem
1917 1665 2061 1717 libro
2100 1666 2182 1717 ita

589 1754 728 1807 dicit
761 1772 775 1805 :
820 1775 847 1799 α
879 1755 1041 1817 Quod
1066 1767 1202 1807 vero
1235 1754 1334 1817 ait,
1359 1755 1421 1803 in
1455 1755 1732 1818 agnitione
1754 1755 1869 1819 ejus
1900 1755 2179 1820 (Ephesi.

2282 610 2564 663 purgasse
2606 598 2953 662 perhibetur.
2990 612 3020 645 ι»
3043 598 3186 647 Item
3215 596 3366 659 quod
3392 597 3633 659 propter
3676 606 3839 655 corpus

2280 688 2620 739 humilitatis
2644 686 2749 751 [AL
2774 686 3173 747 humanitatis]
3203 687 3259 737 et
3294 697 3509 749 corpus
3538 683 3752 744 mortis,
3774 683 3841 733 ha

2279 778 2465 827 mines
2509 776 2609 826 filii
2640 776 2740 827 iraa
2778 774 3151 839 appellentur,
3181 787 3253 824 ex
3290 773 3497 825 eodem
3541 772 3687 823 libro
3715 771 3777 821 de
3799 786 3843 821 eo

2279 866 2546 929 capitulo,
2585 866 2682 915 ubi
2715 866 2993 929 scriptum
3017 866 3138 914 est:
3164 864 3402 912 Eramus
3426 867 3642 911 natura
3665 861 3759 924 [Ilii
3782 863 3843 908 ira

2278 956 2414 1003 sicut
2436 960 2480 1003 et
2510 955 2676 1003 caeleri
2713 954 2928 1017 (Ephes.
2965 951 3140 1015 2.5.);
3176 955 3309 1017 post
3341 952 3679 1014 aliquanta:
3711 966 3740 997 ς
3763 952 3844 1000 Νῶε

2279 1056 2433 1107 vero,
2454 1043 2658 1107 inquit,
2676 1042 2939 1093 dicamus
2963 1054 3094 1093 esse
3118 1042 3368 1105 primum
3390 1052 3602 1093 omnes
3624 1038 3843 1090 homines

2277 1136 2485 1185 natura
2499 1132 2648 1185 ﬁlios
2661 1133 2762 1183 ira:
2780 1136 3010 1196 propter
3021 1143 3230 1194 corpus
3244 1129 3592 1181 humilitatis
3608 1131 3667 1180 et
3676 1140 3843 1191 corpus

2278 1222 2481 1273 mortis
2519 1235 2532 1273 :
2578 1225 2637 1274 et
2672 1221 2828 1286 quod
2863 1222 2937 1272 ab
2969 1220 3352 1273 adolescentia
3376 1231 3550 1270 mens
3584 1218 3843 1270 hominum

2279 1311 2539 1375 apposita
2553 1310 2628 1361 sit
2648 1310 2723 1362 ad
2738 1310 3014 1362 malitiam
3037 1309 3183 1373 (Gen.
3200 1306 3294 1371 8.).
3314 1328 3340 1352 ιο
3356 1310 3504 1359 Item
3533 1306 3687 1371 quod
3706 1309 3843 1370 prima

2279 1401 2358 1452 sit
2387 1401 2600 1453 animae
2638 1400 2874 1464 factura,
2899 1403 2956 1451 et
2976 1399 3246 1464 deinceps
3268 1398 3525 1462 corporis
3565 1396 3843 1461 plasmalio,

2279 1502 2353 1541 ex
2374 1489 2577 1541 eodem
2595 1488 2739 1540 libro
2765 1490 2875 1539 sub
2898 1488 3099 1540 eodem
3120 1487 3526 1553 capitulo,post
3537 1484 3718 1536 multa
3734 1503 3743 1533 :
3757 1499 3781 1531 ί(
3797 1486 3841 1534 Et

2280 1577 2611 1641 diligenter,
2652 1578 2855 1641 inquit,
2908 1579 3170 1642 observa,
3223 1576 3360 1640 quia
3408 1587 3531 1627 non
3588 1573 3732 1625 dixit
3772 1573 3843 1637 [At

2280 1667 2509 1730 dixerit]
2529 1667 2713 1731 ipsius
2730 1666 2996 1731 ﬂguratio
3021 1680 3224 1719 sumus
3247 1670 3423 1729 atque
3446 1662 3844 1729 plasmatio,sed

2281 1758 2454 1821 ipsius
2472 1757 2691 1819 factura
2707 1757 2916 1822 (Ephcs.
2943 1756 2976 1811 2
3010 1757 3113 1819 9.).
3152 1754 3463 1808 Plasmatio
3479 1755 3697 1819 quippe
3718 1753 3845 1815 origi-

594 1842 724 1908 l7.),
756 1842 817 1895 id
860 1848 969 1907 est,
995 1839 1268 1909 ἐπιγνώσει,
1313 1842 1551 1906 quidam
1573 1856 1601 1893 s
1629 1844 1680 1894 ic
1726 1843 2073 1906 intelligunt,
2111 1849 2176 1896 ut
2202 1825 2255 1899 B
2281 1860 2415 1898 nem
2431 1846 2502 1897 de
2528 1846 2547 1880 ί
2580 1852 2747 1897 ωτι-ω
2769 1846 2909 1897 limo
2928 1846 3134 1897 trahit:
3164 1846 3390 1897 factura
3404 1842 3842 1907 verojuxtasimi-

591 1932 743 1984 inter
776 1940 943 1997 γνῶςιν
993 1934 1079 1983 καὶ
1124 1926 1384 1998 ἐπίγνωσιν
1429 1932 1539 1983 hoc
1572 1937 1661 1983 est
1711 1932 1860 1983 inter
1903 1934 2179 1982 notionem

591 2025 638 2071 et
661 2021 1017 2085 agnitionem,
1047 2020 1189 2072 illud
1220 2021 1463 2081 intersit,
1489 2021 1645 2084 quod
1667 2008 1831 2073 notio'
1859 2023 2180 2085 eorum,[Al.

591 2108 754 2172 illud]
779 2109 873 2171 sit,
898 2121 1029 2173 quae
1054 2113 1188 2161 ante
1210 2122 1329 2161 non
1354 2110 1647 2175 scivimus,
1662 2115 1721 2162 et
1740 2122 1807 2162 eo
1830 2115 2029 2175 postea
2041 2112 2185 2163 scire

592 2198 875 2263 coepimus
892 2212 903 2254 ;
923 2198 1144 2262 agnitio
1163 2212 1295 2251 vero
1308 2199 1329 2228 ἰ
1345 2212 1542 2251 eorum
1558 2212 1689 2263 quae
1705 2205 1906 2265 postea
1928 2200 2185 2252 recorda-

590 2299 737 2339 mur.
765 2290 834 2340 Et
850 2289 1097 2352 priorem
1110 2288 1420 2353 quamdam
1439 2290 1618 2341 vitam
1635 2289 1693 2340 in
1704 2292 1989 2339 coelestibus
2006 2287 2181 2356 343

589 2386 610 2407 ⁸
635 2378 1019 2443 suspicantur,
1057 2384 1363 2442 postquam
1396 2379 1457 2430 in
1494 2392 1729 2444 corpora
1748 2380 1860 2431 ista
1881 2379 2106 2443 dejecti,
2129 2382 2189 2430 et

590 2466 755 2518 obliti
780 2466 883 2518 Dei
911 2467 1108 2530 Patris,
1121 2480 1278 2519 nunc
1294 2480 1425 2519 eum
1440 2481 1540 2532 per
1553 2468 1963 2520 revelationem
1974 2479 2190 2531 cogno-

592 2554 802 2619 vimus,
829 2556 1146 2607 secundum
1166 2555 1307 2607 illud
1333 2557 1487 2621 quod
1504 2558 1780 2621 scriptum
1803 2560 1918 2608 est:
1946 2557 2189 2605 Remini-

595 2649 811 2693 scentur
832 2650 876 2693 et
900 2651 1271 2694 convertentur
1299 2646 1374 2695 ad
1397 2647 1695 2696 Dominum
1718 2661 1901 2697 omnes
1922 2646 2030 2710 [ΑΙ.
2058 2646 2192 2694 uni-

592 2733 749 2795 versi]
769 2734 903 2795 ﬁnes
920 2734 1246 2796 terra:(Psal.
1263 2734 1326 2788 91
1339 2774 1351 2796 ,
1376 2734 1506 2799 28.),
1530 2740 1589 2787 et
1609 2735 1791 2787 multa
1811 2736 1901 2787 his
1918 2734 2144 2786 similia.
2161 2750 2192 2782 ι)

649 2820 736 2876 38.
763 2822 924 2883 Quod
952 2826 1150 2875 autem
1181 2824 1262 2875 ait
1292 2825 1313 2854 ⁴
1341 2838 1356 2875 :
1385 2825 1527 2886 Quia
1562 2823 1798 2888 quidam
1820 2824 1947 2876 haec
1972 2824 2189 2887 dicunt,

599 2913 739 2976 puto
761 2923 854 2964 me
879 2912 1021 2963 satis
1053 2913 1345 2965 evidenter
1376 2914 1435 2965 in
1460 2914 1849 2978 superioribus
1871 2913 2192 2976 edocuisse,

598 2999 754 3063 quod
788 3001 839 3052 si
870 3002 1103 3065 quando
1140 3003 1319 3067 ponit,
1369 3003 1514 3065 Quia
1551 3003 1787 3067 quidam
1820 3003 1947 3055 hac
1972 3002 2190 3065 dicunt,

2281 1935 2585 1988 litudinem
2607 1940 2665 1986 et
2696 1934 3011 1996 imaginem
3036 1932 3212 2001 344
3232 1932 3831 1997 Deisumpsitexordium

2283 2026 2448 2088 Quod
2474 2027 2533 2077 in
2558 2026 2871 2077 centesimo
2894 2024 3115 2076 decimo
3138 2028 3343 2075 octavo
3357 2021 3589 2073 Psalmo
3613 2019 3771 2071 simul
3788 2032 3845 2082 po-

2283 2116 2467 2167 situm
2501 2114 2729 2166 diversa.
2760 2114 3064 2177 signiﬁcat.
3089 2112 3291 2161 Manus
3314 2117 3432 2175 tuae,
3465 2110 3717 2173 Domine,
3748 2108 3846 2169 fece-

2279 2210 2413 2253 runt
2441 2218 2539 2262 me,
2562 2209 2608 2253 et
2628 2204 3046 2268 plasmaverunt
3068 2216 3168 2253 me.
3186 2202 3432 2252 Factura
3459 2200 3711 2265 primum
3728 2200 3841 2245 loeurt

2285 2294 2459 2356 tenet,
2495 2292 2704 2344 deinde
2737 2291 3062 2356 plasmatio.
3103 2307 3132 2339 ››
3168 2289 3316 2352 Quid
3356 2289 3554 2341 adhuc
3595 2287 3742 2339 aliud
3772 2290 3843 2335 est.

2282 2382 2440 2447 quod
2475 2382 2845 2433 condemnari
2871 2380 3040 2433 vult?
3064 2380 3229 2431 Dicat
3249 2388 3269 2417 ι
3298 2380 3362 2430 ut
3383 2378 3443 2429 id
3466 2378 3541 2430 de
3563 2377 3691 2441 ejus
3709 2374 3841 2427 libris.

2283 2475 2462 2527 immo
2479 2472 2551 2523 de
2575 2473 2703 2535 ejus
2732 2470 2903 2523 corde
2932 2470 3307 2535 proferamus.
3338 2468 3501 2531 Quod
3519 2467 3840 2530 enim,inqui:.

2280 2575 2457 2615 unam
2493 2565 2759 2613 naturam
2793 2564 2852 2612 et
2883 2560 3225 2620 animarum,
3265 2563 3325 2611 et
3356 2558 3731 2623 Angelorum,
3754 2565 3839 2604 mo.

2284 2651 2497 2702 lestum
2512 2651 2750 2702 esthoc.
2777 2649 2887 2701 Sed
2908 2649 3209 2701 videamus
3230 2648 3367 2712 quid
3382 2648 3508 2712 ipse
3534 2646 3608 2698 de
3625 2646 3727 2697 hoc
3749 2654 3839 2692 scn-

2287 2741 2392 2791 tiat
2412 2740 2472 2790 in
2502 2739 2593 2790 his
2616 2739 2795 2803 libris,
2821 2751 2967 2801 quos
2996 2738 3169 2789 nobis
3190 2737 3264 2789 ad
3287 2735 3668 2789 confessionis
3689 2744 3841 2784 exem-

2288 2829 2449 2892 plum
2482 2833 2539 2880 et
2560 2828 2912 2880 adcredendi
2932 2827 3191 2891 regulam
3215 2826 3391 2891 ponit.
3410 2828 3558 2877 Item
3573 2837 3646 2877 ex
3670 2822 3764 2887 [AL
3783 2818 3835 2879 in:

2290 2918 2494 2971 eodem
2523 2917 2669 2969 libro
2698 2918 2769 2969 de
2803 2930 2870 2969 eo
2907 2916 3174 2981 capitulo,
3198 2916 3297 2967 ubi
3320 2915 3602 2979 scriptum
3626 2916 3739 2965 est:
3772 2909 3838 2959 Ve-

2292 3010 2447 3056 niens
2471 3006 2848 3070 evangeliaavit
2867 3021 3049 3069 pacem
3064 3006 3150 3055 his
3168 3006 3265 3069 qui
3277 3005 3498 3068 longe,et
3513 3004 3601 3053 his
3611 3001 3702 3066 qui
3712 3012 3835 3064 prope

597 3088 708 3151 vel,
756 3089 919 3142 Alius
968 3090 1124 3153 dicit,
1155 3104 1261 3144 nec
1284 3095 1479 3145 tamen
1499 3092 1613 3145 ista
1639 3104 1772 3156 qua:
1796 3092 2070 3144 dicuntur
2093 3091 2194 3143 de-
2231 3157 2257 3161 Δγ
2295 3097 2503 3161 (Εριιεε.
2541 3095 2594 3149 2.
2623 3095 2755 3159 17.);
2782 3098 2837 3147 et
2857 3094 3013 3159 quod
3046 3107 3179 3145 cum
3202 3094 3273 3145 de
3295 3096 3325 3145 J
3337 3093 3544 3157 udteis,
3566 3096 3624 3143 et
3645 3090 3711 3141 de
3730 3089 3833 3138 Gen-

595 3178 769 3230 struit
793 3193 806 3229 :
828 3179 938 3232 iste
960 3180 1085 3245 ipse
1109 3180 1185 3232 sit
1206 3180 1459 3245 quidam,
1482 3181 1575 3234 vel
1595 3180 1763 3243 alius,
1778 3180 2032 3232 maxime
2052 3192 2185 3232 cum
2215 3157 2264 3232 Ε
2294 3157 2448 3238 tibus
2471 3157 2718 3250 primum
2744 3157 2851 3249 [AL
2873 3157 3075 3248 primo]
3090 3183 3308 3235 dictum
3324 3182 3706 3246 exposuisset,
3728 3178 3836 3241 posi-

591 3267 713 3330 jam
742 3268 1050 3319 concordes
1066 3269 1156 3320 his
1180 3270 1513 3333 sententias,
1536 3271 1757 3333 absque
1769 3270 1885 3321 ulla
1897 3272 2189 3330 hujusmodi

595 3355 991 3418 interjectione
1015 3370 1295 3421 personae,
1316 3360 1388 3410 ab
1404 3371 1472 3410 eo
1487 3359 1672 3409 dictas
1687 3358 2017 3421 frequenter
2031 3365 2191 3407 osten-

597 3443 796 3495 derim.
812 3444 919 3496 Sed
935 3446 1035 3508 qui
1056 3446 1247 3497 adhuc
1276 3450 1385 3511 est,
1412 3447 1566 3510 quod
1591 3448 1642 3498 ei
1670 3446 2007 3511 displicetin
2028 3448 2143 3499 alio
2160 3451 2191 3499 θ

599 3534 670 3584 Et
710 3537 884 3596 astra,
925 3533 1114 3596 inquit
1153 3534 1258 3598 [AL
1289 3536 1563 3600 quidem],
1606 3536 1698 3588 vel
1730 3542 1940 3588 caetera
1972 3549 2105 3599 qua
2132 3537 2191 3587 in

596 3619 742 3673 caelo
774 3626 930 3685 sunt,
969 3624 1326 3675 rationabilia
1357 3624 1495 3675 dicit
1525 3629 1583 3676 et
1604 3624 1795 3677 delicti
1820 3626 2065 3689 capacia.
2094 3627 2192 3677 Vi-

597 3710 838 3762 deamus
860 3724 993 3776 ergo
1018 3712 1157 3776 quid
1186 3712 1311 3777 ipse
1333 3714 1405 3765 de
1430 3714 1641 3765 talibus
1665 3716 1895 3780 sentiat,
1911 3728 1930 3749 ο
1950 3720 2005 3765 In
2018 3720 2188 3765 eodem

596 3800 740 3852 libro
763 3813 833 3851 ex
855 3801 1058 3853 eodem
1081 3802 1348 3866 capitulo,
1369 3804 1466 3853 ubi
1484 3806 1762 3867 scriptum
1774 3809 1896 3856 est:
1923 3821 1953 3854 ‹‹
1980 3806 2189 3870 Oportet

594 3889 741 3938 enim
768 3904 890 3939 eum
906 3906 1151 3954 regnare,
1177 3892 1342 3941 donec
1360 3898 1529 3957 ponat
1552 3894 1804 3943 inimicos
1834 3911 1959 3944 suos
1980 3895 2076 3944 sub
2099 3911 2190 3959 pe-

594 3978 751 4027 dibus
769 3980 883 4027 suis
910 3982 982 4043 (Ῑ.
1015 3980 1141 4030 Cor.
1182 3979 1340 4034 15.25
1363 3983 1398 4045 ),
1420 3987 1553 4046 post
1574 3984 1868 4047 aliquanta
1892 3999 1905 4035 :
1932 3986 2185 4046 «Potest,

596 4067 801 4131 inquit,
827 4069 906 4120 ita
927 4070 1275 4133 responderi,
1305 4072 1460 4134 quod
1488 4073 1708 4135 absque
1730 4078 1966 4137 peccato
1991 4074 2188 4126 nullus

598 4157 688 4208 sit.
715 4159 786 4208 Et
814 4158 1004 4209 sidera
1024 4158 1149 4222 ipsa
1171 4172 1289 4211 non
1320 4160 1437 4212 sint
1463 4162 1684 4213 munda
1696 4174 1889 4213 coram
1911 4164 2030 4214 Deo
2054 4164 2186 4223 (Job.

595 4243 1036 4309 15.),omnisque
1059 4252 1318 4299 creatura
1336 4254 1543 4312 paveat
1564 4250 1845 4302 Creatoris
1861 4251 1964 4314 [AL
1993 4251 2189 4305 Salva-

596 4335 755 4399 toris]
777 4336 1110 4388 adventum.
1130 4337 1291 4390 Unde
1302 4350 1447 4390 crux
1470 4338 1780 4391 Salvatoris
1795 4352 1914 4392 non
1928 4340 2115 4393 solum
2130 4357 2188 4391 ea

593 4523 798 4572 verum,
821 4510 1228 4573 praetermissis
1244 4510 1476 4575 gemino
1499 4510 1593 4568 vel,
1621 4516 1679 4563 et
1701 4513 1974 4561 amittitur
1986 4513 2179 4565 verbo.

595 4582 881 4631 Caeterum
907 4582 1082 4645 digna
1100 4582 1271 4643 lectu,
1296 4596 1426 4645 quae
1442 4583 1533 4633 his
1557 4584 1939 4647 Hieronymus
1963 4585 2186 4649 reponit

597 4650 837 4714 Apolog.
873 4651 920 4705 1.
966 4654 1069 4701 Sin
1107 4660 1304 4717 autem,
1344 4655 1630 4717 inquiens,
1668 4662 1839 4719 putat,
1881 4656 2079 4705 idcirco
2107 4673 2187 4705 me

600 4720 879 4783 Origencm
892 4725 1197 4786 sequi,quia
1210 4724 1479 4789 profectus
1494 4731 1539 4773 et
1552 4727 1846 4789 honores,et
1857 4729 2188 4778 ascensiones

596 4797 643 4840 et
667 4792 1038 4855 descensiones,
1064 4796 1391 4845 incrementa
1415 4802 1459 4845 et
1482 4797 1885 4846 imminutiones
1898 4799 1956 4846 in
1975 4800 2188 4860 exposi-

598 4863 741 4912 tione
763 4878 883 4912 mea
910 4866 1089 4927 posui,
1120 4866 1253 4915 sciat
1278 4867 1511 4915 multum
1544 4868 1787 4916 interesse
1814 4870 1875 4917 de
1896 4870 2117 4934 Angelis
2141 4876 2187 4919 et

596 4934 889 4998 Seraphim
906 4941 950 4984 et
978 4936 1267 4986 Cherubim
1290 4939 1460 4987 dicere
1476 4938 1734 4989 daemones
1749 4945 1793 4988 et
1811 4943 2055 4990 homines
2068 4942 2188 5005 ﬁeri

594 5006 741 5070 quod
768 5006 1014 5069 afﬁrmat
1051 5007 1319 5072 Origenes;
1357 5014 1403 5058 et
1431 5011 1573 5073 ipsos
1610 5011 1749 5059 inter
1771 5028 1821 5061 se
1848 5013 2078 5076 Angelos
2101 5014 2189 5061 di-

594 5093 744 5127 versa
765 5077 1073 5141 ofﬁciorum
1086 5094 1284 5143 genera
1299 5096 1402 5129 esse
1412 5083 1640 5146 sortitos,
1667 5085 1812 5148 quod
1823 5084 2060 5133 Ecclesiae
2074 5100 2187 5133 non

594 5154 878 5214 repugnat.

659 5230 677 5249 ·
702 5223 873 5272 Tacet
888 5222 947 5273 in
972 5222 1359 5275 Guarneriano
1383 5237 1489 5275 ms.
1516 5226 1766 5275 Ecclesia.

657 5292 679 5321 δ
701 5293 858 5343 Idem
881 5309 1067 5342 eorum
1094 5297 1308 5347 reticet.
1350 5299 1675 5349 Econtrario
1700 5297 1881 5348 multo
1905 5297 2078 5348 habet
2100 5298 2189 5350 in-

595 5365 812 5428 tegrius
836 5367 1383 5419 Commentariorum
1398 5368 2109 5432 textus,quemadmodum
2132 5375 2189 5421 et

590 5435 717 5486 huic
748 5437 1131 5501 supplendum
1158 5440 1432 5492 vid.:atur.
1461 5442 1682 5504 Agnitio
1708 5456 1825 5488 vero
1850 5455 2052 5503 eorum,
2072 5455 2188 5504 qua:

587 5508 747 5571 prius
790 5511 1020 5574 scientes,
1062 5512 1304 5577 deinceps
1357 5514 1489 5562 scire
1535 5514 1841 5573 desivimus,
1898 5527 2188 5577 eorumque

589 5584 772 5641 postea
812 5582 1178 5632 recordamur.

658 5658 675 5677 ε
700 5649 992 5713 Perperam
1007 5667 1139 5704 cum
1158 5656 1394 5705 Erasmo
1410 5654 1667 5705 Martian.
1689 5653 2188 5717 Suspicamur;non

594 5722 748 5775 enim
775 5725 1151 5789 Hieronymus
1172 5727 1593 5791 suspicabatur,
1609 5725 1711 5777 sed
1723 5725 2187 5795 Origenes,cujus

2288 3275 2527 3327 modum
2559 3274 2777 3326 addidit
2802 3273 2930 3325 hac
2950 3288 3008 3324 ;‹‹
3026 3275 3093 3323 Et
3117 3273 3244 3323 haec
3264 3270 3497 3335 quidem
3522 3271 3543 3300 "
3564 3271 3729 3332 juxta
3744 3263 3825 3314 Vul

2288 3369 2481 3428 gatam
2514 3363 3039 3427 interpretationem
3064 3360 3217 3412 dicta
3249 3361 3363 3411 sint
3384 3359 3490 3423 [AL
3518 3356 3834 3420 sunt].Ceele-

2288 3466 2417 3505 rum
2440 3453 2576 3517 quid
2598 3451 2741 3503 illud
2766 3450 3020 3515 Apostoli
3038 3450 3194 3513 legit,
3207 3449 3278 3501 de
3292 3448 3517 3501 Christo
3540 3443 3833 3497 memoranlis.

2290 3543 2483 3592 Pacem
2501 3542 2707 3605 faciens
2725 3556 2823 3605 per
2846 3540 3171 3603 sanguinem
3203 3539 3376 3587 crucis
3397 3553 3506 3587 suae
3549 3536 3633 3585 his
3671 3546 3772 3597 qua:
3794 3543 3829 3575 ιη

2288 3635 2431 3680 terra
2468 3637 2641 3690 erant,
2682 3635 2727 3679 et
2753 3630 2838 3679 his
2860 3644 2978 3693 quae
3001 3629 3061 3676 in
3083 3628 3219 3676 caelis
3238 3628 3449 3692 (Ephes.
3471 3626 3565 3689 2.).
3593 3627 3651 3675 et
3671 3624 3833 3673 cetera

2288 3732 2419 3783 qua:
2447 3719 2509 3770 in
2538 3719 2739 3770 eodem
2762 3717 3033 3769 dicuntur
3053 3715 3196 3778 loco,
3220 3728 3336 3767 non
3372 3715 3600 3779 putabit
3629 3722 3743 3769 nos,
3765 3718 3830 3767 qu:

2279 3811 2449 3873 juxta
2482 3808 2746 3870 spiritum
2775 3806 2951 3857 Israel
2980 3818 3279 3867 vocamur,
3300 3804 3481 3855 fuisse
3503 3804 3669 3865 longe
3690 3803 3741 3849 et
3759 3797 3831 3844 Ju-

2287 3899 2465 3961 daaos,
2491 3899 2587 3961 qui
2604 3896 2998 3948 tantummodo
3020 3896 3190 3946 Israel
3211 3899 3617 3958 nuncupantur
3631 3891 3686 3941 in
3703 3898 3827 3935 carm“-

2285 3987 2466 4038 fuisse
2484 3999 2672 4051 prope.
2688 3988 2758 4037 Et
2781 3986 2928 4037 hanc
2953 3988 3131 4036 totam
3150 3984 3586 4047 intelligentiam
3601 3978 3670 4031 ad
3685 3980 3829 4034 Ange-

2284 4075 2374 4128 los
2398 4077 2755 4138 virtutesque
2777 4074 3058 4136 caalestes,
3089 4078 3145 4125 et
3173 4073 3247 4125 ad
3268 4073 3492 4124 animas
3510 4073 3522 4102 ί
3541 4059 3827 4131 temperabit

2285 4167 2590 4229 humanas,
2631 4164 2785 4228 quod
2816 4164 2877 4215 in
2911 4176 3016 4215 suo
3052 4163 3310 4214 Christus
3342 4161 3621 4224 sanguine
3652 4159 3827 4207 terrena

2285 4259 2344 4307 et
2366 4255 2621 4306 caelestia
2643 4253 3012 4318 copulaverit,
3032 4264 3161 4316 qum
3184 4252 3332 4303 inter
3348 4263 3409 4302 se
3425 4238 3827 4300 dissidébantEt

2285 4342 2472 4393 bonus
2498 4346 2693 4406 pastor
2710 4342 3029 4394 morbidam
3050 4341 3125 4393 ad
3146 4345 3374 4393 montes
3396 4342 3688 4391 revectans
3698 4334 3824 4383 ovem

2206 4523 2264 4596 ι)
2294 4514 2387 4596 ille
2410 4514 2844 4596 espo’sitionem,
2858 4511 3219 4593 dissimulato
3235 4510 3483 4590 nomine,
3497 4502 3723 4596 enarrat.
3738 4500 3825 4543 VerC

2292 4586 2434 4637 adeo
2456 4586 2511 4635 in
2537 4583 2970 4635 Commentariis
2995 4595 3224 4646 quoque
3249 4581 3608 4645 suspicantur.
3821 4630 3826 4636 .

2349 4655 2369 4684 δ
2396 4656 2573 4707 Addit
2594 4669 2701 4705 ms.
2722 4656 2918 4703 iterum
2945 4674 2955 4702 :
2980 4655 3145 4704 tertio
3174 4656 3365 4703 autem
3388 4652 3459 4701 ab
3482 4650 3590 4701 hoc
3616 4649 3776 4695 versu.
3794 4646 3823 4679 ει

2287 4728 2507 4792 quando
2541 4729 2645 4775 htec
2672 4727 2844 4791 ponit,
2871 4726 3006 4789 quia
3030 4725 3190 4787 dicat,
3217 4724 3293 4771 rel
3322 4722 3464 4771 alius
3486 4722 3640 4777 dicat,
3663 4712 3825 4792 πεῖσμ’

2286 4778 2510 4850 men..."
2559 4778 2797 4855 destruit,
2838 4778 2947 4860 ipse
2996 4797 3084 4845 sit.
3128 4778 3363 4845 Inferius
3389 4793 3575 4843 denuo
3598 4778 3826 4860 tacetllmf

2278 4871 2541 4934 jusmodi.
2584 4850 2794 4920 deinde,
2824 4850 2965 4919 satis
2997 4867 3203 4917 vitiose
3237 4850 3821 4934 fraudenturpstendfif:

2286 4924 2387 5005 pro
2410 4941 2715 5003 frequenter
2749 4938 3087 4988 ostenderim.
3126 4938 3190 4988 1d
3221 4924 3405 5001 genus
3429 4930 3633 4985 menda
3652 4924 3821 4990 passm)

2285 5012 2418 5063 alibi
2442 5010 2892 5063 dissimulamus.
3469 5076 3478 5078 _
3619 5068 3649 5078 _,

2348 5092 2366 5113 ·
2391 5083 2663 5146 Legimus
2699 5095 2831 5132 cum
2868 5078 3196 5139 Guarnerio,
3236 5076 3545 5141 praeposita
3584 5071 3818 5146 etiamff

2285 5130 2971 5224 laiz—dgvuﬁiantea'enim
2994 5130 3115 5203 erat
3136 5130 3406 5201 continua
3426 5146 3586 5205 serie,
3606 5154 3666 5190 ex
3685 5130 3817 5183 εοίίενη

2287 5216 2421 5275 libro
2446 5216 2517 5273 in
2530 5216 2595 5273 ad
2612 5225 2866 5288 capitulo,
2893 5228 3000 5274 etc.
3738 5273 3746 5288 ἵ

2349 5297 2367 5329 ί
2390 5298 2575 5347 Antea
2597 5278 2835 5357 vulgati,
2855 5278 2916 5342 de
2944 5299 3087 5342 terra
3112 5292 3277 5350 elimo
3302 5278 3816 5364 trahitpumeljﬁi'

2286 5381 2413 5431 ms.,
2440 5368 2501 5415 (le
2525 5373 2667 5416 terra
2691 5350 2734 5414 ἐξ
2759 5350 2903 5415 tirno.
2933 5367 3076 5417 Sunt
3099 5378 3232 5415 vero
3244 5360 3517 5414 aliahaud
3530 5350 3815 5424 pauca.(lum

2288 5453 2460 5504 supra
2483 5446 2657 5502 atque
2680 5438 2828 5489 infra
2849 5438 3248 5488 emendamus.

2349 5495 2757 5562 {Desideratur
2779 5510 2837 5560 in
2861 5509 3249 5559 Guarneriano
3278 5518 3385 5556 ms.
3412 5509 3471 5552 ut
3493 5495 3698 5555 vocula-

2348 5582 2370 5612 ¹³
2395 5582 2693 5634 Interserit
2723 5580 2873 5631 idem
2891 5593 3030 5642 ms.,
3058 5579 3257 5642 inquit.

2348 5654 2449 5704 ‘In
2465 5666 2597 5715 ms.,
2631 5652 2959 5734 ιειηρεναΡίίθ
2997 5624 3055 5702 ἐπ’
3085 5624 3241 5731 Πῖρκν
3267 5624 3812 5737 θορυίαυίίξ.ίᾳῗιὲιιῗῗ

2285 5702 2885 5777 ιιδιᾶἆῐόώωθίιωιιίί
2902 5702 3117 5787 textus,
3135 5702 3275 5769 inter
3286 5702 3337 5771 si
3360 5724 3519 5769 antea
3530 5702 3810 5766 dissidebant-
