3900 6392
22 373 120 428 S77

1194 369 1569 421 APOLOGUE
1604 370 1814 422 LIBER
1847 372 2127 425 PRIMUS.

3214 377 3321 433 578

26 487 165 535 Luc.
196 483 328 548 15.),
350 483 547 537 fecerit
574 496 704 536 esse
727 494 862 535 cum
884 482 1106 536 caeteris
1130 494 1142 533 :
1171 482 1620 546 drachmamque
1644 487 1699 560 Α
1724 485 2046 545 ρει,εωίωω
2062 484 2398 537 fuerunt.Et
2412 486 2726 552 quomodo,
2739 499 2938 551 quaeso
2951 493 3126 555 te,tam
3140 494 3318 559 amico,

22 588 152 639 Iure
186 575 452 640 perierat,
479 573 770 625 drachmis
794 585 925 637 quae
950 571 1126 624 salvae
1142 571 1352 623 fuerint.
1369 571 1473 634 [Αι.
1500 571 1622 623 fue-

22 666 152 729 rintj
166 704 183 728 ,
222 664 593 729 copulaverit.
621 680 650 712 »

72 754 170 808 39.
197 754 377 805 Vides
395 757 670 817 quantam
686 752 1078 804 diversitatem
1103 755 1327 803 naturae
1347 750 1481 802 facit
1498 753 1626 800 inter

21 844 247 895 inimas
270 849 329 895 et
349 842 602 908 Angelos
624 844 651 893 ?
674 844 899 904 Quanta
922 847 1025 897 est.
1050 842 1257 905 inquit,
1283 840 1430 892 inter
1457 853 1624 892 ovem

21 936 67 984 at
83 945 258 996 oves,
283 936 341 984 et
363 933 514 983 inter
528 931 860 983 drachmam
881 932 936 981 et
959 930 1281 990 drachmas,
1302 930 1407 981 Sed
1425 934 1482 980 et
1496 933 1627 993 post

21 1034 208 1087 pauca
252 1021 475 1073 addidit
515 1020 749 1072 dicens:
782 1039 804 1066 ιι
832 1020 993 1081 Quod
1039 1024 1232 1071 autem
1275 1019 1372 1081 ait,
1406 1020 1467 1067 Ut
1492 1020 1625 1067 duos

30 1112 123 1163 Al.
146 1111 282 1175 duo]
306 1111 551 1160 conderet
568 1110 910 1174 insemetipso
935 1110 997 1158 in
1022 1124 1198 1160 unum
1220 1123 1420 1157 novum
1457 1109 1626 1158 homi-

21 1216 172 1249 vtem:
205 1200 364 1263 quod
389 1204 448 1251 et
474 1199 658 1263 magis
677 1197 907 1250 videtur
936 1198 1211 1262 superiori
1235 1198 1306 1249 de
1326 1198 1548 1250 Judaais
1570 1202 1628 1249 et

22 1289 308 1341 Sentibus
327 1288 430 1351 [AL
457 1287 797 1351 Gentilibus]
829 1287 1027 1338 sensui
1048 1287 1369 1351 convenire,
1400 1290 1482 1337 sic
1502 1298 1626 1339 suas

22 1377 424 1443 .ntelligentitze
445 1376 727 1441 coaptabit
758 1376 861 1440 [ΑΙ.
877 1376 1184 1440 coaptavit]
1213 1391 1226 1427 :
1257 1378 1321 1427 ut
1343 1376 1496 1427 dicat
1517 1376 1628 1427 ho-

21 1464 589 1532 minem345juxta
609 1465 937 1529 imaginem.
957 1470 1013 1516 et
1028 1464 1507 1516 similititudinem
1524 1466 1628 1516 Dei

21 1555 262 1617 factum,
279 1554 541 1607 eamdem
567 1558 700 1619 post
733 1554 1254 1605 reconciliationem
1279 1554 1522 1606 formam
1547 1566 1629 1606 re-

21 1650 351 1710 cepturum,
365 1655 541 1706 quam
556 1646 612 1693 et
633 1654 791 1694 nunc
813 1641 1016 1705 Angeli
1039 1642 1268 1703 habent,
1291 1645 1348 1692 et
1364 1641 1485 1706 ipse
1498 1655 1628 1706 per-

21 1735 184 1785 didit.
206 1736 440 1786 Novnm
455 1736 648 1784 autem
659 1731 955 1783 hominem
972 1731 1107 1783 dicit
1122 1745 1268 1791 esse,
1288 1731 1384 1794 qui
1402 1733 1628 1791 quotidie

1723 574 2040 638 immojam
2061 587 2167 627 nec
2210 578 2412 636 amice,
2444 577 2545 628 sed
2599 577 2910 630 scurriliter
2953 580 3323 635 mulierculas

1684 676 1691 681 '
1724 662 2019 725 irridebas,
2045 676 2176 727 qua;
2193 677 2327 715 cum
2349 664 2559 728 plausu
2573 667 2794 718 ventris
2810 672 2869 719 et
2882 667 3135 735 femoris,
3152 683 3323 736 nega-

1724 757 1851 804 rent
1862 766 1920 803 se
1934 755 2064 817 post
2088 754 2564 806 resurrectionem
2579 755 2638 806 in
2654 768 2889 820 corpore
2914 758 3125 811 iterum
3151 763 3318 823 fragili

1723 841 1968 905 futuras,
1988 843 2088 893 sed
2107 842 2323 894 similes
2340 844 2595 908 Angelis,
2612 844 2966 910 velidipsum
2976 847 3203 900 futuras
3215 865 3324 900 esse

1725 931 1879 994 quod
1920 931 2223 995 Angelos?
2258 932 2328 983 Et
2355 932 2481 984 haec
2519 945 2652 986 cum
2692 938 2848 986 tanta
2871 936 3131 1009 irrisione
3154 938 3266 990 dici
3289 951 3325 991 a

1724 1019 2064 1072 mulieribus
2079 1020 2293 1084 arguis,
2310 1033 2443 1083 quin
2455 1021 2526 1073 de
2549 1022 2666 1073 tuis
2680 1022 2789 1075 illis
2803 1023 2998 1076 electis
3019 1027 3322 1080 Commen-

1724 1109 1883 1160 tariis
1922 1109 2134 1174 scripta
2173 1110 2554 1174 proferuntur.
2591 1112 2885 1176 Numquid
2923 1126 3043 1167 non
3070 1115 3178 1168 hoc
3213 1116 3317 1168 tibi

1724 1198 1834 1251 tale
1857 1198 2098 1264 videtur,
2125 1199 2293 1263 quale
2318 1199 2367 1252 si
2384 1200 2516 1264 quis
2538 1200 2673 1253 furti
2687 1201 2861 1254 alium
2872 1202 3167 1268 incusans,
3183 1206 3321 1271 idip-

1727 1300 1856 1339 sum
1870 1287 2023 1340 unde
2037 1287 2213 1340 alium
2229 1289 2437 1353 arguit,
2458 1291 2516 1340 in
2543 1302 2650 1341 suo
2680 1291 2812 1343 sinu
2829 1296 3095 1357 contegat
3112 1297 3319 1358 furtum,

1726 1378 1781 1428 et
1801 1381 2177 1441 posteaquam
2204 1377 2316 1429 late
2360 1380 2665 1443 peroravit,
2711 1385 2770 1431 et
2803 1382 3107 1445 magniﬁce
3152 1382 3324 1435 fuerit

1725 1465 1992 1517 invectus
2024 1466 2085 1517 in
2110 1465 2313 1528 furem,
2349 1469 2723 1531 posteaquam
2761 1472 2939 1521 testes
2973 1471 3320 1536 produxerit,

1721 1554 1870 1618 juris
1894 1566 2124 1618 quoque
2142 1556 2374 1619 jurandi
2397 1556 2615 1609 dederit
2639 1563 3021 1611 sacramenta:
3048 1564 3183 1624 post
3195 1561 3324 1614 hmo

1726 1643 1920 1694 omnia
1942 1643 2160 1695 furtum
2191 1643 2401 1708 ipsum,
2417 1657 2519 1709 pro
2532 1645 2554 1674 ⁴
2565 1658 2681 1709 quo
2696 1646 2873 1698 alium
2885 1648 3007 1712 jam
3046 1661 3108 1700 se
3124 1649 3323 1702 convi-

1726 1732 1875 1783 cisse
1890 1735 2210 1797 putaverat,
2224 1732 2295 1785 de
2309 1734 2440 1785 sinu
2457 1735 2584 1796 ejus
2599 1735 2937 1788 extrahatur
2948 1741 2971 1786 7
2986 1738 3135 1789 Tum
3146 1740 3328 1788 deinde

21 1823 357 1884 renovatur,
384 1826 443 1872 et
465 1820 829 1872 habitaturus
845 1821 933 1871 est
946 1820 1003 1870 in
1015 1827 1167 1871 noVo
1184 1819 1417 1870 mundo.
1445 1834 1473 1866 ‹‹
1490 1821 1626 1867 Sicut
1654 1800 1707 1873 B
1731 1824 1931 1886 arguis
1957 1821 2118 1886 alios,
2137 1822 2291 1885 quod
2311 1822 2642 1888 interrogati
2656 1823 2729 1876 de
2741 1824 2950 1877 talibus
2967 1841 3068 1875 non
3082 1833 3323 1891 prompte,

21 1922 34 1940 '
63 1924 209 1964 oves
246 1912 321 1963 ab
345 1922 470 1975 ove,
503 1912 558 1962 et
581 1907 1518 1961 drachmaadrachmisditferunt:
1543 1909 1626 1960 ita

21 2007 73 2055 et
92 2002 332 2053 animas
360 2012 493 2053 cum
525 1999 759 2063 Angelis
796 2011 926 2051 esse
950 1998 1103 2060 dicit,
1149 2000 1205 2050 et
1228 1997 1487 2049 eamdem
1512 1997 1626 2049 for-

21 2104 196 2154 mam,
225 2103 407 2155 quam
448 2103 607 2142 nunc
634 2089 851 2141 habent
881 2088 1102 2153 Angeli,
1131 2089 1290 2152 prius
1313 2088 1486 2139 homo
1520 2087 1625 2139 ha-

21 2181 230 2246 buerit,
259 2184 317 2233 et
362 2178 687 2244 perdiderit,
725 2182 782 2230 et
806 2178 1095 2229 hominem
1126 2177 1460 2229 habiturum
1489 2176 1627 2228 dicit

21 2273 78 2323 in
95 2272 324 2323 futuro.
343 2270 398 2322 Si
420 2273 643 2331 natura,
672 2267 722 2319 si
752 2266 956 2331 specie,
985 2267 1033 2317 si
1051 2270 1229 2318 forma
1254 2279 1373 2318 non
1384 2266 1623 2330 diﬁ‘erat,

21 2360 318 2426 quomodo
333 2359 528 2412 nullus
553 2357 736 2422 pudor
751 2361 841 2409 est
862 2356 1085 2409 erudito
1114 2356 1332 2407 homini
1346 2368 1481 2407 suas
1506 2368 1627 2407 sen-

23 2450 233 2502 tentias
265 2449 378 2500 sub
412 2447 645 2499 alterius
680 2446 910 2498 nomine
939 2445 1340 2507 condemnare,
1375 2443 1626 2496 maxime

21 2553 150 2592 cum
174 2539 295 2591 hoc
317 2538 399 2590 ita
412 2549 530 2590 non
546 2535 871 2588 secundum
887 2534 1188 2599 vulgatam
1206 2533 1626 2598 expositionem

23 2628 121 2680 sed
138 2626 475 2680 secundum
491 2624 751 2690 Apostoli
763 2636 1001 2680 sensum
1014 2623 1125 2674 dici
1136 2622 1340 2674 debere
1356 2625 1590 2671 decernas
1601 2624 1628 2672 ‘t

24 2719 129 2770 Sed
160 2717 474 2770 videamus
502 2714 640 2779 quid
676 2714 750 2765 ad
773 2713 899 2765 haec
922 2713 983 2764 in
1006 2713 1204 2764 eodem
1228 2711 1353 2763 loco
1376 2710 1625 2763 additur.

28 2812 160 2860 Post
180 2818 376 2873 pauca
400 2805 483 2857 sic
509 2804 769 2867 inquitza
799 2805 866 2854 Et
888 2801 1368 2855 instaurationem
1392 2801 1529 2853 novi
1554 2801 1629 2852 ho

26 2897 199 2947 minis
216 2900 365 2947 tunc
384 2893 547 2958 plene
558 2891 915 2957 perfecteque
930 2889 1346 2955 complendam,
1367 2903 1500 2942 cum
1512 2902 1630 2941 coe-

26 2985 191 3037 lestia
207 2982 615 3046 terrestriaque
626 2982 732 3046 [Αι.
750 2979 1107 3044 terrenaque]
1121 2979 1331 3031 fuerint
1346 2980 1628 3043 copulata,

26 3076 153 3127 etin
167 3087 295 3127 uno
319 3072 521 3138 spiritu
538 3074 597 3124 et
617 3084 794 3123 sensu
808 3070 1128 3133 eademque
1155 3069 1439 3121 sententia
1462 3084 1631 3117 acces-

30 3165 285 3217 serimus
312 3161 386 3214 ad
419 3164 661 3213 Patrem.
688 3159 893 3211 Nescio
917 3159 1055 3222 quid
1082 3157 1190 3211 tale
1205 3163 1264 3210 et
1283 3159 1343 3210 in
1370 3158 1482 3210 alia
1503 3157 1635 3222 Epi-

31 3254 171 3305 stola
186 3252 259 3318 (si
278 3250 410 3315 quis
444 3252 640 3301 tamen
668 3261 797 3301 eam
828 3248 1103 3313 receperit
1119 3248 1221 3312 [AL
1244 3246 1480 3312 recipit)]
1509 3260 1635 3310 pru-

31 3342 305 3394 dentibus
318 3338 646 3403 quibusque
656 3337 964 3390 lectoribus
982 3337 1192 3388 Paulus
1206 3336 1551 3396 subindicat,
1565 3338 1636 3384 di-

34 3444 197 3482 cens:
229 3428 307 3479 Hi
343 3442 525 3477 omnes
570 3426 935 3476 testimonium
975 3425 1104 3489 ﬁdei
1145 3426 1480 3489 accipientes,
1521 3440 1632 3474 non

35 3520 53 3548 ¹’
73 3522 393 3585 receperunt
446 3516 883 3582 promissionem,
927 3516 1034 3565 Deo
1080 3531 1181 3580 pro
1225 3514 1377 3564 nobis
1421 3515 1637 3579 aliquid

38 3610 223 3658 melius
232 3606 746 3673 providentezutnon
757 3604 952 3669 absque
967 3604 1119 3654 nobis
1129 3609 1638 3654 consummarcntur

39 3698 176 3759 (Heb.
203 3698 317 3760 9.).
354 3698 658 3760 Propterea
690 3694 957 3747 universa
978 3697 1241 3745 creatura
1263 3694 1640 3759 congemiscit

39 3789 138 3852 [ΑΙ.
168 3785 539 3852 ingemiscet]
562 3785 884 3847 nobiscum,
911 3783 1008 3847 qui
1054 3783 1114 3834 in
1140 3784 1503 3835 tabernaculo
1527 3784 1638 3835 isto

42 3875 528 3941 congemiscimus
555 3888 568 3924 :
599 3879 655 3925 et
698 3872 980 3935 condolet,
1023 3872 1179 3936 quia
1225 3872 1424 3925 timore
1456 3872 1555 3923 Dei
1578 3872 1640 3923 in

43 3970 197 4017 utero
224 3963 619 4029 concepimus,
652 3965 710 4015 et
733 3963 1016 4022 dolemus,
1043 3963 1443 4026 praestolamur
1481 3974 1642 4013 reve-

43 4055 321 4108 lationem
357 4051 600 4105 ﬁliorum
617 4053 739 4116 Dei,
766 4055 829 4104 ut
852 4052 924 4104 de
950 4053 1197 4104 vanitate
1221 4051 1533 4108 servitutis,
1551 4050 1642 4102 cui

46 4158 197 4197 nunc
218 4145 316 4197 est
358 4143 640 4207 subjecta,
662 4142 952 4203 liberetur,
977 4146 1036 4194 et
1060 4142 1163 4193 ﬂat
1188 4154 1342 4193 unus
1371 4144 1567 4205 pastor
1586 4143 1645 4192 et

46 4248 196 4287 unus
237 4245 406 4299 grex,
430 4235 488 4283 et
521 4232 709 4283 Oratio
732 4232 959 4283 Domini
982 4232 1335 4296 compleatur
1357 4230 1602 4283 dicentis
1627 4244 1641 4281 :

46 4326 163 4375 Fiat
190 4323 445 4373 voluntas
468 4327 563 4370 tua
604 4322 742 4373 sicut
784 4322 845 4372 in
874 4322 991 4372 caelo
1014 4328 1061 4371 et
1084 4322 1145 4371 in
1176 4327 1319 4372 terra
1355 4322 1562 4385 (Matth.
1590 4320 1641 4375 6.

52 4412 173 4479 ‘10.).
208 4430 240 4464 ››
266 4410 532 4464 Cwlestia
555 4415 611 4463 et
641 4412 944 4476 terrestria,
967 4412 1025 4463 id
1056 4415 1163 4476 est,
1196 4411 1447 4476 Angelos
1471 4416 1528 4463 et
1549 4411 1646 4463 ho-

1726 1923 1833 1962 nec
1857 1911 2057 1963 statim
2102 1911 2506 1976 respondeant,
2543 1913 2643 1964 sed
2688 1915 3079 1967 cunctabundi
3101 1920 3159 1968 et
3176 1921 3327 1969 nutu

1725 2001 1912 2065 magis
1928 2012 2103 2065 quam
2126 2001 2323 2053 verbis
2345 2006 2538 2067 agant.
2557 2004 2628 2054 Et
2648 2002 2792 2055 hoc.
2814 2003 2942 2068 ipse
2964 2004 3033 2057 de
3049 2005 3326 2070 Apostolo

1726 2088 1887 2152 dicis,
1905 2089 2063 2153 quod
2077 2090 2272 2142 nescio
2288 2090 2425 2154 quid
2455 2091 2565 2143 tale
2593 2091 2655 2143 in
2681 2091 2934 2156 Epistola
2945 2106 3053 2145 sua
3074 2093 3325 2158 pruden-

1727 2179 1884 2230 tibus
1896 2179 2221 2242 quibusque
2233 2180 2542 2232 lectoribus
2564 2180 2907 2233 subindicat.
2928 2182 2985 2234 Si
2998 2182 3210 2259 Paulus
3223 2198 3323 2233 non

1724 2267 1955 2329 indicat,
1969 2268 2069 2319 sed
2082 2269 2423 2329 subindicat,
2451 2274 2509 2321 et
2519 2282 2633 2321 non
2645 2270 3196 2335 quibuscunque,sed
3208 2287 3324 2333 pru-

1725 2356 2016 2421 dentibus,
2030 2369 2137 2408 nos
2148 2357 2394 2409 miseros
2406 2356 2544 2420 quid
2560 2357 2778 2417 irrides,
2796 2370 2830 2409 o
2845 2364 3041 2411 noster
3051 2363 3317 2422 paenitens,

1728 2446 1777 2497 si
1794 2445 1947 2509 quod
1958 2446 2271 2510 Apostolus
2281 2459 2401 2500 non
2416 2447 2718 2500 manifeste
2727 2448 2981 2513 protulit,
2997 2453 3102 2501 aut
3111 2452 3321 2514 nescire,

1725 2539 1828 2587 aut
1838 2534 2099 2588 dubitare
2113 2548 2220 2588 nos
2237 2534 2693 2600 dicimus,etnon
2703 2541 2822 2589 tam
2834 2535 3323 2602 intelligere,quem

1729 2624 2180 2688 subintelligere,
2209 2626 2265 2677 et
2286 2624 2414 2678 ideo
2439 2638 2555 2677 non
2584 2630 2704 2677 tam
2722 2625 3046 2678 indicamus
3062 2627 3165 2679 sed
3187 2628 3327 2680 sub-

1728 2713 2050 2765 indicamus
2063 2717 2090 2765 ?
2104 2716 2135 2765 J
2139 2727 2232 2765 am
2250 2714 2299 2765 si
2323 2713 2427 2766 tibi
2442 2713 2693 2767 revelata
2713 2716 2852 2767 sunt
2860 2715 2955 2767 illa
2969 2728 3103 2780 quas
3121 2715 3325 2769 oculus

1728 2815 1848 2854 non
1888 2802 2050 2866 vidit,
2086 2815 2194 2855 nec
2228 2803 2383 2855 auris
2398 2802 2638 2866 audivit,
2665 2803 2794 2855 etin
2817 2816 2916 2856 cor
2935 2804 3188 2856 hominis
3208 2817 3327 2857 non

1728 2890 2151 2943 ascenderunt:
2178 2890 2227 2942 si
2252 2891 2355 2943 tibi
2377 2890 2397 2926 τ
2425 2892 2583 2944 venit
2605 2891 2761 2955 quod
2780 2892 3095 2956 perfectum
3125 2894 3234 2956 est,
3267 2895 3326 2944 et

1729 2979 2022 3031 destructa
2039 2979 2138 3031 tibi
2158 2985 2298 3032 sunt
2316 2992 2386 3032 ea
2400 2992 2531 3043 quas
2546 2993 2621 3032 ex
2648 2984 2809 3044 parte
2840 2984 3006 3032 sunt:
3045 2981 3231 3032 clama
3251 2982 3324 3033 de

1731 3067 1823 3119 his
1846 3073 1905 3120 et
1926 3067 2193 3132 pradica,
2216 3073 2275 3119 et
2295 3080 2427 3132 qua
2448 3068 2791 3133 Apostolum
2815 3069 3214 3121 subindicasse
3232 3069 3323 3121 dl-

1733 3157 1835 3218 cis,
1872 3160 1938 3209 tu
1979 3156 2186 3220 indica,
2223 3157 2323 3221 qui
2353 3170 2469 3210 non
2482 3160 2671 3210 solum
2693 3170 2762 3210 ea
2784 3170 2917 3222 quae
2941 3158 3322 3222 subindicata,

1733 3259 1935 3299 verum
1957 3251 2016 3299 et
2037 3258 2170 3310 quae
2204 3246 2542 3299 conﬁrmata
2575 3248 2647 3299 ab
2671 3260 2737 3299 eo
2762 3247 2966 3299 scribis
2988 3260 3136 3308 esse,
3171 3259 3327 3300 nunc

1735 3336 1995 3389 damnas.
2012 3338 2151 3389 Haec
2162 3336 2315 3388 enim
2328 3336 2522 3388 omnia
2541 3349 2673 3401 quis
2688 3350 2846 3390 nunc
2854 3338 3328 3390 anathematizari

1730 3426 1927 3491 jubes,
1958 3425 2097 3477 dum
2123 3425 2383 3490 Apostoli
2398 3426 2549 3479 dicta
2573 3426 2834 3491 exponis,
2855 3426 3248 3491 adstruxeras,
3274 3428 3332 3480 et

1737 3520 2014 3578 tanquam
2037 3514 2192 3567 illius
2216 3516 2487 3567 sensibus
2507 3515 2635 3568 haec
2649 3516 2865 3569 inserta
2886 3529 3014 3569 esse
3033 3516 3328 3569 docueras.

1819 3601 1994 3670 347
2029 3603 2116 3659 40.
2155 3603 2302 3664 Quid
2335 3604 2527 3656 adhuc
2558 3604 2714 3657 aliud
2750 3610 2856 3670 est,
2882 3604 3036 3669 quod
3061 3604 3331 3657 damnare

1738 3696 1981 3745 caeteros
1992 3693 2193 3755 jubet?
2209 3693 2373 3755 Quod
2384 3706 2590 3759 corpus
2601 3693 2728 3759 hoc,
2742 3694 2948 3758 inquit,
2964 3703 3272 3747 carceremc
3284 3700 3333 3744 et

1739 3781 1970 3834 vincula
1993 3793 2120 3833 esse
2143 3784 2354 3835 animae
2382 3783 2604 3843 dicunt,
2640 3788 2697 3835 et
2717 3783 2906 3847 ipsam
2929 3784 3182 3835 animam
3214 3796 3334 3836 non

1736 3870 1819 3923 ire
1842 3875 2129 3933 asserunt,
2161 3871 2265 3921 sed
2287 3871 2469 3923 redire
2489 3871 2658 3935 quasi
2685 3871 2759 3922 ad
2793 3885 2861 3923 ea
2891 3872 3032 3936 loca,
3064 3872 3191 3923 ubi!
3210 3872 3332 3935 jam

1740 3962 1874 4011 ante
1889 3960 2092 4011 fuerat.
2112 3960 2469 4011 Proferamus
2485 3973 2618 4024 ergo
2638 3962 2693 4012 et
2704 3960 2774 4012 de
2789 3959 2897 4011 hoc
2913 3958 3205 4023 quemodo
3228 3962 3335 4020 ipse

1744 4049 2005 4113 senserit,
2034 4049 2380 4101 testimonia.
2428 4052 2513 4101 Ex
2556 4049 2686 4101 istis
2725 4049 2867 4113 ipsis
2899 4048 3335 4101 Commentariis

1742 4138 1889 4191 libro
1914 4139 2189 4203 secundo,
2220 4151 2295 4191 ex
2325 4151 2393 4191 eo
2423 4138 2690 4204 capitulo,
2724 4138 2822 4190 ubi
2856 4137 3027 4190 dicit:
3055 4137 3235 4202 Hujus
3257 4137 3337 4187 rei

1744 4229 1926 4293 gratia
1963 4244 2055 4293 ego
2099 4229 2307 4279 Paulus
2346 4229 2554 4278 vinctus
2582 4229 2711 4278 Jcsu
2755 4227 2955 4279 Christi
2981 4229 3193 4293 (Ephes.
3218 4227 3290 4290 3.)
3321 4242 3335 4279 :

1744 4324 1877 4383 post
1891 4331 2095 4382 pauca:
2112 4340 2138 4364 «
2153 4318 2295 4382 Quia
2311 4318 2373 4371 in
2386 4318 2666 4383 pluribus,
2690 4318 2899 4383 inquit,
2926 4317 3069 4371 locis
3097 4320 3337 4378 scriptum

1744 4412 1850 4472 est,
1876 4408 2171 4461 vinculum
2192 4409 2403 4461 animae
2423 4422 2632 4473 corpus
2642 4408 2752 4461 hoc
2768 4408 2898 4471 dici,
2915 4407 3067 4471 quod
3080 4409 3095 4471 [
3108 4407 3191 4457 Αι.
3210 4406 3333 4469 quo]

51 4504 256 4565 mines,
272 4503 565 4555 sicutante
586 4515 763 4555 unam
779 4501 1021 4554 formam
1032 4505 1352 4566 gesserunt,
1380 4504 1438 4553 et
1460 4513 1646 4553 unum
1662 4488 1721 4561 D
1751 4498 1914 4561 quasi
1937 4496 2135 4549 clausa
2155 4498 2215 4548 in
2226 4509 2452 4549 carcere
2476 4499 2750 4557 teneatur,
2768 4496 3016 4548 dicimus
3040 4499 3341 4561 propterea

54 4593 199 4645 ovile
232 4592 580 4649 habuerunt,
622 4592 702 4643 ita
724 4594 782 4643 et
815 4591 875 4643 in
917 4590 1110 4643 futuro
1144 4590 1287 4641 dicis
1330 4603 1459 4642 esse
1482 4603 1649 4655 repa-

57 4682 249 4734 randa.
267 4682 414 4742 Quia
423 4681 685 4733 Christus
700 4681 856 4733 venit
870 4684 1112 4745 utraque
1128 4680 1311 4733 facere
1327 4693 1509 4731 unum
1526 4693 1654 4744 gre—
1696 4710 1699 4713 λ

59 4785 205 4834 gem,
224 4773 282 4823 et
297 4770 407 4823 hoc
430 4771 656 4823 futuros
674 4780 691 4800 ε
714 4770 979 4823 homines
1016 4770 1177 4835 dicis,
1210 4770 1299 4822 vel
1325 4769 1479 4832 quod
1500 4782 1655 4821 nunc

62 4858 237 4929 346
271 4866 409 4913 sunt
430 4861 653 4926 Angeli,
670 4859 764 4913 vel
791 4860 947 4925 quod
980 4864 1112 4913 ante
1134 4859 1243 4924 ipsi
1286 4860 1568 4923 homines,
1594 4858 1654 4910 id

124 5041 141 5061 '
170 5030 543 5084 Guarnerian.
576 5043 686 5084 ms.
712 5030 971 5081 sicutovis
993 5045 1100 5092 ove,
1143 5035 1189 5080 et
1213 5029 1506 5095 dragmam
1530 5029 1656 5079 dra-

62 5110 235 5167 gmate
250 5104 315 5152 in
331 5109 537 5153 natura
552 5103 845 5169 differunt;
873 5106 1013 5168 tum,
1045 5104 1239 5167 Ληρειί
1263 5108 1307 5151 et
1328 5108 1541 5167 primus
1557 5104 1656 5151 ho-

64 5190 147 5223 mo
173 5175 427 5226 habuerit
449 5182 494 5225 et
515 5177 828 5241 perdiderit,
856 5176 1134 5225 hominem
1156 5188 1264 5235 ;ex
1289 5175 1500 5237 quibus
1524 5174 1659 5226 boni

65 5247 280 5309 aliquid
306 5247 566 5311 exsculpi
605 5248 845 5300 fortasse
876 5249 1100 5311 poterit.

127 5318 148 5345 ⁵
171 5319 235 5368 In
261 5319 461 5368 eodem
487 5332 616 5379 ms.,
654 5334 728 5368 cae
755 5324 957 5383 perunt
985 5332 1023 5368 n
1057 5318 1498 5381 Commentario,
1525 5322 1661 5366 relu-

70 5387 261 5440 lerunt.
279 5390 428 5440 Tum
453 5390 821 5441 Martianeeus
845 5393 977 5456 post
993 5390 1229 5448 Erasm.,
1252 5404 1287 5437 a
1309 5390 1415 5438 Deo
1438 5404 1538 5453 pro
1563 5403 1664 5437 no-

70 5458 162 5523 bis,
189 5465 319 5521 etc.,
346 5466 406 5512 et
431 5462 596 5525 paulo
619 5462 874 5525 inferius,
899 5459 1238 5525 przestotatur
1262 5474 1362 5525 pro
1384 5460 1662 5524 praestola-

74 5545 213 5581 mur.
238 5532 510 5595 Pleraque
543 5533 652 5584 alia
674 5532 959 5597 ejusmodi
991 5531 1444 5583 dissimulamus.

134 5611 151 5631 ε
180 5604 475 5657 Interserit
504 5617 636 5669 ms.,
670 5620 790 5654 esse.
820 5606 887 5656 In
911 5604 1282 5667 sequentibus
1307 5606 1458 5656 errat
1474 5602 1665 5655 mani-

79 5674 220 5725 festo
248 5676 482 5742 saepius.

137 5745 157 5773 “¹
182 5747 306 5811 Ms.,
326 5748 533 5811 factum
578 5749 757 5814 ipsum
802 5748 864 5800 de
886 5747 1015 5799 sinu
1055 5747 1186 5814 ejus,
1209 5761 1310 5813 pro
1335 5761 1541 5813 quo.....
1564 5761 1666 5813 pu-

1749 4586 1987 4638 Paulum
2030 4586 2316 4651 corporeis
2364 4586 2465 4650 [Αι.
2499 4585 2767 4651 corporis]
2796 4586 3041 4637 nexibus
3077 4585 3340 4647 coerceri,

1750 4689 1857 4728 nec
1880 4676 2090 4728 reverti
2101 4681 2158 4729 et
2180 4689 2308 4727 esse
2323 4689 2454 4728 cum
2474 4676 2725 4728 Christo:
2751 4679 2817 4727 ut
2834 4676 3084 4740 perfecta
3094 4675 3151 4727 in
3167 4678 3343 4725 Gentes

1752 4778 1851 4830 per
1862 4778 1993 4817 eum
2017 4766 2344 4831 praedicatio
2357 4765 2726 4830 compleatur.
2745 4782 2774 4813 υ
2800 4768 2941 4817 Item
2963 4765 3032 4817 de
3047 4765 3246 4818 eadem
3262 4778 3342 4829 re,

1751 4867 1824 4908 ex
1848 4855 2066 4907 eisdem
2090 4856 2547 4919 Commentariis,
2576 4855 2721 4908 libro
2755 4856 2941 4921 tertio,
2968 4855 3216 4921 capitulo
3246 4854 3345 4907 ubi

1758 5029 1975 5146 uim-at,
2018 5026 2360 5076 extrahatur.
2407 5025 2579 5079 Paulo
2608 5027 2739 5092 post
2770 5027 2919 5079 tacet
2955 5025 3065 5078 duo
3088 5023 3264 5080 verba
3286 5024 3347 5075 de

1758 5103 1811 5146 ta
1833 5113 1854 5146 ι
1892 5113 1969 5146 its.

1757 5103 1969 5150 tatibus.

1820 5205 1837 5226 °
1858 5196 2032 5252 Idem,
2062 5200 2107 5245 et
2125 5196 2212 5245 hic
2230 5197 2338 5260 ipse
2362 5211 2380 5255 ;
2404 5198 2524 5247 tum
2548 5194 2678 5260 plus
2702 5195 2893 5256 habet,
2908 5193 3183 5244 lectoribus
3197 5195 3348 5244 Pau-

1760 5267 1841 5317 lus
1869 5268 2190 5317 subindicat.
2232 5267 2557 5318 Econtrario
2581 5266 2956 5329 subsequenti
2978 5265 3207 5330 periodo
3236 5266 3351 5317 duo

1758 5340 1854 5391 illa
1879 5341 2069 5398 verba,
2092 5339 2180 5387 sed
2202 5338 2689 5397 subindicat,tacet
2718 5352 2732 5399 ;
2766 5338 3014 5399 denique
3045 5336 3219 5387 habet
3245 5336 3355 5403 alia

1762 5413 1923 5470 serie,
1940 5410 2221 5474 Apostolus
2236 5409 2515 5470 manifeste
2532 5424 2639 5457 non
2655 5409 2895 5472 protulit.
2922 5410 3203 5459 Praetereo
3219 5419 3352 5470 quae

1760 5484 1997 5535 inferius
2026 5485 2239 5546 peccat,
2264 5479 2419 5530 haud
2448 5491 2647 5543 pauca,

1823 5575 1840 5604 ’
1863 5575 1990 5635 Ms.,
2016 5573 2062 5621 si
2079 5573 2198 5635 jam
2228 5569 2325 5619 sibi
2350 5569 2491 5618 venit
2516 5571 2621 5620 etc.

1826 5681 1844 5709 ι
1867 5670 2236 5724 Guarnerian.
2262 5681 2395 5727 ms.,
2420 5666 2512 5717 ubi
2528 5670 2651 5717 ante
2665 5666 2787 5731 jam
2801 5665 2967 5731 fuerit
2989 5672 3080 5729 ;et
3094 5677 3248 5732 mox,
3267 5666 3355 5718 Ex

1762 5743 1876 5795 istis
1900 5744 1975 5795 ibi
2013 5740 2443 5795 Commentariis.
