3900 6390
597 370 703 426 579
1626 360 1868 412 RUFINI
1903 357 2392 417 AQUILEIENSIS
2426 360 2862 411 PRESBYTERI
3788 364 3863 419 53g

595 482 767 534 dicit:
792 483 902 532 Pro
925 494 1030 545 quo
1047 478 1306 543 legatione
1327 475 1532 539 [ungor
1553 472 1615 522 in
1638 476 1828 522 catena
1852 469 2070 536 (Ephes.
2096 469 2190 533 6.),
2215 482 2272 557 Α
2298 473 2454 535 quod
2476 474 2538 526 in
2559 475 2672 528 fine
2696 479 2755 528 et
2786 475 2847 526 in
2878 472 3376 526 consummatione
3398 486 3614 535 rerum,
3658 474 3716 525 in
3738 475 3864 538 prisli

597 575 733 637 post
746 571 1041 635 aliquanta
1053 580 1153 632 per
1167 566 1329 617 illum
1345 564 1555 615 iterum
1568 574 1741 613 suum
1762 559 1866 626 [AL
1882 560 2024 625 sive]
2039 560 2197 613 alium
2297 575 2438 614 num
2457 566 2671 615 statum
2682 562 3039 616 restituenda
3054 562 3174 614 sint
3195 562 3407 625 omnia,
3431 562 3668 627 quando
3691 575 3864 615 omnes

599 662 698 725 qui
716 661 840 725 ipse
852 665 957 720 est,
972 659 1051 709 ita
1070 657 1236 708 dicit:
1263 654 1470 706 «Alius
1514 666 1650 706 vero
1689 657 1919 717 propter
1936 661 1954 682 ·
1991 665 2200 717 corpus
2298 665 2482 704 unum
2507 666 2713 718 corpus
2739 654 3070 716 eﬂiciemur,
3098 654 3155 704 et
3176 652 3235 703 in
3267 652 3454 705 virum
3471 653 3787 718 perfectum
3804 668 3864 704 re-

596 748 1027 811 humilitatis,et
1050 750 1315 797 catenam
1343 744 1511 795 istam
1530 755 1647 806 qua
1674 742 2116 803 circumdamur,
2142 746 2201 794 et
2298 741 2684 801 formabimur,
2712 745 2770 795 et
2798 742 2996 795 Oratio
3019 742 3078 793 in
3106 741 3275 795 nobis
3300 741 3611 794 Salvatoris
3635 742 3864 806 implebi-

592 837 843 889 necdum
862 836 1078 887 scimus
1108 833 1431 886 secundum
1458 831 1613 896 quod
1629 836 1856 895 oportet
1872 844 1981 882 nos
2004 836 2204 897 scire,et
2300 835 2420 883 tur:
2455 836 2613 882 Pater
2636 832 2726 892 da,
2749 838 2807 880 ut
2831 831 3097 895 quomodo
3120 846 3211 895 ego
3240 836 3285 880 et
3307 836 3363 879 tu
3387 846 3565 880 unum
3586 846 3789 880 sumus:
3810 832 3864 879 im

592 939 694 992 per
708 925 1007 990 speculum
1023 924 1289 976 videmus
1305 923 1366 973 in
1381 921 1703 985 aenigmate,
1731 921 1843 972 ista
1868 924 2203 973 eumdixisse
2298 926 2345 969 ct
2361 920 2452 969 isti
2466 920 2525 969 in
2549 920 2656 985 [AL
2672 925 2778 972 tac.
2793 920 2873 984 in]
2891 920 3041 970 nobis
3062 935 3237 969 unum
3252 919 3361 969 sint
3379 920 3556 981 (Joan.
3585 920 3638 974 7.
3657 918 3778 983 21.).
3799 937 3825 967 »

591 1014 909 1067 contendet
958 1012 1064 1078 [AL
1111 1011 1431 1076 contendit]
1462 1029 1472 1060 :
1500 1013 1559 1062 et
1605 1015 1748 1063 tunc
1777 1024 1912 1064 vere
1946 1011 2204 1076 possein
2363 1008 2448 1063 42.
2510 1010 2834 1075 Accepistis
2889 1011 2949 1061 et
2989 1008 3140 1061 hanc
3185 1009 3311 1073 eius
3353 1008 3426 1061 de
3473 1012 3864 1061 resurrectione

588 1104 944 1156 confidentia
960 1100 1488 1166 Evangeliiaperire
1507 1100 1803 1165 mysteria,
1824 1106 2199 1153 cumcatunam
2300 1098 2561 1151 omnium
2603 1099 2825 1164 absque
2858 1098 2976 1151 ulla
3006 1097 3381 1163 ambiguitate
3411 1098 3778 1161 sententiam,
3799 1111 3864 1149 ac-

589 1192 942 1258 deposuerit,
959 1196 1018 1243 et
1031 1190 1102 1242 de
1118 1202 1345 1242 carcere
1359 1190 1502 1242 liber
1522 1190 1746 1241 exierit.
1767 1189 1892 1241 Nisi
1908 1190 2056 1242 forte
2073 1193 2131 1241 et
2145 1192 2201 1240 in
2299 1186 2468 1251 cipite
2490 1192 2548 1240 et
2567 1188 2739 1239 aliam
2767 1206 2781 1248 ;
2813 1190 2870 1240 et
2907 1193 3046 1240 tunc
3093 1187 3433 1239 concludam
3475 1188 3770 1252 Apologia
3790 1201 3864 1238 no

589 1280 1077 1345 vinculisabsque
1090 1279 1335 1332 vinculis
1348 1279 1773 1343 computandus
1787 1277 2203 1343 est,quiconver'
2301 1280 2437 1328 strm
2477 1276 2725 1341 primum
2764 1276 3052 1329 volumen.
3087 1279 3395 1329 Innumera
3430 1280 3571 1327 sunt
3592 1277 3750 1328 enim
3771 1279 3864 1341 ejus

592 1370 1065 1423 sationemhabet
1089 1370 1149 1420 in
1176 1368 1370 1420 cmlis:
1397 1372 1455 1420 et
1473 1368 1544 1420 de
1570 1380 1683 1432 quo
1708 1367 1819 1420 dici
1847 1372 2070 1432 potest:
2099 1369 2200 1419 Vos
2298 1363 2452 1417 dicta
2491 1365 2562 1417 de
2621 1366 2853 1418 talibus.
2897 1369 3041 1418 Item
3092 1379 3166 1418 ex
3205 1366 3408 1419 eodem
3459 1365 3607 1418 libro
3668 1367 3776 1417 sub
3821 1380 3863 1417 eo

592 1466 774 1511 autem
786 1460 846 1508 in
863 1459 885 1489 δ
907 1473 1115 1509 carcere
1129 1473 1243 1508 non
1266 1458 1403 1517 estis,
1421 1472 1516 1506 nec
1532 1457 1594 1505 in
1613 1471 1794 1519 carne,
1810 1456 1901 1506 sed
1921 1458 1981 1506 in
1996 1456 2201 1522 spiritu
2300 1453 2568 1518 capitulo,
2611 1455 2712 1506 ubi
2758 1454 3035 1519 scriptum
3083 1460 3187 1515 est,
3231 1455 3321 1504 Ea:
3365 1470 3471 1520 quo
3511 1460 3685 1504 totum
3707 1470 3864 1519 corpus

588 1549 636 1598 si
659 1553 855 1598 tamem
875 1548 1104 1612 spiritus
1128 1547 1225 1597 Dei
1261 1546 1467 1596 habitat
1499 1546 1563 1595 in
1594 1545 1737 1596 vobis
1764 1544 1984 1609 (Rom.8
2005 1579 2018 1593 .
2045 1544 2136 1609 9.).
2176 1564 2199 1591 ιι
2300 1548 2636 1607 compactum
2678 1547 2725 1592 et
2780 1543 3217 1608 conglutinatam
3259 1560 3357 1609 per
3412 1558 3631 1594 omnem
3677 1544 3864 1606 junctu-

588 1641 737 1691 Item
751 1637 822 1689 de
838 1636 1040 1689 eadem
1055 1649 1135 1701 re,
1162 1648 1234 1688 ex
1248 1635 1660 1687 commentario
1677 1633 1955 1699 Epistolm
1976 1636 2121 1684 Pauli
2142 1637 2203 1683 ad
2298 1648 2423 1681 ram
2444 1630 2620 1701 349
2641 1633 3183 1695 subministrationis,
3206 1635 3500 1684 secundum
3529 1635 3863 1699 operationem

590 1726 985 1779 Philemonem
998 1727 1189 1778 subeo
1208 1723 1481 1789 capitulo,
1501 1724 1602 1776 ubi
1618 1724 1724 1776 ait:
1750 1723 1965 1774 Salutat
1982 1729 2026 1773 te
2047 1724 2201 1788 Epa-
2299 1723 2357 1771 in
2371 1738 2685 1771 mensuram
2700 1723 3125 1788 uniuscujusque
3135 1724 3377 1787 membri,
3402 1729 3757 1788 augmentum
3779 1738 3864 1773 cor-

590 1817 767 1883 phras
779 1816 1284 1881 concaptivusmeus
1303 1812 1540 1877 (Phil.i.
1568 1813 1675 1876 23.)
1706 1812 2200 1879 :postaliquanta:
2227 1801 2281 1875 B
2300 1812 2449 1875 poris
2488 1812 2621 1875 facit
2649 1812 2711 1861 in
2754 1812 3161 1875 aedificationem
3202 1813 3291 1862 sui
3323 1814 3385 1862 in
3404 1814 3632 1862 caritate
3653 1813 3807 1877 (Eph.
3828 1813 3862 1865 4.

590 1927 619 1952 α
638 1904 1288 1957 Nisifortereconditum
1301 1902 2199 1967 aliquidetsacratum,utquidam
2301 1898 2404 1963 16.)
2433 1915 2448 1964 ;
2483 1900 2566 1951 sic
2586 1901 2750 1965 cepit,
2781 1917 2810 1949 (ι
2852 1903 2918 1953 In
2959 1902 3074 1953 ﬁne
3096 1913 3290 1954 rerum
3329 1914 3465 1954 cum
3486 1903 3676 1954 Deum
3700 1901 3859 1955 videre

592 1999 822 2061 putant,
840 1994 901 2046 in
920 1993 1097 2046 verbo
1113 1992 1468 2057 captivitatis
1484 1990 1743 2044 ostendit
1756 1990 1861 2056 [AL
1878 1989 2199 2059 ostenditur],
2298 1990 2644 2052 ceperimus
2657 1989 2797 2041 facie
2825 1990 2895 2041 ad
2914 1990 3131 2054 faciem,
3148 1996 3206 2043 et
3218 1990 3279 2041 in
3293 2003 3637 2043 mensuram
3652 2006 3858 2053 pervene-

595 2082 753 2148 quod
774 2083 923 2148 capti
945 2082 1159 2147 pariter
1180 2087 1239 2135 et
1263 2081 1461 2143 vincti,
1486 2080 1548 2133 in
1566 2081 1778 2134 vallem
1790 2080 1943 2132 hanc
1965 2078 2200 2132 deducti
2296 2078 2707 2131 rimus'tetatis
2729 2080 3099 2145 plenitudinis
3113 2080 3339 2145 Christi,
3358 2081 3428 2134 de
3451 2083 3624 2146 cujus
3648 2080 3860 2147 plenitu-

592 2176 733 2224 sunt
751 2170 1156 2235 lacrymarum.
1180 2185 1212 2219 ν
2298 2168 2433 2220 dine
2455 2182 2563 2221 nos
2580 2181 2780 2221 omnes
2796 2169 3124 2234 accepimus
3144 2170 3322 2236 (Joan.
3342 2169 3434 2235 1.),
3450 2170 3532 2222 ita
3545 2176 3616 2223 ut
3630 2171 3858 2223 Christus

650 2260 740 2316 41.
758 2261 934 2313 Vides
948 2258 1239 2325 quomodo
1267 2258 1396 2311 haec
1422 2261 1704 2322 tanquam
1738 2255 1985 2322 mystica
2021 2261 2080 2309 et
2096 2268 2196 2308 sa-
2295 2269 2411 2309 non
2427 2270 2500 2309 ex
2524 2262 2684 2322 parte
2702 2257 2793 2323 sit,
2812 2257 2912 2309 sed
2934 2262 3093 2309 totus
3107 2258 3169 2310 in
3191 2258 3380 2322 nobis,
3404 2263 3465 2311 et
3477 2258 3694 2312 relictis
3716 2259 3857 2311 initiis

585 2355 744 2404 crata
757 2350 899 2403 dicit
917 2349 1118 2402 haberi
1139 2348 1292 2414 apud
1316 2348 1623 2413 quosdam,
1649 2360 1896 2412 quorum
1918 2352 2113 2399 tamen
2137 2348 2198 2398 et
2293 2344 2684 2411 parvulorum,
2710 2347 3062 2400 creverimus
3084 2347 3145 2399 in
3166 2360 3300 2400 eum
3323 2348 3532 2412 virum,
3550 2348 3627 2401 de
3639 2360 3751 2412 quo
3766 2349 3858 2399 Pro

602 2453 775 2505 psum
786 2451 970 2492 unum
994 2452 1144 2504 esse,
1160 2437 1438 2491 inmultis
1462 2451 1619 2503 saepe
1633 2438 1939 2490 docuimus
1974 2451 1987 2487 :
2014 2435 2190 2504 348
2294 2436 2467 2501 pheta
2492 2436 2647 2498 dicit,
2673 2436 2801 2485 Eme
2823 2436 2928 2499 vir,
2967 2436 3156 2486 Oriens
3179 2451 3377 2487 nomen
3401 2442 3472 2487 est
3495 2437 3584 2486 illi
3629 2437 3801 2499 (Zach.
3819 2435 3853 2489 6.

586 2529 688 2582 sed
703 2530 788 2581 uti
804 2529 1011 2595 figura,
1035 2542 1135 2594 per
1149 2541 1327 2592 quam
1353 2529 1611 2581 scientia
1633 2528 1905 2593 mysticm
1930 2527 2194 2579 videatur
2294 2524 2402 2590 12.)
2430 2537 2445 2576 :
2490 2528 2548 2578 et
2583 2526 2837 2578 Joannes
2886 2526 3146 2591 Baptista
3183 2530 3622 2588 commemorat,
3659 2527 3777 2577 Post
3802 2541 3855 2571 mc

608 2618 869 2671 nvidiam
904 2617 1208 2670 declinare.
1245 2619 1404 2679 Haec,
1439 2617 1647 2682 inquit,
1676 2617 1971 2681 quomodo
1995 2628 2059 2668 se
2087 2615 2192 2667 ha-
2291 2614 2470 2663 veniat
2507 2614 2611 2679 [AL
2637 2614 2815 2680 venit]
2842 2615 2947 2676 uir,
2972 2615 3069 2680 qui
3093 2621 3217 2665 ante
3243 2631 3328 2665 me
3346 2615 3521 2680 factus
3543 2622 3619 2666 est
3642 2613 3852 2677 (Joan.l.

592 2707 784 2768 beant,
796 2704 1009 2757 videris
1029 2705 1085 2769 [A
1097 2704 1132 2756 l.
1150 2704 1402 2770 videtis].
1429 2704 1724 2769 Numquid
1745 2710 1804 2757 et
1817 2705 2012 2757 omnia
2024 2703 2189 2755 resti-
2292 2701 2397 2767 30.)
2423 2718 2435 2753 :
2464 2704 2730 2768 quoniam
2756 2709 2881 2753 ante
2916 2719 3000 2754 me
3022 2709 3138 2754 erat
3162 2719 3176 2755 :
3205 2709 3344 2757 tunc
3367 2704 3426 2756 in
3448 2718 3698 2757 occursu
3719 2704 3853 2756 unius

590 2794 809 2847 tuenda
822 2806 952 2847 esse
975 2793 1035 2845 iu
1059 2806 1242 2846 unum
1269 2799 1487 2846 statum
1501 2798 1675 2857 atque
1693 2794 1754 2845 in
1773 2806 1958 2845 unum
1981 2805 2190 2858 corpus
2289 2791 2443 2855 ﬂdei,
2468 2796 2526 2844 et
2548 2792 2724 2845 unius
2738 2792 3049 2858 agnitionis
3084 2793 3213 2845 Filii
3232 2793 3355 2857 Dei,
3380 2806 3557 2857 quem
3599 2806 3751 2846 nunc
3781 2804 3852 2857 pro

594 2882 1193 2953 redintegrandosnon
1210 2882 1398 2935 solum
1414 2882 1694 2947 homines,
1714 2882 1814 2935 sed
1831 2882 2129 2935 daemones
2143 2886 2192 2929 et
2289 2881 2568 2933 varietate
2591 2882 2897 2950 mentium,
2922 2895 3040 2936 non
3055 2895 3173 2935 una
3182 2895 3292 2935 nec
3302 2882 3503 2935 eadem
3519 2883 3638 2936 nde
3651 2882 3855 2948 agnitio-

593 2972 831 3037 angelos
866 2973 1118 3038 refugas,
1150 2972 1371 3025 dictum
1394 2984 1430 3024 a
1458 2985 1554 3025 me
1584 2976 1750 3037 potes
1773 2982 1791 3001 α
1814 2972 2066 3024 referre?
2087 2971 2190 3021 Vis
2289 2971 2380 3021 nis
2408 2970 2512 3035 [AL
2538 2971 2650 3023 ﬁde
2683 2976 2742 3023 et
2772 2971 3082 3038 agnitione]
3118 2973 3543 3037 cognoscimus,
3572 2977 3753 3026 totum
3772 2983 3855 3023 cor-

598 3062 757 3123 mihi,
774 3062 978 3126 inquit,
1003 3075 1124 3114 non
1160 3062 1280 3123 ﬂat,
1307 3063 1357 3113 si
1399 3062 1554 3127 quod
1593 3074 1666 3115 ex
1688 3062 1921 3114 alterius
1945 3072 2192 3126 persona
2250 3124 2265 3127 ᾗ
2292 3072 2401 3123 pus
2425 3059 2581 3123 quod
2621 3060 2782 3125 prius
2818 3061 3160 3126 dissipatum
3198 3061 3387 3113 fuerat
3413 3061 3517 3125 [AL
3537 3061 3727 3126 fuerit]
3752 3059 3854 3112 etin

597 3151 737 3215 dixi,
768 3124 1007 3204 alterius
1034 3152 1145 3212 sit;
1167 3152 1216 3203 si
1255 3124 1588 3215 quod—sane
1621 3151 1833 3204 exinde
1855 3124 2095 3213 dictum,
2116 3162 2206 3209 ac,
2231 3124 2281 3201 C
2309 3148 2541 3200 diversa
2554 3124 2867 3202 laceratum
2881 3150 2939 3202 in
2959 3124 3125 3202 suam
3141 3124 3855 3216 compaginemjuncturam-

596 3240 814 3293 nullius
837 3240 1404 3304 intcrjectapersona,
1422 3241 1701 3305 scriptum
1718 3239 1944 3304 legeris,
1960 3243 2054 3289 hoc
2077 3240 2205 3288 mihi
2306 3251 2420 3303 que
2443 3238 2747 3303 redigetur,
2771 3239 2851 3290 ita
2865 3243 2931 3290 ut
2950 3252 3069 3292 una
3091 3240 3566 3301 subministratio,
3586 3240 3853 3300 eademque

593 3328 798 3381 merito
818 3328 989 3380 debet
1002 3328 1269 3380 adscribi.
1304 3330 1376 3379 Et
1402 3329 1541 3393 quid
1564 3341 1770 3380 omnes
1790 3329 1936 3380 istos
1952 3327 2205 3381 eiiundi-
2304 3330 2576 3393 operatio,
2618 3332 2676 3380 et
2718 3328 2894 3381 unius
2921 3330 3110 3381 aetatis
3141 3329 3161 3364 τ
3182 3332 3590 3381 consummata
3611 3328 3851 3394 perfeclio.

593 3430 747 3478 mus,
771 3430 920 3481 quos
945 3418 1208 3482 superius
1222 3418 1640 3469 desudavimus
1656 3430 1875 3482 agones
1902 3420 1929 3467 ει
1953 3418 2203 3468 Tantum
2302 3421 2493 3469 totum
2525 3419 2699 3471 faciat
2741 3432 2995 3471 crescere
3039 3432 3247 3483 corpus
3281 3418 3599 3483 mqualiter,
3630 3424 3688 3471 et
3707 3416 3851 3469 omnia

593 3505 962 3558 valetfrontis
973 3506 1197 3558 duritia.
1213 3507 1322 3558 Sed
1333 3519 1439 3571 age
1459 3506 1574 3567 ﬂat,
1590 3506 2029 3570 acquiescamus
2053 3508 2200 3554 etiam
2299 3508 2563 3559 membra
2571 3508 2742 3572 juxta
2762 3520 3096 3560 mensuram
3113 3522 3278 3560 suam
3301 3509 3719 3560 incrementum
3736 3507 3850 3554 relatis

617 3594 799 3658 nhoc,
814 3606 932 3646 non
944 3599 1009 3646 ut
1030 3607 1143 3656 res,
1162 3595 1265 3646 sed
1282 3600 1348 3646 ut
1365 3595 1488 3658 ipse
1505 3594 1777 3659 postulat,
1804 3594 2197 3647 convincatur.
2299 3596 2601 3661 accipiant.
2619 3598 2758 3649 Haec
2777 3601 2973 3649 autem
2990 3599 3110 3649 tota
3138 3597 3455 3657 aedificatio,
3481 3610 3587 3661 per
3602 3609 3764 3661 quam
3778 3595 3849 3644 Ec-

594 3685 682 3735 Ex
713 3683 807 3736 his
830 3684 1269 3736 Commentariis
1292 3684 1435 3735 libro
1462 3683 1717 3736 secundo
1740 3683 1812 3736 de
1845 3697 1913 3736 ea
1935 3697 1996 3735 re
2021 3696 2195 3747 quam
2296 3685 2489 3737 clesiae
2514 3699 2610 3750 per
2633 3688 2823 3751 partes
2847 3700 3055 3751 corpus
3076 3692 3340 3751 augetur,
3356 3691 3563 3738 mutua
3590 3687 3648 3738 in
3665 3698 3723 3737 se
3743 3681 3848 3735 cari-

594 3773 863 3838 proposui
896 3773 1006 3838 [AL
1031 3773 1369 3838 proposuit],
1397 3774 1506 3825 sub
1531 3787 1599 3825 eo
1633 3772 1902 3838 capitulo,
1933 3773 2033 3825 ubi
2058 3774 2195 3825 scri-
2294 3775 2410 3825 tate
2430 3774 2827 3839 complebitur.
2866 3776 3040 3828 Totas
3072 3776 3436 3828 rationabiles
3458 3780 3748 3827 creaturas
3768 3771 3844 3823 sub

594 3868 760 3927 ptum
780 3868 871 3915 est
888 3878 901 3915 :
920 3863 1148 3914 Solliciti
1159 3878 1370 3913 servare
1384 3864 1647 3913 unitatem
1660 3864 1957 3929 spiritusin
1973 3864 2190 3913 vinculo
2293 3876 2467 3915 umus
2489 3863 2840 3917 rationabilis
2854 3864 3119 3917 animalis
3139 3865 3529 3929 intelligamus
3546 3861 3842 3927 exemplaet

590 3952 772 4017 pacis:
804 3967 982 4002 unum
1019 3967 1212 4017 corpus
1241 3958 1287 4002 et
1308 3968 1455 4002 unus
1491 3954 1736 4018 spiritus,
1769 3969 1794 4003 s
1819 3958 1905 4003 cut
1935 3958 1979 4002 et
2018 3953 2190 4003 vocati
2292 3953 2685 4017 quodcunque
2709 3952 2781 4005 de
2802 3953 2984 4018 hujus
3006 3955 3280 4007 membris
3296 3954 3616 4006 dixerimus
3639 3956 3695 4006 et
3714 3948 3843 4017 ρωνῐὶ·

591 4042 711 4091 estis
733 4041 796 4090 in
817 4057 936 4091 una
958 4056 1046 4106 spe
1065 4043 1361 4092 vocationis
1394 4048 1571 4092 vestrm
1595 4043 1811 4107 {Ephes.
1838 4042 1889 4097 4.
1916 4041 1985 4105 3.)
2012 4056 2025 4093 :
2056 4046 2190 4106 post
2289 4050 2420 4112 bus,
2447 4050 2557 4103 hoc
2585 4051 2688 4115 [AL
2708 4057 2807 4102 tac.
2834 4051 2963 4117 hoc]
3001 4053 3252 4105 sciamus
3275 4065 3402 4104 esse
3423 4052 3775 4104 referendum
3791 4045 3839 4097 ad

588 4129 904 4193 aliquanta.
928 4145 958 4178 α
986 4132 1290 4192 Quaeritur,
1330 4131 1535 4196 incinit.
1586 4131 1876 4195 quomodo
1914 4144 2030 4183 una
2053 4143 2187 4196 spes
2286 4142 3172 4207 unamquamquerationabilem
3192 4142 3838 4195 creaturam.Putemushoc

591 4219 911 4271 vocationis
924 4218 1017 4283 sit,
1031 4232 1164 4270 cum
1181 4219 1334 4284 apud
1358 4222 1580 4271 Patrem
1607 4220 1857 4273 diversa:
1873 4219 1990 4271 sint
2021 4232 2187 4271 man-
2284 4230 2499 4282 animal
2530 4231 2611 4282 ita
2642 4231 2748 4296 [AL
2784 4237 2884 4282 tac.
2920 4231 3016 4297 ita]
3043 4245 3143 4297 per
3165 4237 3343 4295 artus,
3362 4244 3540 4285 venas
3563 4236 3837 4290 carnesque

590 4306 786 4359 siones
800 4307 926 4359 Md
951 4307 1104 4371 quod
1118 4320 1293 4359 unam
1306 4322 1468 4373 spem
1484 4309 1800 4361 vocationis
1819 4322 2064 4374 regnum
2080 4325 2187 4359 οω-
2283 4317 2615 4383 laceratum,
2654 4325 2719 4373 ut
2754 4335 2861 4373 nec
2883 4334 2948 4373 os
2981 4322 3101 4375 ossi
3122 4322 3356 4385 haereat,
3378 4334 3486 4374 nec
3506 4333 3716 4373 nervus
3743 4319 3837 4382 jun-

596 4394 804 4456 lorum,
843 4396 1009 4460 quasi
1035 4395 1057 4425 ⁴
1085 4408 1264 4449 unam
1295 4397 1531 4449 domum
1553 4397 1656 4450 Dei
1679 4398 1861 4450 Patris
1885 4410 2032 4459 esse,
2054 4397 2189 4449 dici—
2289 4411 2460 4472 gatur
2485 4409 2559 4461 ad
2573 4422 2838 4477 nervum,
2866 4412 3171 4477 separatim
3186 4412 3338 4465 oculi
3348 4412 3597 4476 jaceant,
3618 4415 3834 4463 seorsum

588 4495 746 4549 mus,
762 4485 895 4538 etin
910 4498 1027 4538 una
1040 4486 1212 4538 domo
1231 4486 1507 4551 plurimas
1522 4488 1872 4540 mansiones.
1890 4487 2021 4537 Alia
2042 4488 2189 4537 enim
2210 4495 2268 4569 D
2284 4510 2472 4559 nares,
2521 4512 2731 4553 manus
2766 4501 2945 4554 alium
2971 4502 3164 4554 locum
3197 4506 3446 4563 teneam,
3472 4501 3533 4553 in
3559 4501 3731 4553 alium
3757 4492 3831 4561 [At

588 4574 768 4638 gloria
796 4575 940 4636 satis,
976 4575 1092 4625 alia
1123 4575 1301 4639 gloria
1323 4576 1482 4642 lunae,
1527 4578 1643 4627 alia
1685 4577 1965 4627 stellarum
2004 4577 2185 4640 gloria
2283 4586 2414 4652 alio]
2444 4589 2681 4653 projecti
2705 4590 2822 4643 sint
2840 4590 3032 4655 pedes,
3060 4588 3234 4659 350
3262 4596 3320 4644 et
3355 4591 3583 4656 reliqua
3624 4588 3835 4642 membra

593 4661 661 4726 (1.
690 4662 811 4714 Cor.
839 4662 924 4717 15.
951 4663 1076 4726 41.).
1102 4667 1217 4717 Aut
1239 4670 1393 4717 certe
1425 4666 1566 4718 illud
1584 4666 1856 4718 subtilius
1877 4664 2184 4730 indicatur,
2286 4675 2515 4728 inhunc
2526 4677 2763 4729 modum
2787 4678 2935 4731 inter
2960 4693 3023 4732 se
3039 4680 3298 4745 dispersa
3313 4681 3429 4732 sint
3445 4684 3502 4732 ει
3516 4680 3717 4734 αἰγίδα,
3733 4676 3833 4726 Ρω-

655 4832 873 4915 '_Add1t
894 4833 1044 4915 idem
1068 4848 1178 4915 ms.
1204 4837 1301 4887 hoc
1323 4853 1341 4898 ;
1360 4836 1728 4915 tumvirtiose
1743 4836 1935 4915 habet,
1953 4837 2182 4915 circum-
2285 4914 2295 4915 ί
2348 4845 2369 4875 ιι
2393 4847 2480 4899 na
2521 4852 2578 4900 et,
2598 4846 2868 4901 laudatus
2890 4862 3001 4901 ms.
3032 4848 3227 4912 habet,
3266 4853 3325 4903 et
3355 4849 3572 4915 vulgati
3594 4838 3833 4902 Rufiniani

591 4903 774 4984 datur,
808 4906 1035 4955 necdum
1063 4908 1278 4973 scimus,
1307 4916 1406 4960 etc.
1434 4909 1576 4959 Vide
1597 4909 1789 4972 ipsum
1823 4911 2184 4961 Commenta-
2282 4914 2427 4968 libri.
2444 4920 2636 4970 Minus
2658 4925 2853 4973 autem
2871 4923 3019 4973 bene
3044 4921 3105 4973 in
3120 4903 3562 4987 Hieronymiano
3576 4924 3831 4973 Commen-

585 4987 755 5055 nEm};
816 5046 828 5055 ,
931 5047 942 5055 _
1470 5049 1498 5055 _
1720 5049 1730 5055 _
2283 4989 2430 5040 tario
2446 4990 2620 5041 etiam
2652 5005 2759 5043 ms.
2795 4996 2900 5054 est,
2927 4994 3086 5055 quasi
3108 5008 3286 5042 unum
3330 4993 3545 5043 bonum.
3573 4991 3679 5044 Sed
3700 4994 3747 5040 et
3770 4987 3831 5035 in-

643 5046 671 5128 .”
700 5046 983 5130 Verbain
1013 5063 1220 5131 carcere
1254 5060 1439 5131 neque
1461 5049 1829 5131 Guarnerian.
1855 5062 1965 5101 ms.
1991 5062 2181 5131 neque
2283 5059 2462 5111 ferius
2484 5062 2680 5113 minus
2704 5068 2856 5115 recte
2876 5046 2955 5115 ibi
2975 5065 3184 5129 legitur
3207 5065 3268 5116 in
3292 5064 3561 5129 praesenti
3587 5062 3825 5131 efﬁcimur;

585 5117 1014 5200 Idierony‘mian.
1032 5121 1506 5200 Commentarius,
1520 5134 1624 5200 nec
1636 5122 1880 5186 denique
1898 5136 2059 5173 sacer
2073 5126 2088 5171 i
2096 5138 2181 5184 pse
2282 5133 2668 5194 ταρίονηιατηαν,
2684 5136 2937 5199 summa".
2951 5151 2966 5183 ε
2982 5117 3093 5199 QEO
3105 5117 3339 5200 quidet},
3352 5136 3525 5189 modo
3542 5136 3584 5185 G
3594 5117 3825 5186 [ﬁmum-

586 5189 1053 5272 Apostol'i-textu-s
1064 5192 1294 5272 habent,
1312 5193 1410 5244 sed
1425 5194 1544 5257 pari
1555 5207 1757 5272 omnes
1775 5208 2064 5272 consensu
2072 5210 2179 5272 prae
2281 5189 2394 5253 nus
2418 5189 2775 5267 quoque'ms'.
2792 5189 3036 5271 praeteri,
3055 5189 3187 5260 utét
3203 5211 3475 5272 praeterea
3487 5214 3614 5257 sunt
3630 5218 3718 5271 pro
3730 5204 3824 5249 sint.

581 5264 810 5346 {ueruntt
825 5263 867 5310 ν
858 5266 1109 5346 Esaulcm
1124 5265 1184 5311 in
1207 5279 1370 5346 carne
1393 5281 1504 5315 non
1524 5268 1642 5316 estis
1664 5282 1676 5318 :
1705 5268 1865 5330 Ὑμεῖς
1880 5268 1934 5318 δὲ
1949 5262 2042 5346 οὐκ
2059 5262 2179 5346 forts
2284 5344 2292 5346 Α
2344 5282 2363 5302 ⁶
2385 5262 2605 5328 Reticet
2645 5262 3035 5331 Guar-nerian.’
3055 5262 3256 5329 aetatis:
3283 5286 3405 5331 tum
3434 5293 3537 5344 pro
3562 5262 3655 5328 nos
3686 5282 3825 5346 omnes

587 5334 637 5382 ἐν
660 5334 826 5400 σαρκί.
854 5336 965 5415 Cur
992 5338 1185 5415 tamen
1210 5335 1304 5415 illa
1321 5349 1944 5415 expungeremus,non
1962 5338 2179 5415 satisid
2280 5344 2341 5395 in
2386 5347 2804 5400 Commentario
2845 5365 2993 5399 nunc
3047 5366 3229 5401 omnes
3272 5334 3495 5415 legitur
3543 5352 3740 5402 Caetera
3768 5344 3823 5391 ita

583 5417 810 5486 caussae
826 5406 1020 5486 visum
1038 5411 1145 5469 est,
1168 5408 1588 5486 refragantibus
1604 5411 1729 5461 aliis
1746 5409 2064 5461 Ruﬂnianis
2081 5423 2123 5460 c4

2281 5419 2678 5483 Guarnerian.,
2722 5436 2835 5471 nou
2878 5437 2945 5471 ex
2984 5428 3137 5486 parte
3158 5424 3227 5471 sit
3248 5423 3303 5471 in
3328 5406 3499 5485 uobis,
3523 5423 3611 5471 sed
3634 5425 3762 5473 lotus,
3789 5416 3818 5457 (λ

584 5477 1347 5560 ᾶὶοἱθῠιιεἱρεεξςιιξθηοξᾶξὶοξιὶε
1365 5483 1508 5534 serie
1514 5485 1881 5560 glooniexm.
1897 5484 2175 5530 MOXGuar-
2278 5490 2475 5539 relictis
2497 5492 2643 5540 vitiis
2666 5477 3050 5556 parvulorum,
3080 5495 3399 5543 creverimus
3431 5477 3498 5543 in,
3524 5508 3641 5543 eum
3664 5492 3818 5539 virum,

583 5551 799 5631 netia“-
823 5551 885 5599 άε
920 5551 1163 5631 βῬίετοια
1184 5553 1357 5631 ΠέἸῦθι
1380 5556 1766 5631 ΡΡΟΔΕΡί-ςιολῖκ-
2280 5561 2343 5609 de
2367 5577 2493 5626 quo,
2519 5565 2626 5614 etc.
2664 5551 2834 5617 Porro
2865 5551 3100 5628 gravius
3145 5566 3206 5617 in
3248 5566 3623 5629 sequentibus
3651 5558 3814 5626 peccet

647 5622 1069 5685 cGuarnerian.,
1096 5625 1359 5689 proferre,
1406 5626 1501 5689 qui
1528 5630 1584 5677 et
1609 5627 2032 5690 subsequentes
2059 5635 2174 5683 tres
2343 5622 2596 5685 (Iterum
2632 5636 2800 5684 artatis
2824 5622 3038 5688 nomen
3080 5637 3139 5687 in
3163 5622 3551 5689 Guarneriano
3579 5622 3812 5687 ret—icetur.

584 5701 789 5773 versus
813 5705 1108 5773 perperam
1127 5696 1358 5773 omittit,
1392 5696 1604 5773 librarii
1632 5698 1952 5773 oscitantis.
1980 5702 2090 5753 Sed
2118 5708 2175 5755 et
2279 5705 2411 5756 Mox
2436 5718 2508 5756 ex
2550 5706 2775 5771 eodem,
2818 5709 2883 5759 ut
2930 5713 2990 5761 et
3033 5709 3467 5773 Commentario,
3509 5712 3719 5773 augetur
3743 5705 3813 5763 Ρῖο

585 5764 849 5826 superius
861 5764 1130 5827 quaedam
1142 5771 1359 5831 peccat,
1376 5779 1510 5831 quae
1524 5768 1668 5821 nihil
1682 5770 1908 5823 intersit
1920 5773 2018 5825 tua
2026 5776 2172 5824 scire.
2277 5777 2564 5840 augebitur
2593 5764 2858 5843 legimus.
