3900 6414
34 378 149 432 581

1237 376 1617 430 APOLOGUE
1650 375 1860 427 LIBER
1898 378 2181 431 PRIMUS.

3247 380 3353 437 582

34 501 264 553 gamus
308 488 414 553 [AL
453 488 651 553 Finge]
688 487 939 552 aliquem
974 487 1169 540 venire
1195 492 1371 540 tenta
1401 488 1659 540 scientia
1684 488 1931 562 Aotiam
1960 502 2114 540 nunc
2138 494 2201 541 tu
2229 501 2463 554 quoque
2491 489 2665 554 jubes
2704 502 2804 543 eos
2823 489 3030 556 legere,
3054 492 3155 544 ubi
3188 492 3353 558 dicis,

35 578 368 641 medicum,
407 578 507 642 qui
538 578 709 642 juxta
733 577 956 629 fabulas
981 577 1657 641 Ethnicorum,1Escula-

36 668 213 731 pium
239 667 673 732 possitimitari,
700 670 757 719 et
784 679 994 719 novam
1018 667 1265 731 ﬁguram
1292 677 1661 730 “novumque

37 756 355 808 hominem
383 756 647 808 Virbium
682 757 982 807 suscitare.
1021 757 1128 807 Hic
1161 769 1398 808 necesse
1428 756 1665 808 habebit

40 845 518 909 unumquodque
568 846 892 897 membrum
939 857 1045 896 suo
1084 844 1208 896 loco
1253 845 1568 906 restituere,
1609 849 1666 896 et

42 948 400 999 compagem
434 935 699 998 copulare
742 934 1024 999 compagi,
1068 939 1125 986 et
1161 934 1409 998 quodam
1441 934 1662 999 glutino

42 1025 321 1089 partibus
345 1024 647 1087 restitutis,
665 1037 847 1075 unum
860 1036 1068 1087 corpus
1090 1023 1331 1075 efficere.
1349 1024 1660 1087 Hucusque

42 1113 227 1163 nobis
270 1124 392 1164 una
431 1111 744 1163 similitudo
776 1111 1134 1176 processerit.
1169 1113 1335 1163 Nune
1363 1112 1425 1162 in
1461 1111 1659 1163 eadem

43 1201 437 1253 similitudine
465 1200 570 1266 [AL
589 1200 851 1252 eamdem
876 1200 1331 1265 similitudinem]
1349 1200 1487 1253 adid
1505 1200 1661 1264 quod

39 1291 305 1356 intelligi
330 1290 602 1342 volumus
612 1289 768 1341 aliud
788 1288 1404 1354 trahaturexemplum.
1419 1293 1662 1339 Parvulus

44 1380 271 1431 crescit
310 1379 419 1444 [AL
453 1379 708 1443 crescat},
748 1383 806 1430 et
845 1377 1070 1430 occulto
1106 1392 1235 1431 avo
1265 1379 1326 1430 in
1348 1378 1662 1444 perfectam

46 1469 340 1521 adolescit
368 1468 471 1534 [AL
487 1468 797 1533 adolescat]
827 1474 1058 1521 atatem
1086 1483 1099 1519 :
1125 1481 1299 1520 suum
1328 1482 1534 1520 manus
1557 1468 1663 1519 ha-

48 1560 199 1610 bent
238 1558 346 1623 [AL
370 1558 609 1610 habebit
639 1563 685 1607 et
718 1557 987 1622 sentient]
1009 1562 1409 1623 augmentum,
1436 1571 1543 1610 sua
1565 1570 1665 1623 pe-

46 1647 161 1699 des
200 1647 463 1699 sentiunt
505 1648 855 1699 incrementa
885 1662 898 1698 :
936 1652 1156 1708 venter,
1182 1646 1323 1699 dum
1346 1647 1661 1710 nescimus,

48 1736 354 1801 impletur,
380 1737 625 1799 humeri,
664 1736 803 1787 dum
839 1736 1114 1788 falluntur
1137 1737 1306 1799 oculi,
1333 1736 1657 1796 dilatantur,

1759 578 1914 641 quod
1937 591 2138 630 omnes
2159 578 2529 631 rationabiles
2557 582 2854 641 creatura,
2884 592 3015 644 qua
3046 581 3156 632 sub
3181 582 3355 633 unius

1758 666 2111 719 rationabilis
2150 668 2413 720 animalis
2452 668 2718 733 exemplo
2742 668 3162 734 intelliguntur,
3185 670 3265 722 ita
3293 670 3356 723 in

1761 769 1946 808 unum
1996 770 2202 821 corpus
2232 757 2565 820 reparanda
2601 757 2734 821 sint,
2778 763 3055 822 tanquam
3099 758 3149 810 si
3181 759 3356 812 unius
3450 790 3455 793 »

1762 845 2011 896 hominis
2023 845 2284 897 membra
2299 844 2545 906 divulsa,
2558 858 2759 897 rursus
2782 846 2842 897 in
2857 847 3123 911 ejusdem
3135 851 3356 910 corporis

1762 934 2107 987 soliditatem
2145 934 2449 999 zEsculapii
2485 938 2604 986 arte
2635 940 3005 1000 reparentur:
3046 937 3109 988 in
3143 937 3357 1002 quibus

1761 1024 1996 1088 quidem
2021 1025 2249 1076 diversa
2273 1023 2467 1075 futura
2488 1023 2694 1076 definis
2717 1024 2923 1086 officia,
2948 1030 3149 1090 utpote
3172 1039 3358 1079 mem-

1760 1114 2013 1176 brorum,
2038 1113 2138 1165 sed
2163 1125 2370 1177 corpus
2393 1125 2595 1177 unum,
2617 1112 2637 1141 ἰ
2663 1112 2774 1165 hoc
2796 1118 2888 1165 est
2909 1114 3085 1167 unius
3109 1120 3355 1179 natura,

1760 1205 1818 1253 et
1841 1202 1951 1253 hoc
1980 1202 2242 1254 omnium
2264 1214 2448 1254 unum
2471 1214 2699 1266 corpus,
2723 1202 3071 1267 primitivam
3088 1207 3355 1254 Ecclesium

1760 1303 1954 1356 vocas,
1976 1295 2035 1343 et
2056 1304 2264 1356 corpus
2287 1304 2417 1343 esse
2439 1291 2708 1343 nominas
2726 1291 2952 1357 Christi,
2977 1294 3141 1357 cujus
3160 1306 3360 1357 corpo-

1761 1380 1839 1431 ris
1864 1393 2050 1432 unum
2084 1381 2406 1432 membrum
2446 1393 2554 1432 suo
2586 1380 2773 1433 ofﬁcio
2801 1380 3249 1446 restituendum,
3273 1381 3359 1433 ais

1763 1482 1892 1522 esse
1916 1469 2186 1534 angelum
2202 1470 2481 1533 refugam,
2501 1469 2700 1533 quiest
2716 1469 2918 1534 utique
2929 1470 3212 1535 diabolus,
3231 1471 3362 1523 etin

1763 1558 1872 1610 hoc
1888 1558 2040 1622 quod
2056 1559 2129 1610 ab
2152 1557 2315 1610 initio
2327 1562 2554 1610 creatus
2569 1559 3079 1623 est,reparandum.
3097 1558 3362 1612 Similiter

1765 1652 1824 1700 et
1855 1647 2166 1708 hominem,
2203 1647 2357 1699 aliud
2382 1648 2726 1711 membrum,
2765 1647 2839 1700 ad
2867 1648 3088 1700 cultum
3111 1647 3362 1713 paradisi

1763 1740 2037 1800 tanquam
2079 1736 2349 1789 colonum
2379 1737 2390 1766 ί
2422 1736 2795 1801 originarium
2828 1736 3220 1789 revocandum
3246 1751 3260 1789 :
3296 1740 3361 1790 et

48 1831 115 1878 et
147 1825 347 1878 omnia
366 1827 622 1878 membra
638 1838 739 1890 per
757 1830 944 1890 partes
956 1826 1126 1889 juxta
1141 1838 1474 1878 mensuram
1495 1838 1659 1877 suam
1690 1837 1747 1913 B
1768 1827 1895 1879 hac
1912 1825 2089 1889 nulla,
2113 1830 2178 1878 ut
2200 1825 2321 1878 fieri
2337 1826 2499 1888 solet,
2515 1838 2647 1877 cum
2669 1825 2739 1877 de
2761 1827 2936 1877 rebus
2960 1825 3174 1877 talibus
3198 1825 3367 1890 pede-

49 1915 143 1966 sic
168 1919 458 1979 crescunt,
478 1914 577 1966 ut”
592 1916 787 1966 tamen
801 1927 921 1965 non
941 1914 1048 1966 sibi
1067 1914 1168 1967 sed
1185 1914 1403 1979 corpori
1423 1914 1663 1967 videan-

49 2010 156 2057 tur
197 2005 420 2068 augeri.
456 2006 543 2056 Ita
586 2004 763 2069 igitur
806 2009 865 2056 et
895 2004 959 2055 in
989 2004 1354 2056 restitutione
1386 2004 1664 2067 omnium,

48 2093 298 2159 quando
315 2106 525 2159 corpus
538 2094 718 2146 totius
731 2092 997 2145 Ecclesia
1012 2107 1170 2145 nunc
1182 2094 1510 2159 dispersum
1521 2100 1669 2157 atque

46 2184 398 2245 laceratum,
417 2196 594 2235 verus
616 2182 877 2235 medicus
897 2184 930 2233 J
934 2195 1072 2234 esus
1099 2182 1383 2247 Christus,
1400 2189 1669 2232 sanaturus

50 2271 797 2336 advenerit,unusquisque
812 2270 1136 2323 secundum
1148 2283 1483 2323 mensuram
1497 2273 1609 2320 ﬁdei
1624 2276 1671 2320 et

52 2362 424 2428 agnitionem
454 2360 580 2412 Filii
606 2360 707 2413 Dei
735 2361 925 2424 (quem
949 2360 1079 2412 ideo
1104 2373 1417 2424 agnoscere
1440 2360 1669 2423 dicitur,

52 2466 73 2487 ε
99 2451 244 2515 quia
268 2451 428 2515 prius
451 2453 710 2511 noverat,
736 2454 794 2501 et
819 2453 1024 2514 postea
1049 2462 1226 2501 nosse
1246 2449 1473 2512 desivit)
1497 2461 1671 2500 suum

54 2540 303 2605 recipiet
324 2539 537 2603 locum,
570 2542 631 2590 et
662 2537 895 2602 incipiet
916 2538 976 2589 id
999 2550 1129 2590 esse
1163 2537 1317 2601 quod
1342 2537 1564 2589 fuerat:
1592 2537 1672 2588 ita

56 2635 266 2682 tamen
287 2631 357 2680 ut
379 2641 497 2681 non
517 2628 689 2692 juxta
711 2627 885 2679 aliam
902 2627 924 2657 δ
938 2627 1211 2680 haresim
1240 2639 1442 2679 omnes
1466 2627 1525 2679 in
1554 2639 1674 2678 una

57 2724 243 2772 atate
279 2719 398 2771 sint
428 2717 619 2783 positi,
665 2717 725 2769 id
762 2722 872 2782 est,
903 2730 1106 2769 omnes
1140 2717 1200 2768 in
1224 2716 1467 2781 Angelos
1496 2716 1671 2767 refor-

57 2812 301 2861 mentur
327 2822 340 2858 :
374 2807 478 2860 sed
506 2806 959 2871 unumquodque
978 2807 1303 2858 membrum
1325 2807 1497 2870 juxta
1509 2818 1674 2856 men-

58 2910 268 2950 suram
289 2909 457 2948 suam
480 2901 540 2948 et
562 2895 848 2948 ofﬁcium"
864 2908 1036 2947 suum
1050 2895 1363 2960 perfectum
1390 2896 1483 2947 sit.
1503 2893 1675 2945 Verbi

59 2987 278 3053 gratia,
295 2992 363 3038 ut
384 2986 643 3051 Angelus
666 2985 934 3051 refugaid
949 2998 1079 3037 esse
1096 2985 1329 3049 incipiat
1345 2984 1500 3049 quod
1517 2996 1676 3036 crea-

59 3084 165 3131 tus
200 3081 327 3129 est:
359 3081 418 3128 et
439 3076 611 3128 homo
633 3075 731 3139 qui
753 3075 824 3127 de
851 3074 1117 3140 paradiso
1139 3074 1326 3126 fuerat
1348 3075 1582 3138 ejectus,
1599 3072 1672 3124 ad

60 3166 580 3220 culturamiterum
591 3164 841 3230 paradisi
857 3163 1194 3216 restituatur
1216 3165 1335 3227 Ista
1344 3160 1627 3229 autem35
1644 3160 1663 3229 |

1768 1916 1970 1969 tentim
1991 1919 2272 1979 cauteque
2295 1915 2520 1978 dicitur,
2542 1914 2779 1967 alterius
2802 1914 3103 1979 interjecta
3117 1926 3366 1981 persona

1766 2005 2152 2071 prosequeris,
2177 2007 2245 2056 ut
2269 2003 2283 2046 1
2311 2004 2608 2056 dubitasse
2630 2006 2686 2057 te
2710 2004 2920 2069 aliquis
2958 2004 3020 2057 in
3045 2005 3222 2058 rebus
3245 2008 3364 2057 tam

1768 2099 2007 2147 secretis
2040 2099 2099 2146 et
2119 2093 2474 2146 absconditis
2488 2093 2798 2157 existimet,
2813 2093 2965 2146 sicut
2979 2094 3239 2159 Origines
3255 2093 3366 2146 iste

1768 2184 1938 2246 cujus
1980 2188 2036 2235 te
2077 2188 2137 2234 et
2180 2181 2530 2247 discipulum
2553 2195 2674 2234 non
2696 2194 2895 2247 negas,
2928 2185 2987 2234 et
3015 2182 3365 2246 proditorem

1766 2271 1981 2333 fateris,
2036 2284 2261 2335 semper
2303 2270 2488 2322 facere
2530 2270 2824 2322 invenitur
2865 2270 2926 2322 in
2969 2270 3218 2322 talibus:
3263 2270 3366 2322 sed

1768 2360 2012 2424 abrupta
2033 2360 2093 2411 et
2114 2358 2355 2421 deﬁnita
2372 2358 2675 2418 sententia,
2699 2362 2999 2422 tamquam
3032 2358 3081 2410 si
3111 2357 3364 2423 Angelus

1766 2448 2097 2513 loqueretur
2118 2447 2179 2499 in
2195 2446 2447 2511 Daniele,
2470 2451 2573 2499 aut
2589 2447 2849 2499 Christus
2869 2445 3136 2511 inPaulo,
3157 2452 3370 2499 morta-

1766 2538 1908 2590 lium
1919 2537 2157 2590 auribus
2171 2536 2496 2589 futurorum
2518 2549 2728 2589 arcana
2748 2536 3015 2589 enuntias
3042 2539 3368 2589 saeculorum.

1769 2629 1839 2679 Et
1869 2628 1974 2690 ais,
2008 2626 2159 2679 Nulli
2190 2628 2467 2688 veterum,
2501 2626 2685 2680 electa
2720 2639 2757 2679 a
2791 2627 3015 2679 Christo
3038 2626 3202 2692 plebs
3225 2625 3370 2678 ﬁde—

1766 2716 1927 2780 lium,
1953 2717 2170 2769 credas.
2196 2716 2254 2767 Si
2271 2715 2544 2781 Origenes
2567 2715 2788 2781 aliquid
2813 2716 2883 2768 de
2907 2716 3121 2769 divina
3144 2715 3371 2780 dispen-

1771 2806 2011 2857 sationis
2036 2804 2439 2857 secretioribus
2455 2806 2786 2871 suspicatus
2803 2807 2909 2864 est,
2925 2817 3097 2858 nemo
3112 2804 3368 2869 recipiat.

1770 2897 1793 2929 ι
1816 2897 1887 2947 Et
1909 2895 1959 2946 si
1975 2894 2257 2959 Clemens,
2274 2897 2375 2947 aut
2389 2893 2484 2946 ille
2500 2894 2907 2959 Apostolorum
2926 2893 3371 2958 discipulus,aut

1770 2984 1864 3037 ille
1885 2984 2293 3038 Alexandrina
2305 2983 2593 3037 Ecclesia.
2612 2989 2671 3036 et
2692 2983 2878 3048 ipsius
2903 2981 3018 3049 35
3029 2981 3080 3049 2
3098 2982 3373 3047 magister

1772 3074 1865 3126 Ori
1871 3074 2034 3139 genis
2049 3074 2159 3125 tale
2169 3054 2385 3136 aliquid
2397 3073 2692 3126 dixerunt:
2713 3072 2943 3125 etiamsi
2961 3072 3266 3136 Gregorius
3282 3073 3373 3121 ille

1773 3163 2065 3225 Ponticus,
2093 3162 2180 3215 vir
2200 3162 2658 3228 Apostolicarum
2681 3161 2966 3215 virtutum
2980 3177 2998 3209 ε
3017 3160 3241 3212 etiamsi
3264 3160 3374 3212 iste

62 3206 1185 3230 ea.-.........--......,...w--."ww"..-
1216 3206 1663 3229 -s...__---_.,.,.
1774 3206 1798 3213 -
1821 3206 2065 3225 -..---..-,
2107 3206 2172 3215 .--
2200 3206 2658 3228 --,.-------.___.
2696 3206 2998 3215 ..η-----
3021 3206 3241 3212 ---_--
3264 3206 3372 3212 ..η

62 3257 347 3309 universa
391 3254 474 3307 sic
505 3254 522 3285 ¹
552 3254 709 3317 flent,
756 3257 821 3305 ut
875 3253 1124 3305 invicem
1160 3252 1310 3304 inter
1344 3265 1408 3304 se
1434 3252 1672 3304 caritate
1695 3206 1745 3282 Ο
1769 3252 1917 3305 alius
1961 3252 2378 3318 Nazianzenus,
2424 3256 2483 3303 et
2524 3251 2808 3316 Didymus
2843 3250 3050 3303 videns
3073 3248 3373 3314 Propheta,

53 3348 417 3411 jungantur:
449 3349 507 3396 et
528 3345 669 3395 dum
692 3342 1016 3407 congaudet
1038 3342 1364 3393 membrum
1386 3341 1669 3403 membro,
1771 3343 1944 3395 ambo
1962 3342 2225 3406 magistri
2248 3343 2359 3394 mei
2374 3342 2585 3406 quibus
2602 3341 2920 3406 sapientius
2942 3340 3004 3392 in
3027 3340 3140 3393 ﬁde
3164 3338 3379 3391 Christi

58 3442 118 3488 et
150 3436 216 3487 in
249 3433 486 3486 alterius
523 3431 893 3498 provectione
930 3429 1180 3494 laetatur,
1224 3431 1431 3482 Christi
1466 3442 1675 3495 corpus
1773 3431 1915 3484 nihil
1946 3432 2150 3484 habuit
2170 3432 2444 3484 mundus.
2471 3432 2686 3484 Omnes
2717 3431 2813 3483 isti
2832 3436 2899 3483 ut
2919 3430 3194 3495 Origenes
3218 3441 3374 3482 erra-

65 3523 327 3576 Ecclesia
359 3522 801 3587 primitivorum,
834 3520 1059 3572 habitet
1096 3520 1158 3571 in
1190 3519 1406 3572 caelesti
1443 3521 1678 3571 Jerusa—
1776 3521 2133 3575 verunt:sed
2146 3521 2434 3586 accipiant
2447 3521 2653 3573 erroris
2671 3521 2762 3573 sui
2779 3521 3027 3581 veniam,
3045 3519 3250 3583 quiaet
3269 3530 3376 3583 ego

62 3614 204 3677 lem,
250 3624 425 3676 quam
467 3611 529 3663 in
569 3611 678 3663 alio
714 3590 840 3665 loco
878 3608 1188 3674 Apostolus
1226 3614 1398 3662 vocat
1440 3613 1678 3660 matrem
1776 3611 2088 3675 aliquando
2110 3611 2311 3674 erravi,
2331 3614 2390 3663 et
2416 3609 2986 3676 nuncpamtentiam
3011 3607 3274 3674 gero,sed
3293 3620 3385 3660 ve-

68 3706 442 3756 Sanctorum.
461 3717 492 3749 »
1777 3701 1934 3753 niam
1961 3701 2215 3766 accipere
2238 3701 2438 3752 debeo.
2457 3700 2735 3766 Origenes
2749 3712 2886 3753 vero
2899 3712 3031 3752 cum
3055 3698 3251 3751 eadem
3269 3712 3385 3759 qua

133 3790 229 3848 43.
260 3792 403 3844 Hac
448 3794 548 3842 tua
587 3790 741 3843 dicta
778 3788 982 3854 legunt
1012 3801 1215 3842 omnes
1244 3797 1262 3827 ε
1296 3785 1501 3852 Latini,
1548 3798 1680 3851 qua
1781 3803 1886 3856 ego
1911 3790 2141 3855 dixerit,
2175 3790 2403 3842 etiamsi
2438 3789 2841 3855 panitentiam
2871 3788 2989 3853 egit
3027 3788 3133 3853 [AL
3156 3786 3381 3852 egerit],

135 3974 153 3993 ·
194 3964 465 4015 Fortasse
500 3961 689 4013 verior
723 3959 1273 4013 Commentariorum
1307 3962 1396 4010 est
1422 3956 1609 4020 lectio,
1637 3960 1682 4005 et
1783 3961 1881 4024 (ita
1919 3966 2097 4010 tamen
2129 3964 2190 4009 ut
2226 3974 2337 4009 non
2365 3960 2535 4023 juxta
2567 3958 2739 4009 aliam
2769 3967 3073 4017 HERBSIM’,
3106 3969 3288 4005 omnes
3320 3954 3385 4003 in

71 4039 133 4086 in
172 4049 377 4084 novam
399 4035 657 4097 ﬁguram.
689 4047 998 4096 novumque
1020 4046 1223 4081 nomen
1255 4029 1498 4080 Virbi-um
1520 4027 1685 4076 susci-
1781 4048 1899 4082 una
1939 4037 2089 4081 aelate
2120 4032 2228 4080 sint
2248 4031 2425 4096 positi)
2451 4031 2668 4080 ostendo
2691 4036 2739 4080 ct
2757 4046 2818 4079 ea
2840 4030 2903 4079 de
2924 4028 3118 4092 quibus
3147 4026 3381 4090 disputo,

75 4115 224 4157 tare:
254 4106 473 4157 scilicet
494 4103 820 4169 Hippolyto,
848 4117 1021 4168 quem
1037 4103 1108 4155 ab
1121 4102 1287 4166 equis
1302 4100 1685 4152 consternatis
1760 4119 1888 4169 esse
1911 4104 2174 4168 haeretica,
2219 4109 2265 4152 et
2298 4104 2362 4152 ab
2390 4103 2510 4152 alia
2535 4101 2727 4151 haeresi
2769 4101 3089 4165 discrepare.
3117 4099 3239 4158 Quae
3259 4101 3388 4169 sunt

74 4180 459 4231 dilaceratum
475 4176 546 4228 ad
565 4167 814 4240 Superos
831 4167 1066 4227 reduxit
1080 4172 1461 4236 JEsculapius,
1482 4172 1687 4223 immu-
1757 4168 1907 4240 ‘ergo
1933 4175 2051 4224 dua
2075 4167 2291 4224 haereses
2318 4178 2342 4224 Ρ
2378 4174 2516 4233 Una,
2543 4188 2660 4237 qua
2679 4171 2809 4222 dicit
2825 4186 3007 4221 omnes
3039 4167 3389 4240 rationabiles

76 4257 272 4303 tatum
301 4250 374 4299 ab
394 4261 461 4300 eo
484 4238 696 4299 nomen
720 4246 895 4298 tradit
918 4246 1183 4310 Ovidius,
1208 4257 1381 4309 quem
1400 4256 1575 4308 penes
1598 4245 1689 4295 est
1787 4238 2064 4297 creaturas
2105 4246 2167 4294 in
2203 4244 2431 4309 Angelos
2454 4243 2747 4307 reformari
2774 4257 2789 4293 :
2831 4242 3020 4307 altera,
3046 4256 3164 4305 qua
3201 4238 3390 4290 asserit

74 4322 278 4375 fabula.
301 4319 677 4382 Metamorph.
703 4319 825 4371 XV.
1788 4317 2215 4382 unumquodque
2239 4318 2300 4366 in
2319 4316 2652 4366 restitutione
2675 4314 2877 4364 mundi
2890 4314 2949 4364 id
2960 4312 3095 4376 fore,
3108 4311 3255 4378 quod
3270 4325 3390 4361 con-

399 4413 688 4470 Nomenque
719 4410 870 4457 simul
905 4410 1036 4469 quod
1075 4407 1230 4468 possit
1258 4421 1501 4467 equorum
1605 4450 1620 4459 ,
1792 4390 1970 4470 dilui”
1992 4395 2082 4439 εει-

275 4454 1100 4534 Αᾱωᾏξιῖἱὲὲἐξῖυῦἑῖ(ἱερὶῖιέὲᾶ
1120 4454 1313 4530 quiqui;
1332 4454 1474 4517 fuisti
1605 4454 1620 4459 ⁷
1662 4506 1665 4507 ν
1853 4471 1872 4491 ·
1906 4464 2112 4534 Deerat
2140 4474 2304 4534 suum
2335 4471 2669 4525 pronomen,
2706 4456 2861 4522 quod
2893 4468 2968 4509 ex
3004 4468 3113 4507 ms.
3149 4456 3208 4507 et
3236 4454 3395 4506 Com-

276 4537 594 4598 Hippolytus,
619 4532 766 4595 dixit,
792 4549 931 4582 nunc
952 4536 1086 4582 idem
1112 4535 1316 4581 Virbius
1339 4538 1460 4582 esto.
1720 4577 1772 4598 .n
1789 4532 2075 4585 mentario
2105 4532 2457 4583 suifecimus.

276 4577 594 4598 ---ηνηηἽ
793 4577 928 4582 ___-
952 4577 1086 4582 __--_
1129 4577 1312 4581 πη---

82 4625 202 4679 Sed
234 4624 363 4677 heic
395 4624 677 4689 impressa
699 4623 868 4676 lectio
894 4624 1189 4683 hominem,
1211 4621 1340 4685 ipsa
1364 4631 1596 4683 quoque
1614 4618 1682 4670 in-

1852 4605 1869 4634 τ
1898 4603 2266 4689 ΟΠὶὶΓΠθΓῘὲῙΞ.
2307 4616 2438 4684 ms,
2484 4604 2643 4686 ﬁant,
2670 4599 2825 4683 quod
2848 4598 3392 4689 cumsubsequ‘ente

85 4666 677 4761 ESBQBS'ﬁS‘ﬁ'ééi-w
1211 4666 1340 4685 "ww
1614 4666 1674 4670 ⁷-
1796 4674 2209 4761 “miliarii
2224 4666 2835 4761 199‘?°§9:.€‘.‘t‘3"9$ﬂ",
2849 4666 3394 4761 rigiiiafftsﬁilfif’

1796 4746 2096 4814 postidem
2121 4758 2232 4796 ms.
2256 4757 2358 4808 pro
2381 4745 2576 4796 verbis
2602 4745 2663 4793 in
2683 4743 2794 4793 alio
2819 4743 2949 4806 loco,
2973 4741 3152 4793 habet
3166 4741 3393 4790 Paulus.

1862 4828 1879 4856 κ
1901 4816 2077 4869 Addit
2100 4815 2325 4867 Codicis
2347 4815 2723 4867 Guarneriani
2748 4815 2991 4879 scriptor
3018 4814 3146 4877 fere.

1859 4889 1881 4919 "
1907 4887 2240 4940 Econtrario
2286 4888 2479 4948 verba,
2520 4887 2618 4935 hoc
2657 4892 2728 4935 est
2763 4886 2931 4935 unius
2968 4889 3195 4949 naturae,
3243 4881 3399 4933 idem

1796 4974 1906 5014 ms.
1953 4960 2080 5011 heic
2124 4962 2289 5009 tacet.
2327 4958 2499 5010 Paulo
2544 4962 2695 5022 post.
2740 4972 2904 5007 suum
2936 4955 3260 5018 membrum,
3296 4965 3399 5019 pro

1798 5046 1977 5082 unum
1991 5028 2293 5079 membrum
2317 5027 2472 5092 legit.

1864 5101 2069 5164 ‘Alibi,
2116 5104 2175 5152 et
2208 5112 2386 5164 penes
2426 5099 2686 5150 Martian.
2711 5110 2960 5162 quoque,
2995 5095 3397 5160 Origenarium,

1800 5173 1954 5240 quod
1984 5185 2099 5224 non
2121 5172 2410 5235 probatur.
2442 5170 2823 5240 Originarium
2848 5167 3227 5240 nempedicit,
3245 5165 3400 5240 quod

1800 5236 1859 5298 in
1884 5242 2149 5296 Paradiso
2166 5241 2239 5293 ad
2252 5254 2384 5293 eum
2397 5240 2776 5291 excolendum
2796 5239 2969 5291 homo
2984 5237 3232 5303 primum
3251 5236 3401 5301 posi-

1804 5322 1899 5369 tus
1950 5320 2057 5367 est.
2105 5314 2195 5365 Sic
2227 5315 2284 5364 et
2320 5310 2490 5376 paulo
2520 5311 2780 5362 inferius.
2805 5311 3123 5359 restituatur
3143 5308 3279 5356 sicut
3308 5305 3406 5355 ab-

1801 5389 1960 5438 initio
1993 5386 2119 5448 fuit,
2159 5386 2238 5433 ita
2279 5390 2341 5432 ut
2375 5384 2532 5432 homo
2566 5383 2639 5431 ad
2670 5382 2995 5446 paradisum
3030 5384 3316 5437 revocetur,
3356 5383 3402 5426 et

1801 5459 2038 5523 Angelus
2065 5457 2259 5520 refuga
2290 5455 2374 5516 (in
2395 5454 2535 5506 calo
2558 5452 2785 5516 scilicet)
2807 5452 3089 5502 eaaltetur.

1863 5537 2297 5603 jSignificanter
2338 5534 2462 5585 cod.
2498 5533 2874 5585 Guarnerian.
2907 5531 3103 5603 addita
3124 5527 3203 5579 vel
3223 5526 3403 5593 parti-

1806 5602 1971 5669 cula,
1999 5612 2055 5660 et
2103 5608 2180 5657 vel
2223 5606 2506 5669 dubitasse,
2559 5609 2700 5668 etc.;
2744 5608 2868 5656 tum
2927 5602 3262 5652 existimaret
3304 5609 3405 5663 pro

1806 5682 2088 5731 existimet.

1871 5763 1893 5795 ι
1918 5760 2108 5813 Codex
2131 5758 2287 5813 idem
2309 5755 2701 5821 Guarnerian.,
2718 5755 2929 5808 etiamsi
2954 5754 3212 5819 Clemens,
3230 5749 3332 5816 qui
3348 5753 3408 5805 et

1809 5844 1950 5886 mox
1970 5844 2267 5897 perperam
2299 5842 2515 5885 nomen
2542 5828 2799 5894 magister
2830 5831 3001 5882 tacet.

145 4771 169 4800 ἰ
198 4768 577 4833 Guarnerian,
603 4779 735 4831 ms,
760 4771 820 4816 ut
835 4765 958 4830 jam
988 4780 1099 4816 non
1117 4763 1235 4814 sibi.
1268 4765 1547 4816 Caterum
1572 4774 1700 4815 con-

88 4841 335 4893 ferenda
349 4838 687 4903 Hieronymi
709 4838 989 4903 Apologia
1010 4840 1051 4888 Ι.
1078 4849 1238 4888 num.
1265 4834 1352 4889 226.
1372 4835 1475 4885 ubi
1493 4847 1564 4886 ex
1577 4834 1700 4886 Ori-

86 4914 261 4975 genis
294 4924 488 4975 sensu,
527 4924 646 4962 non
672 4923 798 4973 suo,
823 4909 949 4961 hac
971 4908 1084 4960 dici
1108 4908 1486 4971 demonstrat,
1524 4918 1700 4969 seque

86 4983 171 5034 ita
195 4987 461 5043 excusat,
489 4982 643 5046 quod
676 4995 747 5032 ex
771 4979 1246 5033 Commentatoris
1271 4978 1458 5031 ofﬁcio
1481 4988 1703 5029 enarra-

88 5054 264 5118 verit,
293 5060 359 5106 ut
396 5060 590 5106 tamen
630 5054 857 5119 culpam
891 5053 949 5104 in
981 5052 1142 5103 illum
1166 5063 1399 5102 omnem
1430 5050 1699 5110 conferat,

89 5127 468 5187 Latissimam,
505 5125 708 5188 inquit,
739 5125 984 5188 Origems
1007 5124 1414 5187 expositionem,
1437 5124 1481 5168 et
1497 5120 1701 5169 eosdem

88 5213 281 5247 sensus
334 5213 433 5262 per
490 5197 700 5245 diversa
743 5194 901 5244 verba
944 5193 1231 5242 volventem
1276 5193 1419 5241 brevi
1462 5204 1703 5262 sermone

86 5261 543 5329 constrinieimus,
577 5266 725 5316 nihil
759 5265 1032 5329 exemplis,
1076 5271 1121 5313 et
1146 5262 1528 5313 assertionibus
1554 5261 1702 5310 illius

93 5342 420 5403 auferentes.
447 5342 731 5402 Quumque
749 5338 1172 5402 peruenissemus
1186 5336 1260 5385 ad
1277 5337 1457 5398 ﬂncm,
1473 5335 1578 5382 hac
1589 5332 1704 5381 sub-

87 5413 343 5475 Jeeimus.
376 5412 607 5475 lgiluret
620 5411 679 5459 in
698 5410 1029 5459 restitutione
1051 5408 1322 5471 omnium,
1348 5411 1453 5458 etc.
1480 5404 1624 5456 Vide
1646 5407 1705 5455 et

95 5484 295 5548 ipsum
322 5482 830 5534 Commentarium.

158 5568 180 5588 ο
206 5555 426 5606 Vitiose
448 5558 616 5605 antea
644 5557 781 5616 erat,
800 5554 898 5616 qui
923 5552 1081 5616 prius
1106 5556 1342 5601 noverat.
1367 5551 1501 5602 Mox
1523 5549 1706 5601 Guar-

99 5627 323 5677 neri-an.
352 5625 549 5675 desinit
572 5638 673 5690 pro
698 5625 902 5676 desivit.

163 5697 186 5726 ⁴
210 5699 336 5749 Hac
358 5710 526 5761 porro
549 5696 885 5760 exceptione
909 5694 1131 5747 aditum
1148 5694 1450 5747 calumnia
1474 5691 1709 5758 praelu-

104 5772 258 5820 serat
281 5771 335 5821 S.
364 5771 595 5832 Doctor,
620 5781 911 5831 suumque
939 5780 1177 5819 sensum
1198 5767 1452 5818 maxime
1472 5763 1712 5817 catholi-

106 5853 245 5893 cum
275 5840 629 5894 ostenderat.
666 5841 913 5904 Quando,
940 5839 1129 5904 inquit
1149 5838 1294 5892 libro
1316 5836 1567 5900 laudato,
1593 5835 1710 5885 dico
