  <div class='ocr_page' id='page_1' title='image "/cluster/home/n/w/nwhite01/storage/ocr_20150623/21/umn.319510024773153/295.png"; bbox 0 0 3900 6388; ppageno 0'>
   <div class='ocr_carea' id='block_1_1' title="bbox 530 349 2794 413">
    <p class='ocr_par' dir='ltr' id='par_1_1' title="bbox 530 349 2794 413">
     <span class='ocr_line' id='line_1_1' title="bbox 530 349 2794 413; baseline -0.004 0"><span class='ocrx_word' id='word_1_1' title='bbox 530 358 636 413; x_wconf 81' lang='grc'><strong>583</strong></span> <span class='ocrx_word' id='word_1_2' title='bbox 1551 352 1795 404; x_wconf 85' lang='lat' dir='ltr'><strong>RUFINI</strong></span> <span class='ocrx_word' id='word_1_3' title='bbox 1831 349 2319 412; x_wconf 84' lang='lat' dir='ltr'><strong>AQUILEIENSIS</strong></span> <span class='ocrx_word' id='word_1_4' title='bbox 2353 351 2794 403; x_wconf 82' lang='lat' dir='ltr'><strong>PRESBYTERI</strong></span> 
     </span>
    </p>
   </div>
   <div class='ocr_carea' id='block_1_2' title="bbox 528 460 3835 545">
    <p class='ocr_par' dir='ltr' id='par_1_2' title="bbox 528 460 3835 545">
     <span class='ocr_line' id='line_1_2' title="bbox 528 460 3835 545; baseline -0.001 -22"><span class='ocrx_word' id='word_1_5' title='bbox 528 471 760 525; x_wconf 84' lang='lat' dir='ltr'><strong>veniam</strong></span> <span class='ocrx_word' id='word_1_6' title='bbox 781 482 901 522; x_wconf 91' lang='lat' dir='ltr'><strong>non</strong></span> <span class='ocrx_word' id='word_1_7' title='bbox 923 468 1178 533; x_wconf 86' lang='lat' dir='ltr'><strong>accipiet,</strong></span> <span class='ocrx_word' id='word_1_8' title='bbox 1192 467 1367 517; x_wconf 89' lang='lat' dir='ltr'><strong>immo</strong></span> <span class='ocrx_word' id='word_1_9' title='bbox 1380 476 1479 528; x_wconf 92' lang='lat' dir='ltr'><strong>pro</strong></span> <span class='ocrx_word' id='word_1_10' title='bbox 1495 463 1585 515; x_wconf 88' lang='lat' dir='ltr'><strong>his</strong></span> <span class='ocrx_word' id='word_1_11' title='bbox 1608 475 1740 526; x_wconf 72' lang='lat' dir='ltr'><strong>quae</strong></span> <span class='ocrx_word' id='word_1_12' title='bbox 1766 473 1965 514; x_wconf 88' lang='lat' dir='ltr'><strong>omnes</strong></span> <span class='ocrx_word' id='word_1_13' title='bbox 1979 461 2121 512; x_wconf 85' lang='lat' dir='ltr'><strong>dixi-</strong></span> <span class='ocrx_word' id='word_1_14' title='bbox 2143 472 2199 545; x_wconf 73' lang='grc' dir='ltr'><strong>Α</strong></span> <span class='ocrx_word' id='word_1_15' title='bbox 2224 462 2330 525; x_wconf 86' lang='lat' dir='ltr'><strong>ais,</strong></span> <span class='ocrx_word' id='word_1_16' title='bbox 2376 462 2636 514; x_wconf 80' lang='lat' dir='ltr'><strong>doctrina</strong></span> <span class='ocrx_word' id='word_1_17' title='bbox 2674 460 2942 526; x_wconf 82' lang='lat' dir='ltr'><strong>decepit?</strong></span> <span class='ocrx_word' id='word_1_18' title='bbox 2975 462 3231 527; x_wconf 87' lang='lat' dir='ltr'><strong>Denique</strong></span> <span class='ocrx_word' id='word_1_19' title='bbox 3259 464 3364 528; x_wconf 99' lang='lat' dir='ltr'><strong>[AL</strong></span> <span class='ocrx_word' id='word_1_20' title='bbox 3409 466 3659 531; x_wconf 86' lang='lat' dir='ltr'><strong>Deinde]</strong></span> <span class='ocrx_word' id='word_1_21' title='bbox 3708 470 3835 532; x_wconf 87' lang='lat' dir='ltr'><strong>quis</strong></span> 
     </span>
    </p>
   </div>
   <div class='ocr_carea' id='block_1_3' title="bbox 525 550 3833 622">
    <p class='ocr_par' dir='ltr' id='par_1_3' title="bbox 525 550 3833 622">
     <span class='ocr_line' id='line_1_3' title="bbox 525 550 3833 622; baseline -0 -11"><span class='ocrx_word' id='word_1_22' title='bbox 525 572 680 622; x_wconf 91' lang='lat' dir='ltr'><strong>mus,</strong></span> <span class='ocrx_word' id='word_1_23' title='bbox 722 558 885 610; x_wconf 91' lang='lat' dir='ltr'><strong>solus</strong></span> <span class='ocrx_word' id='word_1_24' title='bbox 925 557 1049 621; x_wconf 91' lang='lat' dir='ltr'><strong>ipse</strong></span> <span class='ocrx_word' id='word_1_25' title='bbox 1094 555 1418 605; x_wconf 90' lang='lat' dir='ltr'><strong>damnetur.</strong></span> <span class='ocrx_word' id='word_1_26' title='bbox 1475 554 1603 616; x_wconf 89' lang='lat' dir='ltr'><strong>Ipse</strong></span> <span class='ocrx_word' id='word_1_27' title='bbox 1644 553 1736 603; x_wconf 89' lang='lat' dir='ltr'><strong>est</strong></span> <span class='ocrx_word' id='word_1_28' title='bbox 1780 550 1879 613; x_wconf 85' lang='lat' dir='ltr'><strong>qui</strong></span> <span class='ocrx_word' id='word_1_29' title='bbox 1923 550 2120 601; x_wconf 80' lang='lat' dir='ltr'><strong>omnia</strong></span> <span class='ocrx_word' id='word_1_30' title='bbox 2224 563 2504 614; x_wconf 89' lang='lat' dir='ltr'><strong>umquam</strong></span> <span class='ocrx_word' id='word_1_31' title='bbox 2527 565 2626 616; x_wconf 92' lang='lat' dir='ltr'><strong>per</strong></span> <span class='ocrx_word' id='word_1_32' title='bbox 2652 556 2809 603; x_wconf 80' lang='lat' dir='ltr'><strong>tuam</strong></span> <span class='ocrx_word' id='word_1_33' title='bbox 2833 552 3232 617; x_wconf 78' lang='lat' dir='ltr'><strong>pcenitentiam</strong></span> <span class='ocrx_word' id='word_1_34' title='bbox 3251 555 3676 619; x_wconf 77' lang='lat' dir='ltr'><strong>emendabitur,</strong></span> <span class='ocrx_word' id='word_1_35' title='bbox 3702 571 3833 610; x_wconf 88' lang='lat' dir='ltr'><strong>cum</strong></span> 
     </span>
    </p>
   </div>
   <div class='ocr_carea' id='block_1_4' title="bbox 3734 356 3833 411">
    <p class='ocr_par' dir='ltr' id='par_1_4' title="bbox 3734 356 3833 411">
     <span class='ocr_line' id='line_1_4' title="bbox 3734 356 3833 411; baseline 0 0"><span class='ocrx_word' id='word_1_36' title='bbox 3734 356 3833 411; x_wconf 63' lang='lat'><strong>58$</strong></span> 
     </span>
    </p>
   </div>
   <div class='ocr_carea' id='block_1_5' title="bbox 526 639 2124 709">
    <p class='ocr_par' dir='ltr' id='par_1_5' title="bbox 526 639 2124 709">
     <span class='ocr_line' id='line_1_5' title="bbox 526 639 2124 709; baseline -0.007 -9"><span class='ocrx_word' id='word_1_37' title='bbox 526 648 680 700; x_wconf 90' lang='lat' dir='ltr'><strong>mala</strong></span> <span class='ocrx_word' id='word_1_38' title='bbox 702 647 848 698; x_wconf 88' lang='lat' dir='ltr'><strong>fecit.</strong></span> <span class='ocrx_word' id='word_1_39' title='bbox 870 648 997 709; x_wconf 91' lang='lat' dir='ltr'><strong>Ipse</strong></span> <span class='ocrx_word' id='word_1_40' title='bbox 1019 644 1173 696; x_wconf 92' lang='lat' dir='ltr'><strong>enim</strong></span> <span class='ocrx_word' id='word_1_41' title='bbox 1194 643 1360 693; x_wconf 87' lang='lat' dir='ltr'><strong>nobis</strong></span> <span class='ocrx_word' id='word_1_42' title='bbox 1371 640 1641 706; x_wconf 85' lang='lat' dir='ltr'><strong>prodidit,</strong></span> <span class='ocrx_word' id='word_1_43' title='bbox 1659 639 1810 691; x_wconf 90' lang='lat' dir='ltr'><strong>unde</strong></span> <span class='ocrx_word' id='word_1_44' title='bbox 1833 643 2124 690; x_wconf 90' lang='lat' dir='ltr'><strong>esttotum</strong></span> 
     </span>
    </p>
   </div>
   <div class='ocr_carea' id='block_1_6' title="bbox 530 728 2124 801">
    <p class='ocr_par' dir='ltr' id='par_1_6' title="bbox 530 728 2124 801">
     <span class='ocr_line' id='line_1_6' title="bbox 530 728 2124 801; baseline -0.005 -14"><span class='ocrx_word' id='word_1_45' title='bbox 530 735 799 801; x_wconf 89' lang='lat' dir='ltr'><strong>quicquid</strong></span> <span class='ocrx_word' id='word_1_46' title='bbox 833 746 941 785; x_wconf 90' lang='lat' dir='ltr'><strong>nos</strong></span> <span class='ocrx_word' id='word_1_47' title='bbox 970 732 1278 796; x_wconf 82' lang='lat' dir='ltr'><strong>loquimur,</strong></span> <span class='ocrx_word' id='word_1_48' title='bbox 1319 729 1588 794; x_wconf 89' lang='lat' dir='ltr'><strong>quicquid</strong></span> <span class='ocrx_word' id='word_1_49' title='bbox 1613 729 1937 791; x_wconf 87' lang='lat' dir='ltr'><strong>scribimus,</strong></span> <span class='ocrx_word' id='word_1_50' title='bbox 1965 728 2124 791; x_wconf 88' lang='lat' dir='ltr'><strong>quic-</strong></span> 
     </span>
    </p>
   </div>
   <div class='ocr_carea' id='block_1_7' title="bbox 522 818 2125 889">
    <p class='ocr_par' dir='ltr' id='par_1_7' title="bbox 522 818 2125 889">
     <span class='ocr_line' id='line_1_7' title="bbox 522 818 2125 889; baseline -0.004 -14"><span class='ocrx_word' id='word_1_51' title='bbox 522 825 660 889; x_wconf 84' lang='lat' dir='ltr'><strong>quid</strong></span> <span class='ocrx_word' id='word_1_52' title='bbox 683 823 817 874; x_wconf 89' lang='lat' dir='ltr'><strong>dicti</strong></span> <span class='ocrx_word' id='word_1_53' title='bbox 844 832 861 852; x_wconf 81' lang='grc'><strong><em>⁸</em></strong></span> <span class='ocrx_word' id='word_1_54' title='bbox 887 827 1122 887; x_wconf 81' lang='lat' dir='ltr'><strong>putatur</strong></span> <span class='ocrx_word' id='word_1_55' title='bbox 1154 820 1392 873; x_wconf 87' lang='lat' dir='ltr'><strong>eruditi:</strong></span> <span class='ocrx_word' id='word_1_56' title='bbox 1418 824 1471 871; x_wconf 88' lang='lat' dir='ltr'><strong>et</strong></span> <span class='ocrx_word' id='word_1_57' title='bbox 1505 819 1661 882; x_wconf 92' lang='lat' dir='ltr'><strong>quod</strong></span> <span class='ocrx_word' id='word_1_58' title='bbox 1685 819 1755 870; x_wconf 91' lang='lat' dir='ltr'><strong>de</strong></span> <span class='ocrx_word' id='word_1_59' title='bbox 1778 818 1993 870; x_wconf 74' lang='lat' dir='ltr'><strong>Graecis</strong></span> <span class='ocrx_word' id='word_1_60' title='bbox 2018 818 2125 868; x_wconf 93' lang='lat' dir='ltr'><strong>bo-</strong></span> 
     </span>
    </p>
   </div>
   <div class='ocr_carea' id='block_1_8' title="bbox 523 910 2122 973">
    <p class='ocr_par' dir='ltr' id='par_1_8' title="bbox 523 910 2122 973">
     <span class='ocr_line' id='line_1_8' title="bbox 523 910 2122 973; baseline -0.005 -9"><span class='ocrx_word' id='word_1_61' title='bbox 523 914 615 965; x_wconf 85' lang='lat' dir='ltr'><strong>nis</strong></span> <span class='ocrx_word' id='word_1_62' title='bbox 632 912 834 963; x_wconf 86' lang='lat' dir='ltr'><strong>Latina</strong></span> <span class='ocrx_word' id='word_1_63' title='bbox 850 911 1092 963; x_wconf 84' lang='lat' dir='ltr'><strong>facimus</strong></span> <span class='ocrx_word' id='word_1_64' title='bbox 1104 923 1222 962; x_wconf 91' lang='lat' dir='ltr'><strong>non</strong></span> <span class='ocrx_word' id='word_1_65' title='bbox 1238 911 1406 962; x_wconf 92' lang='lat' dir='ltr'><strong>bona.</strong></span> <span class='ocrx_word' id='word_1_66' title='bbox 1423 910 1602 961; x_wconf 91' lang='lat' dir='ltr'><strong>Nemo</strong></span> <span class='ocrx_word' id='word_1_67' title='bbox 1618 921 1751 973; x_wconf 89' lang='lat' dir='ltr'><strong>ergo</strong></span> <span class='ocrx_word' id='word_1_68' title='bbox 1770 918 2122 971; x_wconf 89' lang='lat' dir='ltr'><strong>quemquam</strong></span> 
     </span>
    </p>
   </div>
   <div class='ocr_carea' id='block_1_9' title="bbox 523 996 2123 1064">
    <p class='ocr_par' dir='ltr' id='par_1_9' title="bbox 523 996 2123 1064">
     <span class='ocr_line' id='line_1_9' title="bbox 523 996 2123 1064; baseline -0.004 -11"><span class='ocrx_word' id='word_1_69' title='bbox 523 1002 731 1053; x_wconf 91' lang='lat' dir='ltr'><strong>horum</strong></span> <span class='ocrx_word' id='word_1_70' title='bbox 756 1001 973 1064; x_wconf 88' lang='lat' dir='ltr'><strong>audiat,</strong></span> <span class='ocrx_word' id='word_1_71' title='bbox 1007 1000 1109 1051; x_wconf 75' lang='lat' dir='ltr'><strong>sed</strong></span> <span class='ocrx_word' id='word_1_72' title='bbox 1131 999 1259 1051; x_wconf 59' lang='lat' dir='ltr'><strong>hac</strong></span> <span class='ocrx_word' id='word_1_73' title='bbox 1286 999 1409 1050; x_wconf 92' lang='lat' dir='ltr'><strong>sola</strong></span> <span class='ocrx_word' id='word_1_74' title='bbox 1425 998 1715 1062; x_wconf 87' lang='lat' dir='ltr'><strong>suscipite,</strong></span> <span class='ocrx_word' id='word_1_75' title='bbox 1736 1009 1868 1060; x_wconf 67' lang='lat' dir='ltr'><strong>quas</strong></span> <span class='ocrx_word' id='word_1_76' title='bbox 1894 997 1953 1047; x_wconf 88' lang='lat' dir='ltr'><strong>in</strong></span> <span class='ocrx_word' id='word_1_77' title='bbox 1976 996 2123 1047; x_wconf 90' lang='lat' dir='ltr'><strong>meis</strong></span> 
     </span>
    </p>
   </div>
   <div class='ocr_carea' id='block_1_10' title="bbox 521 1083 2121 1150">
    <p class='ocr_par' dir='ltr' id='par_1_10' title="bbox 521 1083 2121 1150">
     <span class='ocr_line' id='line_1_10' title="bbox 521 1083 2121 1150; baseline -0.004 -9"><span class='ocrx_word' id='word_1_78' title='bbox 521 1089 960 1141; x_wconf 86' lang='lat' dir='ltr'><strong>Commentariis</strong></span> <span class='ocrx_word' id='word_1_79' title='bbox 996 1088 1291 1149; x_wconf 87' lang='lat' dir='ltr'><strong>invenitis,</strong></span> <span class='ocrx_word' id='word_1_80' title='bbox 1328 1092 1385 1139; x_wconf 91' lang='lat' dir='ltr'><strong>et</strong></span> <span class='ocrx_word' id='word_1_81' title='bbox 1414 1087 1666 1138; x_wconf 87' lang='lat' dir='ltr'><strong>maxime</strong></span> <span class='ocrx_word' id='word_1_82' title='bbox 1686 1086 1745 1137; x_wconf 92' lang='lat' dir='ltr'><strong>in</strong></span> <span class='ocrx_word' id='word_1_83' title='bbox 1774 1084 2026 1150; x_wconf 90' lang='lat' dir='ltr'><strong>Epistola</strong></span> <span class='ocrx_word' id='word_1_84' title='bbox 2048 1083 2121 1135; x_wconf 92' lang='lat' dir='ltr'><strong>ad</strong></span> 
     </span>
    </p>
   </div>
   <div class='ocr_carea' id='block_1_11' title="bbox 522 1174 2121 1243">
    <p class='ocr_par' dir='ltr' id='par_1_11' title="bbox 522 1174 2121 1243">
     <span class='ocr_line' id='line_1_11' title="bbox 522 1174 2121 1243; baseline -0.004 -13"><span class='ocrx_word' id='word_1_85' title='bbox 522 1179 820 1243; x_wconf 89' lang='lat' dir='ltr'><strong>Ephesios,</strong></span> <span class='ocrx_word' id='word_1_86' title='bbox 842 1178 903 1229; x_wconf 92' lang='lat' dir='ltr'><strong>in</strong></span> <span class='ocrx_word' id='word_1_87' title='bbox 915 1178 1128 1242; x_wconf 90' lang='lat' dir='ltr'><strong>quibus</strong></span> <span class='ocrx_word' id='word_1_88' title='bbox 1152 1177 1415 1241; x_wconf 89' lang='lat' dir='ltr'><strong>Origenis</strong></span> <span class='ocrx_word' id='word_1_89' title='bbox 1439 1176 1594 1228; x_wconf 87' lang='lat' dir='ltr'><strong>dicta</strong></span> <span class='ocrx_word' id='word_1_90' title='bbox 1616 1174 2121 1227; x_wconf 87' lang='lat' dir='ltr'><strong>vehementissime</strong></span> 
     </span>
    </p>
   </div>
   <div class='ocr_carea' id='block_1_12' title="bbox 523 1263 2121 1331">
    <p class='ocr_par' dir='ltr' id='par_1_12' title="bbox 523 1263 2121 1331">
     <span class='ocr_line' id='line_1_12' title="bbox 523 1263 2121 1331; baseline -0.004 -12"><span class='ocrx_word' id='word_1_91' title='bbox 523 1267 835 1319; x_wconf 86' lang='lat' dir='ltr'><strong>confutavi.</strong></span> <span class='ocrx_word' id='word_1_92' title='bbox 866 1269 984 1331; x_wconf 92' lang='lat' dir='ltr'><strong>Ego</strong></span> <span class='ocrx_word' id='word_1_93' title='bbox 1008 1270 1203 1318; x_wconf 87' lang='lat' dir='ltr'><strong>autem</strong></span> <span class='ocrx_word' id='word_1_94' title='bbox 1241 1267 1529 1317; x_wconf 88' lang='lat' dir='ltr'><strong>scrutatus</strong></span> <span class='ocrx_word' id='word_1_95' title='bbox 1552 1277 1700 1328; x_wconf 90' lang='lat' dir='ltr'><strong>sum,</strong></span> <span class='ocrx_word' id='word_1_96' title='bbox 1726 1267 1792 1315; x_wconf 90' lang='lat' dir='ltr'><strong>ut</strong></span> <span class='ocrx_word' id='word_1_97' title='bbox 1813 1263 2042 1315; x_wconf 91' lang='lat' dir='ltr'><strong>credere</strong></span> <span class='ocrx_word' id='word_1_98' title='bbox 2064 1267 2121 1313; x_wconf 89' lang='lat' dir='ltr'><strong>et</strong></span> 
     </span>
    </p>
   </div>
   <div class='ocr_carea' id='block_1_13' title="bbox 522 1353 2118 1411">
    <p class='ocr_par' dir='ltr' id='par_1_13' title="bbox 522 1353 2118 1411">
     <span class='ocr_line' id='line_1_13' title="bbox 522 1353 2118 1411; baseline -0.004 -3"><span class='ocrx_word' id='word_1_99' title='bbox 522 1362 720 1409; x_wconf 90' lang='lat' dir='ltr'><strong>tenere</strong></span> <span class='ocrx_word' id='word_1_100' title='bbox 753 1355 1010 1407; x_wconf 87' lang='lat' dir='ltr'><strong>debeatis</strong></span> <span class='ocrx_word' id='word_1_101' title='bbox 1044 1354 1520 1406; x_wconf 88' lang='lat' dir='ltr'><strong>resurrectionem</strong></span> <span class='ocrx_word' id='word_1_102' title='bbox 1545 1353 1732 1404; x_wconf 89' lang='lat' dir='ltr'><strong>carnis</strong></span> <span class='ocrx_word' id='word_1_103' title='bbox 1749 1353 1826 1403; x_wconf 87' lang='lat' dir='ltr'><strong>ita</strong></span> <span class='ocrx_word' id='word_1_104' title='bbox 1850 1353 2118 1411; x_wconf 79' lang='lat' dir='ltr'><strong>futuram,</strong></span> 
     </span>
    </p>
   </div>
   <div class='ocr_carea' id='block_1_14' title="bbox 524 1441 2121 1510">
    <p class='ocr_par' dir='ltr' id='par_1_14' title="bbox 524 1441 2121 1510">
     <span class='ocr_line' id='line_1_14' title="bbox 524 1441 2121 1510; baseline -0.004 -12"><span class='ocrx_word' id='word_1_105' title='bbox 524 1450 592 1498; x_wconf 91' lang='lat' dir='ltr'><strong>ut</strong></span> <span class='ocrx_word' id='word_1_106' title='bbox 614 1458 850 1510; x_wconf 89' lang='lat' dir='ltr'><strong>corpora</strong></span> <span class='ocrx_word' id='word_1_107' title='bbox 891 1446 1299 1496; x_wconf 85' lang='lat' dir='ltr'><strong>convertantur</strong></span> <span class='ocrx_word' id='word_1_108' title='bbox 1329 1444 1387 1495; x_wconf 91' lang='lat' dir='ltr'><strong>in</strong></span> <span class='ocrx_word' id='word_1_109' title='bbox 1410 1443 1652 1503; x_wconf 89' lang='lat' dir='ltr'><strong>animas,</strong></span> <span class='ocrx_word' id='word_1_110' title='bbox 1670 1445 1727 1495; x_wconf 92' lang='lat' dir='ltr'><strong>et</strong></span> <span class='ocrx_word' id='word_1_111' title='bbox 1748 1454 1961 1493; x_wconf 82' lang='lat' dir='ltr'><strong>uxores</strong></span> <span class='ocrx_word' id='word_1_112' title='bbox 1985 1441 2121 1493; x_wconf 91' lang='lat' dir='ltr'><strong>diri-</strong></span> 
     </span>
    </p>
   </div>
   <div class='ocr_carea' id='block_1_15' title="bbox 523 1531 2119 1599">
    <p class='ocr_par' dir='ltr' id='par_1_15' title="bbox 523 1531 2119 1599">
     <span class='ocr_line' id='line_1_15' title="bbox 523 1531 2119 1599; baseline -0.003 -13"><span class='ocrx_word' id='word_1_113' title='bbox 523 1537 734 1599; x_wconf 88' lang='lat' dir='ltr'><strong>gantur</strong></span> <span class='ocrx_word' id='word_1_114' title='bbox 754 1534 817 1585; x_wconf 91' lang='lat' dir='ltr'><strong>in</strong></span> <span class='ocrx_word' id='word_1_115' title='bbox 835 1534 990 1585; x_wconf 90' lang='lat' dir='ltr'><strong>viros</strong></span> <span class='ocrx_word' id='word_1_116' title='bbox 1010 1548 1023 1583; x_wconf 89' lang='lat'><strong>:</strong></span> <span class='ocrx_word' id='word_1_117' title='bbox 1044 1538 1102 1584; x_wconf 91' lang='lat' dir='ltr'><strong>et</strong></span> <span class='ocrx_word' id='word_1_118' title='bbox 1118 1532 1272 1597; x_wconf 88' lang='lat' dir='ltr'><strong>quod</strong></span> <span class='ocrx_word' id='word_1_119' title='bbox 1288 1537 1422 1583; x_wconf 90' lang='lat' dir='ltr'><strong>ante</strong></span> <span class='ocrx_word' id='word_1_120' title='bbox 1436 1532 1635 1583; x_wconf 89' lang='lat' dir='ltr'><strong>mundi</strong></span> <span class='ocrx_word' id='word_1_121' title='bbox 1649 1531 2119 1583; x_wconf 85' lang='lat' dir='ltr'><strong>constitutionem</strong></span> 
     </span>
    </p>
   </div>
   <div class='ocr_carea' id='block_1_16' title="bbox 518 1619 2119 1683">
    <p class='ocr_par' dir='ltr' id='par_1_16' title="bbox 518 1619 2119 1683">
     <span class='ocr_line' id='line_1_16' title="bbox 518 1619 2119 1683; baseline -0.003 -10"><span class='ocrx_word' id='word_1_122' title='bbox 518 1622 729 1674; x_wconf 62' lang='lat' dir='ltr'><strong>anima</strong></span> <span class='ocrx_word' id='word_1_123' title='bbox 767 1622 827 1673; x_wconf 90' lang='lat' dir='ltr'><strong>in</strong></span> <span class='ocrx_word' id='word_1_124' title='bbox 862 1621 1190 1675; x_wconf 67' lang='lat' dir='ltr'><strong>cmlestibus</strong></span> <span class='ocrx_word' id='word_1_125' title='bbox 1224 1621 1451 1681; x_wconf 82' lang='lat' dir='ltr'><strong>fuerint,</strong></span> <span class='ocrx_word' id='word_1_126' title='bbox 1489 1623 1548 1673; x_wconf 92' lang='lat' dir='ltr'><strong>et</strong></span> <span class='ocrx_word' id='word_1_127' title='bbox 1579 1622 1714 1672; x_wconf 90' lang='lat' dir='ltr'><strong>inde</strong></span> <span class='ocrx_word' id='word_1_128' title='bbox 1738 1620 1811 1671; x_wconf 94' lang='lat' dir='ltr'><strong>ob</strong></span> <span class='ocrx_word' id='word_1_129' title='bbox 1836 1619 2119 1683; x_wconf 91' lang='lat' dir='ltr'><strong>quasdam</strong></span> 
     </span>
    </p>
   </div>
   <div class='ocr_carea' id='block_1_17' title="bbox 521 1708 2118 1775">
    <p class='ocr_par' dir='ltr' id='par_1_17' title="bbox 521 1708 2118 1775">
     <span class='ocr_line' id='line_1_17' title="bbox 521 1708 2118 1775; baseline -0.003 -13"><span class='ocrx_word' id='word_1_130' title='bbox 521 1722 763 1762; x_wconf 83' lang='lat' dir='ltr'><strong>caussas</strong></span> <span class='ocrx_word' id='word_1_131' title='bbox 785 1711 891 1761; x_wconf 90' lang='lat' dir='ltr'><strong>soli</strong></span> <span class='ocrx_word' id='word_1_132' title='bbox 910 1712 1030 1762; x_wconf 92' lang='lat' dir='ltr'><strong>Deo</strong></span> <span class='ocrx_word' id='word_1_133' title='bbox 1061 1712 1343 1775; x_wconf 86' lang='lat' dir='ltr'><strong>cognitas,</strong></span> <span class='ocrx_word' id='word_1_134' title='bbox 1369 1710 1430 1761; x_wconf 88' lang='lat' dir='ltr'><strong>in</strong></span> <span class='ocrx_word' id='word_1_135' title='bbox 1448 1710 1653 1762; x_wconf 90' lang='lat' dir='ltr'><strong>vallem</strong></span> <span class='ocrx_word' id='word_1_136' title='bbox 1677 1710 1825 1760; x_wconf 92' lang='lat' dir='ltr'><strong>hanc</strong></span> <span class='ocrx_word' id='word_1_137' title='bbox 1852 1708 2118 1759; x_wconf 63' lang='lat' dir='ltr'><strong>deductas</strong></span> 
     </span>
    </p>
   </div>
   <div class='ocr_carea' id='block_1_18' title="bbox 2222 639 3833 705">
    <p class='ocr_par' dir='ltr' id='par_1_18' title="bbox 2222 639 3833 705">
     <span class='ocr_line' id='line_1_18' title="bbox 2222 639 3833 705; baseline 0.005 -16"><span class='ocrx_word' id='word_1_138' title='bbox 2222 639 2333 690; x_wconf 89' lang='lat' dir='ltr'><strong>iste</strong></span> <span class='ocrx_word' id='word_1_139' title='bbox 2362 640 2483 703; x_wconf 88' lang='lat' dir='ltr'><strong>ipse</strong></span> <span class='ocrx_word' id='word_1_140' title='bbox 2511 640 2757 703; x_wconf 87' lang='lat' dir='ltr'><strong>libellus,</strong></span> <span class='ocrx_word' id='word_1_141' title='bbox 2776 641 2835 692; x_wconf 92' lang='lat' dir='ltr'><strong>in</strong></span> <span class='ocrx_word' id='word_1_142' title='bbox 2859 653 2976 705; x_wconf 92' lang='lat' dir='ltr'><strong>quo</strong></span> <span class='ocrx_word' id='word_1_143' title='bbox 3000 645 3056 693; x_wconf 91' lang='lat' dir='ltr'><strong>et</strong></span> <span class='ocrx_word' id='word_1_144' title='bbox 3068 643 3359 705; x_wconf 76' lang='lat' dir='ltr'><strong>paenitens</strong></span> <span class='ocrx_word' id='word_1_145' title='bbox 3370 647 3428 696; x_wconf 91' lang='lat' dir='ltr'><strong>et</strong></span> <span class='ocrx_word' id='word_1_146' title='bbox 3447 650 3766 697; x_wconf 85' lang='lat' dir='ltr'><strong>accusator</strong></span> <span class='ocrx_word' id='word_1_147' title='bbox 3779 652 3833 697; x_wconf 90' lang='lat' dir='ltr'><strong>et</strong></span> 
     </span>
    </p>
   </div>
   <div class='ocr_carea' id='block_1_19' title="bbox 2212 728 3832 799">
    <p class='ocr_par' dir='ltr' id='par_1_19' title="bbox 2212 728 3832 799">
     <span class='ocr_line' id='line_1_19' title="bbox 2212 728 3832 799; baseline 0.006 -21"><span class='ocrx_word' id='word_1_148' title='bbox 2212 728 2399 791; x_wconf 83' lang='lat' dir='ltr'><strong>judex</strong></span> <span class='ocrx_word' id='word_1_149' title='bbox 2428 741 2511 791; x_wconf 90' lang='lat' dir='ltr'><strong>es,</strong></span> <span class='ocrx_word' id='word_1_150' title='bbox 2543 729 2831 781; x_wconf 88' lang='lat' dir='ltr'><strong>auditores</strong></span> <span class='ocrx_word' id='word_1_151' title='bbox 2847 734 2980 781; x_wconf 89' lang='lat' dir='ltr'><strong>tuos</strong></span> <span class='ocrx_word' id='word_1_152' title='bbox 3002 743 3237 783; x_wconf 88' lang='lat' dir='ltr'><strong>rursum</strong></span> <span class='ocrx_word' id='word_1_153' title='bbox 3260 733 3333 784; x_wconf 90' lang='lat' dir='ltr'><strong>ad</strong></span> <span class='ocrx_word' id='word_1_154' title='bbox 3360 732 3488 785; x_wconf 56' lang='lat' dir='ltr'><strong>haec</strong></span> <span class='ocrx_word' id='word_1_155' title='bbox 3514 734 3650 799; x_wconf 87' lang='lat' dir='ltr'><strong>ipsa</strong></span> <span class='ocrx_word' id='word_1_156' title='bbox 3675 740 3739 786; x_wconf 90' lang='lat' dir='ltr'><strong>et</strong></span> <span class='ocrx_word' id='word_1_157' title='bbox 3757 736 3832 786; x_wconf 90' lang='lat' dir='ltr'><strong>le-</strong></span> 
     </span>
    </p>
   </div>
   <div class='ocr_carea' id='block_1_20' title="bbox 2220 817 3825 881">
    <p class='ocr_par' dir='ltr' id='par_1_20' title="bbox 2220 817 3825 881">
     <span class='ocr_line' id='line_1_20' title="bbox 2220 817 3825 881; baseline 0.005 -14"><span class='ocrx_word' id='word_1_158' title='bbox 2220 817 2409 881; x_wconf 89' lang='lat' dir='ltr'><strong>genda</strong></span> <span class='ocrx_word' id='word_1_159' title='bbox 2432 823 2487 869; x_wconf 93' lang='lat' dir='ltr'><strong>et</strong></span> <span class='ocrx_word' id='word_1_160' title='bbox 2506 819 2753 870; x_wconf 90' lang='lat' dir='ltr'><strong>tenenda</strong></span> <span class='ocrx_word' id='word_1_161' title='bbox 2768 821 3125 873; x_wconf 87' lang='lat' dir='ltr'><strong>transmittat</strong></span> <span class='ocrx_word' id='word_1_162' title='bbox 3141 826 3165 871; x_wconf 76' lang='lat' dir='ltr'><strong>P</strong></span> <span class='ocrx_word' id='word_1_163' title='bbox 3181 822 3267 873; x_wconf 83' lang='lat' dir='ltr'><strong><em>Ad</em></strong></span> <span class='ocrx_word' id='word_1_164' title='bbox 3280 822 3549 875; x_wconf 91' lang='lat' dir='ltr'><strong>ultimum</strong></span> <span class='ocrx_word' id='word_1_165' title='bbox 3573 824 3759 877; x_wconf 86' lang='lat' dir='ltr'><strong>etiam</strong></span> <span class='ocrx_word' id='word_1_166' title='bbox 3781 825 3825 875; x_wconf 91' lang='lat' dir='ltr'><strong>si</strong></span> 
     </span>
    </p>
   </div>
   <div class='ocr_carea' id='block_1_21' title="bbox 2219 906 3835 976">
    <p class='ocr_par' dir='ltr' id='par_1_21' title="bbox 2219 906 3835 976">
     <span class='ocr_line' id='line_1_21' title="bbox 2219 906 3835 976; baseline 0.005 -19"><span class='ocrx_word' id='word_1_167' title='bbox 2219 906 2348 958; x_wconf 63' lang='lat' dir='ltr'><strong>haec</strong></span> <span class='ocrx_word' id='word_1_168' title='bbox 2372 908 2450 958; x_wconf 84' lang='lat' dir='ltr'><strong>ita</strong></span> <span class='ocrx_word' id='word_1_169' title='bbox 2472 920 2588 959; x_wconf 91' lang='lat' dir='ltr'><strong>non</strong></span> <span class='ocrx_word' id='word_1_170' title='bbox 2612 912 2828 971; x_wconf 90' lang='lat' dir='ltr'><strong>essent,</strong></span> <span class='ocrx_word' id='word_1_171' title='bbox 2862 910 2984 974; x_wconf 88' lang='lat' dir='ltr'><strong>ipse</strong></span> <span class='ocrx_word' id='word_1_172' title='bbox 3007 914 3201 962; x_wconf 83' lang='lat' dir='ltr'><strong>tamen</strong></span> <span class='ocrx_word' id='word_1_173' title='bbox 3224 912 3328 975; x_wconf 78' lang='lat' dir='ltr'><strong>[AL</strong></span> <span class='ocrx_word' id='word_1_174' title='bbox 3356 917 3453 962; x_wconf 86' lang='lat' dir='ltr'><strong>tae.</strong></span> <span class='ocrx_word' id='word_1_175' title='bbox 3481 913 3707 976; x_wconf 88' lang='lat' dir='ltr'><strong>tamen]</strong></span> <span class='ocrx_word' id='word_1_176' title='bbox 3733 914 3835 965; x_wconf 91' lang='lat' dir='ltr'><strong>tibi</strong></span> 
     </span>
    </p>
   </div>
   <div class='ocr_carea' id='block_1_22' title="bbox 2221 996 3837 1063">
    <p class='ocr_par' dir='ltr' id='par_1_22' title="bbox 2221 996 3837 1063">
     <span class='ocr_line' id='line_1_22' title="bbox 2221 996 3837 1063; baseline 0.004 -17"><span class='ocrx_word' id='word_1_177' title='bbox 2221 996 2392 1047; x_wconf 88' lang='lat' dir='ltr'><strong>etiam</strong></span> <span class='ocrx_word' id='word_1_178' title='bbox 2414 1001 2547 1059; x_wconf 89' lang='lat' dir='ltr'><strong>post</strong></span> <span class='ocrx_word' id='word_1_179' title='bbox 2570 998 3228 1061; x_wconf 79' lang='lat' dir='ltr'><strong>pcenitentiam,omnem</strong></span> <span class='ocrx_word' id='word_1_180' title='bbox 3241 1000 3462 1052; x_wconf 89' lang='lat' dir='ltr'><strong>aditum</strong></span> <span class='ocrx_word' id='word_1_181' title='bbox 3484 1004 3677 1055; x_wconf 61' lang='lat' dir='ltr'><strong>venia</strong></span> <span class='ocrx_word' id='word_1_182' title='bbox 3697 1018 3837 1063; x_wconf 69' lang='lat' dir='ltr'><strong>prm-</strong></span> 
     </span>
    </p>
   </div>
   <div class='ocr_carea' id='block_1_23' title="bbox 2219 1084 3834 1155">
    <p class='ocr_par' dir='ltr' id='par_1_23' title="bbox 2219 1084 3834 1155">
     <span class='ocr_line' id='line_1_23' title="bbox 2219 1084 3834 1155; baseline 0.006 -20"><span class='ocrx_word' id='word_1_183' title='bbox 2219 1084 2459 1137; x_wconf 89' lang='lat' dir='ltr'><strong>clusisti.</strong></span> <span class='ocrx_word' id='word_1_184' title='bbox 2492 1086 2593 1137; x_wconf 85' lang='lat' dir='ltr'><strong>Ais</strong></span> <span class='ocrx_word' id='word_1_185' title='bbox 2616 1086 2639 1115; x_wconf 79' lang='grc'><em>⁴</em></span> <span class='ocrx_word' id='word_1_186' title='bbox 2670 1088 2824 1139; x_wconf 90' lang='lat' dir='ltr'><strong>enim</strong></span> <span class='ocrx_word' id='word_1_187' title='bbox 2860 1087 3054 1152; x_wconf 90' lang='lat' dir='ltr'><strong>ipsum</strong></span> <span class='ocrx_word' id='word_1_188' title='bbox 3087 1089 3377 1154; x_wconf 91' lang='lat' dir='ltr'><strong>Originem</strong></span> <span class='ocrx_word' id='word_1_189' title='bbox 3406 1103 3506 1155; x_wconf 89' lang='lat' dir='ltr'><strong>pro</strong></span> <span class='ocrx_word' id='word_1_190' title='bbox 3538 1091 3632 1143; x_wconf 89' lang='lat' dir='ltr'><strong>his</strong></span> <span class='ocrx_word' id='word_1_191' title='bbox 3655 1091 3834 1144; x_wconf 85' lang='lat' dir='ltr'><strong>dictis</strong></span> 
     </span>
    </p>
   </div>
   <div class='ocr_carea' id='block_1_24' title="bbox 2218 1174 3835 1242">
    <p class='ocr_par' dir='ltr' id='par_1_24' title="bbox 2218 1174 3835 1242">
     <span class='ocr_line' id='line_1_24' title="bbox 2218 1174 3835 1242; baseline 0.005 -18"><span class='ocrx_word' id='word_1_192' title='bbox 2218 1174 2577 1237; x_wconf 74' lang='lat' dir='ltr'><strong>paenituisse,</strong></span> <span class='ocrx_word' id='word_1_193' title='bbox 2602 1176 2815 1229; x_wconf 88' lang='lat' dir='ltr'><strong>Libello</strong></span> <span class='ocrx_word' id='word_1_194' title='bbox 2841 1177 3194 1242; x_wconf 62' lang='lat' dir='ltr'><strong>paenitentia</strong></span> <span class='ocrx_word' id='word_1_195' title='bbox 3224 1178 3298 1230; x_wconf 91' lang='lat' dir='ltr'><strong>ad</strong></span> <span class='ocrx_word' id='word_1_196' title='bbox 3319 1180 3659 1241; x_wconf 80' lang='lat' dir='ltr'><strong>Fabianum,</strong></span> <span class='ocrx_word' id='word_1_197' title='bbox 3688 1184 3835 1232; x_wconf 88' lang='lat' dir='ltr'><strong>tunc</strong></span> 
     </span>
    </p>
   </div>
   <div class='ocr_carea' id='block_1_25' title="bbox 2219 1263 3836 1335">
    <p class='ocr_par' dir='ltr' id='par_1_25' title="bbox 2219 1263 3836 1335">
     <span class='ocr_line' id='line_1_25' title="bbox 2219 1263 3836 1335; baseline 0.007 -23"><span class='ocrx_word' id='word_1_198' title='bbox 2219 1263 2379 1313; x_wconf 92' lang='lat' dir='ltr'><strong>urbis</strong></span> <span class='ocrx_word' id='word_1_199' title='bbox 2423 1264 2620 1316; x_wconf 70' lang='lat' dir='ltr'><strong>Romae</strong></span> <span class='ocrx_word' id='word_1_200' title='bbox 2662 1264 3008 1330; x_wconf 89' lang='lat' dir='ltr'><strong>Episcopum</strong></span> <span class='ocrx_word' id='word_1_201' title='bbox 3048 1266 3203 1329; x_wconf 89' lang='lat' dir='ltr'><strong>dato,</strong></span> <span class='ocrx_word' id='word_1_202' title='bbox 3243 1272 3301 1320; x_wconf 93' lang='lat' dir='ltr'><strong>et</strong></span> <span class='ocrx_word' id='word_1_203' title='bbox 3322 1269 3515 1320; x_wconf 82' lang='lat' dir='ltr'><strong>tamen</strong></span> <span class='ocrx_word' id='word_1_204' title='bbox 3542 1275 3682 1334; x_wconf 88' lang='lat' dir='ltr'><strong>post</strong></span> <span class='ocrx_word' id='word_1_205' title='bbox 3704 1283 3836 1335; x_wconf 70' lang='lat' dir='ltr'><strong>pce-</strong></span> 
     </span>
    </p>
   </div>
   <div class='ocr_carea' id='block_1_26' title="bbox 2219 1351 3837 1421">
    <p class='ocr_par' dir='ltr' id='par_1_26' title="bbox 2219 1351 3837 1421">
     <span class='ocr_line' id='line_1_26' title="bbox 2219 1351 3837 1421; baseline 0.004 -20"><span class='ocrx_word' id='word_1_206' title='bbox 2219 1351 2540 1413; x_wconf 89' lang='lat' dir='ltr'><strong>nitentiam,</strong></span> <span class='ocrx_word' id='word_1_207' title='bbox 2556 1356 2687 1417; x_wconf 87' lang='lat' dir='ltr'><strong>post</strong></span> <span class='ocrx_word' id='word_1_208' title='bbox 2709 1360 2946 1407; x_wconf 90' lang='lat' dir='ltr'><strong>centum</strong></span> <span class='ocrx_word' id='word_1_209' title='bbox 2970 1361 3029 1407; x_wconf 91' lang='lat' dir='ltr'><strong>et</strong></span> <span class='ocrx_word' id='word_1_210' title='bbox 3051 1356 3471 1421; x_wconf 84' lang='lat' dir='ltr'><strong>quinquaginta</strong></span> <span class='ocrx_word' id='word_1_211' title='bbox 3492 1369 3685 1410; x_wconf 90' lang='lat' dir='ltr'><strong>annos</strong></span> <span class='ocrx_word' id='word_1_212' title='bbox 3701 1374 3837 1408; x_wconf 79' lang='lat' dir='ltr'><strong>mor-</strong></span> 
     </span>
    </p>
   </div>
   <div class='ocr_carea' id='block_1_27' title="bbox 2223 1441 3834 1509">
    <p class='ocr_par' dir='ltr' id='par_1_27' title="bbox 2223 1441 3834 1509">
     <span class='ocr_line' id='line_1_27' title="bbox 2223 1441 3834 1509; baseline 0.006 -18"><span class='ocrx_word' id='word_1_213' title='bbox 2223 1441 2294 1491; x_wconf 90' lang='lat' dir='ltr'><strong>tis</strong></span> <span class='ocrx_word' id='word_1_214' title='bbox 2321 1454 2444 1493; x_wconf 69' lang='lat' dir='ltr'><strong>suaa</strong></span> <span class='ocrx_word' id='word_1_215' title='bbox 2473 1443 2532 1493; x_wconf 91' lang='lat' dir='ltr'><strong>in</strong></span> <span class='ocrx_word' id='word_1_216' title='bbox 2552 1443 2653 1507; x_wconf 90' lang='lat' dir='ltr'><strong>jus</strong></span> <span class='ocrx_word' id='word_1_217' title='bbox 2676 1456 2808 1495; x_wconf 92' lang='lat' dir='ltr'><strong>eum</strong></span> <span class='ocrx_word' id='word_1_218' title='bbox 2826 1444 3023 1509; x_wconf 88' lang='lat' dir='ltr'><strong>trahis,</strong></span> <span class='ocrx_word' id='word_1_219' title='bbox 3042 1450 3101 1497; x_wconf 92' lang='lat' dir='ltr'><strong>et</strong></span> <span class='ocrx_word' id='word_1_220' title='bbox 3122 1445 3195 1497; x_wconf 89' lang='lat' dir='ltr'><strong>ad</strong></span> <span class='ocrx_word' id='word_1_221' title='bbox 3207 1446 3638 1499; x_wconf 90' lang='lat' dir='ltr'><strong>damnationem</strong></span> <span class='ocrx_word' id='word_1_222' title='bbox 3652 1463 3834 1500; x_wconf 81' lang='lat' dir='ltr'><strong>vocas.</strong></span> 
     </span>
    </p>
   </div>
   <div class='ocr_carea' id='block_1_28' title="bbox 2222 1528 3837 1598">
    <p class='ocr_par' dir='ltr' id='par_1_28' title="bbox 2222 1528 3837 1598">
     <span class='ocr_line' id='line_1_28' title="bbox 2222 1528 3837 1598; baseline 0.004 -16"><span class='ocrx_word' id='word_1_223' title='bbox 2222 1528 2401 1596; x_wconf 72' lang='lat'><strong>354</strong></span> <span class='ocrx_word' id='word_1_224' title='bbox 2438 1533 2733 1593; x_wconf 89' lang='lat' dir='ltr'><strong>Quomodo</strong></span> <span class='ocrx_word' id='word_1_225' title='bbox 2750 1545 2885 1597; x_wconf 89' lang='lat' dir='ltr'><strong>ergo</strong></span> <span class='ocrx_word' id='word_1_226' title='bbox 2914 1546 3014 1598; x_wconf 87' lang='lat' dir='ltr'><strong>pro</strong></span> <span class='ocrx_word' id='word_1_227' title='bbox 3039 1533 3132 1585; x_wconf 91' lang='lat' dir='ltr'><strong>his</strong></span> <span class='ocrx_word' id='word_1_228' title='bbox 3156 1533 3323 1586; x_wconf 89' lang='lat' dir='ltr'><strong>dictis</strong></span> <span class='ocrx_word' id='word_1_229' title='bbox 3349 1535 3451 1586; x_wconf 91' lang='lat' dir='ltr'><strong>tibi</strong></span> <span class='ocrx_word' id='word_1_230' title='bbox 3475 1536 3647 1588; x_wconf 90' lang='lat' dir='ltr'><strong>venia</strong></span> <span class='ocrx_word' id='word_1_231' title='bbox 3660 1536 3837 1589; x_wconf 89' lang='lat' dir='ltr'><strong>dabi-</strong></span> 
     </span>
    </p>
   </div>
   <div class='ocr_carea' id='block_1_29' title="bbox 2218 1622 3832 1690">
    <p class='ocr_par' dir='ltr' id='par_1_29' title="bbox 2218 1622 3832 1690">
     <span class='ocr_line' id='line_1_29' title="bbox 2218 1622 3832 1690; baseline 0.004 -19"><span class='ocrx_word' id='word_1_232' title='bbox 2218 1624 2314 1671; x_wconf 89' lang='lat' dir='ltr'><strong>tur</strong></span> <span class='ocrx_word' id='word_1_233' title='bbox 2340 1622 2661 1685; x_wconf 77' lang='lat' dir='ltr'><strong>pcnnitenti,</strong></span> <span class='ocrx_word' id='word_1_234' title='bbox 2700 1623 2749 1673; x_wconf 91' lang='lat' dir='ltr'><strong>si</strong></span> <span class='ocrx_word' id='word_1_235' title='bbox 2785 1623 2879 1675; x_wconf 90' lang='lat' dir='ltr'><strong>ille</strong></span> <span class='ocrx_word' id='word_1_236' title='bbox 2913 1624 3009 1687; x_wconf 92' lang='lat' dir='ltr'><strong>qui</strong></span> <span class='ocrx_word' id='word_1_237' title='bbox 3046 1628 3181 1676; x_wconf 88' lang='lat' dir='ltr'><strong>ante</strong></span> <span class='ocrx_word' id='word_1_238' title='bbox 3206 1628 3261 1676; x_wconf 89' lang='lat' dir='ltr'><strong>te</strong></span> <span class='ocrx_word' id='word_1_239' title='bbox 3285 1637 3385 1690; x_wconf 88' lang='lat' dir='ltr'><strong>pro</strong></span> <span class='ocrx_word' id='word_1_240' title='bbox 3414 1624 3507 1677; x_wconf 90' lang='lat' dir='ltr'><strong>his</strong></span> <span class='ocrx_word' id='word_1_241' title='bbox 3526 1626 3832 1689; x_wconf 63' lang='lat' dir='ltr'><strong>paenituit,</strong></span> 
     </span>
    </p>
   </div>
   <div class='ocr_carea' id='block_1_30' title="bbox 2217 1710 3833 1780">
    <p class='ocr_par' dir='ltr' id='par_1_30' title="bbox 2217 1710 3833 1780">
     <span class='ocr_line' id='line_1_30' title="bbox 2217 1710 3833 1780; baseline 0.004 -20"><span class='ocrx_word' id='word_1_242' title='bbox 2217 1710 2448 1761; x_wconf 87' lang='lat' dir='ltr'><strong>veniam</strong></span> <span class='ocrx_word' id='word_1_243' title='bbox 2485 1723 2604 1762; x_wconf 91' lang='lat' dir='ltr'><strong>non</strong></span> <span class='ocrx_word' id='word_1_244' title='bbox 2626 1715 2912 1764; x_wconf 86' lang='lat' dir='ltr'><strong>meretur?</strong></span> <span class='ocrx_word' id='word_1_245' title='bbox 2936 1712 3205 1765; x_wconf 89' lang='lat' dir='ltr'><strong>Similiter</strong></span> <span class='ocrx_word' id='word_1_246' title='bbox 3226 1717 3293 1765; x_wconf 91' lang='lat' dir='ltr'><strong>ut</strong></span> <span class='ocrx_word' id='word_1_247' title='bbox 3307 1713 3608 1778; x_wconf 89' lang='lat' dir='ltr'><strong>scripsisti,</strong></span> <span class='ocrx_word' id='word_1_248' title='bbox 3634 1714 3833 1780; x_wconf 86' lang='lat' dir='ltr'><strong>scrip-</strong></span> 
     </span>
    </p>
   </div>
   <div class='ocr_carea' id='block_1_31' title="bbox 523 1788 3838 1867">
    <p class='ocr_par' dir='ltr' id='par_1_31' title="bbox 523 1788 3838 1867">
     <span class='ocr_line' id='line_1_31' title="bbox 523 1788 3838 1867; baseline 0.002 -17"><span class='ocrx_word' id='word_1_249' title='bbox 523 1799 641 1851; x_wconf 88' lang='lat' dir='ltr'><strong>sint</strong></span> <span class='ocrx_word' id='word_1_250' title='bbox 672 1798 1055 1863; x_wconf 79' lang='lat' dir='ltr'><strong>lacrymarum</strong></span> <span class='ocrx_word' id='word_1_251' title='bbox 1080 1814 1092 1850; x_wconf 92' lang='lat'>:</span> <span class='ocrx_word' id='word_1_252' title='bbox 1118 1803 1175 1850; x_wconf 89' lang='lat' dir='ltr'><strong>et</strong></span> <span class='ocrx_word' id='word_1_253' title='bbox 1196 1798 1352 1863; x_wconf 89' lang='lat' dir='ltr'><strong>quod</strong></span> <span class='ocrx_word' id='word_1_254' title='bbox 1376 1799 1595 1863; x_wconf 89' lang='lat' dir='ltr'><strong>corpori</strong></span> <span class='ocrx_word' id='word_1_255' title='bbox 1619 1798 1640 1827; x_wconf 75' lang='grc' dir='ltr'><strong>ι’</strong></span> <span class='ocrx_word' id='word_1_256' title='bbox 1662 1798 1865 1849; x_wconf 91' lang='lat' dir='ltr'><strong>mortis</strong></span> <span class='ocrx_word' id='word_1_257' title='bbox 1889 1797 2125 1849; x_wconf 57' lang='lat' dir='ltr'><strong>inserta</strong></span> <span class='ocrx_word' id='word_1_258' title='bbox 2150 1788 2205 1862; x_wconf 90' lang='lat' dir='ltr'><strong>B</strong></span> <span class='ocrx_word' id='word_1_259' title='bbox 2227 1798 2339 1850; x_wconf 91' lang='lat' dir='ltr'><strong>sit:</strong></span> <span class='ocrx_word' id='word_1_260' title='bbox 2370 1798 2630 1852; x_wconf 84' lang='lat' dir='ltr'><strong>similiter</strong></span> <span class='ocrx_word' id='word_1_261' title='bbox 2650 1803 2717 1852; x_wconf 91' lang='lat' dir='ltr'><strong>ut</strong></span> <span class='ocrx_word' id='word_1_262' title='bbox 2743 1801 3082 1865; x_wconf 76' lang='lat' dir='ltr'><strong>pcenituisti,</strong></span> <span class='ocrx_word' id='word_1_263' title='bbox 3106 1802 3390 1867; x_wconf 59' lang='lat' dir='ltr'><strong>paenituit.</strong></span> <span class='ocrx_word' id='word_1_264' title='bbox 3419 1804 3535 1855; x_wconf 85' lang='lat' dir='ltr'><strong>Aut</strong></span> <span class='ocrx_word' id='word_1_265' title='bbox 3558 1803 3838 1856; x_wconf 89' lang='lat' dir='ltr'><strong>similiter</strong></span> 
     </span>
    </p>
   </div>
   <div class='ocr_carea' id='block_1_32' title="bbox 529 1886 2124 1952">
    <p class='ocr_par' dir='ltr' id='par_1_32' title="bbox 529 1886 2124 1952">
     <span class='ocr_line' id='line_1_32' title="bbox 529 1886 2124 1952; baseline -0.001 -13"><span class='ocrx_word' id='word_1_266' title='bbox 529 1886 648 1939; x_wconf 83' lang='lat' dir='ltr'><strong>sint</strong></span> <span class='ocrx_word' id='word_1_267' title='bbox 672 1901 687 1939; x_wconf 90' lang='lat'><strong>:</strong></span> <span class='ocrx_word' id='word_1_268' title='bbox 712 1889 771 1939; x_wconf 91' lang='lat' dir='ltr'><strong>et</strong></span> <span class='ocrx_word' id='word_1_269' title='bbox 793 1887 945 1952; x_wconf 90' lang='lat' dir='ltr'><strong>quod</strong></span> <span class='ocrx_word' id='word_1_270' title='bbox 962 1887 1025 1939; x_wconf 93' lang='lat' dir='ltr'><strong>in</strong></span> <span class='ocrx_word' id='word_1_271' title='bbox 1038 1888 1151 1940; x_wconf 77' lang='lat' dir='ltr'><strong>fine</strong></span> <span class='ocrx_word' id='word_1_272' title='bbox 1168 1886 1516 1939; x_wconf 66' lang='lat' dir='ltr'><strong>saeculorum</strong></span> <span class='ocrx_word' id='word_1_273' title='bbox 1533 1887 1721 1939; x_wconf 90' lang='lat' dir='ltr'><strong>omnis</strong></span> <span class='ocrx_word' id='word_1_274' title='bbox 1740 1891 1945 1939; x_wconf 89' lang='lat' dir='ltr'><strong>natura</strong></span> <span class='ocrx_word' id='word_1_275' title='bbox 1959 1886 2124 1938; x_wconf 89' lang='lat' dir='ltr'><strong>ratio-</strong></span> 
     </span>
    </p>
   </div>
   <div class='ocr_carea' id='block_1_33' title="bbox 522 1974 2123 2040">
    <p class='ocr_par' dir='ltr' id='par_1_33' title="bbox 522 1974 2123 2040">
     <span class='ocr_line' id='line_1_33' title="bbox 522 1974 2123 2040; baseline 0.001 -14"><span class='ocrx_word' id='word_1_276' title='bbox 522 1975 734 2027; x_wconf 90' lang='lat' dir='ltr'><strong>nabilis</strong></span> <span class='ocrx_word' id='word_1_277' title='bbox 770 1976 830 2027; x_wconf 91' lang='lat' dir='ltr'><strong>in</strong></span> <span class='ocrx_word' id='word_1_278' title='bbox 868 1988 1054 2027; x_wconf 91' lang='lat' dir='ltr'><strong>unum</strong></span> <span class='ocrx_word' id='word_1_279' title='bbox 1086 1988 1295 2040; x_wconf 91' lang='lat' dir='ltr'><strong>corpus</strong></span> <span class='ocrx_word' id='word_1_280' title='bbox 1326 1976 1662 2028; x_wconf 88' lang='lat' dir='ltr'><strong>restituatur</strong></span> <span class='ocrx_word' id='word_1_281' title='bbox 1698 1975 1848 2027; x_wconf 88' lang='lat' dir='ltr'><strong>sicut</strong></span> <span class='ocrx_word' id='word_1_282' title='bbox 1868 1976 1941 2027; x_wconf 92' lang='lat' dir='ltr'><strong>ab</strong></span> <span class='ocrx_word' id='word_1_283' title='bbox 1962 1974 2123 2027; x_wconf 90' lang='lat' dir='ltr'><strong>initio</strong></span> 
     </span>
    </p>
   </div>
   <div class='ocr_carea' id='block_1_34' title="bbox 522 2063 2123 2129">
    <p class='ocr_par' dir='ltr' id='par_1_34' title="bbox 522 2063 2123 2129">
     <span class='ocr_line' id='line_1_34' title="bbox 522 2063 2123 2129; baseline 0.001 -15"><span class='ocrx_word' id='word_1_284' title='bbox 522 2063 649 2128; x_wconf 79' lang='lat' dir='ltr'><strong>fuit,</strong></span> <span class='ocrx_word' id='word_1_285' title='bbox 674 2064 755 2116; x_wconf 92' lang='lat' dir='ltr'><strong>ita</strong></span> <span class='ocrx_word' id='word_1_286' title='bbox 774 2067 837 2117; x_wconf 92' lang='lat' dir='ltr'><strong>ut</strong></span> <span class='ocrx_word' id='word_1_287' title='bbox 860 2067 917 2117; x_wconf 91' lang='lat' dir='ltr'><strong>et</strong></span> <span class='ocrx_word' id='word_1_288' title='bbox 938 2065 1111 2117; x_wconf 86' lang='lat' dir='ltr'><strong>homo</strong></span> <span class='ocrx_word' id='word_1_289' title='bbox 1135 2064 1208 2116; x_wconf 91' lang='lat' dir='ltr'><strong>ad</strong></span> <span class='ocrx_word' id='word_1_290' title='bbox 1234 2065 1562 2129; x_wconf 85' lang='lat' dir='ltr'><strong>paradisum</strong></span> <span class='ocrx_word' id='word_1_291' title='bbox 1585 2068 1905 2128; x_wconf 88' lang='lat' dir='ltr'><strong>revocetur,</strong></span> <span class='ocrx_word' id='word_1_292' title='bbox 1930 2066 1988 2116; x_wconf 93' lang='lat' dir='ltr'><strong>et</strong></span> <span class='ocrx_word' id='word_1_293' title='bbox 2018 2075 2123 2116; x_wconf 88' lang='lat' dir='ltr'><strong>an-</strong></span> 
     </span>
    </p>
   </div>
   <div class='ocr_carea' id='block_1_35' title="bbox 524 2152 2125 2219">
    <p class='ocr_par' dir='ltr' id='par_1_35' title="bbox 524 2152 2125 2219">
     <span class='ocr_line' id='line_1_35' title="bbox 524 2152 2125 2219; baseline 0 -15"><span class='ocrx_word' id='word_1_294' title='bbox 524 2152 688 2217; x_wconf 91' lang='lat' dir='ltr'><strong>gelus</strong></span> <span class='ocrx_word' id='word_1_295' title='bbox 717 2153 914 2219; x_wconf 84' lang='lat' dir='ltr'><strong>refuga</strong></span> <span class='ocrx_word' id='word_1_296' title='bbox 938 2166 1114 2218; x_wconf 87' lang='lat' dir='ltr'><strong>supra</strong></span> <span class='ocrx_word' id='word_1_297' title='bbox 1137 2155 1367 2205; x_wconf 88' lang='lat' dir='ltr'><strong>Petrum</strong></span> <span class='ocrx_word' id='word_1_298' title='bbox 1391 2159 1448 2206; x_wconf 84' lang='lat' dir='ltr'><strong>et</strong></span> <span class='ocrx_word' id='word_1_299' title='bbox 1463 2154 1701 2206; x_wconf 90' lang='lat' dir='ltr'><strong>Paulum</strong></span> <span class='ocrx_word' id='word_1_300' title='bbox 1726 2152 2125 2213; x_wconf 85' lang='lat' dir='ltr'><strong>exaltetur,cui</strong></span> 
     </span>
    </p>
   </div>
   <div class='ocr_carea' id='block_1_36' title="bbox 521 2240 2126 2308">
    <p class='ocr_par' dir='ltr' id='par_1_36' title="bbox 521 2240 2126 2308">
     <span class='ocr_line' id='line_1_36' title="bbox 521 2240 2126 2308; baseline 0.001 -16"><span class='ocrx_word' id='word_1_301' title='bbox 521 2241 632 2305; x_wconf 90' lang='lat' dir='ltr'><strong>ipsi</strong></span> <span class='ocrx_word' id='word_1_302' title='bbox 660 2241 734 2293; x_wconf 92' lang='lat' dir='ltr'><strong>ad</strong></span> <span class='ocrx_word' id='word_1_303' title='bbox 765 2241 1117 2308; x_wconf 90' lang='lat' dir='ltr'><strong>paradisum,</strong></span> <span class='ocrx_word' id='word_1_304' title='bbox 1155 2248 1223 2295; x_wconf 92' lang='lat' dir='ltr'><strong>ut</strong></span> <span class='ocrx_word' id='word_1_305' title='bbox 1262 2246 1396 2307; x_wconf 90' lang='lat' dir='ltr'><strong>pote</strong></span> <span class='ocrx_word' id='word_1_306' title='bbox 1431 2242 1714 2307; x_wconf 89' lang='lat' dir='ltr'><strong>homines,</strong></span> <span class='ocrx_word' id='word_1_307' title='bbox 1741 2240 2126 2307; x_wconf 89' lang='lat' dir='ltr'><strong>postponendi</strong></span> 
     </span>
    </p>
   </div>
   <div class='ocr_carea' id='block_1_37' title="bbox 524 2329 2124 2397">
    <p class='ocr_par' dir='ltr' id='par_1_37' title="bbox 524 2329 2124 2397">
     <span class='ocr_line' id='line_1_37' title="bbox 524 2329 2124 2397; baseline 0.001 -16"><span class='ocrx_word' id='word_1_308' title='bbox 524 2333 683 2391; x_wconf 87' lang='lat' dir='ltr'><strong>sunt,</strong></span> <span class='ocrx_word' id='word_1_309' title='bbox 716 2329 809 2383; x_wconf 91' lang='lat' dir='ltr'><strong>ille</strong></span> <span class='ocrx_word' id='word_1_310' title='bbox 842 2336 1043 2383; x_wconf 92' lang='lat' dir='ltr'><strong>autem</strong></span> <span class='ocrx_word' id='word_1_311' title='bbox 1074 2332 1135 2383; x_wconf 92' lang='lat' dir='ltr'><strong>in</strong></span> <span class='ocrx_word' id='word_1_312' title='bbox 1165 2332 1223 2383; x_wconf 91' lang='lat' dir='ltr'><strong>id</strong></span> <span class='ocrx_word' id='word_1_313' title='bbox 1264 2332 1419 2397; x_wconf 88' lang='lat' dir='ltr'><strong>quod</strong></span> <span class='ocrx_word' id='word_1_314' title='bbox 1454 2345 1528 2385; x_wconf 81' lang='lat' dir='ltr'><strong>ex</strong></span> <span class='ocrx_word' id='word_1_315' title='bbox 1568 2332 1729 2384; x_wconf 91' lang='lat' dir='ltr'><strong>initio</strong></span> <span class='ocrx_word' id='word_1_316' title='bbox 1762 2337 1990 2384; x_wconf 88' lang='lat' dir='ltr'><strong>creatus</strong></span> <span class='ocrx_word' id='word_1_317' title='bbox 2015 2334 2124 2395; x_wconf 81' lang='lat' dir='ltr'><strong>est,</strong></span> 
     </span>
    </p>
   </div>
   <div class='ocr_carea' id='block_1_38' title="bbox 520 2420 2127 2485">
    <p class='ocr_par' dir='ltr' id='par_1_38' title="bbox 520 2420 2127 2485">
     <span class='ocr_line' id='line_1_38' title="bbox 520 2420 2127 2485; baseline 0 -15"><span class='ocrx_word' id='word_1_318' title='bbox 520 2424 835 2485; x_wconf 88' lang='lat' dir='ltr'><strong>reparetur,</strong></span> <span class='ocrx_word' id='word_1_319' title='bbox 883 2426 951 2473; x_wconf 92' lang='lat' dir='ltr'><strong>ut</strong></span> <span class='ocrx_word' id='word_1_320' title='bbox 982 2421 1087 2485; x_wconf 88' lang='lat' dir='ltr'><strong>[AL</strong></span> <span class='ocrx_word' id='word_1_321' title='bbox 1137 2421 1214 2485; x_wconf 92' lang='lat' dir='ltr'><strong>et]</strong></span> <span class='ocrx_word' id='word_1_322' title='bbox 1247 2421 1391 2473; x_wconf 84' lang='lat' dir='ltr'><strong>ﬂant</strong></span> <span class='ocrx_word' id='word_1_323' title='bbox 1426 2433 1629 2474; x_wconf 88' lang='lat' dir='ltr'><strong>omnes</strong></span> <span class='ocrx_word' id='word_1_324' title='bbox 1666 2421 1839 2473; x_wconf 89' lang='lat' dir='ltr'><strong>simul</strong></span> <span class='ocrx_word' id='word_1_325' title='bbox 1875 2420 2127 2473; x_wconf 86' lang='lat' dir='ltr'><strong>Ecclesia</strong></span> 
     </span>
    </p>
   </div>
   <div class='ocr_carea' id='block_1_39' title="bbox 521 2508 2125 2575">
    <p class='ocr_par' dir='ltr' id='par_1_39' title="bbox 521 2508 2125 2575">
     <span class='ocr_line' id='line_1_39' title="bbox 521 2508 2125 2575; baseline 0.001 -17"><span class='ocrx_word' id='word_1_326' title='bbox 521 2508 957 2572; x_wconf 87' lang='lat' dir='ltr'><strong>primitivorum</strong></span> <span class='ocrx_word' id='word_1_327' title='bbox 986 2510 1047 2561; x_wconf 90' lang='lat' dir='ltr'><strong>in</strong></span> <span class='ocrx_word' id='word_1_328' title='bbox 1066 2510 1417 2575; x_wconf 65' lang='lat' dir='ltr'><strong>cmlestibus,</strong></span> <span class='ocrx_word' id='word_1_329' title='bbox 1439 2515 1497 2562; x_wconf 92' lang='lat' dir='ltr'><strong>et</strong></span> <span class='ocrx_word' id='word_1_330' title='bbox 1519 2510 1653 2575; x_wconf 87' lang='lat' dir='ltr'><strong>sint,</strong></span> <span class='ocrx_word' id='word_1_331' title='bbox 1680 2510 1821 2562; x_wconf 92' lang='lat' dir='ltr'><strong>dum</strong></span> <span class='ocrx_word' id='word_1_332' title='bbox 1843 2510 1902 2561; x_wconf 87' lang='lat' dir='ltr'><strong>in</strong></span> <span class='ocrx_word' id='word_1_333' title='bbox 1920 2509 2125 2562; x_wconf 78' lang='lat' dir='ltr'><strong>omciis</strong></span> 
     </span>
    </p>
   </div>
   <div class='ocr_carea' id='block_1_40' title="bbox 524 2596 2125 2663">
    <p class='ocr_par' dir='ltr' id='par_1_40' title="bbox 524 2596 2125 2663">
     <span class='ocr_line' id='line_1_40' title="bbox 524 2596 2125 2663; baseline 0.001 -15"><span class='ocrx_word' id='word_1_334' title='bbox 524 2596 759 2660; x_wconf 89' lang='lat' dir='ltr'><strong>quidem</strong></span> <span class='ocrx_word' id='word_1_335' title='bbox 796 2596 1039 2661; x_wconf 81' lang='lat' dir='ltr'><strong>singulis</strong></span> <span class='ocrx_word' id='word_1_336' title='bbox 1081 2599 1411 2662; x_wconf 90' lang='lat' dir='ltr'><strong>quibusque</strong></span> <span class='ocrx_word' id='word_1_337' title='bbox 1456 2601 1613 2663; x_wconf 90' lang='lat' dir='ltr'><strong>sunt,</strong></span> <span class='ocrx_word' id='word_1_338' title='bbox 1659 2599 1918 2650; x_wconf 90' lang='lat' dir='ltr'><strong>membra</strong></span> <span class='ocrx_word' id='word_1_339' title='bbox 1960 2597 2125 2650; x_wconf 89' lang='lat' dir='ltr'><strong>Chri-</strong></span> 
     </span>
    </p>
   </div>
   <div class='ocr_carea' id='block_1_41' title="bbox 528 2683 2119 2753">
    <p class='ocr_par' dir='ltr' id='par_1_41' title="bbox 528 2683 2119 2753">
     <span class='ocr_line' id='line_1_41' title="bbox 528 2683 2119 2753; baseline 0.004 -18"><span class='ocrx_word' id='word_1_340' title='bbox 528 2683 622 2735; x_wconf 89' lang='lat' dir='ltr'><strong>sti.</strong></span> <span class='ocrx_word' id='word_1_341' title='bbox 667 2684 1021 2737; x_wconf 88' lang='lat' dir='ltr'><strong>Universitas</strong></span> <span class='ocrx_word' id='word_1_342' title='bbox 1050 2700 1187 2739; x_wconf 92' lang='lat' dir='ltr'><strong>vero</strong></span> <span class='ocrx_word' id='word_1_343' title='bbox 1231 2693 1571 2741; x_wconf 90' lang='lat' dir='ltr'><strong>cunctorum</strong></span> <span class='ocrx_word' id='word_1_344' title='bbox 1604 2687 1919 2752; x_wconf 84' lang='lat' dir='ltr'><strong>perfectum</strong></span> <span class='ocrx_word' id='word_1_345' title='bbox 1945 2685 2119 2753; x_wconf 86' lang='lat'><strong>353</strong></span> 
     </span>
    </p>
   </div>
   <div class='ocr_carea' id='block_1_42' title="bbox 528 2771 2126 2841">
    <p class='ocr_par' dir='ltr' id='par_1_42' title="bbox 528 2771 2126 2841">
     <span class='ocr_line' id='line_1_42' title="bbox 528 2771 2126 2841; baseline 0.003 -18"><span class='ocrx_word' id='word_1_346' title='bbox 528 2771 744 2825; x_wconf 86' lang='lat' dir='ltr'><strong>Christi</strong></span> <span class='ocrx_word' id='word_1_347' title='bbox 768 2774 844 2826; x_wconf 90' lang='lat' dir='ltr'><strong>sit</strong></span> <span class='ocrx_word' id='word_1_348' title='bbox 875 2787 1102 2840; x_wconf 91' lang='lat' dir='ltr'><strong>corpus.</strong></span> <span class='ocrx_word' id='word_1_349' title='bbox 1128 2777 1267 2828; x_wconf 70' lang='lat' dir='ltr'><strong>Haac</strong></span> <span class='ocrx_word' id='word_1_350' title='bbox 1293 2780 1578 2839; x_wconf 88' lang='lat' dir='ltr'><strong>tenentes,</strong></span> <span class='ocrx_word' id='word_1_351' title='bbox 1602 2776 1850 2828; x_wconf 87' lang='lat' dir='ltr'><strong>oildeles</strong></span> <span class='ocrx_word' id='word_1_352' title='bbox 1872 2776 2126 2841; x_wconf 86' lang='lat' dir='ltr'><strong>pruden-</strong></span> 
     </span>
    </p>
   </div>
   <div class='ocr_carea' id='block_1_43' title="bbox 529 2863 2128 2929">
    <p class='ocr_par' dir='ltr' id='par_1_43' title="bbox 529 2863 2128 2929">
     <span class='ocr_line' id='line_1_43' title="bbox 529 2863 2128 2929; baseline 0.001 -16"><span class='ocrx_word' id='word_1_353' title='bbox 529 2865 735 2926; x_wconf 79' lang='lat' dir='ltr'><strong>tesque</strong></span> <span class='ocrx_word' id='word_1_354' title='bbox 767 2863 1057 2929; x_wconf 90' lang='lat' dir='ltr'><strong>discipuli,</strong></span> <span class='ocrx_word' id='word_1_355' title='bbox 1091 2870 1148 2916; x_wconf 90' lang='lat' dir='ltr'><strong>et</strong></span> <span class='ocrx_word' id='word_1_356' title='bbox 1183 2865 1328 2917; x_wconf 89' lang='lat' dir='ltr'><strong>istas</strong></span> <span class='ocrx_word' id='word_1_357' title='bbox 1359 2878 1520 2917; x_wconf 90' lang='lat' dir='ltr'><strong>meas</strong></span> <span class='ocrx_word' id='word_1_358' title='bbox 1553 2865 1908 2917; x_wconf 85' lang='lat' dir='ltr'><strong>indubitatas</strong></span> <span class='ocrx_word' id='word_1_359' title='bbox 1930 2863 2128 2917; x_wconf 80' lang='lat' dir='ltr'><strong>deﬁni-</strong></span> 
     </span>
    </p>
   </div>
   <div class='ocr_carea' id='block_1_44' title="bbox 534 2951 2127 3020">
    <p class='ocr_par' dir='ltr' id='par_1_44' title="bbox 534 2951 2127 3020">
     <span class='ocr_line' id='line_1_44' title="bbox 534 2951 2127 3020; baseline 0.002 -17"><span class='ocrx_word' id='word_1_360' title='bbox 534 2951 719 3004; x_wconf 88' lang='lat' dir='ltr'><strong>tiones</strong></span> <span class='ocrx_word' id='word_1_361' title='bbox 741 2952 1151 3020; x_wconf 90' lang='lat' dir='ltr'><strong>custodientes,</strong></span> <span class='ocrx_word' id='word_1_362' title='bbox 1175 2964 1193 2985; x_wconf 74' lang='grc' dir='ltr'><strong>ο</strong></span> <span class='ocrx_word' id='word_1_363' title='bbox 1218 2954 1523 3019; x_wconf 89' lang='lat' dir='ltr'><strong>Origenem</strong></span> <span class='ocrx_word' id='word_1_364' title='bbox 1540 2960 1730 3007; x_wconf 89' lang='lat' dir='ltr'><strong>tamen</strong></span> <span class='ocrx_word' id='word_1_365' title='bbox 1752 2967 1853 3020; x_wconf 92' lang='lat' dir='ltr'><strong>pro</strong></span> <span class='ocrx_word' id='word_1_366' title='bbox 1876 2954 1967 3006; x_wconf 89' lang='lat' dir='ltr'><strong>his</strong></span> <span class='ocrx_word' id='word_1_367' title='bbox 1984 2953 2127 3019; x_wconf 90' lang='lat' dir='ltr'><strong>ipsis</strong></span> 
     </span>
    </p>
   </div>
   <div class='ocr_carea' id='block_1_45' title="bbox 529 3040 1836 3109">
    <p class='ocr_par' dir='ltr' id='par_1_45' title="bbox 529 3040 1836 3109">
     <span class='ocr_line' id='line_1_45' title="bbox 529 3040 1836 3109; baseline 0.002 -17"><span class='ocrx_word' id='word_1_368' title='bbox 529 3040 698 3093; x_wconf 87' lang='lat' dir='ltr'><strong>dictis</strong></span> <span class='ocrx_word' id='word_1_369' title='bbox 730 3042 1197 3107; x_wconf 87' lang='lat' dir='ltr'><strong>condemnantes,</strong></span> <span class='ocrx_word' id='word_1_370' title='bbox 1222 3044 1367 3095; x_wconf 91' lang='lat' dir='ltr'><strong>bene</strong></span> <span class='ocrx_word' id='word_1_371' title='bbox 1389 3044 1595 3109; x_wconf 87' lang='lat' dir='ltr'><strong>agetis.</strong></span> <span class='ocrx_word' id='word_1_372' title='bbox 1622 3042 1836 3095; x_wconf 87' lang='lat' dir='ltr'><strong>Valete.</strong></span> 
     </span>
    </p>
   </div>
   <div class='ocr_carea' id='block_1_46' title="bbox 591 3129 2125 3197">
    <p class='ocr_par' dir='ltr' id='par_1_46' title="bbox 591 3129 2125 3197">
     <span class='ocr_line' id='line_1_46' title="bbox 591 3129 2125 3197; baseline -0.001 -13"><span class='ocrx_word' id='word_1_373' title='bbox 591 3129 678 3184; x_wconf 76' lang='grc'><strong>44.</strong></span> <span class='ocrx_word' id='word_1_374' title='bbox 703 3130 880 3183; x_wconf 88' lang='lat' dir='ltr'><strong>Vides</strong></span> <span class='ocrx_word' id='word_1_375' title='bbox 899 3131 1036 3195; x_wconf 90' lang='lat' dir='ltr'><strong>quia</strong></span> <span class='ocrx_word' id='word_1_376' title='bbox 1064 3134 1249 3185; x_wconf 91' lang='lat' dir='ltr'><strong>totum</strong></span> <span class='ocrx_word' id='word_1_377' title='bbox 1274 3132 1681 3185; x_wconf 86' lang='lat' dir='ltr'><strong>cumirrisione</strong></span> <span class='ocrx_word' id='word_1_378' title='bbox 1693 3133 1835 3197; x_wconf 87' lang='lat' dir='ltr'><strong>agis,</strong></span> <span class='ocrx_word' id='word_1_379' title='bbox 1858 3136 1919 3185; x_wconf 87' lang='lat' dir='ltr'><strong>et</strong></span> <span class='ocrx_word' id='word_1_380' title='bbox 1936 3131 2125 3196; x_wconf 73' lang='lat' dir='ltr'><strong>pmni-</strong></span> 
     </span>
    </p>
   </div>
   <div class='ocr_carea' id='block_1_47' title="bbox 2219 1889 3832 1957">
    <p class='ocr_par' dir='ltr' id='par_1_47' title="bbox 2219 1889 3832 1957">
     <span class='ocr_line' id='line_1_47' title="bbox 2219 1889 3832 1957; baseline 0.002 -19"><span class='ocrx_word' id='word_1_381' title='bbox 2219 1900 2320 1952; x_wconf 92' lang='lat' dir='ltr'><strong>pro</strong></span> <span class='ocrx_word' id='word_1_382' title='bbox 2337 1889 2673 1953; x_wconf 69' lang='lat' dir='ltr'><strong>poenitentia</strong></span> <span class='ocrx_word' id='word_1_383' title='bbox 2694 1889 2915 1941; x_wconf 89' lang='lat' dir='ltr'><strong>debetis</strong></span> <span class='ocrx_word' id='word_1_384' title='bbox 2934 1890 3175 1956; x_wconf 86' lang='lat' dir='ltr'><strong>absolvi,</strong></span> <span class='ocrx_word' id='word_1_385' title='bbox 3200 1895 3304 1943; x_wconf 90' lang='lat' dir='ltr'><strong>aut</strong></span> <span class='ocrx_word' id='word_1_386' title='bbox 3322 1892 3372 1943; x_wconf 90' lang='lat' dir='ltr'><strong>si</strong></span> <span class='ocrx_word' id='word_1_387' title='bbox 3399 1904 3581 1957; x_wconf 80' lang='lat' dir='ltr'><strong>negas</strong></span> <span class='ocrx_word' id='word_1_388' title='bbox 3613 1895 3832 1942; x_wconf 84' lang='lat' dir='ltr'><strong>veniam</strong></span> 
     </span>
    </p>
   </div>
   <div class='ocr_carea' id='block_1_48' title="bbox 2218 1979 3838 2046">
    <p class='ocr_par' dir='ltr' id='par_1_48' title="bbox 2218 1979 3838 2046">
     <span class='ocr_line' id='line_1_48' title="bbox 2218 1979 3838 2046; baseline 0.002 -16"><span class='ocrx_word' id='word_1_389' title='bbox 2218 1980 2518 2042; x_wconf 68' lang='lat' dir='ltr'><strong>pmnitonti</strong></span> <span class='ocrx_word' id='word_1_390' title='bbox 2559 1979 2728 2043; x_wconf 92' lang='lat' dir='ltr'><strong>(quod</strong></span> <span class='ocrx_word' id='word_1_391' title='bbox 2763 1993 2870 2044; x_wconf 85' lang='lat' dir='ltr'><strong>ego</strong></span> <span class='ocrx_word' id='word_1_392' title='bbox 2908 1993 3026 2031; x_wconf 91' lang='lat' dir='ltr'><strong>non</strong></span> <span class='ocrx_word' id='word_1_393' title='bbox 3056 1985 3193 2044; x_wconf 90' lang='lat' dir='ltr'><strong>opto</strong></span> <span class='ocrx_word' id='word_1_394' title='bbox 3218 1980 3324 2044; x_wconf 75' lang='lat' dir='ltr'><strong><em>[A1,</em></strong></span> <span class='ocrx_word' id='word_1_395' title='bbox 3348 1981 3517 2045; x_wconf 90' lang='lat' dir='ltr'><strong>peto],</strong></span> <span class='ocrx_word' id='word_1_396' title='bbox 3536 1982 3601 2032; x_wconf 87' lang='lat' dir='ltr'><strong>tu</strong></span> <span class='ocrx_word' id='word_1_397' title='bbox 3623 1992 3838 2046; x_wconf 86' lang='lat' dir='ltr'><strong>perur-</strong></span> 
     </span>
    </p>
   </div>
   <div class='ocr_carea' id='block_1_49' title="bbox 2217 2068 3838 2135">
    <p class='ocr_par' dir='ltr' id='par_1_49' title="bbox 2217 2068 3838 2135">
     <span class='ocr_line' id='line_1_49' title="bbox 2217 2068 3838 2135; baseline 0.002 -16"><span class='ocrx_word' id='word_1_398' title='bbox 2217 2068 2357 2132; x_wconf 90' lang='lat' dir='ltr'><strong>ges),</strong></span> <span class='ocrx_word' id='word_1_399' title='bbox 2394 2082 2511 2121; x_wconf 90' lang='lat' dir='ltr'><strong>non</strong></span> <span class='ocrx_word' id='word_1_400' title='bbox 2541 2071 2749 2133; x_wconf 89' lang='lat' dir='ltr'><strong>pariter</strong></span> <span class='ocrx_word' id='word_1_401' title='bbox 2772 2069 3146 2123; x_wconf 85' lang='lat' dir='ltr'><strong>condemnari</strong></span> <span class='ocrx_word' id='word_1_402' title='bbox 3181 2070 3503 2123; x_wconf 90' lang='lat' dir='ltr'><strong>secundum</strong></span> <span class='ocrx_word' id='word_1_403' title='bbox 3526 2070 3838 2135; x_wconf 89' lang='lat' dir='ltr'><strong>quandam</strong></span> 
     </span>
    </p>
   </div>
   <div class='ocr_carea' id='block_1_50' title="bbox 2219 2158 3831 2223">
    <p class='ocr_par' dir='ltr' id='par_1_50' title="bbox 2219 2158 3831 2223">
     <span class='ocr_line' id='line_1_50' title="bbox 2219 2158 3831 2223; baseline 0.001 -14"><span class='ocrx_word' id='word_1_404' title='bbox 2219 2159 2514 2223; x_wconf 89' lang='lat' dir='ltr'><strong>Evangelii</strong></span> <span class='ocrx_word' id='word_1_405' title='bbox 2536 2158 2896 2223; x_wconf 85' lang='lat' dir='ltr'><strong>parabolam:</strong></span> <span class='ocrx_word' id='word_1_406' title='bbox 2928 2159 3130 2211; x_wconf 77' lang='lat' dir='ltr'><strong>Oblata</strong></span> <span class='ocrx_word' id='word_1_407' title='bbox 3152 2165 3241 2211; x_wconf 84' lang='lat' dir='ltr'><strong>est.</strong></span> <span class='ocrx_word' id='word_1_408' title='bbox 3266 2160 3504 2212; x_wconf 91' lang='lat' dir='ltr'><strong>Domino</strong></span> <span class='ocrx_word' id='word_1_409' title='bbox 3525 2172 3561 2211; x_wconf 90' lang='lat' dir='ltr'><strong>a</strong></span> <span class='ocrx_word' id='word_1_410' title='bbox 3591 2160 3831 2213; x_wconf 72' lang='lat' dir='ltr'><strong>Judmis</strong></span> 
     </span>
    </p>
   </div>
   <div class='ocr_carea' id='block_1_51' title="bbox 2216 2247 3829 2314">
    <p class='ocr_par' dir='ltr' id='par_1_51' title="bbox 2216 2247 3829 2314">
     <span class='ocr_line' id='line_1_51' title="bbox 2216 2247 3829 2314; baseline 0.001 -15"><span class='ocrx_word' id='word_1_411' title='bbox 2216 2247 2491 2310; x_wconf 89' lang='lat' dir='ltr'><strong>adultera,</strong></span> <span class='ocrx_word' id='word_1_412' title='bbox 2537 2252 2604 2299; x_wconf 94' lang='lat' dir='ltr'><strong>ut</strong></span> <span class='ocrx_word' id='word_1_413' title='bbox 2644 2247 2907 2301; x_wconf 89' lang='lat' dir='ltr'><strong>viderent</strong></span> <span class='ocrx_word' id='word_1_414' title='bbox 2933 2248 3069 2312; x_wconf 88' lang='lat' dir='ltr'><strong>quid</strong></span> <span class='ocrx_word' id='word_1_415' title='bbox 3094 2248 3165 2300; x_wconf 91' lang='lat' dir='ltr'><strong>de</strong></span> <span class='ocrx_word' id='word_1_416' title='bbox 3187 2260 3253 2299; x_wconf 89' lang='lat' dir='ltr'><strong>ea</strong></span> <span class='ocrx_word' id='word_1_417' title='bbox 3276 2249 3598 2300; x_wconf 89' lang='lat' dir='ltr'><strong>secundum</strong></span> <span class='ocrx_word' id='word_1_418' title='bbox 3631 2247 3829 2314; x_wconf 84' lang='lat' dir='ltr'><strong>legem</strong></span> 
     </span>
    </p>
   </div>
   <div class='ocr_carea' id='block_1_52' title="bbox 2210 2338 3826 2403">
    <p class='ocr_par' dir='ltr' id='par_1_52' title="bbox 2210 2338 3826 2403">
     <span class='ocr_line' id='line_1_52' title="bbox 2210 2338 3826 2403; baseline 0.001 -14"><span class='ocrx_word' id='word_1_419' title='bbox 2210 2338 2512 2403; x_wconf 88' lang='lat' dir='ltr'><strong>judicaret.</strong></span> <span class='ocrx_word' id='word_1_420' title='bbox 2550 2338 2649 2391; x_wconf 90' lang='lat' dir='ltr'><strong>Ille</strong></span> <span class='ocrx_word' id='word_1_421' title='bbox 2672 2346 2691 2367; x_wconf 82' lang='lat'><strong>&#39;</strong></span> <span class='ocrx_word' id='word_1_422' title='bbox 2719 2338 3043 2390; x_wconf 87' lang='lat' dir='ltr'><strong>misericors</strong></span> <span class='ocrx_word' id='word_1_423' title='bbox 3086 2340 3145 2390; x_wconf 93' lang='lat' dir='ltr'><strong>et</strong></span> <span class='ocrx_word' id='word_1_424' title='bbox 3181 2338 3479 2390; x_wconf 90' lang='lat' dir='ltr'><strong>miserator</strong></span> <span class='ocrx_word' id='word_1_425' title='bbox 3512 2339 3826 2400; x_wconf 83' lang='lat' dir='ltr'><strong>Dominus,</strong></span> 
     </span>
    </p>
   </div>
   <div class='ocr_carea' id='block_1_53' title="bbox 2218 2426 3831 2492">
    <p class='ocr_par' dir='ltr' id='par_1_53' title="bbox 2218 2426 3831 2492">
     <span class='ocr_line' id='line_1_53' title="bbox 2218 2426 3831 2492; baseline -0.002 -12"><span class='ocrx_word' id='word_1_426' title='bbox 2218 2427 2382 2492; x_wconf 80' lang='lat' dir='ltr'><strong>dixit,</strong></span> <span class='ocrx_word' id='word_1_427' title='bbox 2424 2427 2485 2479; x_wconf 91' lang='lat' dir='ltr'><strong>Si</strong></span> <span class='ocrx_word' id='word_1_428' title='bbox 2522 2428 2646 2492; x_wconf 87' lang='lat' dir='ltr'><strong>quis</strong></span> <span class='ocrx_word' id='word_1_429' title='bbox 2680 2433 2912 2476; x_wconf 82' lang='lat' dir='ltr'><strong>vestrum</strong></span> <span class='ocrx_word' id='word_1_430' title='bbox 2941 2431 3220 2492; x_wconf 80' lang='lat' dir='ltr'><strong>peccatum</strong></span> <span class='ocrx_word' id='word_1_431' title='bbox 3261 2442 3375 2476; x_wconf 81' lang='lat' dir='ltr'><strong>non</strong></span> <span class='ocrx_word' id='word_1_432' title='bbox 3423 2426 3595 2492; x_wconf 81' lang='lat' dir='ltr'><strong>habet,</strong></span> <span class='ocrx_word' id='word_1_433' title='bbox 3645 2429 3831 2477; x_wconf 86' lang='lat' dir='ltr'><strong>mittat</strong></span> 
     </span>
    </p>
   </div>
   <div class='ocr_carea' id='block_1_54' title="bbox 2219 2515 3825 2582">
    <p class='ocr_par' dir='ltr' id='par_1_54' title="bbox 2219 2515 3825 2582">
     <span class='ocr_line' id='line_1_54' title="bbox 2219 2515 3825 2582; baseline 0.001 -15"><span class='ocrx_word' id='word_1_434' title='bbox 2219 2533 2381 2582; x_wconf 79' lang='lat' dir='ltr'><strong>super</strong></span> <span class='ocrx_word' id='word_1_435' title='bbox 2429 2532 2549 2567; x_wconf 83' lang='lat' dir='ltr'><strong>eam</strong></span> <span class='ocrx_word' id='word_1_436' title='bbox 2605 2516 2844 2581; x_wconf 78' lang='lat' dir='ltr'><strong>lapidem</strong></span> <span class='ocrx_word' id='word_1_437' title='bbox 2888 2517 3067 2578; x_wconf 85' lang='lat' dir='ltr'><strong>(Joan.</strong></span> <span class='ocrx_word' id='word_1_438' title='bbox 3112 2515 3163 2570; x_wconf 93' lang='lat'><strong>8.</strong></span> <span class='ocrx_word' id='word_1_439' title='bbox 3210 2516 3302 2579; x_wconf 89' lang='lat'><strong>3.).</strong></span> <span class='ocrx_word' id='word_1_440' title='bbox 3327 2518 3399 2567; x_wconf 88' lang='lat' dir='ltr'><strong>Et</strong></span> <span class='ocrx_word' id='word_1_441' title='bbox 3431 2519 3570 2568; x_wconf 85' lang='lat' dir='ltr'><strong>tunc</strong></span> <span class='ocrx_word' id='word_1_442' title='bbox 3592 2529 3825 2577; x_wconf 86' lang='lat' dir='ltr'><strong>omnes,</strong></span> 
     </span>
    </p>
   </div>
   <div class='ocr_carea' id='block_1_55' title="bbox 2220 2603 3822 2670">
    <p class='ocr_par' dir='ltr' id='par_1_55' title="bbox 2220 2603 3822 2670">
     <span class='ocr_line' id='line_1_55' title="bbox 2220 2603 3822 2670; baseline -0.003 -13"><span class='ocrx_word' id='word_1_443' title='bbox 2220 2606 2421 2670; x_wconf 87' lang='lat' dir='ltr'><strong>inquit,</strong></span> <span class='ocrx_word' id='word_1_444' title='bbox 2447 2605 2862 2658; x_wconf 88' lang='lat' dir='ltr'><strong>discesserunt.</strong></span> <span class='ocrx_word' id='word_1_445' title='bbox 2881 2607 2950 2657; x_wconf 87' lang='lat' dir='ltr'><strong>Et</strong></span> <span class='ocrx_word' id='word_1_446' title='bbox 2971 2603 3160 2657; x_wconf 70' lang='lat' dir='ltr'><strong>Judaai</strong></span> <span class='ocrx_word' id='word_1_447' title='bbox 3180 2604 3413 2669; x_wconf 92' lang='lat' dir='ltr'><strong>quidem</strong></span> <span class='ocrx_word' id='word_1_448' title='bbox 3429 2604 3561 2657; x_wconf 83' lang='lat' dir='ltr'><strong>licet</strong></span> <span class='ocrx_word' id='word_1_449' title='bbox 3575 2604 3766 2669; x_wconf 87' lang='lat' dir='ltr'><strong>implii</strong></span> <span class='ocrx_word' id='word_1_450' title='bbox 3776 2612 3822 2654; x_wconf 85' lang='lat' dir='ltr'><strong>et</strong></span> 
     </span>
    </p>
   </div>
   <div class='ocr_carea' id='block_1_56' title="bbox 2216 2693 3826 2758">
    <p class='ocr_par' dir='ltr' id='par_1_56' title="bbox 2216 2693 3826 2758">
     <span class='ocr_line' id='line_1_56' title="bbox 2216 2693 3826 2758; baseline 0 -12"><span class='ocrx_word' id='word_1_451' title='bbox 2216 2694 2511 2755; x_wconf 85' lang='lat' dir='ltr'><strong>increduli,</strong></span> <span class='ocrx_word' id='word_1_452' title='bbox 2538 2699 2732 2747; x_wconf 91' lang='lat' dir='ltr'><strong>tamen</strong></span> <span class='ocrx_word' id='word_1_453' title='bbox 2763 2695 3112 2746; x_wconf 90' lang='lat' dir='ltr'><strong>erubuerunt</strong></span> <span class='ocrx_word' id='word_1_454' title='bbox 3142 2693 3524 2746; x_wconf 84' lang='lat' dir='ltr'><strong>conscientias</strong></span> <span class='ocrx_word' id='word_1_455' title='bbox 3552 2706 3718 2758; x_wconf 86' lang='lat' dir='ltr'><strong>suas,</strong></span> <span class='ocrx_word' id='word_1_456' title='bbox 3755 2708 3826 2746; x_wconf 92' lang='lat' dir='ltr'><strong>ne</strong></span> 
     </span>
    </p>
   </div>
   <div class='ocr_carea' id='block_1_57' title="bbox 2221 2784 3825 2849">
    <p class='ocr_par' dir='ltr' id='par_1_57' title="bbox 2221 2784 3825 2849">
     <span class='ocr_line' id='line_1_57' title="bbox 2221 2784 3825 2849; baseline 0 -13"><span class='ocrx_word' id='word_1_457' title='bbox 2221 2797 2353 2836; x_wconf 90' lang='lat' dir='ltr'><strong>cum</strong></span> <span class='ocrx_word' id='word_1_458' title='bbox 2378 2784 2488 2849; x_wconf 92' lang='lat' dir='ltr'><strong>ipsi</strong></span> <span class='ocrx_word' id='word_1_459' title='bbox 2502 2788 2699 2837; x_wconf 90' lang='lat' dir='ltr'><strong>essent</strong></span> <span class='ocrx_word' id='word_1_460' title='bbox 2718 2786 3065 2849; x_wconf 89' lang='lat' dir='ltr'><strong>peccatores,</strong></span> <span class='ocrx_word' id='word_1_461' title='bbox 3089 2784 3150 2835; x_wconf 88' lang='lat' dir='ltr'><strong>in</strong></span> <span class='ocrx_word' id='word_1_462' title='bbox 3184 2789 3512 2848; x_wconf 67' lang='lat' dir='ltr'><strong>peccatores</strong></span> <span class='ocrx_word' id='word_1_463' title='bbox 3548 2784 3825 2837; x_wconf 89' lang='lat' dir='ltr'><strong>videren-</strong></span> 
     </span>
    </p>
   </div>
   <div class='ocr_carea' id='block_1_58' title="bbox 2223 2871 3827 2926">
    <p class='ocr_par' dir='ltr' id='par_1_58' title="bbox 2223 2871 3827 2926">
     <span class='ocr_line' id='line_1_58' title="bbox 2223 2871 3827 2926; baseline -0.001 0"><span class='ocrx_word' id='word_1_464' title='bbox 2223 2878 2317 2926; x_wconf 91' lang='lat' dir='ltr'><strong>tur</strong></span> <span class='ocrx_word' id='word_1_465' title='bbox 2338 2873 2557 2926; x_wconf 91' lang='lat' dir='ltr'><strong>ulcisci.</strong></span> <span class='ocrx_word' id='word_1_466' title='bbox 2575 2876 2644 2925; x_wconf 89' lang='lat' dir='ltr'><strong>Et</strong></span> <span class='ocrx_word' id='word_1_467' title='bbox 2661 2874 2806 2926; x_wconf 89' lang='lat' dir='ltr'><strong>latro</strong></span> <span class='ocrx_word' id='word_1_468' title='bbox 2822 2874 2916 2925; x_wconf 91' lang='lat' dir='ltr'><strong>ille</strong></span> <span class='ocrx_word' id='word_1_469' title='bbox 2939 2873 3010 2925; x_wconf 91' lang='lat' dir='ltr'><strong>de</strong></span> <span class='ocrx_word' id='word_1_470' title='bbox 3034 2886 3203 2925; x_wconf 91' lang='lat' dir='ltr'><strong>cruce</strong></span> <span class='ocrx_word' id='word_1_471' title='bbox 3227 2873 3453 2925; x_wconf 88' lang='lat' dir='ltr'><strong>dicebat</strong></span> <span class='ocrx_word' id='word_1_472' title='bbox 3478 2872 3552 2925; x_wconf 93' lang='lat' dir='ltr'><strong>ad</strong></span> <span class='ocrx_word' id='word_1_473' title='bbox 3574 2871 3827 2925; x_wconf 87' lang='lat' dir='ltr'><strong>alterum</strong></span> 
     </span>
    </p>
   </div>
   <div class='ocr_carea' id='block_1_59' title="bbox 2222 2962 3827 3028">
    <p class='ocr_par' dir='ltr' id='par_1_59' title="bbox 2222 2962 3827 3028">
     <span class='ocr_line' id='line_1_59' title="bbox 2222 2962 3827 3028; baseline -0.001 -12"><span class='ocrx_word' id='word_1_474' title='bbox 2222 2964 2519 3024; x_wconf 87' lang='lat' dir='ltr'><strong>latronem,</strong></span> <span class='ocrx_word' id='word_1_475' title='bbox 2535 2963 2673 3028; x_wconf 90' lang='lat' dir='ltr'><strong>quid</strong></span> <span class='ocrx_word' id='word_1_476' title='bbox 2699 2962 2872 3015; x_wconf 89' lang='lat' dir='ltr'><strong>simul</strong></span> <span class='ocrx_word' id='word_1_477' title='bbox 2896 2962 3183 3027; x_wconf 90' lang='lat' dir='ltr'><strong>pendebat</strong></span> <span class='ocrx_word' id='word_1_478' title='bbox 3203 2962 3265 3014; x_wconf 91' lang='lat' dir='ltr'><strong>in</strong></span> <span class='ocrx_word' id='word_1_479' title='bbox 3283 2974 3471 3025; x_wconf 92' lang='lat' dir='ltr'><strong>cruce,</strong></span> <span class='ocrx_word' id='word_1_480' title='bbox 3483 2967 3542 3014; x_wconf 90' lang='lat' dir='ltr'><strong>et</strong></span> <span class='ocrx_word' id='word_1_481' title='bbox 3556 2962 3827 3027; x_wconf 84' lang='lat' dir='ltr'><strong>blasphe-</strong></span> 
     </span>
    </p>
   </div>
   <div class='ocr_carea' id='block_1_60' title="bbox 2225 3052 3825 3117">
    <p class='ocr_par' dir='ltr' id='par_1_60' title="bbox 2225 3052 3825 3117">
     <span class='ocr_line' id='line_1_60' title="bbox 2225 3052 3825 3117; baseline -0.003 -11"><span class='ocrx_word' id='word_1_482' title='bbox 2225 3055 2438 3116; x_wconf 89' lang='lat' dir='ltr'><strong>mabat,</strong></span> <span class='ocrx_word' id='word_1_483' title='bbox 2476 3054 2619 3113; x_wconf 86' lang='lat' dir='ltr'><strong>Quia</strong></span> <span class='ocrx_word' id='word_1_484' title='bbox 2661 3069 2755 3103; x_wconf 79' lang='lat' dir='ltr'><strong>nec</strong></span> <span class='ocrx_word' id='word_1_485' title='bbox 2797 3058 2856 3102; x_wconf 84' lang='lat' dir='ltr'><strong>tu</strong></span> <span class='ocrx_word' id='word_1_486' title='bbox 2886 3054 3059 3103; x_wconf 85' lang='lat' dir='ltr'><strong>Deum</strong></span> <span class='ocrx_word' id='word_1_487' title='bbox 3088 3052 3256 3115; x_wconf 81' lang='lat' dir='ltr'><strong>times,</strong></span> <span class='ocrx_word' id='word_1_488' title='bbox 3281 3052 3359 3102; x_wconf 81' lang='lat' dir='ltr'><strong>vel</strong></span> <span class='ocrx_word' id='word_1_489' title='bbox 3381 3052 3526 3117; x_wconf 84' lang='lat' dir='ltr'><strong>quod</strong></span> <span class='ocrx_word' id='word_1_490' title='bbox 3547 3053 3610 3101; x_wconf 84' lang='lat' dir='ltr'><strong>in</strong></span> <span class='ocrx_word' id='word_1_491' title='bbox 3642 3053 3825 3102; x_wconf 78' lang='lat' dir='ltr'><strong>eodem</strong></span> 
     </span>
    </p>
   </div>
   <div class='ocr_carea' id='block_1_61' title="bbox 2154 3140 3829 3234">
    <p class='ocr_par' dir='ltr' id='par_1_61' title="bbox 2154 3140 3829 3234">
     <span class='ocr_line' id='line_1_61' title="bbox 2154 3140 3829 3234; baseline -0.001 -41"><span class='ocrx_word' id='word_1_492' title='bbox 2154 3158 2204 3234; x_wconf 69' lang='grc' dir='ltr'><strong>Ο</strong></span> <span class='ocrx_word' id='word_1_493' title='bbox 2224 3159 2321 3194; x_wconf 84' lang='lat' dir='ltr'><strong>nos</strong></span> <span class='ocrx_word' id='word_1_494' title='bbox 2348 3157 2536 3193; x_wconf 85' lang='lat' dir='ltr'><strong>sumus</strong></span> <span class='ocrx_word' id='word_1_495' title='bbox 2562 3142 2824 3207; x_wconf 81' lang='lat' dir='ltr'><strong>supplicio</strong></span> <span class='ocrx_word' id='word_1_496' title='bbox 2872 3143 3017 3207; x_wconf 86' lang='lat' dir='ltr'><strong>(Luc.</strong></span> <span class='ocrx_word' id='word_1_497' title='bbox 3048 3140 3136 3196; x_wconf 76' lang='lat'><strong>23.</strong></span> <span class='ocrx_word' id='word_1_498' title='bbox 3172 3141 3302 3205; x_wconf 74' lang='lat'><strong>40.).</strong></span> <span class='ocrx_word' id='word_1_499' title='bbox 3329 3142 3443 3193; x_wconf 84' lang='lat' dir='ltr'><strong>Nos</strong></span> <span class='ocrx_word' id='word_1_500' title='bbox 3477 3140 3497 3175; x_wconf 66' lang='grc' dir='ltr'>ί</span> <span class='ocrx_word' id='word_1_501' title='bbox 3527 3154 3669 3193; x_wconf 88' lang='lat' dir='ltr'><strong>cum</strong></span> <span class='ocrx_word' id='word_1_502' title='bbox 3703 3142 3829 3193; x_wconf 68' lang='lat' dir='ltr'><strong>haec</strong></span> 
     </span>
    </p>
   </div>
   <div class='ocr_carea' id='block_1_62' title="bbox 530 3219 3828 3297">
    <p class='ocr_par' dir='ltr' id='par_1_62' title="bbox 530 3219 3828 3297">
     <span class='ocr_line' id='line_1_62' title="bbox 530 3219 3828 3297; baseline 0 -27"><span class='ocrx_word' id='word_1_503' title='bbox 530 3220 650 3270; x_wconf 89' lang='lat' dir='ltr'><strong>tere</strong></span> <span class='ocrx_word' id='word_1_504' title='bbox 694 3224 750 3271; x_wconf 89' lang='lat' dir='ltr'><strong>te</strong></span> <span class='ocrx_word' id='word_1_505' title='bbox 791 3219 920 3272; x_wconf 90' lang='lat' dir='ltr'><strong>ideo</strong></span> <span class='ocrx_word' id='word_1_506' title='bbox 963 3220 1126 3285; x_wconf 92' lang='lat' dir='ltr'><strong>dicis,</strong></span> <span class='ocrx_word' id='word_1_507' title='bbox 1173 3225 1239 3273; x_wconf 90' lang='lat' dir='ltr'><strong>ut</strong></span> <span class='ocrx_word' id='word_1_508' title='bbox 1292 3220 1455 3273; x_wconf 85' lang='lat' dir='ltr'><strong>fallas</strong></span> <span class='ocrx_word' id='word_1_509' title='bbox 1491 3234 1592 3274; x_wconf 83' lang='lat' dir='ltr'><strong>eos</strong></span> <span class='ocrx_word' id='word_1_510' title='bbox 1635 3222 1851 3284; x_wconf 90' lang='lat' dir='ltr'><strong>quibus</strong></span> <span class='ocrx_word' id='word_1_511' title='bbox 1873 3220 2078 3273; x_wconf 86' lang='lat' dir='ltr'><strong>scribis</strong></span> <span class='ocrx_word' id='word_1_512' title='bbox 2099 3224 2126 3271; x_wconf 65' lang='grc' dir='ltr'><strong><em>τ</em></strong></span> <span class='ocrx_word' id='word_1_513' title='bbox 2158 3219 2203 3234; x_wconf 73' lang='grc' dir='ltr'>ν</span> <span class='ocrx_word' id='word_1_514' title='bbox 2226 3233 2429 3286; x_wconf 71' lang='lat' dir='ltr'><strong>eadem</strong></span> <span class='ocrx_word' id='word_1_515' title='bbox 2464 3246 2597 3297; x_wconf 54' lang='lat' dir='ltr'><strong>qum</strong></span> <span class='ocrx_word' id='word_1_516' title='bbox 2624 3232 2684 3284; x_wconf 62' lang='lat' dir='ltr'><strong>in</strong></span> <span class='ocrx_word' id='word_1_517' title='bbox 2704 3231 2873 3285; x_wconf 67' lang='lat' dir='ltr'><strong>nobis</strong></span> <span class='ocrx_word' id='word_1_518' title='bbox 2911 3234 3065 3295; x_wconf 61' lang='lat' dir='ltr'><strong>sum,</strong></span> <span class='ocrx_word' id='word_1_519' title='bbox 3098 3230 3550 3283; x_wconf 71' lang='lat' dir='ltr'><strong>condemnemus</strong></span> <span class='ocrx_word' id='word_1_520' title='bbox 3587 3231 3653 3283; x_wconf 75' lang='lat' dir='ltr'><strong>in</strong></span> <span class='ocrx_word' id='word_1_521' title='bbox 3676 3231 3828 3292; x_wconf 55' lang='lat' dir='ltr'><strong>aliis,</strong></span> 
     </span>
    </p>
   </div>
   <div class='ocr_carea' id='block_1_63' title="bbox 531 3306 2127 3374">
    <p class='ocr_par' dir='ltr' id='par_1_63' title="bbox 531 3306 2127 3374">
     <span class='ocr_line' id='line_1_63' title="bbox 531 3306 2127 3374; baseline 0.001 -15"><span class='ocrx_word' id='word_1_522' title='bbox 531 3306 678 3359; x_wconf 88' lang='lat' dir='ltr'><strong>Nam</strong></span> <span class='ocrx_word' id='word_1_523' title='bbox 702 3309 760 3359; x_wconf 92' lang='lat' dir='ltr'><strong>et</strong></span> <span class='ocrx_word' id='word_1_524' title='bbox 788 3307 837 3359; x_wconf 86' lang='lat' dir='ltr'><strong>si</strong></span> <span class='ocrx_word' id='word_1_525' title='bbox 868 3320 1002 3361; x_wconf 85' lang='lat' dir='ltr'><strong>vere</strong></span> <span class='ocrx_word' id='word_1_526' title='bbox 1036 3313 1093 3361; x_wconf 92' lang='lat' dir='ltr'><strong>te</strong></span> <span class='ocrx_word' id='word_1_527' title='bbox 1116 3310 1412 3374; x_wconf 69' lang='lat' dir='ltr'><strong>pmniteat,</strong></span> <span class='ocrx_word' id='word_1_528' title='bbox 1444 3315 1511 3362; x_wconf 93' lang='lat' dir='ltr'><strong>ut</strong></span> <span class='ocrx_word' id='word_1_529' title='bbox 1532 3309 1697 3361; x_wconf 88' lang='lat' dir='ltr'><strong>debet</strong></span> <span class='ocrx_word' id='word_1_530' title='bbox 1729 3310 1835 3373; x_wconf 85' lang='lat' dir='ltr'><strong>[AL</strong></span> <span class='ocrx_word' id='word_1_531' title='bbox 1858 3309 2127 3372; x_wconf 89' lang='lat' dir='ltr'><strong>deberet],</strong></span> 
     </span>
    </p>
   </div>
   <div class='ocr_carea' id='block_1_64' title="bbox 531 3395 2124 3462">
    <p class='ocr_par' dir='ltr' id='par_1_64' title="bbox 531 3395 2124 3462">
     <span class='ocr_line' id='line_1_64' title="bbox 531 3395 2124 3462; baseline 0.003 -16"><span class='ocrx_word' id='word_1_532' title='bbox 531 3395 671 3460; x_wconf 93' lang='lat' dir='ltr'><strong>quid</strong></span> <span class='ocrx_word' id='word_1_533' title='bbox 713 3396 887 3449; x_wconf 86' lang='lat' dir='ltr'><strong>facies</strong></span> <span class='ocrx_word' id='word_1_534' title='bbox 927 3403 1157 3462; x_wconf 88' lang='lat' dir='ltr'><strong>propter</strong></span> <span class='ocrx_word' id='word_1_535' title='bbox 1205 3398 1311 3462; x_wconf 87' lang='lat' dir='ltr'><strong>[AL</strong></span> <span class='ocrx_word' id='word_1_536' title='bbox 1345 3398 1439 3462; x_wconf 91' lang='lat' dir='ltr'><strong>ad]</strong></span> <span class='ocrx_word' id='word_1_537' title='bbox 1480 3411 1682 3450; x_wconf 89' lang='lat' dir='ltr'><strong>omnes</strong></span> <span class='ocrx_word' id='word_1_538' title='bbox 1726 3398 1853 3449; x_wconf 92' lang='lat' dir='ltr'><strong>illas</strong></span> <span class='ocrx_word' id='word_1_539' title='bbox 1880 3399 2124 3460; x_wconf 89' lang='lat' dir='ltr'><strong>animas,</strong></span> 
     </span>
    </p>
   </div>
   <div class='ocr_carea' id='block_1_65' title="bbox 531 3485 2128 3552">
    <p class='ocr_par' dir='ltr' id='par_1_65' title="bbox 531 3485 2128 3552">
     <span class='ocr_line' id='line_1_65' title="bbox 531 3485 2128 3552; baseline 0.002 -16"><span class='ocrx_word' id='word_1_540' title='bbox 531 3496 678 3548; x_wconf 89' lang='lat' dir='ltr'><strong>quas</strong></span> <span class='ocrx_word' id='word_1_541' title='bbox 709 3496 811 3550; x_wconf 90' lang='lat' dir='ltr'><strong>per</strong></span> <span class='ocrx_word' id='word_1_542' title='bbox 844 3487 929 3538; x_wconf 92' lang='lat' dir='ltr'><strong>tot</strong></span> <span class='ocrx_word' id='word_1_543' title='bbox 953 3498 1139 3538; x_wconf 90' lang='lat' dir='ltr'><strong>annos</strong></span> <span class='ocrx_word' id='word_1_544' title='bbox 1176 3485 1303 3539; x_wconf 73' lang='lat' dir='ltr'><strong>haec</strong></span> <span class='ocrx_word' id='word_1_545' title='bbox 1324 3488 1425 3539; x_wconf 88' lang='lat' dir='ltr'><strong>tua</strong></span> <span class='ocrx_word' id='word_1_546' title='bbox 1447 3491 1566 3539; x_wconf 91' lang='lat' dir='ltr'><strong>tam</strong></span> <span class='ocrx_word' id='word_1_547' title='bbox 1588 3488 1896 3551; x_wconf 90' lang='lat' dir='ltr'><strong>venenata,</strong></span> <span class='ocrx_word' id='word_1_548' title='bbox 1916 3491 1985 3539; x_wconf 90' lang='lat' dir='ltr'><strong>ut</strong></span> <span class='ocrx_word' id='word_1_549' title='bbox 2006 3486 2128 3552; x_wconf 89' lang='lat' dir='ltr'><strong>ipse</strong></span> 
     </span>
    </p>
   </div>
   <div class='ocr_carea' id='block_1_66' title="bbox 599 3652 2129 3727">
    <p class='ocr_par' dir='ltr' id='par_1_66' title="bbox 599 3652 2129 3727">
     <span class='ocr_line' id='line_1_66' title="bbox 599 3652 2129 3727; baseline 0.001 -23"><span class='ocrx_word' id='word_1_550' title='bbox 599 3660 616 3682; x_wconf 87' lang='grc'>¹</span> <span class='ocrx_word' id='word_1_551' title='bbox 647 3652 1108 3727; x_wconf 15' lang='lat' dir='ltr'><strong>Idemiquidquid</strong></span> <span class='ocrx_word' id='word_1_552' title='bbox 1151 3655 1278 3706; x_wconf 82' lang='lat' dir='ltr'><strong>dicti</strong></span> <span class='ocrx_word' id='word_1_553' title='bbox 1313 3662 1580 3721; x_wconf 81' lang='lat' dir='ltr'><strong>putamur</strong></span> <span class='ocrx_word' id='word_1_554' title='bbox 1622 3657 1822 3706; x_wconf 75' lang='lat' dir='ltr'><strong>eruditi</strong></span> <span class='ocrx_word' id='word_1_555' title='bbox 1854 3661 1979 3709; x_wconf 86' lang='lat' dir='ltr'><strong>tum</strong></span> <span class='ocrx_word' id='word_1_556' title='bbox 1999 3656 2129 3721; x_wconf 82' lang='lat' dir='ltr'><strong>feci-</strong></span> 
     </span>
    </p>
   </div>
   <div class='ocr_carea' id='block_1_67' title="bbox 532 3726 1049 3789">
    <p class='ocr_par' dir='ltr' id='par_1_67' title="bbox 532 3726 1049 3789">
     <span class='ocr_line' id='line_1_67' title="bbox 532 3726 1049 3789; baseline 0.01 -16"><span class='ocrx_word' id='word_1_557' title='bbox 532 3739 654 3773; x_wconf 87' lang='lat' dir='ltr'><strong>mus</strong></span> <span class='ocrx_word' id='word_1_558' title='bbox 676 3726 1049 3789; x_wconf 77' lang='lat' dir='ltr'><strong>profacimus.</strong></span> 
     </span>
    </p>
   </div>
   <div class='ocr_carea' id='block_1_68' title="bbox 595 3794 2127 3865">
    <p class='ocr_par' dir='ltr' id='par_1_68' title="bbox 595 3794 2127 3865">
     <span class='ocr_line' id='line_1_68' title="bbox 595 3794 2127 3865; baseline 0.001 -19"><span class='ocrx_word' id='word_1_559' title='bbox 595 3794 617 3825; x_wconf 75' lang='lat'><strong><em>&quot;</em></strong></span> <span class='ocrx_word' id='word_1_560' title='bbox 649 3797 931 3861; x_wconf 90' lang='lat' dir='ltr'><strong>Integrius</strong></span> <span class='ocrx_word' id='word_1_561' title='bbox 974 3798 1149 3850; x_wconf 84' lang='lat' dir='ltr'><strong>ferme</strong></span> <span class='ocrx_word' id='word_1_562' title='bbox 1185 3812 1253 3851; x_wconf 93' lang='lat' dir='ltr'><strong>ac</strong></span> <span class='ocrx_word' id='word_1_563' title='bbox 1270 3797 1482 3851; x_wconf 89' lang='lat' dir='ltr'><strong>rectius</strong></span> <span class='ocrx_word' id='word_1_564' title='bbox 1517 3803 1574 3851; x_wconf 89' lang='lat' dir='ltr'><strong>in</strong></span> <span class='ocrx_word' id='word_1_565' title='bbox 1598 3799 1798 3851; x_wconf 91' lang='lat' dir='ltr'><strong>eodem</strong></span> <span class='ocrx_word' id='word_1_566' title='bbox 1816 3813 1946 3862; x_wconf 91' lang='lat' dir='ltr'><strong>ms.,</strong></span> <span class='ocrx_word' id='word_1_567' title='bbox 1981 3799 2127 3865; x_wconf 82' lang='lat' dir='ltr'><strong>quod</strong></span> 
     </span>
    </p>
   </div>
   <div class='ocr_carea' id='block_1_69' title="bbox 530 3869 2124 3935">
    <p class='ocr_par' dir='ltr' id='par_1_69' title="bbox 530 3869 2124 3935">
     <span class='ocr_line' id='line_1_69' title="bbox 530 3869 2124 3935; baseline 0.003 -20"><span class='ocrx_word' id='word_1_568' title='bbox 530 3869 917 3931; x_wconf 77' lang='lat' dir='ltr'><strong>corpori‘huic</strong></span> <span class='ocrx_word' id='word_1_569' title='bbox 966 3869 1310 3931; x_wconf 72' lang='lat' dir='ltr'><strong>humilitatis,</strong></span> <span class='ocrx_word' id='word_1_570' title='bbox 1359 3877 1405 3919; x_wconf 87' lang='lat' dir='ltr'><strong>et</strong></span> <span class='ocrx_word' id='word_1_571' title='bbox 1442 3871 1656 3935; x_wconf 83' lang='lat' dir='ltr'><strong>corpori</strong></span> <span class='ocrx_word' id='word_1_572' title='bbox 1692 3872 1880 3921; x_wconf 86' lang='lat' dir='ltr'><strong>mortis</strong></span> <span class='ocrx_word' id='word_1_573' title='bbox 1916 3872 2124 3920; x_wconf 77' lang='lat' dir='ltr'><strong>insertae</strong></span> 
     </span>
    </p>
   </div>
   <div class='ocr_carea' id='block_1_70' title="bbox 530 3937 2122 4007">
    <p class='ocr_par' dir='ltr' id='par_1_70' title="bbox 530 3937 2122 4007">
     <span class='ocr_line' id='line_1_70' title="bbox 530 3937 2122 4007; baseline 0.006 -22"><span class='ocrx_word' id='word_1_574' title='bbox 530 3937 654 3987; x_wconf 84' lang='lat' dir='ltr'><strong>sint.</strong></span> <span class='ocrx_word' id='word_1_575' title='bbox 693 3939 825 3990; x_wconf 82' lang='lat' dir='ltr'><strong>Mox</strong></span> <span class='ocrx_word' id='word_1_576' title='bbox 864 3940 1173 3990; x_wconf 77' lang='lat' dir='ltr'><strong>restituetur</strong></span> <span class='ocrx_word' id='word_1_577' title='bbox 1202 3954 1303 4006; x_wconf 92' lang='lat' dir='ltr'><strong>pro</strong></span> <span class='ocrx_word' id='word_1_578' title='bbox 1334 3942 1667 4007; x_wconf 76' lang='lat' dir='ltr'><strong>restituatur,</strong></span> <span class='ocrx_word' id='word_1_579' title='bbox 1694 3948 1905 3995; x_wconf 68' lang='lat' dir='ltr'><strong>caatera</strong></span> <span class='ocrx_word' id='word_1_580' title='bbox 1926 3943 2122 3994; x_wconf 88' lang='lat' dir='ltr'><strong>minus</strong></span> 
     </span>
    </p>
   </div>
   <div class='ocr_carea' id='block_1_71' title="bbox 530 4008 1044 4063">
    <p class='ocr_par' dir='ltr' id='par_1_71' title="bbox 530 4008 1044 4063">
     <span class='ocr_line' id='line_1_71' title="bbox 530 4008 1044 4063; baseline 0.008 -4"><span class='ocrx_word' id='word_1_581' title='bbox 530 4008 609 4060; x_wconf 89' lang='lat' dir='ltr'><strong>ibi</strong></span> <span class='ocrx_word' id='word_1_582' title='bbox 636 4012 789 4062; x_wconf 90' lang='lat' dir='ltr'><strong>recte</strong></span> <span class='ocrx_word' id='word_1_583' title='bbox 812 4010 1044 4063; x_wconf 89' lang='lat' dir='ltr'><strong>habent.</strong></span> 
     </span>
    </p>
   </div>
   <div class='ocr_carea' id='block_1_72' title="bbox 594 4079 2126 4151">
    <p class='ocr_par' dir='ltr' id='par_1_72' title="bbox 594 4079 2126 4151">
     <span class='ocr_line' id='line_1_72' title="bbox 594 4079 2126 4151; baseline 0.002 -19"><span class='ocrx_word' id='word_1_584' title='bbox 594 4089 615 4109; x_wconf 87' lang='lat'><strong><em>°</em></strong></span> <span class='ocrx_word' id='word_1_585' title='bbox 655 4082 944 4146; x_wconf 82' lang='lat' dir='ltr'><strong>Praeponit</strong></span> <span class='ocrx_word' id='word_1_586' title='bbox 992 4082 1147 4134; x_wconf 90' lang='lat' dir='ltr'><strong>idem</strong></span> <span class='ocrx_word' id='word_1_587' title='bbox 1188 4096 1299 4135; x_wconf 90' lang='lat' dir='ltr'><strong>ms.</strong></span> <span class='ocrx_word' id='word_1_588' title='bbox 1336 4090 1384 4135; x_wconf 84' lang='lat' dir='ltr'><strong>et</strong></span> <span class='ocrx_word' id='word_1_589' title='bbox 1432 4084 1796 4151; x_wconf 85' lang='lat' dir='ltr'><strong>particulam,</strong></span> <span class='ocrx_word' id='word_1_590' title='bbox 1849 4079 2126 4151; x_wconf 77' lang='grc' dir='ltr'><strong>ἐμφατικώ-</strong></span> 
     </span>
    </p>
   </div>
   <div class='ocr_carea' id='block_1_73' title="bbox 530 4153 1293 4217">
    <p class='ocr_par' dir='ltr' id='par_1_73' title="bbox 530 4153 1293 4217">
     <span class='ocr_line' id='line_1_73' title="bbox 530 4153 1293 4217; baseline 0.008 -17"><span class='ocrx_word' id='word_1_591' title='bbox 530 4168 685 4217; x_wconf 82' lang='grc' dir='ltr'><strong>τερον,</strong></span> <span class='ocrx_word' id='word_1_592' title='bbox 719 4158 765 4202; x_wconf 84' lang='lat' dir='ltr'><strong>et</strong></span> <span class='ocrx_word' id='word_1_593' title='bbox 790 4153 1071 4217; x_wconf 74' lang='lat' dir='ltr'><strong>Onigcnem</strong></span> <span class='ocrx_word' id='word_1_594' title='bbox 1095 4158 1146 4203; x_wconf 89' lang='lat' dir='ltr'><strong>ta</strong></span> <span class='ocrx_word' id='word_1_595' title='bbox 1154 4169 1293 4207; x_wconf 81' lang='lat' dir='ltr'><strong>men.</strong></span> 
     </span>
    </p>
   </div>
   <div class='ocr_carea' id='block_1_74' title="bbox 2225 3318 3834 3383">
    <p class='ocr_par' dir='ltr' id='par_1_74' title="bbox 2225 3318 3834 3383">
     <span class='ocr_line' id='line_1_74' title="bbox 2225 3318 3834 3383; baseline -0.004 -8"><span class='ocrx_word' id='word_1_596' title='bbox 2225 3335 2335 3375; x_wconf 91' lang='lat' dir='ltr'><strong>nec</strong></span> <span class='ocrx_word' id='word_1_597' title='bbox 2364 3335 2497 3375; x_wconf 91' lang='lat' dir='ltr'><strong>cum</strong></span> <span class='ocrx_word' id='word_1_598' title='bbox 2540 3321 2765 3375; x_wconf 69' lang='lat' dir='ltr'><strong>Judaeis</strong></span> <span class='ocrx_word' id='word_1_599' title='bbox 2811 3319 3233 3383; x_wconf 89' lang='lat' dir='ltr'><strong>erubescimus,</strong></span> <span class='ocrx_word' id='word_1_600' title='bbox 3277 3333 3383 3372; x_wconf 90' lang='lat' dir='ltr'><strong>nec</strong></span> <span class='ocrx_word' id='word_1_601' title='bbox 3425 3332 3560 3372; x_wconf 91' lang='lat' dir='ltr'><strong>cum</strong></span> <span class='ocrx_word' id='word_1_602' title='bbox 3607 3318 3834 3373; x_wconf 83' lang='lat' dir='ltr'><strong>latrone</strong></span> 
     </span>
    </p>
   </div>
   <div class='ocr_carea' id='block_1_75' title="bbox 2227 3411 2599 3464">
    <p class='ocr_par' dir='ltr' id='par_1_75' title="bbox 2227 3411 2599 3464">
     <span class='ocr_line' id='line_1_75' title="bbox 2227 3411 2599 3464; baseline -0.003 0"><span class='ocrx_word' id='word_1_603' title='bbox 2227 3411 2599 3464; x_wconf 89' lang='lat' dir='ltr'><strong>mitescimas.</strong></span> 
     </span>
    </p>
   </div>
   <div class='ocr_carea' id='block_1_76' title="bbox 2289 3650 3830 3716">
    <p class='ocr_par' dir='ltr' id='par_1_76' title="bbox 2289 3650 3830 3716">
     <span class='ocr_line' id='line_1_76' title="bbox 2289 3650 3830 3716; baseline -0.002 -11"><span class='ocrx_word' id='word_1_604' title='bbox 2289 3652 2311 3682; x_wconf 84' lang='grc'><em>⁴</em></span> <span class='ocrx_word' id='word_1_605' title='bbox 2333 3655 2519 3705; x_wconf 86' lang='lat' dir='ltr'><strong>Antea</strong></span> <span class='ocrx_word' id='word_1_606' title='bbox 2551 3652 2715 3702; x_wconf 86' lang='lat' dir='ltr'><strong>etiam</strong></span> <span class='ocrx_word' id='word_1_607' title='bbox 2760 3665 2860 3716; x_wconf 90' lang='lat' dir='ltr'><strong>pro</strong></span> <span class='ocrx_word' id='word_1_608' title='bbox 2902 3652 3068 3714; x_wconf 85' lang='lat' dir='ltr'><strong>enim,</strong></span> <span class='ocrx_word' id='word_1_609' title='bbox 3111 3651 3266 3715; x_wconf 89' lang='lat' dir='ltr'><strong>quod</strong></span> <span class='ocrx_word' id='word_1_610' title='bbox 3289 3664 3360 3703; x_wconf 80' lang='lat' dir='ltr'><strong>ex</strong></span> <span class='ocrx_word' id='word_1_611' title='bbox 3385 3664 3493 3703; x_wconf 92' lang='lat' dir='ltr'><strong>ms.</strong></span> <span class='ocrx_word' id='word_1_612' title='bbox 3520 3650 3830 3703; x_wconf 85' lang='lat' dir='ltr'><strong>substitui-</strong></span> 
     </span>
    </p>
   </div>
   <div class='ocr_carea' id='block_1_77' title="bbox 2224 3723 3829 3786">
    <p class='ocr_par' dir='ltr' id='par_1_77' title="bbox 2224 3723 3829 3786">
     <span class='ocr_line' id='line_1_77' title="bbox 2224 3723 3829 3786; baseline -0.002 -11"><span class='ocrx_word' id='word_1_613' title='bbox 2224 3735 2377 3775; x_wconf 91' lang='lat' dir='ltr'><strong>mus.</strong></span> <span class='ocrx_word' id='word_1_614' title='bbox 2418 3726 2587 3775; x_wconf 90' lang='lat' dir='ltr'><strong>Porro</strong></span> <span class='ocrx_word' id='word_1_615' title='bbox 2614 3728 2879 3775; x_wconf 86' lang='lat' dir='ltr'><strong>notatum</strong></span> <span class='ocrx_word' id='word_1_616' title='bbox 2915 3728 3005 3775; x_wconf 90' lang='lat' dir='ltr'><strong>est</strong></span> <span class='ocrx_word' id='word_1_617' title='bbox 3030 3724 3196 3775; x_wconf 90' lang='lat' dir='ltr'><strong>nobis</strong></span> <span class='ocrx_word' id='word_1_618' title='bbox 3218 3723 3371 3783; x_wconf 90' lang='lat' dir='ltr'><strong>alibi,</strong></span> <span class='ocrx_word' id='word_1_619' title='bbox 3398 3735 3533 3774; x_wconf 90' lang='lat' dir='ltr'><strong>vera</strong></span> <span class='ocrx_word' id='word_1_620' title='bbox 3561 3723 3829 3786; x_wconf 88' lang='lat' dir='ltr'><strong>Origenis</strong></span> 
     </span>
    </p>
   </div>
   <div class='ocr_carea' id='block_1_78' title="bbox 2224 3794 3828 3859">
    <p class='ocr_par' dir='ltr' id='par_1_78' title="bbox 2224 3794 3828 3859">
     <span class='ocr_line' id='line_1_78' title="bbox 2224 3794 3828 3859; baseline -0.002 -12"><span class='ocrx_word' id='word_1_621' title='bbox 2224 3796 2298 3848; x_wconf 94' lang='lat' dir='ltr'><strong>ad</strong></span> <span class='ocrx_word' id='word_1_622' title='bbox 2322 3796 2636 3847; x_wconf 86' lang='lat' dir='ltr'><strong>Fabianum</strong></span> <span class='ocrx_word' id='word_1_623' title='bbox 2672 3794 2924 3858; x_wconf 86' lang='lat' dir='ltr'><strong>Epistola</strong></span> <span class='ocrx_word' id='word_1_624' title='bbox 2948 3794 3260 3859; x_wconf 87' lang='lat' dir='ltr'><strong>deperdita,</strong></span> <span class='ocrx_word' id='word_1_625' title='bbox 3300 3806 3433 3856; x_wconf 67' lang='lat' dir='ltr'><strong>qua:</strong></span> <span class='ocrx_word' id='word_1_626' title='bbox 3455 3806 3611 3845; x_wconf 91' lang='lat' dir='ltr'><strong>nunc</strong></span> <span class='ocrx_word' id='word_1_627' title='bbox 3646 3794 3828 3844; x_wconf 85' lang='lat' dir='ltr'><strong>habe-</strong></span> 
     </span>
    </p>
   </div>
   <div class='ocr_carea' id='block_1_79' title="bbox 2224 3864 3831 3928">
    <p class='ocr_par' dir='ltr' id='par_1_79' title="bbox 2224 3864 3831 3928">
     <span class='ocr_line' id='line_1_79' title="bbox 2224 3864 3831 3928; baseline -0.002 -10"><span class='ocrx_word' id='word_1_628' title='bbox 2224 3870 2337 3927; x_wconf 87' lang='lat' dir='ltr'><strong>tur,</strong></span> <span class='ocrx_word' id='word_1_629' title='bbox 2364 3871 2424 3918; x_wconf 89' lang='lat' dir='ltr'><strong>et</strong></span> <span class='ocrx_word' id='word_1_630' title='bbox 2441 3871 2735 3917; x_wconf 91' lang='lat' dir='ltr'><strong>auctorem</strong></span> <span class='ocrx_word' id='word_1_631' title='bbox 2758 3866 2987 3918; x_wconf 88' lang='lat' dir='ltr'><strong>mentiri</strong></span> <span class='ocrx_word' id='word_1_632' title='bbox 3014 3866 3446 3927; x_wconf 90' lang='lat' dir='ltr'><strong>Adamantium,</strong></span> <span class='ocrx_word' id='word_1_633' title='bbox 3474 3868 3529 3916; x_wconf 92' lang='lat' dir='ltr'><strong>et</strong></span> <span class='ocrx_word' id='word_1_634' title='bbox 3551 3864 3831 3928; x_wconf 89' lang='lat' dir='ltr'><strong>interpre-</strong></span> 
     </span>
    </p>
   </div>
   <div class='ocr_carea' id='block_1_80' title="bbox 2226 3938 2817 4001">
    <p class='ocr_par' dir='ltr' id='par_1_80' title="bbox 2226 3938 2817 4001">
     <span class='ocr_line' id='line_1_80' title="bbox 2226 3938 2817 4001; baseline -0.003 -12"><span class='ocrx_word' id='word_1_635' title='bbox 2226 3940 2344 3989; x_wconf 85' lang='lat' dir='ltr'><strong>tem</strong></span> <span class='ocrx_word' id='word_1_636' title='bbox 2376 3938 2817 4001; x_wconf 85' lang='lat' dir='ltr'><strong>Hieronymum.</strong></span> 
     </span>
    </p>
   </div>
   <div class='ocr_carea' id='block_1_81' title="bbox 2286 4006 3824 4073">
    <p class='ocr_par' dir='ltr' id='par_1_81' title="bbox 2286 4006 3824 4073">
     <span class='ocr_line' id='line_1_81' title="bbox 2286 4006 3824 4073; baseline -0.004 -13"><span class='ocrx_word' id='word_1_637' title='bbox 2286 4018 2304 4039; x_wconf 83' lang='lat'><strong><em>°</em></strong></span> <span class='ocrx_word' id='word_1_638' title='bbox 2322 4012 2388 4060; x_wconf 93' lang='lat' dir='ltr'><strong>In</strong></span> <span class='ocrx_word' id='word_1_639' title='bbox 2419 4009 2789 4060; x_wconf 84' lang='lat' dir='ltr'><strong>Guarnerian.</strong></span> <span class='ocrx_word' id='word_1_640' title='bbox 2814 4020 2944 4072; x_wconf 92' lang='lat' dir='ltr'><strong>ms,,</strong></span> <span class='ocrx_word' id='word_1_641' title='bbox 2970 4007 3060 4057; x_wconf 79' lang='lat' dir='ltr'><strong>Itte</strong></span> <span class='ocrx_word' id='word_1_642' title='bbox 3078 4012 3345 4073; x_wconf 82' lang='lat' dir='ltr'><strong>tanquam</strong></span> <span class='ocrx_word' id='word_1_643' title='bbox 3368 4006 3697 4069; x_wconf 75' lang='lat' dir='ltr'><strong>misericors,</strong></span> <span class='ocrx_word' id='word_1_644' title='bbox 3715 4011 3824 4057; x_wconf 87' lang='lat' dir='ltr'><strong>etc.</strong></span> 
     </span>
    </p>
   </div>
   <div class='ocr_carea' id='block_1_82' title="bbox 2286 4077 3825 4144">
    <p class='ocr_par' dir='ltr' id='par_1_82' title="bbox 2286 4077 3825 4144">
     <span class='ocr_line' id='line_1_82' title="bbox 2286 4077 3825 4144; baseline -0.002 -14"><span class='ocrx_word' id='word_1_645' title='bbox 2286 4080 2304 4110; x_wconf 71' lang='grc' dir='ltr'>ί</span> <span class='ocrx_word' id='word_1_646' title='bbox 2326 4079 2550 4131; x_wconf 89' lang='lat' dir='ltr'><strong>Omisso</strong></span> <span class='ocrx_word' id='word_1_647' title='bbox 2601 4091 2896 4144; x_wconf 85' lang='lat' dir='ltr'><strong>perperam</strong></span> <span class='ocrx_word' id='word_1_648' title='bbox 2941 4079 3249 4142; x_wconf 72' lang='lat' dir='ltr'><strong>Scripturaa</strong></span> <span class='ocrx_word' id='word_1_649' title='bbox 3295 4082 3479 4143; x_wconf 80' lang='lat' dir='ltr'><strong>textu,</strong></span> <span class='ocrx_word' id='word_1_650' title='bbox 3514 4077 3656 4142; x_wconf 86' lang='lat' dir='ltr'><strong>legit</strong></span> <span class='ocrx_word' id='word_1_651' title='bbox 3700 4077 3825 4128; x_wconf 83' lang='lat' dir='ltr'><strong>cod.</strong></span> 
     </span>
    </p>
   </div>
   <div class='ocr_carea' id='block_1_83' title="bbox 2225 4152 3258 4213">
    <p class='ocr_par' dir='ltr' id='par_1_83' title="bbox 2225 4152 3258 4213">
     <span class='ocr_line' id='line_1_83' title="bbox 2225 4152 3258 4213; baseline -0.005 -9"><span class='ocrx_word' id='word_1_652' title='bbox 2225 4152 2597 4204; x_wconf 89' lang='lat' dir='ltr'><strong>Guarnerian.</strong></span> <span class='ocrx_word' id='word_1_653' title='bbox 2623 4152 2736 4202; x_wconf 85' lang='lat' dir='ltr'><strong>Nos</strong></span> <span class='ocrx_word' id='word_1_654' title='bbox 2758 4156 2805 4201; x_wconf 84' lang='lat' dir='ltr'><strong>ct</strong></span> <span class='ocrx_word' id='word_1_655' title='bbox 2830 4156 2886 4201; x_wconf 82' lang='lat' dir='ltr'><strong>ut</strong></span> <span class='ocrx_word' id='word_1_656' title='bbox 2918 4152 3121 4213; x_wconf 78' lang='lat' dir='ltr'><strong>eadem,</strong></span> <span class='ocrx_word' id='word_1_657' title='bbox 3151 4155 3258 4202; x_wconf 86' lang='lat' dir='ltr'><strong>etc.</strong></span> 
     </span>
    </p>
   </div>
   <div class='ocr_carea' id='block_1_84' title="bbox 1438 4454 2890 4559">
    <p class='ocr_par' dir='ltr' id='par_1_84' title="bbox 1438 4454 2890 4559">
     <span class='ocr_line' id='line_1_84' title="bbox 1438 4454 2890 4559; baseline -0.006 -4"><span class='ocrx_word' id='word_1_658' title='bbox 1438 4459 1903 4559; x_wconf 83' lang='lat' dir='ltr'><strong><em>LIBER</em></strong></span> <span class='ocrx_word' id='word_1_659' title='bbox 1978 4454 2751 4555; x_wconf 79' lang='lat' dir='ltr'><strong>SECUNDUS</strong></span> <span class='ocrx_word' id='word_1_660' title='bbox 2814 4460 2890 4547; x_wconf 68' lang='grc'><strong>³.</strong></span> 
     </span>
    </p>
   </div>
   <div class='ocr_carea' id='block_1_85' title="bbox 593 4632 3819 4715">
    <p class='ocr_par' dir='ltr' id='par_1_85' title="bbox 593 4632 3819 4715">
     <span class='ocr_line' id='line_1_85' title="bbox 593 4632 3819 4715; baseline -0.002 -22"><span class='ocrx_word' id='word_1_661' title='bbox 593 4634 641 4693; x_wconf 81' lang='grc'><strong>1.</strong></span> <span class='ocrx_word' id='word_1_662' title='bbox 669 4638 966 4703; x_wconf 90' lang='lat' dir='ltr'><strong>Superiore</strong></span> <span class='ocrx_word' id='word_1_663' title='bbox 988 4638 1221 4703; x_wconf 86' lang='lat' dir='ltr'><strong>quidem</strong></span> <span class='ocrx_word' id='word_1_664' title='bbox 1262 4635 1824 4701; x_wconf 23' lang='lat' dir='ltr'><strong>libellordogmaticas</strong></span> <span class='ocrx_word' id='word_1_665' title='bbox 1847 4634 1999 4687; x_wconf 91' lang='lat' dir='ltr'><strong>illius</strong></span> <span class='ocrx_word' id='word_1_666' title='bbox 2022 4634 2127 4686; x_wconf 93' lang='lat' dir='ltr'><strong>ob-</strong></span> <span class='ocrx_word' id='word_1_667' title='bbox 2150 4633 2376 4715; x_wconf 85' lang='lat' dir='ltr'><strong>Denim</strong></span> <span class='ocrx_word' id='word_1_668' title='bbox 2411 4632 2833 4689; x_wconf 87' lang='lat' dir='ltr'><strong>confoederatos</strong></span> <span class='ocrx_word' id='word_1_669' title='bbox 2867 4648 2997 4686; x_wconf 88' lang='lat' dir='ltr'><strong>esse</strong></span> <span class='ocrx_word' id='word_1_670' title='bbox 3019 4634 3300 4699; x_wconf 88' lang='lat' dir='ltr'><strong>quosdam</strong></span> <span class='ocrx_word' id='word_1_671' title='bbox 3329 4635 3561 4701; x_wconf 89' lang='lat' dir='ltr'><strong>Origeni</strong></span> <span class='ocrx_word' id='word_1_672' title='bbox 3593 4636 3668 4690; x_wconf 90' lang='lat' dir='ltr'><strong>ad</strong></span> <span class='ocrx_word' id='word_1_673' title='bbox 3693 4650 3819 4702; x_wconf 86' lang='lat' dir='ltr'><strong>per-</strong></span> 
     </span>
    </p>
   </div>
   <div class='ocr_carea' id='block_1_86' title="bbox 524 4723 2123 4793">
    <p class='ocr_par' dir='ltr' id='par_1_86' title="bbox 524 4723 2123 4793">
     <span class='ocr_line' id='line_1_86' title="bbox 524 4723 2123 4793; baseline -0.001 -14"><span class='ocrx_word' id='word_1_674' title='bbox 524 4726 807 4791; x_wconf 89' lang='lat' dir='ltr'><strong>jectiones</strong></span> <span class='ocrx_word' id='word_1_675' title='bbox 830 4740 975 4792; x_wconf 90' lang='lat' dir='ltr'><strong>quas</strong></span> <span class='ocrx_word' id='word_1_676' title='bbox 998 4729 1123 4780; x_wconf 89' lang='lat' dir='ltr'><strong>aliis</strong></span> <span class='ocrx_word' id='word_1_677' title='bbox 1148 4728 1414 4793; x_wconf 86' lang='lat' dir='ltr'><strong>impingit</strong></span> <span class='ocrx_word' id='word_1_678' title='bbox 1440 4726 1743 4787; x_wconf 90' lang='lat' dir='ltr'><strong>immerito,</strong></span> <span class='ocrx_word' id='word_1_679' title='bbox 1771 4724 1830 4775; x_wconf 93' lang='lat' dir='ltr'><strong>in</strong></span> <span class='ocrx_word' id='word_1_680' title='bbox 1849 4738 1927 4789; x_wconf 91' lang='lat' dir='ltr'><strong>se,</strong></span> <span class='ocrx_word' id='word_1_681' title='bbox 1954 4723 1976 4753; x_wconf 70' lang='grc'><strong><em>⁵</em></strong></span> <span class='ocrx_word' id='word_1_682' title='bbox 1998 4724 2123 4789; x_wconf 91' lang='lat' dir='ltr'><strong>ipso</strong></span> 
     </span>
    </p>
   </div>
   <div class='ocr_carea' id='block_1_87' title="bbox 531 4813 2125 4880">
    <p class='ocr_par' dir='ltr' id='par_1_87' title="bbox 531 4813 2125 4880">
     <span class='ocr_line' id='line_1_87' title="bbox 531 4813 2125 4880; baseline -0.001 -12"><span class='ocrx_word' id='word_1_683' title='bbox 531 4821 682 4869; x_wconf 87' lang='lat' dir='ltr'><strong>teste</strong></span> <span class='ocrx_word' id='word_1_684' title='bbox 703 4818 1075 4871; x_wconf 88' lang='lat' dir='ltr'><strong>retorsimus:</strong></span> <span class='ocrx_word' id='word_1_685' title='bbox 1113 4831 1271 4870; x_wconf 90' lang='lat' dir='ltr'><strong>nunc</strong></span> <span class='ocrx_word' id='word_1_686' title='bbox 1296 4830 1429 4870; x_wconf 92' lang='lat' dir='ltr'><strong>vero</strong></span> <span class='ocrx_word' id='word_1_687' title='bbox 1452 4817 1573 4880; x_wconf 88' lang='lat' dir='ltr'><strong>jam</strong></span> <span class='ocrx_word' id='word_1_688' title='bbox 1606 4813 1889 4879; x_wconf 87' lang='lat' dir='ltr'><strong>explicitis</strong></span> <span class='ocrx_word' id='word_1_689' title='bbox 1914 4818 2125 4879; x_wconf 89' lang='lat' dir='ltr'><strong>etpost</strong></span> 
     </span>
    </p>
   </div>
   <div class='ocr_carea' id='block_1_88' title="bbox 529 4903 2124 4973">
    <p class='ocr_par' dir='ltr' id='par_1_88' title="bbox 529 4903 2124 4973">
     <span class='ocr_line' id='line_1_88' title="bbox 529 4903 2124 4973; baseline -0.002 -15"><span class='ocrx_word' id='word_1_690' title='bbox 529 4907 758 4971; x_wconf 89' lang='lat' dir='ltr'><strong>tergum</strong></span> <span class='ocrx_word' id='word_1_691' title='bbox 791 4908 1017 4972; x_wconf 86' lang='lat' dir='ltr'><strong>rejectis</strong></span> <span class='ocrx_word' id='word_1_692' title='bbox 1046 4907 1159 4973; x_wconf 89' lang='lat' dir='ltr'><strong>his,</strong></span> <span class='ocrx_word' id='word_1_693' title='bbox 1196 4919 1329 4971; x_wconf 65' lang='lat' dir='ltr'><strong>qum</strong></span> <span class='ocrx_word' id='word_1_694' title='bbox 1362 4904 1493 4957; x_wconf 80' lang='lat' dir='ltr'><strong>fidei</strong></span> <span class='ocrx_word' id='word_1_695' title='bbox 1517 4903 1724 4957; x_wconf 80' lang='lat' dir='ltr'><strong>vicinae</strong></span> <span class='ocrx_word' id='word_1_696' title='bbox 1747 4906 1885 4956; x_wconf 90' lang='lat' dir='ltr'><strong>sunt</strong></span> <span class='ocrx_word' id='word_1_697' title='bbox 1910 4914 1929 4933; x_wconf 72' lang='grc' dir='ltr'><strong>ο</strong></span> <span class='ocrx_word' id='word_1_698' title='bbox 1952 4916 2124 4955; x_wconf 84' lang='lat' dir='ltr'><strong>caus-</strong></span> 
     </span>
    </p>
   </div>
   <div class='ocr_carea' id='block_1_89' title="bbox 530 4993 2125 5061">
    <p class='ocr_par' dir='ltr' id='par_1_89' title="bbox 530 4993 2125 5061">
     <span class='ocr_line' id='line_1_89' title="bbox 530 4993 2125 5061; baseline -0.003 -13"><span class='ocrx_word' id='word_1_699' title='bbox 530 4996 870 5061; x_wconf 82' lang='lat' dir='ltr'><strong>sationibus,</strong></span> <span class='ocrx_word' id='word_1_700' title='bbox 894 4996 1284 5049; x_wconf 83' lang='lat' dir='ltr'><strong>conﬁdentius</strong></span> <span class='ocrx_word' id='word_1_701' title='bbox 1307 4994 1357 5047; x_wconf 93' lang='lat' dir='ltr'><strong>ei</strong></span> <span class='ocrx_word' id='word_1_702' title='bbox 1382 4994 1453 5045; x_wconf 92' lang='lat' dir='ltr'><strong>de</strong></span> <span class='ocrx_word' id='word_1_703' title='bbox 1477 4993 1701 5045; x_wconf 65' lang='lat' dir='ltr'><strong>caeteris</strong></span> <span class='ocrx_word' id='word_1_704' title='bbox 1725 4993 2125 5046; x_wconf 86' lang='lat' dir='ltr'><strong>criminationi-</strong></span> 
     </span>
    </p>
   </div>
   <div class='ocr_carea' id='block_1_90' title="bbox 526 5070 2123 5152">
    <p class='ocr_par' dir='ltr' id='par_1_90' title="bbox 526 5070 2123 5152">
     <span class='ocr_line' id='line_1_90' title="bbox 526 5070 2123 5152; baseline -0.002 -15"><span class='ocrx_word' id='word_1_705' title='bbox 526 5070 638 5138; x_wconf 89' lang='lat' dir='ltr'><strong>bus</strong></span> <span class='ocrx_word' id='word_1_706' title='bbox 660 5087 1155 5152; x_wconf 88' lang='lat' dir='ltr'><strong>respondebimus.</strong></span> <span class='ocrx_word' id='word_1_707' title='bbox 1183 5087 1285 5137; x_wconf 89' lang='lat' dir='ltr'><strong>Est</strong></span> <span class='ocrx_word' id='word_1_708' title='bbox 1300 5082 1453 5136; x_wconf 90' lang='lat' dir='ltr'><strong>enim</strong></span> <span class='ocrx_word' id='word_1_709' title='bbox 1468 5082 1637 5135; x_wconf 84' lang='lat' dir='ltr'><strong>etiam</strong></span> <span class='ocrx_word' id='word_1_710' title='bbox 1649 5082 1787 5135; x_wconf 91' lang='lat' dir='ltr'><strong>illud</strong></span> <span class='ocrx_word' id='word_1_711' title='bbox 1802 5082 2123 5135; x_wconf 89' lang='lat' dir='ltr'><strong>accusatio-</strong></span> 
     </span>
    </p>
   </div>
   <div class='ocr_carea' id='block_1_91' title="bbox 525 5172 2122 5242">
    <p class='ocr_par' dir='ltr' id='par_1_91' title="bbox 525 5172 2122 5242">
     <span class='ocr_line' id='line_1_91' title="bbox 525 5172 2122 5242; baseline -0.003 -15"><span class='ocrx_word' id='word_1_712' title='bbox 525 5177 619 5228; x_wconf 90' lang='lat' dir='ltr'><strong>nis</strong></span> <span class='ocrx_word' id='word_1_713' title='bbox 645 5176 772 5241; x_wconf 84' lang='lat' dir='ltr'><strong>ejus</strong></span> <span class='ocrx_word' id='word_1_714' title='bbox 798 5176 1209 5242; x_wconf 87' lang='lat' dir='ltr'><strong>gravissimum</strong></span> <span class='ocrx_word' id='word_1_715' title='bbox 1234 5178 1424 5239; x_wconf 89' lang='lat' dir='ltr'><strong>caput,</strong></span> <span class='ocrx_word' id='word_1_716' title='bbox 1447 5173 1599 5238; x_wconf 90' lang='lat' dir='ltr'><strong>quod</strong></span> <span class='ocrx_word' id='word_1_717' title='bbox 1626 5172 1903 5237; x_wconf 89' lang='lat' dir='ltr'><strong>similiter,</strong></span> <span class='ocrx_word' id='word_1_718' title='bbox 1928 5177 1994 5225; x_wconf 92' lang='lat' dir='ltr'><strong>ut</strong></span> <span class='ocrx_word' id='word_1_719' title='bbox 2017 5184 2122 5223; x_wconf 68' lang='lat' dir='ltr'><strong>cae-</strong></span> 
     </span>
    </p>
   </div>
   <div class='ocr_carea' id='block_1_92' title="bbox 526 5261 2121 5329">
    <p class='ocr_par' dir='ltr' id='par_1_92' title="bbox 526 5261 2121 5329">
     <span class='ocr_line' id='line_1_92' title="bbox 526 5261 2121 5329; baseline -0.003 -12"><span class='ocrx_word' id='word_1_720' title='bbox 526 5266 648 5318; x_wconf 88' lang='lat' dir='ltr'><strong>tera</strong></span> <span class='ocrx_word' id='word_1_721' title='bbox 669 5266 990 5329; x_wconf 89' lang='lat' dir='ltr'><strong>mendacia,</strong></span> <span class='ocrx_word' id='word_1_722' title='bbox 1027 5263 1286 5317; x_wconf 90' lang='lat' dir='ltr'><strong>veritatis</strong></span> <span class='ocrx_word' id='word_1_723' title='bbox 1323 5263 1465 5317; x_wconf 84' lang='lat' dir='ltr'><strong>falce</strong></span> <span class='ocrx_word' id='word_1_724' title='bbox 1488 5263 1866 5317; x_wconf 91' lang='lat' dir='ltr'><strong>resecandum</strong></span> <span class='ocrx_word' id='word_1_725' title='bbox 1889 5267 1995 5315; x_wconf 89' lang='lat' dir='ltr'><strong>est.</strong></span> <span class='ocrx_word' id='word_1_726' title='bbox 2024 5261 2121 5313; x_wconf 83' lang='lat' dir='ltr'><strong>Ait</strong></span> 
     </span>
    </p>
   </div>
   <div class='ocr_carea' id='block_1_93' title="bbox 588 5433 2123 5499">
    <p class='ocr_par' dir='ltr' id='par_1_93' title="bbox 588 5433 2123 5499">
     <span class='ocr_line' id='line_1_93' title="bbox 588 5433 2123 5499; baseline -0.005 -11"><span class='ocrx_word' id='word_1_727' title='bbox 588 5445 605 5466; x_wconf 82' lang='lat'>&#39;</span> <span class='ocrx_word' id='word_1_728' title='bbox 629 5435 996 5488; x_wconf 85' lang='lat' dir='ltr'><strong>Guarnerian.</strong></span> <span class='ocrx_word' id='word_1_729' title='bbox 1046 5448 1135 5485; x_wconf 80' lang='lat' dir='ltr'><strong>ms</strong></span> <span class='ocrx_word' id='word_1_730' title='bbox 1161 5473 1175 5499; x_wconf 90' lang='lat'><strong>,</strong></span> <span class='ocrx_word' id='word_1_731' title='bbox 1212 5434 1467 5499; x_wconf 78' lang='lat' dir='ltr'><strong>Ejusdem</strong></span> <span class='ocrx_word' id='word_1_732' title='bbox 1510 5435 1697 5499; x_wconf 82' lang='lat' dir='ltr'><strong>Rufini</strong></span> <span class='ocrx_word' id='word_1_733' title='bbox 1738 5433 2123 5483; x_wconf 69' lang='lat' dir='ltr'><strong>controversia-</strong></span> 
     </span>
    </p>
   </div>
   <div class='ocr_carea' id='block_1_94' title="bbox 524 5504 2120 5572">
    <p class='ocr_par' dir='ltr' id='par_1_94' title="bbox 524 5504 2120 5572">
     <span class='ocr_line' id='line_1_94' title="bbox 524 5504 2120 5572; baseline -0.001 -16"><span class='ocrx_word' id='word_1_734' title='bbox 524 5523 652 5556; x_wconf 85' lang='lat' dir='ltr'><strong>rum</strong></span> <span class='ocrx_word' id='word_1_735' title='bbox 693 5504 824 5555; x_wconf 78' lang='lat' dir='ltr'><strong>liber</strong></span> <span class='ocrx_word' id='word_1_736' title='bbox 856 5507 1117 5555; x_wconf 81' lang='lat' dir='ltr'><strong>secundus</strong></span> <span class='ocrx_word' id='word_1_737' title='bbox 1149 5507 1340 5572; x_wconf 82' lang='lat' dir='ltr'><strong>incipit</strong></span> <span class='ocrx_word' id='word_1_738' title='bbox 1366 5508 1606 5569; x_wconf 68' lang='lat' dir='ltr'><strong>feliciter.</strong></span> <span class='ocrx_word' id='word_1_739' title='bbox 1644 5504 1847 5556; x_wconf 84' lang='lat' dir='ltr'><strong>Recole</strong></span> <span class='ocrx_word' id='word_1_740' title='bbox 1882 5516 2015 5567; x_wconf 60' lang='lat' dir='ltr'><strong>qua}</strong></span> <span class='ocrx_word' id='word_1_741' title='bbox 2048 5504 2120 5555; x_wconf 76' lang='lat' dir='ltr'><strong>ad</strong></span> 
     </span>
    </p>
   </div>
   <div class='ocr_carea' id='block_1_95' title="bbox 522 5578 1620 5642">
    <p class='ocr_par' dir='ltr' id='par_1_95' title="bbox 522 5578 1620 5642">
     <span class='ocr_line' id='line_1_95' title="bbox 522 5578 1620 5642; baseline -0.003 -13"><span class='ocrx_word' id='word_1_742' title='bbox 522 5579 745 5630; x_wconf 88' lang='lat' dir='ltr'><strong>initium</strong></span> <span class='ocrx_word' id='word_1_743' title='bbox 778 5578 1156 5642; x_wconf 65' lang='lat' dir='ltr'><strong>praecedentis</strong></span> <span class='ocrx_word' id='word_1_744' title='bbox 1181 5579 1332 5630; x_wconf 85' lang='lat' dir='ltr'><strong>Libri</strong></span> <span class='ocrx_word' id='word_1_745' title='bbox 1348 5579 1620 5629; x_wconf 86' lang='lat' dir='ltr'><strong>diximus.</strong></span> 
     </span>
    </p>
   </div>
   <div class='ocr_carea' id='block_1_96' title="bbox 585 5646 2121 5715">
    <p class='ocr_par' dir='ltr' id='par_1_96' title="bbox 585 5646 2121 5715">
     <span class='ocr_line' id='line_1_96' title="bbox 585 5646 2121 5715; baseline -0.002 -14"><span class='ocrx_word' id='word_1_746' title='bbox 585 5650 607 5679; x_wconf 80' lang='lat'><strong>&quot;</strong></span> <span class='ocrx_word' id='word_1_747' title='bbox 634 5650 812 5715; x_wconf 88' lang='lat' dir='ltr'><strong>Idem,</strong></span> <span class='ocrx_word' id='word_1_748' title='bbox 836 5651 896 5699; x_wconf 86' lang='lat' dir='ltr'><strong>in</strong></span> <span class='ocrx_word' id='word_1_749' title='bbox 922 5656 966 5699; x_wconf 83' lang='lat' dir='ltr'><strong>te</strong></span> <span class='ocrx_word' id='word_1_750' title='bbox 996 5651 1175 5715; x_wconf 83' lang='lat' dir='ltr'><strong>ipsum</strong></span> <span class='ocrx_word' id='word_1_751' title='bbox 1205 5656 1379 5700; x_wconf 80' lang='lat' dir='ltr'><strong>testem</strong></span> <span class='ocrx_word' id='word_1_752' title='bbox 1405 5654 1496 5711; x_wconf 88' lang='lat' dir='ltr'><strong>;et</strong></span> <span class='ocrx_word' id='word_1_753' title='bbox 1530 5649 1589 5697; x_wconf 84' lang='lat' dir='ltr'><strong>in</strong></span> <span class='ocrx_word' id='word_1_754' title='bbox 1613 5663 1664 5697; x_wconf 81' lang='lat' dir='ltr'><strong>se</strong></span> <span class='ocrx_word' id='word_1_755' title='bbox 1684 5648 1865 5712; x_wconf 86' lang='lat' dir='ltr'><strong>ipsum</strong></span> <span class='ocrx_word' id='word_1_756' title='bbox 1889 5646 2121 5711; x_wconf 87' lang='lat' dir='ltr'><strong>quidem</strong></span> 
     </span>
    </p>
   </div>
   <div class='ocr_carea' id='block_1_97' title="bbox 527 5718 1547 5787">
    <p class='ocr_par' dir='ltr' id='par_1_97' title="bbox 527 5718 1547 5787">
     <span class='ocr_line' id='line_1_97' title="bbox 527 5718 1547 5787; baseline -0.001 -14"><span class='ocrx_word' id='word_1_757' title='bbox 527 5718 623 5773; x_wconf 88' lang='lat' dir='ltr'><strong>alii</strong></span> <span class='ocrx_word' id='word_1_758' title='bbox 640 5722 815 5774; x_wconf 91' lang='lat' dir='ltr'><strong>etiam</strong></span> <span class='ocrx_word' id='word_1_759' title='bbox 837 5722 965 5774; x_wconf 90' lang='lat' dir='ltr'><strong>libri</strong></span> <span class='ocrx_word' id='word_1_760' title='bbox 988 5723 1124 5775; x_wconf 92' lang='lat' dir='ltr'><strong>olim</strong></span> <span class='ocrx_word' id='word_1_761' title='bbox 1147 5721 1547 5787; x_wconf 69' lang='lat' dir='ltr'><strong>praeferebant.</strong></span> 
     </span>
    </p>
   </div>
   <div class='ocr_carea' id='block_1_98' title="bbox 588 5789 2124 5849">
    <p class='ocr_par' dir='ltr' id='par_1_98' title="bbox 588 5789 2124 5849">
     <span class='ocr_line' id='line_1_98' title="bbox 588 5789 2124 5849; baseline -0.004 -3"><span class='ocrx_word' id='word_1_762' title='bbox 588 5801 605 5822; x_wconf 70' lang='grc' dir='ltr'><strong>ε</strong></span> <span class='ocrx_word' id='word_1_763' title='bbox 639 5794 726 5847; x_wconf 88' lang='lat' dir='ltr'><strong>Ita</strong></span> <span class='ocrx_word' id='word_1_764' title='bbox 761 5795 820 5848; x_wconf 90' lang='lat' dir='ltr'><strong>et</strong></span> <span class='ocrx_word' id='word_1_765' title='bbox 848 5794 1217 5849; x_wconf 83' lang='lat' dir='ltr'><strong>Guarnerian.</strong></span> <span class='ocrx_word' id='word_1_766' title='bbox 1255 5805 1365 5848; x_wconf 87' lang='lat' dir='ltr'><strong>ms.</strong></span> <span class='ocrx_word' id='word_1_767' title='bbox 1412 5797 1468 5847; x_wconf 86' lang='lat' dir='ltr'><strong>et</strong></span> <span class='ocrx_word' id='word_1_768' title='bbox 1501 5794 1668 5848; x_wconf 85' lang='lat' dir='ltr'><strong>vetus</strong></span> <span class='ocrx_word' id='word_1_769' title='bbox 1697 5789 1872 5847; x_wconf 89' lang='lat' dir='ltr'><strong>editio</strong></span> <span class='ocrx_word' id='word_1_770' title='bbox 1905 5805 2124 5843; x_wconf 82' lang='lat' dir='ltr'><strong>caussa-</strong></span> 
     </span>
    </p>
   </div>
   <div class='ocr_carea' id='block_1_99' title="bbox 2217 4725 3816 4790">
    <p class='ocr_par' dir='ltr' id='par_1_99' title="bbox 2217 4725 3816 4790">
     <span class='ocr_line' id='line_1_99' title="bbox 2217 4725 3816 4790; baseline 0.001 -15"><span class='ocrx_word' id='word_1_771' title='bbox 2217 4725 2454 4788; x_wconf 88' lang='lat' dir='ltr'><strong>jurium,</strong></span> <span class='ocrx_word' id='word_1_772' title='bbox 2473 4730 2531 4778; x_wconf 91' lang='lat' dir='ltr'><strong>et</strong></span> <span class='ocrx_word' id='word_1_773' title='bbox 2560 4726 2717 4777; x_wconf 92' lang='lat' dir='ltr'><strong>istud</strong></span> <span class='ocrx_word' id='word_1_774' title='bbox 2753 4727 3016 4790; x_wconf 73' lang='lat' dir='ltr'><strong>mysticae</strong></span> <span class='ocrx_word' id='word_1_775' title='bbox 3040 4728 3165 4789; x_wconf 88' lang='lat' dir='ltr'><strong>ejus</strong></span> <span class='ocrx_word' id='word_1_776' title='bbox 3188 4726 3512 4778; x_wconf 88' lang='lat' dir='ltr'><strong>traditionis</strong></span> <span class='ocrx_word' id='word_1_777' title='bbox 3539 4739 3816 4778; x_wconf 88' lang='lat' dir='ltr'><strong>arcanum</strong></span> 
     </span>
    </p>
   </div>
   <div class='ocr_carea' id='block_1_100' title="bbox 2217 4815 3815 4867">
    <p class='ocr_par' dir='ltr' id='par_1_100' title="bbox 2217 4815 3815 4867">
     <span class='ocr_line' id='line_1_100' title="bbox 2217 4815 3815 4867; baseline -0.001 0"><span class='ocrx_word' id='word_1_778' title='bbox 2217 4815 2626 4867; x_wconf 77' lang='lat' dir='ltr'><strong>absconditum</strong></span> <span class='ocrx_word' id='word_1_779' title='bbox 2654 4828 2785 4867; x_wconf 89' lang='lat' dir='ltr'><strong>esse</strong></span> <span class='ocrx_word' id='word_1_780' title='bbox 2808 4816 2868 4866; x_wconf 90' lang='lat' dir='ltr'><strong>in</strong></span> <span class='ocrx_word' id='word_1_781' title='bbox 2893 4819 3057 4867; x_wconf 82' lang='lat' dir='ltr'><strong>sexto</strong></span> <span class='ocrx_word' id='word_1_782' title='bbox 3099 4817 3449 4867; x_wconf 89' lang='lat' dir='ltr'><strong>Stromatum</strong></span> <span class='ocrx_word' id='word_1_783' title='bbox 3473 4815 3618 4867; x_wconf 91' lang='lat' dir='ltr'><strong>libro</strong></span> <span class='ocrx_word' id='word_1_784' title='bbox 3657 4829 3672 4865; x_wconf 91' lang='lat'><strong>:</strong></span> <span class='ocrx_word' id='word_1_785' title='bbox 3713 4829 3815 4866; x_wconf 83' lang='lat' dir='ltr'><strong>nec</strong></span> 
     </span>
    </p>
   </div>
   <div class='ocr_carea' id='block_1_101' title="bbox 2220 4902 3816 4970">
    <p class='ocr_par' dir='ltr' id='par_1_101' title="bbox 2220 4902 3816 4970">
     <span class='ocr_line' id='line_1_101' title="bbox 2220 4902 3816 4970; baseline -0.001 -16"><span class='ocrx_word' id='word_1_786' title='bbox 2220 4903 2293 4954; x_wconf 90' lang='lat' dir='ltr'><strong>ab</strong></span> <span class='ocrx_word' id='word_1_787' title='bbox 2337 4903 2453 4955; x_wconf 93' lang='lat' dir='ltr'><strong>ullo</strong></span> <span class='ocrx_word' id='word_1_788' title='bbox 2493 4904 2602 4956; x_wconf 91' lang='lat' dir='ltr'><strong>alio</strong></span> <span class='ocrx_word' id='word_1_789' title='bbox 2626 4903 2730 4955; x_wconf 74' lang='lat' dir='ltr'><strong>‘in</strong></span> <span class='ocrx_word' id='word_1_790' title='bbox 2778 4907 2860 4955; x_wconf 86' lang='lat' dir='ltr'><strong>tot</strong></span> <span class='ocrx_word' id='word_1_791' title='bbox 2904 4903 3133 4955; x_wconf 67' lang='lat' dir='ltr'><strong>saaculis</strong></span> <span class='ocrx_word' id='word_1_792' title='bbox 3165 4902 3338 4970; x_wconf 87' lang='lat'><strong>355</strong></span> <span class='ocrx_word' id='word_1_793' title='bbox 3366 4902 3476 4954; x_wconf 91' lang='lat' dir='ltr'><strong>nisi</strong></span> <span class='ocrx_word' id='word_1_794' title='bbox 3520 4914 3556 4953; x_wconf 93' lang='lat' dir='ltr'><strong>a</strong></span> <span class='ocrx_word' id='word_1_795' title='bbox 3595 4915 3658 4953; x_wconf 91' lang='lat' dir='ltr'><strong>se</strong></span> <span class='ocrx_word' id='word_1_796' title='bbox 3698 4903 3816 4954; x_wconf 90' lang='lat' dir='ltr'><strong>solo</strong></span> 
     </span>
    </p>
   </div>
   <div class='ocr_carea' id='block_1_102' title="bbox 2221 4991 3817 5058">
    <p class='ocr_par' dir='ltr' id='par_1_102' title="bbox 2221 4991 3817 5058">
     <span class='ocr_line' id='line_1_102' title="bbox 2221 4991 3817 5058; baseline -0.002 -14"><span class='ocrx_word' id='word_1_797' title='bbox 2221 4993 2660 5058; x_wconf 88' lang='lat' dir='ltr'><strong>deprehensum.</strong></span> <span class='ocrx_word' id='word_1_798' title='bbox 2692 4994 2904 5045; x_wconf 89' lang='lat' dir='ltr'><strong>Verum</strong></span> <span class='ocrx_word' id='word_1_799' title='bbox 2922 5006 2996 5045; x_wconf 91' lang='lat' dir='ltr'><strong>ne</strong></span> <span class='ocrx_word' id='word_1_800' title='bbox 3019 4992 3199 5045; x_wconf 90' lang='lat' dir='ltr'><strong>risum</strong></span> <span class='ocrx_word' id='word_1_801' title='bbox 3224 4993 3274 5045; x_wconf 91' lang='lat' dir='ltr'><strong>ei</strong></span> <span class='ocrx_word' id='word_1_802' title='bbox 3292 4991 3633 5055; x_wconf 87' lang='lat' dir='ltr'><strong>moveam,si</strong></span> <span class='ocrx_word' id='word_1_803' title='bbox 3650 4991 3817 5055; x_wconf 90' lang='lat' dir='ltr'><strong>juris-</strong></span> 
     </span>
    </p>
   </div>
   <div class='ocr_carea' id='block_1_103' title="bbox 2213 5081 3814 5148">
    <p class='ocr_par' dir='ltr' id='par_1_103' title="bbox 2213 5081 3814 5148">
     <span class='ocr_line' id='line_1_103' title="bbox 2213 5081 3814 5148; baseline -0.001 -15"><span class='ocrx_word' id='word_1_804' title='bbox 2213 5083 2447 5148; x_wconf 85' lang='lat' dir='ltr'><strong>jurandi</strong></span> <span class='ocrx_word' id='word_1_805' title='bbox 2489 5089 2851 5136; x_wconf 88' lang='lat' dir='ltr'><strong>sacramento</strong></span> <span class='ocrx_word' id='word_1_806' title='bbox 2895 5083 3144 5135; x_wconf 88' lang='lat' dir='ltr'><strong>alienum</strong></span> <span class='ocrx_word' id='word_1_807' title='bbox 3182 5096 3275 5133; x_wconf 89' lang='lat' dir='ltr'><strong>me</strong></span> <span class='ocrx_word' id='word_1_808' title='bbox 3307 5095 3434 5134; x_wconf 92' lang='lat' dir='ltr'><strong>esse</strong></span> <span class='ocrx_word' id='word_1_809' title='bbox 3465 5081 3814 5140; x_wconf 81' lang='lat' dir='ltr'><strong>conﬁrmem,</strong></span> 
     </span>
    </p>
   </div>
   <div class='ocr_carea' id='block_1_104' title="bbox 2219 5170 3815 5237">
    <p class='ocr_par' dir='ltr' id='par_1_104' title="bbox 2219 5170 3815 5237">
     <span class='ocr_line' id='line_1_104' title="bbox 2219 5170 3815 5237; baseline -0.002 -14"><span class='ocrx_word' id='word_1_810' title='bbox 2219 5185 2253 5223; x_wconf 90' lang='lat' dir='ltr'><strong>a</strong></span> <span class='ocrx_word' id='word_1_811' title='bbox 2275 5172 2759 5225; x_wconf 73' lang='lat' dir='ltr'><strong>confcnderatione</strong></span> <span class='ocrx_word' id='word_1_812' title='bbox 2795 5172 3028 5237; x_wconf 89' lang='lat' dir='ltr'><strong>perjurii</strong></span> <span class='ocrx_word' id='word_1_813' title='bbox 3056 5172 3309 5236; x_wconf 89' lang='lat' dir='ltr'><strong>planiore</strong></span> <span class='ocrx_word' id='word_1_814' title='bbox 3332 5171 3424 5224; x_wconf 85' lang='lat' dir='ltr'><strong>via</strong></span> <span class='ocrx_word' id='word_1_815' title='bbox 3452 5170 3526 5222; x_wconf 89' lang='lat' dir='ltr'><strong>ad</strong></span> <span class='ocrx_word' id='word_1_816' title='bbox 3547 5170 3815 5222; x_wconf 80' lang='lat' dir='ltr'><strong>manifes-</strong></span> 
     </span>
    </p>
   </div>
   <div class='ocr_carea' id='block_1_105' title="bbox 2218 5257 3812 5326">
    <p class='ocr_par' dir='ltr' id='par_1_105' title="bbox 2218 5257 3812 5326">
     <span class='ocr_line' id='line_1_105' title="bbox 2218 5257 3812 5326; baseline -0.003 -12"><span class='ocrx_word' id='word_1_817' title='bbox 2218 5262 2499 5314; x_wconf 88' lang='lat' dir='ltr'><strong>tationem</strong></span> <span class='ocrx_word' id='word_1_818' title='bbox 2544 5262 2804 5315; x_wconf 89' lang='lat' dir='ltr'><strong>veritatis</strong></span> <span class='ocrx_word' id='word_1_819' title='bbox 2836 5262 3118 5326; x_wconf 89' lang='lat' dir='ltr'><strong>incedam,</strong></span> <span class='ocrx_word' id='word_1_820' title='bbox 3154 5274 3228 5314; x_wconf 83' lang='lat' dir='ltr'><strong>ex</strong></span> <span class='ocrx_word' id='word_1_821' title='bbox 3261 5274 3326 5313; x_wconf 91' lang='lat' dir='ltr'><strong>eo</strong></span> <span class='ocrx_word' id='word_1_822' title='bbox 3358 5259 3463 5325; x_wconf 88' lang='lat' dir='ltr'><strong>[AL</strong></span> <span class='ocrx_word' id='word_1_823' title='bbox 3489 5259 3641 5323; x_wconf 86' lang='lat' dir='ltr'><strong>etei]</strong></span> <span class='ocrx_word' id='word_1_824' title='bbox 3666 5257 3812 5323; x_wconf 86' lang='lat' dir='ltr'><strong>quod</strong></span> 
     </span>
    </p>
   </div>
   <div class='ocr_carea' id='block_1_106' title="bbox 2222 5426 3811 5493">
    <p class='ocr_par' dir='ltr' id='par_1_106' title="bbox 2222 5426 3811 5493">
     <span class='ocr_line' id='line_1_106' title="bbox 2222 5426 3811 5493; baseline -0.004 -14"><span class='ocrx_word' id='word_1_825' title='bbox 2222 5429 2470 5493; x_wconf 79' lang='lat' dir='ltr'><strong>tionibus,</strong></span> <span class='ocrx_word' id='word_1_826' title='bbox 2495 5445 2603 5482; x_wconf 91' lang='lat' dir='ltr'><strong>con</strong></span> <span class='ocrx_word' id='word_1_827' title='bbox 2616 5430 2870 5482; x_wconf 91' lang='lat' dir='ltr'><strong>cinniore</strong></span> <span class='ocrx_word' id='word_1_828' title='bbox 2888 5444 3065 5482; x_wconf 91' lang='lat' dir='ltr'><strong>sensu</strong></span> <span class='ocrx_word' id='word_1_829' title='bbox 3093 5451 3106 5480; x_wconf 87' lang='lat'><strong>:</strong></span> <span class='ocrx_word' id='word_1_830' title='bbox 3134 5428 3462 5493; x_wconf 76' lang='lat' dir='ltr'><strong>vulgatialii</strong></span> <span class='ocrx_word' id='word_1_831' title='bbox 3481 5426 3811 5477; x_wconf 66' lang='lat' dir='ltr'><strong>cautionibus</strong></span> 
     </span>
    </p>
   </div>
   <div class='ocr_carea' id='block_1_107' title="bbox 2219 5499 3810 5566">
    <p class='ocr_par' dir='ltr' id='par_1_107' title="bbox 2219 5499 3810 5566">
     <span class='ocr_line' id='line_1_107' title="bbox 2219 5499 3810 5566; baseline -0.005 -14"><span class='ocrx_word' id='word_1_832' title='bbox 2219 5501 2493 5565; x_wconf 87' lang='lat' dir='ltr'><strong>legerant.</strong></span> <span class='ocrx_word' id='word_1_833' title='bbox 2512 5503 2619 5554; x_wconf 84' lang='lat' dir='ltr'><strong>Sed</strong></span> <span class='ocrx_word' id='word_1_834' title='bbox 2644 5508 2702 5554; x_wconf 90' lang='lat' dir='ltr'><strong>et</strong></span> <span class='ocrx_word' id='word_1_835' title='bbox 2721 5517 2859 5554; x_wconf 83' lang='lat' dir='ltr'><strong>mox</strong></span> <span class='ocrx_word' id='word_1_836' title='bbox 2895 5516 2993 5566; x_wconf 89' lang='lat' dir='ltr'><strong>pro</strong></span> <span class='ocrx_word' id='word_1_837' title='bbox 3017 5500 3508 5561; x_wconf 74' lang='lat' dir='ltr'><strong>criminationibus,</strong></span> <span class='ocrx_word' id='word_1_838' title='bbox 3534 5499 3686 5549; x_wconf 88' lang='lat' dir='ltr'><strong>idem</strong></span> <span class='ocrx_word' id='word_1_839' title='bbox 3712 5511 3810 5548; x_wconf 84' lang='lat' dir='ltr'><strong>ms.</strong></span> 
     </span>
    </p>
   </div>
   <div class='ocr_carea' id='block_1_108' title="bbox 2219 5571 3694 5639">
    <p class='ocr_par' dir='ltr' id='par_1_108' title="bbox 2219 5571 3694 5639">
     <span class='ocr_line' id='line_1_108' title="bbox 2219 5571 3694 5639; baseline -0.002 -16"><span class='ocrx_word' id='word_1_840' title='bbox 2219 5575 2561 5639; x_wconf 82' lang='lat' dir='ltr'><strong>criminibus,</strong></span> <span class='ocrx_word' id='word_1_841' title='bbox 2594 5577 2763 5628; x_wconf 82' lang='lat' dir='ltr'><strong>vetus</strong></span> <span class='ocrx_word' id='word_1_842' title='bbox 2788 5580 2983 5626; x_wconf 87' lang='lat' dir='ltr'><strong>autem</strong></span> <span class='ocrx_word' id='word_1_843' title='bbox 3007 5574 3179 5626; x_wconf 89' lang='lat' dir='ltr'><strong>editio</strong></span> <span class='ocrx_word' id='word_1_844' title='bbox 3205 5571 3694 5622; x_wconf 71' lang='lat' dir='ltr'><strong>terminationibus.</strong></span> 
     </span>
    </p>
   </div>
   <div class='ocr_carea' id='block_1_109' title="bbox 2284 5640 3804 5709">
    <p class='ocr_par' dir='ltr' id='par_1_109' title="bbox 2284 5640 3804 5709">
     <span class='ocr_line' id='line_1_109' title="bbox 2284 5640 3804 5709; baseline -0.007 -10"><span class='ocrx_word' id='word_1_845' title='bbox 2284 5645 2305 5675; x_wconf 86' lang='lat'>&quot;</span> <span class='ocrx_word' id='word_1_846' title='bbox 2339 5647 2487 5699; x_wconf 92' lang='lat' dir='ltr'><strong>Olim</strong></span> <span class='ocrx_word' id='word_1_847' title='bbox 2519 5651 2586 5698; x_wconf 89' lang='lat' dir='ltr'><strong>ut</strong></span> <span class='ocrx_word' id='word_1_848' title='bbox 2621 5652 2679 5698; x_wconf 90' lang='lat' dir='ltr'><strong>et</strong></span> <span class='ocrx_word' id='word_1_849' title='bbox 2702 5647 2762 5698; x_wconf 92' lang='lat' dir='ltr'><strong>in</strong></span> <span class='ocrx_word' id='word_1_850' title='bbox 2784 5646 3156 5699; x_wconf 88' lang='lat' dir='ltr'><strong>Guarnerian.</strong></span> <span class='ocrx_word' id='word_1_851' title='bbox 3182 5658 3312 5709; x_wconf 91' lang='lat' dir='ltr'><strong>ms.,</strong></span> <span class='ocrx_word' id='word_1_852' title='bbox 3338 5645 3478 5695; x_wconf 81' lang='lat' dir='ltr'><strong>inter</strong></span> <span class='ocrx_word' id='word_1_853' title='bbox 3501 5648 3575 5694; x_wconf 84' lang='lat' dir='ltr'><strong>tot</strong></span> <span class='ocrx_word' id='word_1_854' title='bbox 3595 5640 3804 5693; x_wconf 79' lang='lat' dir='ltr'><strong>saecula:</strong></span> 
     </span>
    </p>
   </div>
   <div class='ocr_carea' id='block_1_110' title="bbox 2220 5718 3226 5784">
    <p class='ocr_par' dir='ltr' id='par_1_110' title="bbox 2220 5718 3226 5784">
     <span class='ocr_line' id='line_1_110' title="bbox 2220 5718 3226 5784; baseline -0.003 -12"><span class='ocrx_word' id='word_1_855' title='bbox 2220 5722 2348 5772; x_wconf 87' lang='lat' dir='ltr'><strong>tum</strong></span> <span class='ocrx_word' id='word_1_856' title='bbox 2370 5732 2504 5780; x_wconf 87' lang='lat' dir='ltr'><strong>ms.,</strong></span> <span class='ocrx_word' id='word_1_857' title='bbox 2536 5719 2647 5770; x_wconf 88' lang='lat' dir='ltr'><strong>nisi</strong></span> <span class='ocrx_word' id='word_1_858' title='bbox 2666 5718 2731 5770; x_wconf 87' lang='lat' dir='ltr'><strong>ab</strong></span> <span class='ocrx_word' id='word_1_859' title='bbox 2746 5734 2805 5769; x_wconf 83' lang='lat' dir='ltr'><strong>eo</strong></span> <span class='ocrx_word' id='word_1_860' title='bbox 2826 5719 3226 5784; x_wconf 70' lang='lat' dir='ltr'><strong>reprehensum.</strong></span> 
     </span>
    </p>
   </div>
  </div>
