3900 6394
23 395 155 450 585

1184 401 1559 455 APOLOGUE
1593 405 1805 458 LIBER
1843 406 2226 461 SECUNDUS.

3251 419 3354 474 586

23 508 329 561 facillime
351 509 596 574 probare
615 522 876 576 possum,
898 522 1006 563 nec
1021 511 1296 564 habuisse
1312 525 1406 565 me
1422 530 1661 576 umquam
1687 517 1743 592 Α
1764 517 1882 581 ipse
1905 518 2214 572 adversum
2241 533 2321 586 se,
2346 524 2624 588 tanquam
2643 525 2925 580 adversus
2945 527 3108 593 alios,
3128 528 3310 582 utitur
3334 537 3359 583 9

23 598 236 650 libros
257 598 423 664 istos,
452 611 558 652 nec
596 599 699 664 [AL
723 600 843 664 aut]
874 600 1114 664 legissse
1138 615 1172 652 a
1195 615 1488 667 quoquam
1512 616 1660 670 prae-

28 689 246 742 stitos.
273 691 344 740 Et
361 689 614 742 sicutme
633 701 750 742 non
768 703 1009 755 possum
1027 704 1304 744 excusare
1319 693 1390 745 de
1404 708 1489 759 eo,
1507 697 1661 760 quod

27 778 227 842 quale
259 778 336 830 sit
363 779 576 842 nescio,
599 779 679 832 ita
702 792 775 832 ne
802 781 1061 832 accusari
1084 781 1318 844 quidem
1335 796 1573 847 possum
1591 787 1662 840 de

27 881 114 920 eo
142 868 324 932 quod,
349 877 367 897 ·
405 867 496 920 vel
525 869 571 920 si
606 870 696 934 sit,
749 870 979 934 penitus
1023 871 1244 936 ignoro.
1291 875 1406 925 Iste
1449 879 1658 942 tamen,

30 958 150 1021 qui
176 958 374 1023 arguit
393 957 574 1011 velab
598 959 694 1010 illo
727 959 1018 1025 traditum,
1045 961 1186 1012 vela
1211 961 1508 1027 discipulis
1533 968 1660 1030 ejus

31 1046 188 1108 dici,
226 1047 382 1112 quod
427 1048 703 1112 scriptum
721 1050 826 1112 est,
845 1049 950 1108 Qui
973 1049 1216 1114 loquitur
1240 1053 1509 1102 veritatem
1539 1069 1660 1103 cum

29 1137 318 1200 proximo
359 1152 457 1188 suo
503 1137 659 1202 (Psal.
695 1137 780 1192 14.
812 1137 902 1202 2L),
949 1141 1247 1203 proximus
1289 1154 1408 1194 non
1433 1143 1524 1206 sit,
1549 1143 1660 1194 nisi

31 1225 145 1278 ille
199 1226 303 1290 qui
347 1225 637 1292 perfectus
683 1228 776 1291 sit,
823 1231 882 1280 et
934 1235 1303 1295 symmystes.
1341 1233 1411 1283 Et
1453 1232 1662 1284 iterum

31 1315 214 1378 quod
271 1316 586 1381 Apostolus
617 1315 780 1368 dicit:
817 1318 960 1376 Quia
1007 1319 1336 1383 sapientiam
1383 1321 1662 1386 loquimur

33 1405 200 1454 inter
218 1406 473 1470 perfectos
497 1405 566 1468 (1.
597 1407 717 1458 Cor.
753 1405 805 1460 2.
830 1406 906 1470 6.)
932 1425 943 1456 :
973 1411 1030 1460 et
1054 1409 1210 1472 quod
1236 1410 1515 1475 scriptum
1539 1415 1658 1471 est;

32 1493 234 1546 A’otite
258 1493 464 1545 mittere
486 1489 748 1546 sanctum
767 1496 1009 1562 canibus,
1029 1513 1196 1562 neque
1219 1499 1240 1528 δ
1259 1500 1486 1550 mittatis
1508 1515 1662 1550 mar-

33 1585 268 1649 garitas
283 1591 480 1636 vestras
515 1592 637 1637 ante
660 1601 849 1652 porcos
875 1588 1082 1653 (Matth.
1102 1588 1152 1641 7.
1176 1588 1266 1654 6.),
1291 1593 1356 1642 ut
1377 1595 1658 1655 asserant,

34 1676 264 1740 inquit,
301 1689 403 1742 per
429 1675 540 1729 hoc
575 1677 679 1742 [AL
704 1677 851 1743 hac]
902 1678 1203 1732 veritatem
1243 1691 1360 1732 non
1389 1681 1659 1734 omnibus

35 1765 444 1830 aperiendam.

1762 606 2172 660 Condemnalio
2189 610 2499 664 adversum
2523 615 2702 666 istum
2729 615 2833 680 [AL
2861 617 3017 682 cum]
3047 617 3095 669 si
3112 621 3359 680 proferen-

1760 695 1834 747 da
1858 697 1949 758 sit,
1978 699 2236 762 Epistola
2261 713 2367 752 sua
2379 702 2610 768 sutilcit,
2629 705 2679 756 si
2694 703 2882 758 solum
2897 719 3110 760 nomen
3127 711 3362 760 immules

1763 790 1958 838 textus
1973 788 2128 840 enim
2147 789 2452 842 criminum
2477 805 2579 844 nec
2609 793 2670 844 in
2697 794 2874 846 alium
2891 797 3125 850 omnino
3159 810 3360 861 quem-

1761 887 1935 938 quam
1963 877 2113 928 sicut
2133 877 2194 928 in
2216 878 2410 942 ipsum
2431 882 2918 936 convenitsolum.
2943 887 3084 948 Quae
3099 886 3359 940 damnari

1755 963 1938 1028 jubet,
1966 966 2094 1018 haec
2119 967 2365 1020 ⁸110111111
2407 971 2701 1024 observari
2729 973 2919 1037 jubet:
2955 988 3085 1039 quae
3109 977 3246 1040 agit,
3269 990 3362 1029 ar-

1759 1053 1884 1117 guit
1906 1072 1916 1102 :
1938 1068 2069 1118 qua)
2082 1057 2414 1121 detestatur,
2435 1065 2718 1124 operatur.
2748 1064 2906 1116 Beati
2931 1064 3196 1130 discipuli
3211 1067 3356 1131 ejus,

1761 1143 1860 1206 qui
1885 1156 2020 1196 eum
2044 1144 2138 1196 vel
2161 1147 2407 1199 audiunt
2429 1148 2520 1200 vel
2543 1149 2861 1204 imitantur.

1825 1231 1875 1287 3.
1905 1233 2318 1289 Verumtamen
2335 1238 2609 1301 quoniam
2625 1241 2742 1304 perj
2750 1241 2856 1293 urii
2873 1242 3001 1306 ejus
3017 1242 3226 1308 dogma
3235 1257 3359 1310 pro-

1762 1323 1994 1387 ponitur
2025 1324 2131 1388 [AL
2179 1327 2570 1392 praeponitur],
2607 1329 2751 1382 nihil
2786 1331 2859 1384 ad
2907 1344 3002 1384 me
3045 1333 3095 1384 si
3136 1333 3246 1387 iste
3269 1334 3360 1388 vel

1761 1414 1894 1475 agat
1921 1413 2126 1466 velscri
2136 1415 2250 1476 bat,
2273 1416 2406 1479 quia
2419 1417 2573 1482 apud
2595 1419 2899 1473 nonnullos
2924 1421 3165 1474 fratrum
3188 1423 3359 1476 etiam

1761 1500 1781 1530 "
1812 1501 1962 1554 hanc
1983 1503 2150 1556 nobis
2174 1504 2399 1558 inurere
2421 1511 2664 1560 conatus
2693 1513 2782 1562 est
2795 1511 3104 1577 maculam,
3125 1517 3182 1566 et
3203 1526 3359 1568 nunc

1760 1589 1965 1644 iterare
1988 1593 2133 1657 perli
2143 1597 2312 1660 teras,
2332 1597 2651 1650 secundum
2661 1599 2734 1650 ab
2747 1599 2845 1654 illo
2861 1600 3054 1655 datam
3070 1602 3354 1668 regulam:

1759 1679 1899 1744 quid
1923 1694 2030 1746 ego
2067 1683 2191 1748 ipse
2229 1684 2300 1736 de
2341 1686 2592 1750 perjurio
2623 1689 2884 1754 sentiam,
2926 1691 3168 1756 profero,
3191 1697 3258 1744 ut
3285 1693 3358 1746 de

1759 1781 1888 1822 sese
1911 1771 2116 1823 iterum
2155 1773 2264 1824 sibi
2286 1773 2394 1838 ipsi
2411 1775 2698 1839 judicium
2720 1777 3136 1843 derelinquam.
3168 1783 3357 1831 Etenim

111 1853 171 1908 2.
234 1855 550 1907 Videamus
607 1855 763 1920 quod
821 1855 944 1920 ipse
984 1856 1044 1908 in
1092 1857 1221 1908 istis
1268 1857 1410 1922 ipsis
1461 1843 1736 1918 electisB
1765 1861 2188 1913 cumDominus
2205 1863 2752 1918 etSalvatornoster
2769 1866 2995 1921 dicatin
3015 1870 3360 1934 Evangeliis,

39 1954 60 1975 ε
88 1944 223 1996 suis
259 1945 689 1998 commentariis
711 1945 854 1996 libro
882 1946 1156 2010 secundo,
1184 1947 1294 1998 sub
1317 1961 1383 1999 eo
1416 1949 1662 2014 capitulo

41 2034 154 2086 ubi
205 2033 490 2098 scriptum
520 2039 608 2087 est
633 2051 644 2083 :
672 2034 895 2099 Pr0pter
922 2035 1068 2099 quod
1101 2037 1415 2100 deponentes
1439 2039 1664 2088 menda-

39 2124 225 2185 cium,
253 2122 550 2188 loquimini
573 2124 842 2173 veritatem
869 2125 1242 2190 unusquisque
1265 2141 1386 2176 cum
1407 2127 1663 2192 proximo

41 2227 148 2262 suo
172 2212 444 2278 quoniam
471 2227 660 2262 sumus
684 2213 910 2262 invicem
935 2213 1174 2264 membra
1201 2215 1410 2279 (Ephes.
1440 2215 1489 2270 4.
1514 2215 1619 2279 25.)
1649 2233 1660 2265 :

43 2305 192 2366 post
213 2313 422 2366 pauca,
441 2316 470 2350 α
493 2304 730 2367 Propter
745 2302 918 2366 quod,
941 2303 1149 2367 inquit,
1166 2303 1379 2356 Paulus
1397 2305 1523 2370 ipse
1537 2318 1665 2370 per-

43 2391 247 2444 fectus
264 2391 326 2442 in
347 2391 600 2456 Epistola
614 2391 1104 2456 alialoquebatur:
1126 2393 1465 2458 Sapientiam
1483 2399 1664 2445 autem

47 2481 343 2546 loqui-mur
371 2481 515 2531 inter
552 2481 804 2548 per/cetos
843 2481 909 2546 (1.
940 2483 1058 2534 Cor.
1085 2481 1135 2536 2.
1162 2482 1251 2547 6.).
1278 2486 1424 2548 Ergo
1443 2484 1554 2537 hoc
1575 2489 1664 2536 est

46 2571 216 2636 quod
235 2571 426 2636 jubet,
451 2575 516 2623 ut
538 2571 942 2636 unusquisque
958 2573 1205 2637 mystica
1226 2585 1475 2637 quaeque
1489 2577 1664 2638 atque

50 2667 304 2725 secreta,
326 2665 385 2714 et
407 2674 472 2714 ea
497 2674 628 2726 quae
654 2661 756 2714 Dei
780 2661 1019 2714 veritate
1043 2667 1182 2714 sunt
1204 2663 1372 2726 plena
1394 2663 1666 2728 loquatur

47 2764 193 2803 cum
219 2751 486 2816 proximo
511 2763 635 2815 suo,
662 2750 684 2779 δ
710 2755 775 2803 ut
798 2751 920 2802 dies
944 2751 1056 2803 diei
1077 2757 1298 2804 eructet
1321 2754 1583 2818 verbum,
1609 2758 1666 2806 et

49 2853 179 2893 nox
230 2840 388 2892 nocti
431 2840 645 2892 indicet
689 2840 986 2892 scientiam
1037 2841 1199 2903 (Psal.
1249 2840 1374 2904 18.).
1420 2842 1531 2895 hoc
1555 2846 1664 2906 est,

52 2931 218 2983 clara
247 2941 499 2994 quaeque
524 2931 582 2983 et
602 2930 875 2982 lucientia
896 2929 1111 2982 indicet
1129 2931 1240 2992 his,
1261 2931 1359 2996 qui
1375 2938 1667 2986 merentur

51 3019 298 3072 audire:
351 3019 452 3070 Vos
495 3020 613 3069 estis
648 3019 746 3069 lux
788 3019 986 3068 mundi
1031 3020 1243 3084 (Matth.
1269 3019 1470 3084 5.14.),
1497 3023 1666 3074 Porro

54 3109 371 3162 tenebrosa
393 3113 450 3161 et
475 3108 751 3173 involuta,
777 3111 836 3160 et
851 3109 1009 3161 omni
1025 3115 1514 3164 sacramentorum
1537 3124 1666 3164 noc-

1764 1950 1979 1998 Dictum
2001 1955 2072 2000 est
2095 1952 2356 2016 antiquis,
2396 1967 2503 2004 non
2529 1955 2854 2019 perjurabis,
2886 1957 3070 2008 reddes
3090 1960 3237 2009 enim
3256 1959 3366 2011 Do-

1763 2040 1918 2090 mino
1935 2041 2258 2104 juramenta
2283 2047 2408 2092 tua:
2439 2059 2531 2106 ego
2555 2051 2736 2095 autem
2759 2047 2876 2096 dico
2900 2048 3062 2113 vobis,
3084 2051 3248 2099 nolite
3265 2050 3364 2115 ju-

1763 2143 1888 2178 rare
1925 2131 2152 2180 omnino
2188 2131 2393 2194 (Matth.
2429 2131 2480 2186 5.
2513 2132 2647 2198 34.):
2687 2135 2874 2188 omnis
2911 2137 3009 2200 qui
3031 2137 3198 2191 docet
3219 2151 3364 2204 qua-

1764 2229 1992 2280 cunque
2009 2231 2080 2270 ex
2105 2233 2314 2273 caussa
2345 2222 2724 2285 pejerandum
2741 2237 2886 2288 esse,
2912 2237 3020 2290 ego
3043 2225 3171 2280 dico
3205 2227 3360 2291 quod

1763 2305 1985 2358 alienus
2028 2307 2102 2358 sit
2131 2307 2235 2371 [AL
2282 2292 2390 2374 est]
2419 2322 2454 2362 a
2481 2310 2596 2363 [ide
2637 2311 2866 2377 Christi,
2901 2315 2959 2366 et
2992 2314 3361 2370 abEcclesiaa

1766 2394 1987 2448 unitate
2021 2397 2338 2450 catholicae.

1826 2482 1876 2537 4.
1895 2483 2006 2536 Sed
2017 2483 2190 2537 velim
2201 2497 2356 2537 nunc
2371 2490 2749 2551 posteaquam
2765 2487 2836 2542 de
2851 2489 2862 2520 ‘
2878 2502 3027 2555 meo,
3046 2490 3243 2556 utipse
3255 2497 3366 2546 stas

1766 2571 1869 2633 tui,
1893 2573 2261 2626 anathemate
2275 2575 2544 2640 satisfeci,
2564 2575 2851 2630 elaborare
2867 2579 3180 2644 paululum,
3198 2581 3247 2632 si
3261 2594 3366 2648 pa-

1765 2661 1974 2714 tienter
1995 2663 2270 2728 accipitis,
2289 2669 2348 2716 et
2369 2664 2478 2717 1100
2495 2666 2648 2730 quod
2664 2667 2788 2732 ispe
2807 2680 2908 2732 per
2922 2671 3080 2734 orgia
3095 2671 3362 2734 quaedam

1764 2755 1823 2802 et
1834 2751 2110 2814 mysticas
2126 2752 2294 2804 fthOl
2305 2754 2640 2818 ationes[AL
2655 2756 3176 2824 eonfcederationis]
3187 2763 3370 2824 ,perju-

1762 2840 1912 2892 rium
1925 2842 2218 2895 observari
2230 2843 2382 2908 dicit,
2403 2857 2549 2908 quos
2559 2845 2770 2899 habeat
2779 2848 3028 2901 cultores
3040 2853 3096 2901 et
3105 2865 3363 2912 symmys-

1767 2933 1874 2992 tas,
1888 2931 2122 2996 aperire.
2139 2933 2300 2986 Certa
2313 2939 2403 2987 est
2413 2933 2566 2986 enim
2579 2941 2636 2988 et
2649 2936 2788 2989 satis
2801 2950 2936 2990 vera
2947 2937 3049 2990 Dei
3061 2937 3157 2990 illa
3168 2945 3373 2989 senten-

1765 3019 1846 3072 tia
1868 3017 2043 3087 357
2072 3034 2203 3084 quae
2237 3022 2376 3076 dicit
2419 3024 2558 3082 Quia
2579 3039 2646 3074 ea:
2663 3023 2929 3088 fructibus
2965 3041 3151 3076 eorum
3174 3041 3362 3092 cogno-

1765 3109 1912 3158 scetis
1939 3124 2022 3158 eos
2065 3111 2283 3173 (ΜαιιΙι.
2325 3111 2379 3164 7.
2425 3111 2570 3175 16.):
2611 3116 2671 3164 et
2710 3113 2917 3166 iterum
2944 3129 2956 3166 :
2983 3115 3073 3165 Ea:
3095 3116 3362 3179 fructibus

50 3203 106 3252 te
145 3199 342 3253 velata
377 3198 504 3251 aliis
546 3198 650 3264 [AL
696 3197 808 3264 his]
839 3207 857 3228 °
899 3199 1122 3262 referat,
1169 3200 1269 3264 qui
1305 3205 1364 3254 et
1389 3201 1500 3266 ipsi
1523 3215 1660 3269 nox,
1692 3216 1741 3292 ρ
1764 3197 1970 3262 inquit,
2009 3199 2169 3249 arbor
2201 3201 2536 3264 cognoscitur
2567 3201 2712 3265 (Luc.
2745 3201 2794 3257 6.
2831 3203 2958 3266 44.).
2983 3206 3053 3256 Et
3074 3217 3182 3257 nos
3205 3219 3358 3271 ergo,

45 3289 328 3353 tenebrae,
346 3288 435 3342 vel
450 3287 632 3352 caligo
651 3293 804 3340 sunt.
818 3289 900 3342 De
915 3288 1130 3352 quibus
1159 3291 1366 3356 dicitur,
1393 3291 1461 3340 Et
1485 3291 1658 3357 caligo

47 3380 147 3430 sub
195 3379 420 3444 pedibus
451 3379 565 3444 ejus
598 3378 760 3440 (Psal.
804 3377 890 3433 17.
918 3377 1044 3444 10.),
1071 3379 1228 3431 haud
1253 3381 1496 3433 dubium
1522 3383 1664 3447 quin

48 3471 175 3524 Dei.
227 3471 376 3522 Nam
418 3473 476 3522 et
509 3471 568 3520 in
607 3474 801 3522 monte
839 3469 972 3521 Sina
1013 3470 1239 3534 Moyses
1261 3471 1581 3536 ingreditur
1602 3473 1663 3526 in

48 3559 354 3614 turbinem
397 3562 454 3612 et
482 3555 800 3622 caliginem,
845 3559 946 3611 ubi
968 3564 1091 3612 erat
1111 3563 1267 3613 Deus
1295 3562 1490 3623 (Exod.
1524 3562 1654 3627 19.).

49 3654 119 3704 Et
142 3651 225 3703 de
258 3650 387 3714 ipso
420 3650 538 3702 Deo
571 3649 848 3714 scriptum
882 3654 1008 3701 est:
1037 3649 1223 3700 Posuit
1248 3651 1268 3684 τ
1291 3651 1527 3702 tenebras
1549 3652 1666 3703 lati-

50 3739 250 3790 bulum
301 3752 464 3788 suum
508 3739 615 3802 (Ps.
649 3736 734 3792 17.
779 3735 904 3801 12).
932 3735 1110 3807 356
1136 3741 1432 3804 Loquatur
1468 3741 1663 3805 itaque

50 3829 364 3882 veritatem
386 3832 560 3892 atque
583 3828 856 3892 mysteria
869 3829 1273 3893 unusquisque
1284 3843 1416 3882 cum
1435 3834 1662 3891 proximo

51 3933 184 3985 suo,
221 3931 327 3971 nec
353 3917 451 3972 det
465 3921 731 3971 sanctum
747 3918 1006 3982 canibus,
1028 3931 1214 3983 neque
1232 3919 1422 3972 mittat
1443 3933 1663 3985 marga-

51 4010 204 4063 ritas
235 4011 368 4061 ante
392 4019 596 4073 porcos
620 4021 633 4059 :
682 4007 784 4060 sed
829 4007 1163 4072 quicunque
1187 4007 1380 4062 oleum
1404 4011 1660 4065 veritatis

50 4100 388 4163 habuerint,
425 4098 556 4151 illos
599 4097 702 4164 [AL
749 4101 808 4150 et
838 4097 999 4164 illud]
1035 4099 1097 4151 in
1121 4099 1439 4152 thalamum
1463 4101 1662 4166 sponsi

51 4196 109 4244 et
131 4201 358 4255 penum
387 4187 492 4254 [AL
527 4188 699 4255 penu]
736 4189 888 4254 regis
909 4190 1162 4242 inducat.
1191 4210 1218 4234 ››
1243 4190 1466 4256 Videte,
1497 4203 1660 4256 quae-

52 4294 114 4333 so
143 4291 280 4344 vos,
303 4281 362 4331 et
403 4277 736 4344 diligentius
769 4279 1092 4345 perspicite,
1123 4281 1172 4332 si
1197 4281 1374 4334 alium
1403 4281 1654 4346 aliquem

50 4371 108 4423 in
131 4369 414 4423 omnibus
437 4369 528 4422 his
543 4382 677 4434 qua:
691 4369 910 4434 scribit,
934 4371 1044 4422 nisi
1069 4385 1130 4424 se
1147 4375 1206 4424 et
1231 4385 1336 4425 sua
1351 4372 1505 4426 dicta
1521 4387 1659 4426 con-

52 4461 314 4514 demnet.
348 4460 406 4512 Si
449 4459 662 4512 inimici
717 4460 808 4512 sui
851 4461 1096 4513 lacerare
1139 4475 1291 4525 eum,
1336 4467 1394 4516 et
1424 4477 1661 4529 arguere

52 4565 152 4615 pro
214 4549 443 4615 scriptis
493 4549 616 4603 suis
660 4549 890 4616 vellent,
916 4563 1032 4616 quo
1053 4552 1162 4604 alio
1197 4553 1414 4619 ordine,
1441 4557 1658 4621 quibus

51 4640 180 4694 aliis
193 4639 508 4696 adversum
523 4653 657 4694 eum
677 4640 979 4694 sententiis
1002 4647 1316 4708 uterentur,
1343 4646 1458 4698 nisi
1471 4649 1660 4710 quibus

118 4823 134 4844 ·
160 4815 342 4867 Tacet
363 4825 472 4866 ms.
511 4813 588 4864 vel
629 4813 982 4879 particulam,
1027 4827 1164 4868 mox
1187 4818 1507 4872 econtrario
1531 4819 1660 4884 plus

53 4885 252 4950 habet,
299 4885 376 4936 vel
419 4885 530 4936 alio
579 4884 646 4935 ab
691 4885 784 4935 illo
828 4887 1112 4951 traditum,
1164 4893 1274 4952 etc,
1317 4895 1457 4954 puta
1487 4902 1660 4954 quem

53 4960 230 5012 toties
277 4957 568 5023 superiore
611 4956 800 5010 libello
850 4958 1097 5010 Rufinus
1147 4961 1419 5026 exagitat,
1455 4964 1512 5014 et
1543 4976 1661 5016 non

52 5029 236 5084 alium
258 5030 439 5082 fuisse
463 5031 564 5082 abs
586 5030 941 5094 Hieronymo
963 5031 1090 5094 ipso
1125 5033 1438 5084 contendit.
1470 5034 1578 5086 Sed
1602 5039 1660 5086 et

55 5103 224 5156 tertio
246 5103 319 5154 ab
351 5101 462 5154 hoc
491 5114 668 5154 versu
690 5099 822 5166 plus
844 5102 1020 5155 habet
1041 5115 1174 5167 ms.,
1201 5103 1348 5168 quod
1369 5106 1659 5170 proximus

54 5191 164 5224 non
188 5175 280 5239 sit,
307 5178 416 5226 etc.
442 5174 686 5227 fortasse
709 5174 921 5226 verius.

115 5248 135 5275 "
157 5249 365 5299 Denuo
387 5250 541 5298 tacet
565 5259 672 5297 ms.
696 5246 940 5299 mittatis.

114 5327 130 5348 τ
160 5322 355 5383 Atque
377 5318 502 5370 heic
524 5319 638 5368 suis
670 5323 836 5370 tacet.

113 5390 134 5419 δ
164 5393 233 5443 In
255 5389 672 5442 commentario
718 5391 815 5438 hoc
837 5389 985 5458 gubet
1015 5404 1028 5442 :
1069 5395 1192 5442 tum
1238 5403 1350 5443 ms.
1395 5391 1562 5444 tertio
1585 5393 1658 5443 ab

57 5459 160 5513 hoc
191 5475 372 5515 versu
411 5466 455 5510 et
509 5463 618 5510 dies
663 5461 770 5511 diei
809 5468 854 5512 et
892 5476 1006 5512 ηοω
1034 5463 1200 5527 nocti,
1229 5463 1657 5528 praetermissis,

58 5540 249 5586 eructet
270 5533 511 5584 verbum.

115 5615 134 5637 ⁸
158 5609 263 5661 Ms.
304 5607 506 5672 fuerat,
557 5611 616 5661 et
657 5618 798 5660 mox
838 5605 900 5659 in
943 5605 1156 5660 Psalmi
1199 5611 1366 5661 textu
1406 5607 1584 5658 Nubes
1613 5612 1659 5658 et

62 5679 247 5743 caligo,
273 5683 382 5732 etc.

119 5717 396 5818 ί
417 5755 588 5805 antea
622 5751 763 5802 Deus
804 5763 1014 5804 nomen
1034 5750 1471 5819 interserebant,
1499 5751 1658 5818 quod

61 5832 244 5890 neque
275 5837 390 5878 ms.
411 5823 604 5890 habet,
631 5835 820 5890 neque
841 5823 971 5877 libri
995 5822 1120 5877 ulli.

344 5916 636 5975 PATROL.
675 5912 847 5973 XXI.

1767 3289 1916 3340 sicut
1950 3288 2060 3340 iste
2089 3288 2228 3342 dicit
2250 3291 2486 3354 perjurii
2515 3291 2759 3356 dogma’
2797 3294 3180 3358 suscepimus.
3209 3297 3266 3348 Si
3288 3295 3362 3348 ad

1762 3378 1872 3430 hoc
1901 3378 2089 3431 edocti
2113 3392 2336 3442 sumus,
2363 3382 2418 3433 et
2442 3381 2573 3433 talis
2601 3382 2664 3434 in
2703 3383 2870 3434 nobis
2916 3385 3086 3436 arbor
3106 3383 3364 3450 plantata

1763 3473 1874 3530 est,
1885 3481 2006 3521 non
2027 3474 2216 3534 potest
2231 3469 2370 3536 ﬁeri,
2386 3475 2454 3523 ut
2475 3484 2594 3524 non
2619 3471 2762 3524 tales
2775 3472 3038 3536 aliquiex
3058 3473 3226 3526 nobis
3251 3487 3365 3528 see-

1762 3558 1892 3623 pius
1928 3559 2380 3623 germinaverint
2415 3559 2656 3624 fructus,
2700 3574 2905 3615 verum
2941 3563 3117 3616 etiam
3138 3565 3366 3629 mystici

1763 3647 2050 3712 dogmatis
2073 3651 2417 3704 auctoritate
2441 3653 2754 3706 coaluerint
2796 3653 2899 3718 [AL
2933 3653 3360 3720 coalescerent].

1762 3739 1832 3790 Et
1867 3739 2101 3803 quidem
2137 3745 2418 3804 quantum
2451 3741 2524 3794 ad
2548 3755 2858 3807 personam
2884 3756 3075 3797 meam
3096 3745 3362 3812 pertinet,

1761 3840 1936 3894 quem
1965 3830 2154 3882 solum
2187 3843 2259 3883 ex
2280 3831 2372 3882 his
2408 3831 2680 3884 omnibus
2705 3845 2837 3897 quin
2862 3833 3077 3898 scribit,
3112 3834 3361 3889 lacerare

1760 3929 1824 3970 se
1848 3923 2028 3983 putat,
2051 3931 2168 3972 non
2190 3919 2334 3972 mihi
2354 3919 2466 3984 ipsi
2501 3921 2680 3974 feram
2704 3922 3119 3988 testimonium,
3137 3936 3244 3976 nec
3267 3923 3356 3976 di-

1761 4019 1888 4059 cam
1899 4008 2054 4072 quod
2071 4007 2244 4062 etiam
2267 4009 2343 4061 sit
2351 4009 2686 4075 jurandum,
2717 4023 2852 4063 cum
2870 4011 3014 4064 forte
3036 4012 3358 4066 necessitas

1761 4099 1941 4163 exigit
1967 4113 1980 4150 :
2027 4103 2084 4152 et
2109 4099 2158 4150 si
2180 4112 2299 4152 non
2319 4103 2342 4135 ι
2391 4106 2599 4153 cautus
2633 4113 2766 4154 sum
2807 4101 2914 4166 [AL
2941 4103 3094 4168 sim],
3119 4107 3180 4156 at
3206 4107 3360 4158 certe

1763 4188 1995 4242 timidus
2019 4202 2148 4242 esse
2173 4189 2357 4255 cupio.
2397 4192 2695 4244 Postremo
2732 4196 2792 4245 et
2836 4193 2886 4244 si
2909 4193 3218 4247 observare
3243 4207 3362 4248 non

1757 4291 2021 4345 possum,
2039 4293 2258 4332 errasse
2276 4294 2366 4333 me
2380 4283 2642 4335 noverim
2663 4282 2768 4348 [AL
2793 4283 3078 4349 noverint]
3091 4319 3104 4334 .
3117 4288 3232 4334 Htec
3243 4301 3361 4348 ergo

1756 4379 1873 4420 non
1895 4369 2096 4433 dicam,
2127 4375 2321 4422 tamen
2347 4370 2474 4422 sive
2501 4383 2686 4423 errem
2701 4373 2762 4424 in
2795 4371 2908 4436 his,
2945 4373 3068 4426 sive
3099 4385 3356 4439 caveam,

1759 4448 1870 4510 iste
1891 4458 2122 4511 interim
2139 4472 2406 4512 caussam
2435 4461 2729 4513 commissi
2751 4460 3014 4527 alicujus,
3047 4475 3161 4525 qua
3184 4475 3275 4515 me
3297 4462 3360 4515 in

1761 4547 1972 4602 talibus
1995 4551 2216 4614 arguat,
2253 4561 2368 4601 11011
2393 4549 2566 4602 habet
2587 4550 2691 4614 [AL
2717 4550 2994 4616 habebit].
3019 4553 3138 4616 Ego
3161 4557 3358 4606 autem

1759 4638 2002 4702 qualiter
2023 4638 2177 4704 apud
2209 4639 2386 4692 istum
2417 4640 2804 4693 sacratissima
2835 4641 2884 4694 si
2907 4641 3084 4706 hujus
3107 4653 3227 4696 non
3250 4643 3352 4698 do-

1825 4821 1842 4849 κ
1860 4811 1970 4862 Ms.
1998 4811 2194 4877 verba,
2235 4811 2341 4862 haec
2375 4812 2572 4862 iterum
2599 4811 2869 4864 observari
2895 4814 3064 4882 jubet,
3098 4820 3223 4869 tum
3245 4819 3359 4883 agit

1759 4884 2136 4952 praetermitit,
2167 4896 2286 4936 non
2322 4884 2690 4938 incommodo
2737 4887 2991 4954 quidem,
3039 4892 3141 4942 aut
3161 4889 3355 4943 hiulco

1759 4971 1955 5019 sensu,
1984 4955 2087 5008 sed
2109 4969 2228 5009 non
2244 4959 2436 5010 tamen
2466 4957 2706 5024 integro.

1821 5029 2023 5081 ΙΙ1110111
2046 5029 2210 5078 etiam
2243 5029 2514 5083 adverbio
2542 5031 2948 5096 praetermisso,
2973 5033 3192 5097 injicere
3219 5033 3360 5098 legit

1757 5115 1858 5167 pro
1884 5101 2128 5164 inurere;
2159 5104 2284 5152 tum
2305 5101 2454 5153 male
2477 5118 2625 5152 nunc
2640 5103 2835 5152 iterum
2858 5105 3142 5168 iterarc,et
3163 5103 3231 5152 ab
3242 5105 3358 5170 ipso

1758 5175 1964 5236 datam,
1994 5176 2102 5223 etc.
2132 5183 2147 5233 ;
2173 5171 2422 5236 denique
2455 5174 2520 5223 de
2539 5189 2592 5223 se
2613 5175 2810 5223 iterum
2834 5185 2936 5239 pro
2963 5175 3026 5224 de
3047 5189 3099 5225 sc
3118 5189 3188 5236 se,
3225 5181 3354 5242 etc.,

1757 5250 1924 5300 vetus
1949 5244 2122 5296 editio
2147 5243 2208 5292 de
2231 5259 2281 5292 se
2298 5245 2536 5306 interim,
2565 5258 2664 5310 pro
2689 5247 2902 5307 iterum,
2936 5252 3044 5300 etc.

1819 5319 2029 5368 ‘Vetus
2073 5315 2267 5376 editio,
2307 5316 2492 5380 deme,
2523 5323 2580 5365 ut
2606 5318 2716 5381 ipse
2756 5319 2961 5380 statuit,
3013 5318 3353 5369 anathemati

1755 5387 2004 5451 satis/cci.
2043 5387 2210 5450 Pejus
2257 5387 2318 5437 in
2351 5389 2724 5439 Guarnerian.
2768 5401 2901 5451 ms.,
2947 5390 3008 5438 de
3052 5390 3248 5455 medio,
3294 5397 3353 5440 ut

1757 5461 1868 5526 ipse
1911 5459 2115 5521 statuit,
2162 5462 2288 5509 tum
2325 5457 2587 5508 elaborate
2625 5459 2936 5522 paululum,
2980 5465 3038 5512 et
3086 5474 3186 5526 per
3228 5462 3356 5512 odia

1757 5534 2024 5598 quaedam,
2055 5536 2228 5594 atque
2260 5530 2315 5582 id
2350 5543 2536 5594 genus
2561 5530 2673 5582 alia
2699 5531 2938 5584 inferius
2969 5535 3198 5599 menda,
3224 5546 3356 5599 quas

1756 5605 2025 5671 persequi
2049 5616 2164 5656 non
2189 5605 2373 5656 vacat.

1815 5679 1915 5729 'In
1944 5689 2054 5728 ms.
2080 5675 2313 5742 perjurii
2344 5676 2542 5739 dogma
2564 5676 2712 5727 illius
2735 5675 3006 5741 carpimus,
3029 5680 3139 5730 etc.

1816 5749 1838 5780 ι
1859 5749 2020 5802 Idem
2058 5755 2103 5798 et
2126 5749 2173 5798 si
2209 5763 2319 5799 non
2367 5754 2548 5800 tantus
2579 5751 2700 5812 sim,
2727 5753 2822 5800 aut
2841 5754 2992 5818 certe,
3011 5755 3120 5805 etc.
3153 5749 3357 5819 Sphal-

1755 5825 1912 5876 mata
1931 5820 2322 5876 manifestiora
2344 5825 2640 5889 praetereo.

2934 5915 3004 5973 19
