3900 6400
585 406 692 465 587

1612 395 1857 447 RUFINI
1886 394 2378 457 AQUILEIENSIS
2409 394 2849 448 PRESBYTERI

3776 395 3888 453 588

587 518 819 587 gmatis,
831 514 932 569 sed
950 510 1252 567 foedissimi
1273 514 1332 563 et
1354 507 1641 563 verissimi
1658 507 1775 558 vitii
1788 507 2171 572 observantia,
2198 508 2256 584 Α
2336 504 2386 560 6.
2422 506 2612 558 Redeo
2655 505 2807 557 enim
2827 510 2959 569 post
2985 516 3293 558 excessum
3326 507 3637 571 quemdam
3668 509 3745 561 ad
3769 509 3887 561 hoc

582 610 793 663 iterum
817 619 889 660 ex
914 604 1141 668 scriptis
1153 602 1278 664 ejus
1293 598 1561 663 probabo.
1582 597 1731 649 Nihil
1755 598 1908 649 enim
1932 609 2005 650 ex
2025 598 2172 651 livo-

581 712 643 753 re
671 703 729 750 et
758 694 976 749 invidia
1010 692 1319 745 coniictum
1348 688 1453 753 [AL
1479 686 1824 751 confectum]
1858 687 2172 741 adversum

581 801 715 842 eum
736 785 1036 852 proferam,
1064 786 1130 834 ut
1160 783 1283 846 ipse
1308 783 1506 831 contra
1528 791 1634 830 nos
1658 778 1817 840 facit;
1850 777 1950 829 sed
1978 778 2171 842 ipsum

578 890 642 931 se
665 881 872 931 testem
888 880 944 927 et
964 873 1175 938 scripta
1204 883 1313 924 sua
1333 869 1647 923 adversum
1669 880 1803 920 eum
1827 868 2168 932 producam:

574 972 642 1021 ut
677 966 821 1019 sciat
852 977 915 1017 se
938 976 1056 1017 non
1086 964 1159 1016 ab
1182 959 1429 1014 inimicis
1459 959 1642 1025 argui,
1678 962 1781 1011 sed
1803 970 1838 1011 a
1860 959 2170 1023 semetipso

571 1056 855 1121 redargui.

634 1146 687 1199 5.
722 1144 1005 1198 Libellum
1046 1142 1296 1207 quedam
1327 1140 1399 1193 de
1428 1138 1820 1193 conservanda
1842 1137 2170 1202 virginitate

570 1238 772 1289 Roma
787 1235 1012 1299 positus
1025 1231 1267 1296 scripsit,
1282 1242 1450 1295 quem
1468 1230 1723 1282 libellum
1740 1241 1942 1281 omnes
1955 1227 2169 1292 Pagani

571 1329 630 1378 et
671 1324 887 1376 inimici
928 1322 1047 1387 Dei,
1082 1332 1099 1351 ·
1122 1326 1400 1386 ειροειδῐεε
1424 1325 1482 1371 et
1510 1324 1923 1384 persecutores,
1959 1322 2016 1369 et
2038 1317 2167 1381 qui-

570 1427 798 1478 cunque
823 1418 976 1476 sunt,
1003 1412 1099 1475 qui
1127 1411 1513 1462 Christianum
1541 1422 1752 1461 nomen
1775 1408 1905 1460 odio
1934 1408 2162 1469 habent,

480 1568 487 1573 ,
567 1503 825 1557 certatim
850 1502 960 1554 sibi
980 1501 1385 1553 describebant
1406 1513 1508 1564 pro
1533 1513 1617 1562 eo,
1653 1498 1807 1563 quod
1830 1510 2062 1550 omnem
2086 1497 2166 1548 ibi

564 1594 1018 1648 Christianorum
1057 1590 1333 1655 ordinem,
1379 1602 1613 1641 omnem
1646 1588 1908 1653 gradum,
1934 1601 2163 1639 omnem

563 1684 996 1752 professionem,
1013 1682 1462 1743 universamque
1484 1679 1690 1744 pariter
1716 1678 2046 1729 foedissimis
2062 1692 2165 1731 ex-

562 1772 1028 1841 probrationibus
1044 1770 1346 1822 infamavit
1360 1769 1670 1821 Ecclesiam
1685 1782 1697 1819 :
1711 1773 1767 1820 et
1786 1781 1852 1820 ea
1863 1781 1994 1831 quae
2010 1771 2163 1820 Gen-

2275 595 2427 659 quod
2468 608 2884 660 proposueram
2926 598 3152 660 propter
3188 596 3344 661 quod
3382 599 3440 649 et
3471 598 3673 650 Libelli
3697 599 3887 663 hujus

2270 697 2361 736 res
2402 687 2664 749 poposcit
2708 684 2827 735 fieri
2868 686 3239 751 mentionem,
3275 688 3332 737 et
3369 688 3673 740 ostendam
3720 689 3885 751 apud

2268 774 2446 825 istum
2472 779 2589 825 tam
2614 772 2767 825 licita
2790 774 2985 826 haberi
3006 777 3271 840 perjuria,
3298 781 3365 827 ut
3388 778 3615 843 scriptis
3641 791 3884 843 quoque

2269 864 2393 915 suis
2435 862 2781 926 deprehendi
2820 876 2888 915 ea
2927 877 3045 915 non
3081 867 3397 917 erubescat.
3439 867 3619 931 Igitur
3660 868 3725 919 in
3766 868 3886 921 hoc

2267 952 2391 1017 ipso
2441 952 2671 1012 Libello,
2710 966 2844 1006 cum
2877 959 3150 1020 moneret,
3176 955 3481 1008 saculares
3501 957 3735 1011 codices
3759 958 3883 1024 legi

2265 1054 2384 1094 non
2418 1041 2623 1095 debere
2659 1047 2715 1095 et
2750 1043 2978 1106 diceret,
3018 1064 3042 1089 α
3071 1045 3217 1107 Quid
3246 1045 3414 1098 faciet
3435 1059 3567 1099 cum
3591 1048 3883 1100 Psalterio

2266 1132 2561 1197 Horatius,
2587 1145 2718 1184 cum
2742 1134 3069 1197 Evangeliis
3091 1135 3265 1198 Maro,
3290 1148 3426 1187 cum
3448 1138 3730 1201 Apostolo
3762 1138 3882 1202 [AL

2265 1223 2579 1287 Apostolis]
2614 1225 2844 1277 Cicero?
2867 1236 3063 1276 nonne
3086 1226 3569 1279 scandalizabitur
3590 1227 3798 1291 frater,
3833 1229 3885 1279 si

2264 1316 2320 1364 te
2357 1313 2561 1365 viderit
2602 1314 2663 1365 in
2702 1314 2880 1367 idolio
2917 1318 3390 1367 recumbentem?
3410 1321 3469 1368 et
3491 1323 3707 1370 caetera
3734 1332 3879 1371 cum

2263 1403 2505 1455 dixisset
2535 1405 2839 1468 ejusmodi,
2866 1406 3077 1468 quibus
3090 1406 3332 1459 alienam
3348 1408 3879 1461 esseaChristiano

2263 1499 2544 1546 assereret
2577 1494 2853 1547 librorum
2886 1498 3251 1549 saecularium
3281 1496 3586 1551 lectionem
3618 1514 3631 1550 :
3662 1500 3879 1553 inserit.

2262 1584 2430 1635 etiam
2442 1586 2850 1637 revelationem
2864 1586 3152 1649 quandam
3172 1586 3243 1637 ad
3261 1600 3321 1639 se
3332 1587 3609 1639 divinitus
3624 1589 3874 1655 factam,

2263 1674 2405 1725 satis
2429 1673 2448 1701 ι’
2479 1673 2759 1725 horrificis
2799 1675 3064 1726 refertam
3107 1678 3425 1741 praeceptis.
3462 1674 3639 1746 359
3666 1680 3871 1732 Refert

2261 1763 2436 1828 enim,
2461 1764 2617 1826 quod
2643 1772 3022 1829 posteaquam
3047 1768 3258 1818 saeculo
3274 1770 3686 1834 renuntiasset,
3705 1776 3772 1823 et
3786 1772 3863 1823 ad

562 1864 695 1917 tiles
728 1861 866 1915 falso
894 1862 956 1913 in
978 1873 1086 1914 nos
1109 1859 1364 1911 conferre
1390 1858 1496 1923 [AL
1528 1857 1690 1921 ferre]
1721 1858 1963 1910 crimina
1986 1863 2159 1921 puta-
2183 1842 2240 1918 B
2264 1855 2450 1905 Deum
2474 1853 2676 1905 fuisset
2697 1868 3025 1916 conversus,
3052 1869 3245 1908 amore
3270 1862 3461 1909 tamen
3485 1859 3867 1913 saecularium

563 1955 792 2015 bantur,
819 1952 930 2005 iste
954 1963 1092 2004 vera
1112 1962 1259 2012 esse,
1282 1949 1459 2000 immo
1484 1946 1667 1999 multo
1684 1948 1877 2013 pejora
1895 1960 1928 1998 a
1943 1948 2158 1999 nostris

562 2044 704 2110 geri,
730 2054 905 2107 quam
939 2040 1021 2093 illi
1050 2040 1500 2093 criminabantur
1522 2037 1785 2089 asseruit.
1820 2039 1962 2088 Nam
1978 2038 2161 2101 primo

559 2133 690 2186 illas
708 2133 866 2198 ipsas
880 2130 1228 2196 virgines,de
1242 2140 1489 2199 quarum
1514 2127 1724 2180 virtute
1745 2127 1988 2178 scribere
2013 2126 2164 2179 vide-

561 2224 749 2286 batur,
785 2222 1042 2283 infamat,
1087 2225 1144 2272 et
1174 2218 1315 2271 dicit
1348 2218 1420 2270 de
1453 2218 1537 2270 eis
1570 2217 1661 2268 his
1695 2217 1885 2269 verbis
1914 2235 1926 2266 :
1964 2237 1988 2261 ‹‹
2014 2216 2158 2268 Aliae

558 2312 709 2368 virili
736 2312 957 2375 habitu,
992 2316 1153 2364 veste
1182 2314 1421 2372 mutata,
1462 2309 1808 2360 erubescunt
1830 2320 1891 2358 se
1918 2306 2157 2358 feminas

557 2414 711 2463 esse,
750 2400 905 2467 quod
933 2404 1087 2453 natm
1116 2404 1271 2464 sunt,
1296 2398 1510 2450 crinem
1531 2401 1856 2461 amputant,
1888 2401 1944 2448 et
1966 2397 2157 2460 impu-

556 2492 754 2545 denter
775 2491 1006 2555 erigunt
1021 2488 1193 2541 facies
1205 2488 1578 2539 eunuchinas.
1594 2490 1741 2538 Sunt
1760 2485 2149 2551 [ALSuntque]

560 2596 693 2649 qum
709 2580 919 2636 ciliciis
936 2576 1473 2646 vestiuntur.358
1487 2582 1543 2629 et
1557 2577 1797 2629 cucullis
1812 2577 2151 2641 fabrefactis,

553 2680 622 2729 ut
651 2674 725 2728 ad
746 2673 1050 2727 infantiam
1075 2671 1327 2734 redeant,
1339 2670 1634 2721 imitantur
1648 2674 1888 2721 noctuas
1904 2672 1961 2719 et
1975 2668 2153 2719 bubo-

553 2777 682 2818 nes.
712 2784 739 2809 »
755 2764 905 2816 Dicit
925 2767 986 2815 et
1008 2760 1162 2813 mille
1183 2760 1291 2812 alia
1315 2761 1385 2811 de
1406 2759 1498 2811 his
1524 2760 1731 2824 probra
1752 2758 2030 2824 graviora.
2044 2760 2153 2811 Sed

551 2868 659 2909 nec
677 2854 870 2908 viduis
894 2852 1125 2917 quidem
1148 2852 1346 2917 parcit.
1383 2850 1479 2902 Ait
1493 2863 1743 2914 namque
1772 2849 1875 2915 [AL
1903 2850 2157 2915 quidem]

551 2946 623 2998 de
645 2946 804 3011 ipsis,
831 2964 857 2989 ‹‹
884 2942 1049 2995 Nulla
1070 2940 1181 2993 illis
1198 2941 1313 2992 nisi
1345 2941 1561 2992 ventris
1586 2953 1739 3005 cura,
1764 2944 1823 2991 et
1846 2954 1977 3004 quae
2011 2955 2151 2994 ven-

553 3035 625 3088 tri
669 3034 933 3099 proxima
968 3036 1123 3085 sunt.
1159 3050 1185 3074 »ο
1220 3030 1345 3082 Alia
1386 3043 1618 3094 quoque
1644 3030 1855 3095 ingerit
1878 3032 2154 3083 obscmna

548 3123 985 3190 quamplurima.
1034 3120 1144 3174 Sed
1183 3126 1241 3173 et
1279 3121 1688 3172 Monachorum
1732 3134 1898 3173 omne
1940 3136 2145 3186 genus,

542 3227 719 3279 quam
755 3214 922 3277 fmde,
958 3224 1136 3277 quam
1174 3211 1415 3276 turpiter
1442 3212 1667 3276 laceret,
1694 3212 1932 3275 longum
1966 3217 2059 3264 est
2091 3212 2139 3263 si

539 3306 723 3371 ipsius
745 3303 939 3357 verbis
962 3304 1054 3355 vel
1069 3301 1298 3367 scriptis
1314 3301 1487 3355 velim
1504 3302 1758 3365 probare.
1780 3302 1861 3354 De
1873 3304 2139 3356 Diaconis

539 3407 677 3450 vero
699 3399 756 3446 et
778 3393 1152 3458 Presbyteris,
1175 3403 1307 3455 quas
1332 3391 1615 3443 dedecora
1633 3391 2017 3458 descripserit,
2033 3407 2141 3458 pu-

538 3484 636 3536 det
656 3488 935 3535 retexere.
971 3481 1207 3533 Initium
1229 3485 1424 3533 tamen
1443 3480 1806 3532 lacerationis
1832 3482 2014 3546 ipsius
2038 3496 2138 3547 po-

536 3585 692 3638 nam,
731 3585 805 3624 ex
854 3584 969 3636 quo
1006 3566 1229 3622 facilius
1271 3570 1475 3634 conjici
1511 3570 1695 3634 possit
1724 3570 1810 3634 [At
1852 3572 2135 3637 conjicere

535 3660 817 3728 possitis],
844 3665 1126 3726 quantum
1162 3660 1221 3711 in
1245 3661 1730 3724 consequentibus
1750 3668 2023 3726 augescat
2044 3663 2133 3715 in-

535 3752 739 3806 vectio.
767 3771 791 3797 ι
812 3754 957 3804 Sunt
972 3751 1085 3815 alii,
1111 3750 1316 3814 inquit,
1334 3750 1404 3801 de
1430 3751 1542 3802 mei
1566 3751 1781 3803 ordinis
1797 3752 2131 3806 hominibus

537 3842 555 3906 [
558 3843 643 3893 AL
674 3841 1045 3905 nominibus],
1071 3841 1291 3904 loquor,
1329 3840 1427 3904 qui
1465 3842 1594 3893 ideo
1624 3843 2051 3907 Presbyterium
2073 3849 2130 3896 et

529 3932 904 3985 Diaconatum
932 3933 1205 3997 ambiant,
1232 3937 1300 3986 ut
1320 3932 1587 3984 mulieres
1610 3932 1878 3985 licentius
1895 3933 2128 3987 videant

526 4022 632 4089 [AL
672 4022 922 4087 adeant].
959 4023 1159 4075 Omnis
1198 4023 1289 4075 his
1327 4036 1462 4076 cura
1491 4025 1562 4075 de
1588 4025 1866 4089 vestibus,
1904 4024 1952 4074 si
1977 4026 2125 4078 bene

527 4112 737 4174 oleant,
766 4112 815 4164 si
837 4125 937 4177 pes
968 4112 1102 4164 laxa
1124 4111 1267 4177 pelle
1288 4126 1407 4165 non
1440 4114 1645 4166 folleat.
1678 4114 1873 4165 Crines
1896 4115 2125 4166 calami-

526 4202 631 4254 stri
653 4202 899 4266 vestigio
923 4206 1203 4268 rotantur,
1227 4202 1391 4266 digiti
1411 4202 1480 4253 de
1504 4202 1692 4254 anulis
1713 4203 1955 4269 raniant,
1971 4210 2026 4257 et
2048 4217 2121 4256 ne

523 4290 752 4358 plantas
789 4290 1077 4344 humidior
1124 4290 1229 4356 [AL
1269 4290 1559 4357 humilior]
1599 4292 1692 4344 via
1737 4298 1986 4360 spargat,
2017 4295 2120 4347 vix

521 4382 861 4447 imprimunt
877 4394 1106 4433 summa
1120 4381 1377 4445 vestigia.
1388 4382 1553 4433 Tales
1566 4395 1695 4434 cum
1714 4383 2121 4451 videris,spon-

522 4484 621 4524 sos
643 4472 831 4537 magis
860 4471 1113 4523 aestimes
1145 4483 1274 4524 esse
1297 4483 1473 4535 quam
1490 4473 1790 4527 Clericos.»
1806 4477 2116 4541 Etpostea-

521 4574 696 4626 quam
720 4562 1013 4626 speciatim
1028 4573 1145 4613 non
1168 4566 1286 4614 tam
1304 4562 1443 4615 vitia
1465 4575 1638 4627 quam
1657 4565 1898 4620 crimina
1912 4569 2111 4621 Sacer-

519 4651 740 4715 dotum,
761 4651 856 4705 vel
878 4651 1277 4705 ministrorum
1300 4655 1670 4721 exprobrans,
1698 4657 1867 4709 etiam
1887 4658 2113 4723 ingres-

518 4752 648 4793 sum
672 4753 871 4792 eorum
904 4746 962 4794 et
988 4741 1362 4796 salutationes
1380 4744 1452 4796 ad
1464 4751 1776 4807 matronas,
1790 4760 1906 4800 non
1921 4748 2111 4800 solum

515 4829 880 4895 decoloravit,
908 4843 1111 4883 verum
1143 4834 1315 4886 etiam
1339 4835 1752 4889 exsecrabilem
1776 4836 1928 4889 fecit:
1965 4850 2111 4903 quo—

514 4921 687 4973 modo
710 4927 1085 4986 posteaquam
1105 4936 1273 4977 omne
1287 4938 1472 4991 genus
1494 4927 2111 4981 Christianumconsci-

513 5012 598 5065 dit
620 5016 679 5065 et
697 5012 1016 5080 infamavit,
1038 5014 1147 5067 sibi
1164 5028 1391 5081 quoque
1405 5029 1525 5070 non
1533 5020 1729 5081 parcat
1742 5018 1864 5082 ipse
1885 5018 1989 5083 [AL
2005 5025 2106 5069 tae.

511 5102 677 5169 ipse],
699 5104 912 5158 audite.

575 5286 595 5307 ι
624 5278 797 5330 Tacet
826 5276 980 5329 idem
996 5289 1106 5330 ms.
1132 5283 1401 5344 aposlalae,
1428 5282 1485 5330 et
1509 5278 1673 5332 tertio
1695 5279 1768 5333 ab
1791 5281 1899 5333 hoc
1928 5295 2101 5337 versu

510 5364 742 5400 omnem.

571 5421 593 5450 δ
625 5422 920 5474 Hactenus
953 5421 1204 5474 obtinuit
1249 5422 1578 5487 honoriﬁcis,
1605 5437 1706 5488 pro
1730 5438 1846 5489 quo
1869 5428 2104 5481 rescribi

510 5493 725 5557 placuit
738 5506 811 5545 ex
836 5494 961 5546 cod.
979 5497 1364 5546 Guarneriano
1379 5496 1669 5561 horriﬁcis,
1690 5499 1905 5551 veriore
1924 5514 2101 5553 sensu

510 5569 569 5627 et
590 5567 775 5629 magis
796 5571 1167 5630 congruente.
1200 5566 1412 5619 Eadem
1428 5568 1588 5621 initio
1603 5571 2012 5636 subsequentis
2028 5575 2103 5627 le-

510 5636 714 5687 ctionis
739 5638 1064 5690 emendatio
1088 5644 1359 5692 recurret.

570 5716 588 5737 ·
611 5708 783 5761 Tacet
809 5710 1175 5763 Guarnerian.
1202 5725 1310 5765 ms.
1335 5712 1637 5767 literarum.

566 5777 589 5807 ⁴
612 5781 807 5853 Atque
827 5780 954 5834 heic
978 5783 1128 5835 tacet
1150 5790 1246 5834 aut
1268 5786 1549 5839 voculam.
1564 5787 1734 5839 Porro
1753 5786 1946 5853 ipsum
1970 5802 2099 5844 con-

501 5849 585 5905 fer
605 5850 664 5905 S.
692 5851 921 5945 Patrem
934 5853 1003 5910 in
1020 5854 1301 5923 Apologia
1324 5859 1421 5913 Ill.
1442 5871 1604 5915 num.
1627 5857 1717 5916 32.
1735 5849 1835 5916 ubi
1854 5861 2006 5918 hanc
2022 5864 2097 5918 ab

2261 1943 2540 1996 librorum
2564 1945 2726 1997 valde
2752 1950 3058 2006 teneretur,
3092 1959 3199 1998 nec
3229 1947 3388 1998 facile
3411 1954 3611 2012 posset
3636 1949 3741 2002 tali
3765 1964 3864 2003 ca-

2258 2046 2382 2086 rere
2414 2034 2715 2100 desiderio,
2750 2053 2779 2085 »
2808 2038 2874 2087 Et
2910 2049 3010 2101 pro
3036 2036 3143 2088 hoc
3168 2036 3376 2100 subito,
3405 2037 3610 2102 inquit,
3645 2044 3861 2106 raptus

2257 2124 2316 2175 in
2346 2124 2567 2189 spiritu,
2583 2125 2657 2176 ad
2684 2126 2929 2178 tribunal
2957 2126 3177 2178 Judicis
3203 2128 3512 2193 pertrahor,
3536 2130 3635 2181 ubi
3660 2138 3863 2180 tantum

2254 2214 2491 2267 luminis
2505 2220 2562 2267 et
2575 2220 2800 2267 tantum
2819 2221 2941 2268 erat
2952 2229 3025 2269 ex
3036 2217 3533 2270 circumstantium
3543 2221 3861 2271 claritateful

2255 2306 2501 2371 goris,ut
2513 2306 2800 2370 projectus
2810 2307 2868 2359 in
2881 2312 3349 2369 terram,sursum
3359 2310 3616 2373 aspicere
3632 2323 3760 2363 non
3776 2328 3863 2362 au-

2255 2396 2862 2462 derem.lnterrogatus
2882 2398 3266 2450 conditionem
3281 2399 3385 2463 [AL
3401 2400 3470 2451 de
3481 2401 3858 2465 conditione],

2256 2486 2641 2539 Christianum
2663 2500 2757 2539 me
2773 2502 2898 2539 esse
2909 2488 3195 2553 respondi.
3213 2490 3402 2556 Etille,
3416 2491 3513 2554 qui
3527 2494 3856 2555 praesidebat,

2255 2577 2507 2629 Mentiris
2531 2578 2628 2638 ait,
2653 2578 3053 2630 Ciceronianus
3084 2592 3165 2641 es,
3196 2592 3313 2632 non
3336 2580 3733 2641 Christianus;
3759 2584 3857 2633 ubi

2253 2666 2563 2718 thesaurus
2588 2671 2719 2719 tuus
2737 2673 2843 2733 est,
2859 2668 2938 2719 ibi
2953 2673 3011 2721 et
3030 2681 3127 2721 cor
3139 2672 3322 2721 tuum.
3337 2669 3489 2722 Illico
3505 2672 3785 2724 obmutui
3800 2679 3856 2725 et

2251 2757 2401 2809 inter
2437 2759 2671 2809 verbera
2704 2760 2842 2821 (jam
2878 2760 3032 2810 enim
3067 2759 3209 2811 caedi
3255 2761 3359 2824 [AL
3393 2773 3535 2813 num
3558 2762 3737 2826 caedi]
3769 2776 3857 2814 me

2246 2848 2520 2913 jusserat,
2538 2848 2907 2901 conscientim
2929 2850 3113 2913 magis
3126 2850 3256 2914 igne
3275 2853 3597 2915 torquebar.
3623 2856 3855 2903 Clamare

2256 2943 2443 2991 tamen
2471 2938 2700 3002 ccepi,et
2728 2938 2950 3003 ejulans
2974 2939 3181 3004 dicere,
3201 2940 3464 2993 Miserere
3486 2942 3620 3008 mei,
3648 2944 3852 2996 Domi-

2251 3042 2343 3089 ne,
2367 3032 2640 3081 miserere
2664 3030 2795 3081 mei.
2816 3030 2953 3081 Haec
2973 3029 3248 3082 voxinter
3270 3031 3494 3096 ﬂagella
3515 3035 3848 3086 resonabat.

2245 3119 2497 3171 Tandem
2527 3119 2600 3170 ad
2634 3120 2997 3183 praesidentis
3009 3133 3196 3184 genua
3210 3122 3508 3185 provoluti,
3523 3124 3624 3186 qui
3650 3124 3848 3177 adsta-

2246 3212 2387 3262 bant
2421 3208 2525 3274 [AL
2559 3210 2901 3274 astiterant],
2936 3212 3329 3276 precabantur,
3371 3216 3438 3263 ut
3474 3213 3709 3266 veniam
3744 3215 3849 3267 tri-

2245 3302 2445 3353 bueret
2480 3300 2901 3363 adolescentiae,
2943 3305 3002 3352 et
3036 3301 3212 3353 errori
3251 3303 3441 3353 locum
3478 3304 3846 3367 paenitentia

2243 3389 2646 3449 commodaret,
2673 3392 2980 3441 exacturus
2996 3389 3202 3442 deinde
3226 3393 3556 3451 cruciatum,
3580 3393 3631 3443 si
3653 3394 3848 3446 Genti-

2237 3481 2383 3533 lium
2407 3490 2425 3511 ο
2441 3481 2735 3533 literarum
2758 3480 2934 3533 libros
2958 3480 3265 3545 aliquando
3284 3481 3573 3547 legissem.
3600 3486 3726 3549 Ego
3739 3486 3845 3549 qui

2236 3576 2395 3624 tanto
2412 3573 2758 3625 constrictus
2773 3573 3029 3638 articulo,
3061 3572 3267 3626 vellem
3281 3574 3455 3625 etiam
3467 3575 3577 3639 maj
3587 3585 3695 3627 ora
3706 3589 3842 3640 pro-

2235 3664 2480 3724 mittere,
2506 3663 2757 3727 dejerare
2780 3663 2945 3728 cmpi,
2965 3669 3023 3716 et
3045 3676 3258 3716 nomen
3280 3666 3405 3729 ejus
3429 3664 3733 3717 obtestans
3756 3666 3839 3718 di-

2233 3766 2376 3813 cere,
2407 3753 2667 3818 Domine,
2707 3753 2757 3804 si
2782 3766 3035 3817 unquam
3053 3753 3305 3805 habuero
3328 3753 3552 3806 codices
3589 3756 3835 3808 smcula-

2230 3857 2340 3907 res,
2362 3842 2384 3872 ·¹
2418 3851 2517 3895 aut
2541 3845 2589 3893 si
2613 3844 2819 3907 legero,
2860 3849 2914 3895 te
2937 3845 3161 3909 negavi.
3187 3846 3252 3897 In
3281 3845 3406 3897 haec
3429 3847 3603 3899 verba
3621 3846 3831 3898 dimis-

2229 3946 2350 3998 sus,
2372 3938 2646 3997 reverlor,
2670 3934 2873 3997 inquit,
2907 3934 2981 3985 ad
3010 3936 3274 3999 Superos.
3302 3950 3333 3985 ι

2290 4023 2341 4077 7.
2377 4023 2598 4075 Audisti
2622 4036 2796 4087 quam
2819 4036 3055 4090 novum,
3083 4038 3257 4089 quam
3272 4034 3291 4055 ο
3314 4025 3643 4078 horrificum
3661 4027 3826 4091 jura-

2224 4115 2405 4166 menti
2416 4114 2507 4165 sui
2523 4114 3072 4178 exposueritgenus‘?
3083 4116 3388 4168 Residente
3414 4119 3467 4165 in
3482 4119 3824 4167 tribunalibus

2216 4205 2412 4271 judice
2428 4204 2447 4239 τ
2461 4205 2705 4257 Domino
2718 4207 2749 4257 J
2755 4218 2860 4257 esu
2871 4205 3112 4271 Christo,
3125 4206 3534 4259 assistentibus
3551 4208 3821 4272 Angelis,

2221 4300 2279 4348 et
2299 4295 2787 4347 intercedentibus
2812 4309 2912 4360 pro
2938 4309 3019 4360 se,
3045 4296 3192 4348 inter
3222 4298 3459 4349 verbera
3481 4302 3540 4349 et
3560 4300 3816 4347 cruciatus

2215 4387 2373 4451 jurat
2389 4397 2450 4437 se
2463 4387 2766 4439 saeculares
2781 4385 2957 4438 libros
2970 4399 3072 4439 nec
3088 4385 3421 4439 habiturum
3439 4399 3817 4451 unquam,nec

2218 4482 2517 4545 lecturum.
2555 4478 2902 4543 Relegantur
2924 4491 3098 4543 nunc,
3119 4490 3339 4543 quaeso,
3365 4491 3496 4543 quas
3520 4479 3740 4537 scribit.
3766 4478 3815 4530 si

2221 4592 2338 4634 una
2364 4580 2492 4643 ejus
2524 4573 2722 4639 Operis
2757 4571 2963 4636 pagina
2996 4573 3103 4635 est,
3141 4581 3274 4634 quae
3305 4581 3422 4621 non
3444 4581 3576 4621 eum
3600 4569 3811 4622 iterum

2213 4669 2649 4725 Clceronianum
2669 4665 3013 4730 pronuntiet,
3028 4663 3128 4715 ubi
3150 4676 3269 4715 non
3285 4662 3468 4714 dicat:
3493 4662 3582 4712 sed
3605 4662 3815 4713 Tullius

2208 4767 2404 4825 noster,
2446 4758 2535 4808 sed
2587 4756 2805 4807 Flaccus
2849 4758 3043 4818 noster,
3077 4754 3167 4803 sed
3208 4753 3297 4818 [Αι
3336 4753 3412 4817 et]
3463 4753 3640 4805 Maro.
3678 4756 3809 4806 Jam

2206 4864 2345 4905 vero
2397 4847 2782 4913 Chrysippum
2818 4850 2875 4897 et
2919 4844 3249 4907 Aristidem,
3284 4842 3707 4909 Empedoclem,
3754 4849 3810 4895 et

2208 4945 2413 4995 caetera
2431 4940 2761 4990 Graecorum
2795 4938 3094 4988 auctorum
3117 4934 3369 4998 nomina,
3395 4938 3462 4985 ut
3482 4933 3690 4985 doctus
3723 4934 3807 4985 vi-

2204 5032 2485 5095 deatur,et
2502 5027 2763 5094 plurimm
2779 5026 3346 5089 lectionis,tanquam
3362 5020 3801 5093 fumos360et

2204 5121 2447 5172 nebulas
2490 5119 2801 5171 lectoribus
2836 5118 3069 5183 spargit.
3110 5116 3362 5181 Denique
3400 5116 3551 5168 inter
3593 5123 3801 5171 caetera

2204 5304 2267 5345 se
2304 5290 2648 5344 calumniam
2680 5290 2912 5355 perjurii
2942 5288 3177 5353 repellit,
3212 5302 3386 5354 seque
3417 5302 3537 5341 non
3558 5290 3675 5342 nisi
3703 5304 3797 5356 per

2203 5365 2490 5417 somnium
2509 5364 2736 5426 jurasse
2762 5363 3077 5426 profitetur.

2264 5445 2282 5465 ο
2307 5435 2725 5499 Rescripsimus
2767 5434 2891 5484 heic
2929 5447 3156 5497 quoque
3190 5433 3399 5485 codicis
3423 5433 3789 5485 Guarneriani

2201 5510 2539 5559 auctoritate
2564 5506 2884 5569 horriﬁcum
2894 5518 2995 5570 pro
3008 5506 3386 5569 honoriﬁcum,
3406 5506 3561 5568 quod
3581 5507 3791 5570 vulgati

2200 5585 2369 5632 antea
2395 5579 2524 5630 libri
2546 5590 2860 5643 perperam,
2894 5591 3000 5630 nec
3030 5578 3169 5629 satis
3202 5590 3452 5635 congruo
3476 5578 3785 5641 intellectu,

2199 5652 2466 5715 praeferre
2489 5650 2598 5703 visi
2615 5655 2767 5702 sunt.
2793 5650 2998 5703 Recole
3021 5656 3079 5703 et
3095 5651 3445 5714 superiorem
3467 5650 3787 5703 adnotatio-

2356 5722 2403 5774 b.

2356 5736 2403 5774 υ.

2197 5736 2473 5847 netu'll‘acet
2503 5806 2614 5846 ms.
2642 5795 2821 5849 verba
2850 5795 3085 5846 Domino
3116 5794 3267 5844 Jesu:
3300 5807 3439 5847 mox
3472 5797 3780 5847 econtrario

2197 5864 2332 5932 plus
2355 5866 2551 5933 habet,
2578 5867 2722 5920 im
2741 5866 2901 5919 verba.
2915 5872 2963 5920 et
2984 5867 3254 5920 cruciatus
3261 5867 3472 5933 positus
3482 5866 3665 5933 jurat,
3678 5870 3775 5921 etc.
