3900 6392
27 354 131 409 589

1148 354 1523 407 APOLOGIE
1570 355 1781 410 LIBER
1823 356 2209 413 SECUNDUS.

3224 366 3330 424 590

20 468 199 522 etiam
247 465 594 532 Pythagoras
630 464 807 518 libros
845 464 1056 531 legisse
1080 478 1142 518 se
1158 466 1358 532 jactat,
1391 479 1537 532 quos
1560 480 1635 520 ne
1655 473 1712 547 Α
1734 468 1804 522 de
1828 482 1912 537 eo,
1939 472 2097 536 quod
2122 486 2324 527 omnes
2352 478 2652 541 noverant,
2671 485 2911 529 caussas
2935 476 3330 547 dubitationis,

29 564 263 612 exstare
283 557 536 621 quidem,
562 557 767 608 cruditi
791 556 1053 609 homines
1075 559 1359 609 asserunt.
1388 557 1497 610 Sed
1525 558 1634 611 iste

30 663 100 701 ne
123 649 321 712 aliqua
345 661 416 699 ex
440 647 1000 712 partejuramentum
1025 660 1196 698 suum
1214 647 1283 698 de
1301 649 1635 700 auctoribus

34 738 346 792 Gentilium
362 737 697 802 praeteriret,
725 736 896 788 etiam
909 749 990 798 ea,
1010 748 1143 799 quas
1166 749 1284 788 non
1302 743 1440 789 sunt
1466 738 1639 803 scrip-

35 836 111 893 ta,
129 828 345 893 legisse
372 841 433 879 se
458 828 672 879 scribit.
706 826 813 878 Sed
840 827 896 878 in
920 827 1351 879 omnibus'fere
1373 828 1637 892 Opuscu-

32 921 101 972 lis
127 920 254 971 suis
272 918 454 970 multo
480 917 658 982 plura,
684 921 742 969 et
766 916 1073 981 prolixiora
1097 918 1425 970 testimonia
1448 918 1518 970 de
1545 919 1636 970 his

34 1010 173 1071 suis,
193 1021 370 1074 quam
394 1009 464 1059 de
490 1008 786 1071 Prophetis
811 1008 1024 1060 nostris
1042 1008 1436 1073 velApostolis
1453 1008 1633 1073 ponit.

32 1098 242 1152 Puellis
278 1102 511 1163 quoque
534 1097 637 1163 [Αι.
672 1097 828 1161 vero]
860 1103 917 1150 et
959 1098 1314 1150 mulierculis
1345 1100 1635 1163 scribens,

34 1202 166 1253 quae
189 1202 313 1241 non
343 1189 539 1252 utique
562 1186 675 1239 nisi
698 1187 769 1239 de
790 1187 1006 1240 nostris
1031 1188 1338 1253 Scripturis
1363 1188 1639 1241 aediﬁcari

38 1283 95 1331 et
117 1278 364 1344 cupiunt
384 1281 442 1330 et
470 1278 698 1342 debent,
726 1277 988 1344 exempla
1014 1278 1098 1330 eis
1121 1277 1309 1330 Flacci
1319 1278 1641 1344 sui,etTul-

35 1369 93 1421 lii
115 1369 209 1422 vel
238 1368 489 1420 Maronis
511 1367 736 1419 intexit.

97 1457 149 1512 8.
183 1460 319 1509 Jam
366 1470 503 1510 vero
535 1457 593 1508 in
615 1456 709 1509 illo
732 1457 940 1521 libello,
981 1470 1153 1521 quem
1177 1458 1247 1510 de
1281 1458 1510 1524 Optimo
1537 1472 1640 1523 ge-

39 1560 172 1599 nere
205 1546 621 1611 interpretandi
644 1546 979 1606 intitulavit,
1004 1547 1104 1598 ubi
1126 1552 1333 1611 praeter
1357 1548 1508 1600 tituli
1531 1561 1639 1601 an-

38 1637 398 1690 notationem
416 1635 558 1688 nihil
577 1637 881 1701 optimum,
900 1636 1001 1689 sed
1018 1641 1203 1689 totum
1216 1638 1538 1703 pessimum
1554 1640 1643 1691 est

34 1728 137 1794 (ibi
182 1729 344 1780 enim
377 1733 675 1779 asseverat
709 1727 1012 1779 haereticos
1033 1726 1179 1787 illos,
1206 1727 1416 1791 quibus
1439 1741 1597 1779 nunc
1619 1728 1639 1757 ¹³

1734 572 1905 624 quam
1930 574 1965 613 a
1986 575 2075 614 me
2099 564 2452 627 probationis
2467 570 2729 630 oportere
2746 566 2979 632 deposci
2995 573 3019 617 ἱ)
3036 569 3142 620 Sed
3166 569 3225 621 in
3238 573 3333 620 hoc

1730 649 1863 702 licet
1896 664 2100 704 omnes
2138 654 2323 705 sciant
2359 668 2485 707 esse
2525 668 2725 707 verum
2756 655 2777 684 δ
2804 657 2960 719 quod
2985 657 3249 724 dicimus,
3277 666 3334 712 et

1734 753 1937 792 omnes
1975 742 2298 807 intelligant
2323 762 2333 792 :
2383 747 2576 796 tamen
2607 747 2742 809 quia
2765 746 2833 798 de
2858 747 3053 799 anima
3075 748 3331 801 hominis

1732 843 1826 881 res
1849 832 2055 896 agitur,
2077 833 2146 883 de
2172 834 2404 897 perjurii
2429 835 2667 886 crimine
2684 836 2752 886 de
2764 837 3091 901 negationis
3116 839 3327 891 Christi

1735 922 2048 986 sacrilegio,
2080 936 2197 973 non
2234 927 2425 987 potest
2449 924 2635 975 facilis
2671 925 2868 977 haberi
2910 927 3328 981 condemnatio.

1735 1011 2009 1074 Nunquid
2034 1010 2197 1063 illum
2222 1012 2594 1076 imitabimur,
2613 1015 2712 1077 qui
2726 1028 2872 1079 reos,
2892 1030 2998 1067 nec
3014 1016 3335 1082 interroga-

1736 1102 1845 1163 tos,
1864 1112 1972 1152 nec
1997 1101 2419 1165 respondentes
2433 1103 2797 1167 condemnat,
2815 1107 2871 1156 et
2881 1118 2999 1157 non
3018 1106 3205 1158 solum
3217 1120 3337 1159 non

1736 1189 2172 1254 respondentes,
2208 1190 2308 1242 sed
2348 1203 2454 1243 nec
2493 1196 2842 1255 praesentes;
2869 1198 2926 1245 et
2974 1208 3093 1246 non
3149 1197 3337 1249 solum

1737 1270 1756 1313 ὅ
1779 1292 1900 1331 non
1916 1282 2252 1345 praesentes,
2275 1280 2379 1332 sed
2402 1282 2460 1332 et
2478 1284 2738 1334 mortuos
2750 1295 2763 1342 ;
2791 1286 2848 1334 et
2875 1295 2991 1335 non
3010 1284 3197 1337 solum
3212 1302 3341 1337 mor-

1738 1369 1889 1432 tuos,
1918 1369 2018 1420 sed
2052 1372 2108 1421 et
2139 1382 2258 1433 eos,
2288 1382 2436 1433 quos
2463 1383 2691 1435 semper
2722 1376 2857 1423 ante
2879 1370 3257 1438 laudaverat;
3280 1382 3339 1429 et

1739 1470 1857 1510 non
1881 1458 2065 1510 solum
2085 1471 2184 1510 eos
2209 1471 2356 1523 quos
2379 1458 2731 1523 laudaverat,
2754 1459 2856 1512 sed
2878 1466 2936 1513 et
2959 1475 3059 1515 eos
3084 1476 3233 1527 quos
3255 1478 3342 1518 se-

1740 1552 1911 1599 cutus
1926 1548 2129 1612 fuerat,
2143 1553 2201 1600 et
2216 1549 2521 1612 magistros
2537 1549 3128 1604 habuerat.Timeatur
3139 1557 3339 1605 Domini

1741 1638 2045 1700 sententia,
2069 1639 2251 1702 primo
2274 1638 2369 1690 illa
2393 1652 2524 1703 quas
2549 1640 2686 1693 dicit
2709 1656 2721 1692 :
2749 1640 2925 1693 Nolite
2950 1641 3220 1708 judicare,
3246 1644 3263 1673 ί
3282 1651 3339 1695 ut

1740 1743 1853 1777 non
1874 1727 2202 1792 judiccmini
2230 1729 2437 1794 (Matth.
2466 1729 2516 1782 7.
2552 1729 2654 1793 1.);
2682 1736 2739 1782 et
2768 1731 2978 1785 iterum
3004 1749 3016 1785 :
3042 1736 3163 1793 Qua.
3186 1749 3341 1784 men-

41 1817 453 1880 communicat,
478 1822 535 1869 et
560 1816 798 1868 incurrit
819 1816 979 1868 illam
1009 1817 1355 1869 sententiam
1378 1816 1635 1878 Apostoli
1665 1798 1720 1872 B
1743 1831 1877 1866 sura
1914 1818 2087 1866 mensi
2122 1816 2355 1880 fueritis,
2404 1818 2587 1867 eadem
2624 1824 2671 1868 et
2696 1822 2997 1871 remetiatur
3025 1822 3168 1872 vobis
3195 1823 3343 1887 (Luc.

40 1908 236 1971 nostri,
264 1920 386 1959 non
415 1907 527 1972 sui,
550 1906 641 1958 ille
667 1906 821 1958 enim
856 1919 1029 1958 suum
1058 1911 1159 1959 aut
1181 1907 1445 1959 Flaccum
1482 1907 1640 1971 dicit,

40 2002 137 2049 aut
180 1996 459 2057 Tullium,
500 1996 598 2060 qui
626 1996 707 2047 ait
732 2010 743 2047 :
769 1995 872 2055 Qui
901 2002 1081 2045 autem
1103 1996 1208 2061 [Αι.
1234 1996 1404 2061 enim]
1435 1996 1642 2047 discer-

42 2088 138 2151 m't,
180 2088 231 2136 si
272 2086 588 2150 manducet,
627 2086 920 2136 damnatus
956 2091 1027 2135 est
1057 2086 1231 2150 [Βογη.
1272 2086 1357 2140 14.
1383 2084 1493 2151 23.]
1522 2087 1558 2149 ),
1583 2086 1646 2138 in

41 2176 129 2229 illo
167 2190 312 2242 ergo
353 2176 564 2239 libello,
596 2185 615 2204 °
658 2175 811 2240 qnod
854 2175 1012 2228 nullo
1048 2188 1259 2240 genere
1296 2177 1543 2228 verbum
1575 2175 1645 2227 de

43 2270 213 2321 verbo
237 2267 604 2331 interpretari
626 2266 769 2318 ratio
800 2250 952 2318 sinat
970 2266 1141 2330 (quod
1175 2266 1345 2318 modo
1369 2267 1421 2318 ei
1436 2267 1646 2317 iterum

44 2357 379 2410 rationabile
403 2356 596 2410 visum
619 2356 745 2419 est),
770 2356 1190 2421 capitaintegra
1221 2355 1434 2408 dictata
1456 2369 1531 2407 ex
1551 2368 1648 2407 co-

46 2449 163 2500 dice
197 2448 492 2500 Ciceronis
513 2445 774 2498 inseruit.
804 2448 1007 2497 Nonne
1030 2446 1153 2510 ipse
1178 2445 1417 2509 dixerat,
1446 2466 1473 2490 ι(
1500 2444 1647 2507 Quid

50 2539 208 2591 faciet
230 2551 371 2590 cum
397 2536 671 2588 Psalterio
686 2536 978 2599 Horatius,
997 2547 1131 2586 cum
1152 2534 1476 2599 Evangeliis
1492 2536 1646 2597 Maro,

49 2642 177 2680 cum
200 2627 486 2693 Apostolo
515 2625 939 2691 [A1,Apostolis]
951 2626 1143 2677 Cicero
1158 2628 1184 2675 ‘?
1197 2626 1401 2676 Nonne
1414 2624 1650 2676 scanda-

48 2718 314 2769 lizabitur
358 2717 544 2778 frater,
592 2716 641 2766 si
684 2718 743 2767 te
787 2715 993 2768 viderit
1025 2715 1086 2766 in
1113 2713 1284 2766 idolio
1304 2716 1649 2766 recumben-

50 2813 198 2861 tem?
223 2828 250 2851 ιι
294 2809 362 2859 In
405 2819 522 2871 quo
551 2806 752 2869 utique
793 2806 917 2870 ipse
953 2818 1014 2857 se
1036 2804 1316 2856 idolatria).
1345 2818 1507 2856 reum
1532 2809 1650 2856 sta-

52 2899 171 2951 tuit.
214 2898 279 2950 Si
317 2897 474 2949 enim
508 2896 606 2960 qui
631 2895 838 2948 viderit
858 2894 1147 2960 legentem
1169 2894 1279 2946 hoc
1296 2893 1650 2946 scandaliza-

50 2988 137 3039 tur
180 2986 370 3039 multo
404 2986 649 3046 amplius
686 2984 784 3048 qui
817 2984 1178 3036 scribentem.
1232 2983 1339 3035 Sed
1378 2983 1650 3047 quoniam

1743 1906 1793 1960 6.
1821 1904 1943 1969 38.).
1969 1906 2115 1967 Quid
2147 1919 2283 1970 ergo
2320 1906 2453 1958 licet
2485 1920 2559 1959 ex
2591 1911 2899 1976 superﬂuo,
2936 1924 3118 1963 unum
3146 1917 3345 1965 tamen

1743 1995 2022 2060 proferam
2052 1999 2260 2047 testem
2281 1995 2591 2048 adversum
2615 2011 2747 2050 eum
2770 2000 3150 2064 pervalidum,
3169 2006 3228 2054 et
3251 2003 3345 2054 cui

1744 2086 2114 2150 praescribere
2137 2098 2253 2137 non
2275 2089 2467 2151 potest
2494 2087 2831 2155 [At.possit'|,
2850 2090 3040 2155 ipsum
3056 2091 3267 2144 iterum
3284 2105 3346 2144 se

1746 2179 1805 2228 et
1838 2188 1946 2227 sua
1959 2175 2241 2239 proferam
2259 2176 2484 2240 scripta.
2510 2177 2786 2238 Quamvis
2811 2192 2945 2244 ergo
2957 2193 3160 2232 omnes
3170 2181 3347 2233 libelli

1747 2278 1873 2329 ejus
1896 2265 2005 2316 hoc
2022 2267 2323 2328 testentur,
2350 2269 2407 2315 et
2419 2267 2707 2329 superﬂua
2719 2266 2790 2318 de
2805 2267 2915 2321 hoc
2940 2282 3067 2321 mea
3083 2270 3348 2322 videatur

1744 2355 1986 2407 assertio
2007 2369 2019 2405 ς
2048 2360 2238 2405 tamen
2255 2353 2538 2405 utendum
2549 2354 2742 2420 aliquo
2769 2352 3002 2422 speciali
3018 2359 3345 2412 testimonio

1747 2448 1851 2504 est,
1877 2457 1951 2495 ne
1973 2444 2166 2494 minus
2192 2443 2424 2507 plenum
2446 2443 2538 2495 his
2561 2444 2660 2508 qui
2683 2444 2829 2498 forte
2854 2437 3065 2513 scripta
3080 2448 3207 2513 ejus
3228 2462 3346 2502 non

1746 2533 2029 2599 legerunt,
2061 2532 2321 2585 videatur
2344 2545 2471 2584 esse
2496 2534 2651 2597 quod
2675 2535 2940 2588 dicimus.

1811 2621 1861 2677 9.
1877 2624 2019 2674 Cum
2034 2621 2256 2673 libellos
2269 2623 2395 2685 ejus
2408 2634 2555 2685 quos
2568 2623 2844 2677 adversus
2856 2629 3180 2676 Jovinianum
3195 2629 3349 2689 scrip-

1750 2712 1841 2776 sit,
1861 2721 1879 2751 ε
1900 2711 2361 2776 reprehendisset
2385 2713 2618 2775 quidam
2648 2730 2666 2775 ;
2690 2715 2998 2768 Domnioni
3020 2717 3205 2770 beatae
3227 2730 3351 2770 me-

1748 2803 1947 2855 morias
1979 2803 2126 2867 seni,
2153 2801 2327 2873 362
2364 2802 2464 2864 qui
2495 2803 2604 2854 sibi
2625 2804 2738 2856 hoc
2761 2805 2955 2869 ipsum
2974 2805 3346 2864 indicaverat,

1747 2892 1857 2945 iste
1894 2894 2212 2947 rescribens
2249 2899 2510 2959 excusat,
2548 2899 2607 2945 et
2628 2893 2792 2945 dicit:
2819 2893 2987 2945 Nullo
3011 2907 3217 2957 genere
3246 2907 3349 2958 po—

1749 2984 1931 3036 tuisse
1948 2985 2063 3036 ﬁeri
2091 2999 2154 3038 se
2177 2985 2741 3049 errasse,hominem,
2765 2984 2864 3046 qui
2886 2984 3149 3035 omnium
3173 2983 3350 3036 habe-

50 3077 143 3140 qui
170 3077 245 3129 ad
284 3074 664 3128 idololatriam
681 3074 1028 3140 devolvitur,
1052 3087 1173 3126 non
1187 3073 1352 3138 plene
1379 3086 1485 3124 nec
1508 3074 1654 3124 inte-
1753 3077 1840 3125 ret
1874 3074 2190 3126 scientiam.
2223 3077 2365 3127 Cum
2390 3088 2525 3139 ergo
2547 3077 2947 3126 enumerasset
2970 3074 3061 3125 vel
3085 3073 3349 3137 syllogis-

48 3176 141 3227 gre
172 3161 516 3227 prophanus
554 3159 818 3221 efﬁCituI‘,
851 3159 961 3211 οἱδὶ
998 3160 1155 3223 Prius
1179 3159 1477 3222 negaverit
1506 3157 1655 3210 Chri-
1679 3174 1726 3247 ρ
1754 3177 1981 3215 morum
2001 3177 2230 3229 genera,
2248 3164 2338 3217 vel
2363 3165 2619 3215 discendi
2641 3177 2708 3215 ac
2725 3162 3199 3224 scribendiartes,
3219 3178 3346 3224 quas

51 3258 199 3305 stum
226 3268 240 3304 :
262 3252 391 3317 ipse
415 3251 639 3303 Christo
663 3252 723 3302 in
747 3250 949 3302 faciem
972 3262 1162 3301 coram
1194 3248 1431 3301 sedendi
1463 3249 1525 3300 in
1549 3248 1651 3300 tri-

48 3342 378 3406 bunalibus,
395 3341 806 3393 assistentibus
823 3352 1053 3404 quoque
1078 3338 1410 3391 clarissimis
1426 3340 1651 3387 ministe-

47 3433 138 3485 riis
150 3432 530 3497 Angelornm,
551 3431 718 3484 dicit:
747 3432 1067 3495 «Silegero,
1085 3430 1176 3483 vel
1202 3429 1306 3495 [AL
1335 3430 1404 3495 si]
1429 3432 1649 3478 habuero

48 3523 364 3576 Gentilium
413 3521 609 3587 libros,
650 3527 705 3574 te
728 3521 955 3587 negavi.
982 3540 1009 3565 »
1039 3522 1108 3572 Et
1139 3532 1295 3572 nunc
1318 3533 1433 3572 non
1460 3518 1649 3572 solum

44 3613 176 3679 legit
204 3617 263 3666 et
289 3612 484 3676 habet,
499 3624 619 3664 non
642 3612 831 3664 solum
846 3610 1119 3663 describit
1143 3615 1199 3663 et
1215 3615 1536 3676 comparat;
1558 3622 1649 3663 ve-

45 3704 353 3757 rumetiam
376 3701 586 3754 divinis
607 3714 706 3753 eos
731 3700 923 3754 verbis
947 3704 1004 3752 et
1016 3699 1377 3752 sermonibus
1400 3701 1648 3749 Ecclesia-

46 3797 201 3850 sticm
226 3792 629 3848 aedificationis
656 3788 805 3861 36|
839 3791 1146 3843 interserit.
1168 3793 1282 3842 Res
1300 3802 1474 3853 quam
1498 3789 1642 3850 dico,

44 3886 319 3939 omnibus
343 3884 443 3948 qui
476 3883 679 3948 legunt
704 3881 927 3934 libellos
965 3883 1113 3946 ejus,
1134 3881 1275 3933 satis
1298 3882 1435 3932 nota
1456 3884 1562 3939 est,
1588 3883 1646 3931 et

46 3983 178 4030 teste
209 3988 336 4029 non
359 3973 594 4039 indiget.
622 3973 729 4025 Sed
742 3977 834 4024 est
856 3971 1108 4024 hominis
1132 3971 1200 4022 de
1226 3974 1342 4022 tam
1368 3969 1642 4033 sacrilego

43 4067 275 4132 perjurii
309 4064 576 4118 barathro
602 4077 663 4115 se
683 4062 965 4128 cupientis
988 4062 1220 4126 eripere,
1246 4060 1513 4112 adhibere
1533 4059 1644 4111 sibi

42 4157 269 4223 aliquod
308 4156 699 4208 excusationis
732 4157 1142 4213 commentum,
1178 4156 1235 4203 et
1258 4150 1444 4202 dicere
1475 4165 1488 4202 :
1516 4152 1643 4202 Non

42 4248 207 4301 modo
244 4248 397 4312 lego,
424 4248 523 4299 sed
549 4258 616 4298 ea
652 4258 785 4309 quas
803 4245 863 4296 in
886 4241 1271 4297 adolescentia
1292 4241 1480 4306 didici,
1507 4241 1643 4306 quia

43 4352 167 4390 sum
190 4337 419 4392 tenacis
439 4335 753 4399 memoriae,
770 4336 851 4386 ita
866 4340 931 4387 ut
956 4334 1174 4398 possim
1197 4334 1361 4397 plura
1373 4331 1547 4383 simul
1569 4331 1640 4384 de

1750 3254 2015 3307 videlicet
2035 3255 2128 3306 ille
2158 3255 2259 3319 qui
2282 3268 2416 3309 eum
2454 3254 2559 3319 [AL
2587 3259 2686 3305 tae.
2723 3254 2878 3319 eum]
2903 3252 3350 3318 reprehenderat

1746 3344 2069 3409 ignoraret;
2098 3344 2369 3396 continuo
2398 3345 2526 3396 haec
2551 3343 2887 3408 subjungit:
2924 3364 2951 3390 α
2977 3343 3218 3403 Stultus,
3255 3342 3347 3394 in-

1750 3435 1893 3499 quit,
1914 3448 2037 3499 ego,
2066 3435 2167 3498 qui
2188 3447 2282 3487 me
2306 3434 2630 3501 putaverim
2646 3434 2753 3486 hoc
2764 3434 2983 3498 absque
2994 3432 3352 3498 philosophis

1750 3524 1897 3576 scire
1919 3538 2039 3577 non
2054 3538 2244 3590 posse,
2266 3526 2367 3589 qui
2392 3526 2689 3577 meliorem
2712 3524 3057 3589 stilipartem
3070 3522 3351 3587 elegerint

1748 3627 1895 3679 eam,
1923 3627 2055 3678 quae
2082 3615 2311 3681 deleret,
2331 3628 2504 3679 quam
2517 3627 2650 3679 qua:
2664 3614 2951 3667 scriberet.
2970 3615 3204 3665 Frustra
3214 3625 3349 3677 ergo

1746 3703 2058 3769 Alexandri
2081 3706 2227 3758 verti
2250 3706 2719 3768 Commentarios,
2732 3705 3122 3769 nequicquam
3134 3716 3228 3755 me
3245 3702 3350 3753 do-

1746 3799 1874 3847 ctus
1898 3793 2177 3865 magister
2200 3807 2301 3858 per
2324 3789 2595 3870 εἷσαγωγῂν
2622 3794 2916 3858 Porphyrii
2940 3792 3259 3845 introduxit
3274 3792 3348 3844 ad

1743 3884 2056 3948 Logicam:
2092 3888 2148 3935 et
2180 3885 2246 3935 ut
2268 3883 2526 3935 humana
2556 3887 2939 3948 contemnam,
2978 3883 3102 3934 sine
3138 3894 3348 3934 caussa

1745 3972 2085 4038 Gregorium
2103 3972 2530 4024 Nazianzenum
2549 3976 2607 4023 et
2632 3971 2943 4036 Didymum
2960 3971 3022 4022 in
3041 3971 3345 4036 Scripturis

1741 4065 2024 4130 κατηχητὰς
2057 4062 2146 4127 [Al
2200 4058 2472 4127 εἰσηγητὰς]
2515 4061 2710 4114 habui.
2734 4078 2764 4110 »
2788 4062 2893 4112 Hic
2926 4065 3016 4112 est
3062 4061 3160 4125 qui
3184 4060 3345 4112 Chri-

1743 4158 1833 4205 sto
1856 4153 2025 4217 dixit,
2053 4157 2106 4205 te
2131 4153 2357 4217 negavi,
2390 4153 2439 4204 si
2464 4151 2556 4203 vel
2580 4152 2837 4204 habuero
2854 4150 3163 4203 Gentilium
3188 4150 3344 4202 codi-

1741 4257 1856 4305 ces,
1893 4244 1981 4296 vel
1996 4243 2201 4308 legero.
2225 4244 2282 4296 Si
2304 4243 2445 4294 nihil
2469 4242 2645 4307 aliud,
2660 4242 2749 4295 vel
2765 4243 2834 4294 de
2846 4241 3155 4307 Porphyrio
3174 4241 3341 4294 silere

1741 4336 2036 4399 debuerat,
2077 4334 2177 4398 qui
2222 4332 2487 4399 specialis
2522 4333 2708 4386 hostis
2731 4332 2940 4384 Christi
2964 4334 3072 4395 est,
3108 4331 3203 4395 qui
3218 4331 3343 4382 reli-

42 4426 283 4482 diversis
327 4429 514 4492 capita
558 4426 908 4488 continuare,
945 4425 1068 4489 ipsa
1096 4436 1252 4475 nunc
1284 4423 1526 4488 profero.
1579 4422 1634 4474 Si
1657 4448 1716 4522 D
1744 4424 1975 4489 gionem
2020 4424 2405 4477 Christianam
2438 4428 2724 4488 quantum
2758 4423 2820 4475 in
2855 4435 2917 4474 se
2948 4422 3072 4484 fuit,
3108 4420 3342 4485 penitus

42 4523 169 4587 quis
191 4534 227 4574 a
250 4532 349 4572 me
370 4518 543 4570 modo
566 4516 839 4581 exigeret.
866 4519 932 4568 ut
952 4515 1269 4579 probarem,
1295 4513 1525 4566 sihodie
1540 4526 1634 4565 an-

41 4614 279 4676 tequam
317 4610 404 4661 sol
443 4609 705 4664 oriretur,
742 4618 862 4658 nox
894 4605 1102 4657 fuisset
1130 4604 1188 4656 in
1222 4604 1388 4656 terris
1416 4618 1428 4654 :
1460 4609 1561 4656 aut
1592 4603 1640 4655 si

41 4715 224 4768 usque
238 4700 318 4754 ad
340 4697 476 4752 solis
500 4709 772 4750 occasum
791 4697 914 4749 dies
936 4695 1309 4748 illustraverit
1332 4694 1636 4755 mundum,

43 4793 177 4858 quid
198 4790 360 4847 aliud
384 4790 651 4851 dicerem,
672 4787 787 4841 nisi
808 4788 994 4853 magis
1018 4787 1091 4840 ab
1118 4786 1233 4846 illo,
1264 4785 1364 4850 qui
1387 4786 1639 4835 dubitaret

100 4973 118 4996 ³
152 4965 243 5018 Ita
267 4977 340 5016 ex
365 4961 755 5015 Guarneriano
778 4971 885 5011 ms.
911 4962 1084 5012 antea
1105 4956 1243 5010 illud
1266 4957 1376 5021 fere
1405 4961 1639 5022 postpo-

41 5039 302 5101 nebatur,
334 5037 393 5086 in
418 5033 669 5086 omnibus
691 5031 960 5098 opusculis
982 5031 1095 5081 suis
1117 5030 1229 5095 fere
1252 5029 1419 5079 multo
1438 5031 1636 5094 plura;

43 5111 193 5173 quod
220 5108 483 5173 sequitur
505 5112 551 5156 et
566 5105 898 5171 prolixiora,
927 5107 1054 5156 tum
1081 5107 1138 5156 et
1159 5103 1405 5156 alterum
1429 5115 1639 5168 prono-

41 5194 167 5233 men
192 5182 330 5243 suis,
354 5179 502 5232 idein
528 5192 635 5229 ms.
660 5181 827 5229 tacet.

98 5254 117 5282 ⁵
142 5256 291 5305 Puta
305 5254 590 5303 Joannem
612 5249 1100 5314 Jerosolymorum
1123 5248 1637 5313 Episcopum,ejus-

40 5338 145 5389 que
174 5324 563 5390 presbyteros.
592 5323 939 5387 quibuscum
971 5332 1170 5386 pacem
1193 5319 1415 5371 inierat.

96 5407 113 5426 ι
137 5388 439 5449 Interserit
473 5397 844 5446 Guarnerian.
875 5393 999 5445 cod.
1043 5398 1097 5441 ut
1135 5395 1371 5442 asserat:
1401 5393 1525 5442 tum
1550 5388 1637 5441 al-

39 5472 153 5521 tero
193 5470 271 5521 ab
312 5469 421 5519 hoc
456 5480 630 5519 versu
660 5465 864 5529 habet;
892 5464 1160 5530 quomodo
1191 5465 1239 5513 ei
1282 5464 1499 5526 iterum,
1524 5467 1634 5514 etc.

39 5541 259 5602 quibus
284 5539 511 5591 videtur
544 5550 822 5603 nuperam
850 5538 979 5589 libri
1011 5531 1118 5603 περῖ
1149 5540 1336 5603 Ἀρχῶν
1371 5534 1637 5586 Latinam

39 5604 474 5664 translationem
508 5613 608 5663 abs
644 5611 997 5675 Hieronymo
1030 5609 1373 5663 adornatum
1397 5617 1636 5672 suasque

40 5685 356 5749 oppositam
380 5681 706 5749 suggillare.

96 5753 119 5785 ‘
132 5755 504 5814 Desideratur
523 5756 586 5810 in
617 5767 732 5809 ms.
765 5753 913 5821 quod
933 5752 1184 5805 dicimus.

1743 4517 2076 4567 subvertere
2098 4519 2343 4567 conatus
2368 4519 2457 4566 est
2469 4514 2697 4579 scriptis
2723 4514 2845 4565 suis
2865 4531 2875 4561 :
2894 4524 3067 4577 quem
3082 4512 3189 4563 iste
3204 4526 3341 4560 nunc

1738 4606 2187 4659 introductorem
2225 4609 2283 4656 et
2320 4605 2728 4657 instructorem
2759 4604 2832 4655 ad
2862 4604 3131 4668 Logicam
3155 4606 3341 4653 habere

1737 4696 2028 4761 gloriatur.
2054 4697 2172 4747 Nec
2194 4695 2583 4760 argumentari
2607 4698 2815 4760 potest,
2850 4707 2912 4747 se
2946 4698 3078 4746 ante
3102 4693 3230 4746 haec
3252 4693 3339 4745 di-

1738 4785 1963 4838 dicisse.
1991 4787 2142 4840 Ante
2164 4786 2318 4838 enim
2340 4798 2513 4850 quam
2529 4788 2980 4848 converteretur,
2993 4797 3223 4838 mecum
3234 4796 3335 4850 pa-

1799 4971 1818 4995 ο
1840 4960 2047 5011 Deerat
2083 4959 2219 5011 olim
2245 4959 2496 5025 negandi
2529 4957 2828 5025 particula,
2855 4964 2980 5012 tum
3008 4959 3181 5011 habet
3202 4971 3335 5022 ms.,

1736 5046 1829 5081 nee
1851 5032 2027 5081 solum
2046 5037 2305 5095 mortuos,
2330 5033 2421 5082 sed
2442 5038 2490 5082 et
2509 5047 2593 5082 eos
2616 5047 2748 5097 quos
2769 5047 2976 5097 semper
2993 5037 3039 5081 et
3061 5037 3184 5081 ante
3208 5032 3335 5081 tau-

1737 5103 1973 5167 daveral,
2000 5107 2044 5152 et
2073 5117 2156 5152 eos
2180 5118 2312 5167 quos
2333 5110 2539 5153 secutus
2565 5103 2762 5167 fuerat.
2790 5108 2898 5155 etc.

1799 5174 1819 5209 τ
1850 5177 1915 5226 ΙΙΙ
1952 5187 2083 5238 ms.,
2124 5178 2171 5223 et
2206 5190 2316 5224 non
2333 5174 2754 5239 judicabimini;
2779 5179 2923 5237 tum,
2956 5174 3143 5223 eadem
3173 5187 3337 5222 reme-

1737 5248 1916 5311 tietur,
1944 5249 2050 5298 etc.

1799 5329 1816 5357 ι
1843 5320 1967 5369 Non
2002 5322 2227 5370 veteres
2251 5316 2421 5368 modo
2453 5318 2668 5381 vulgati
2694 5315 2842 5378 libri,
2867 5316 2967 5368 sed
2992 5319 3049 5366 et
3077 5317 3333 5367 Guarne-

1735 5390 1876 5443 rian.
1915 5403 2023 5440 ms.
2040 5400 2155 5451 prie
2165 5389 2354 5438 ferunt
2370 5389 2822 5451 reprehendisscm
2838 5388 3058 5436 cuidam
3079 5386 3336 5436 Domnic-

1735 5461 1816 5522 ni,
1850 5462 2014 5525 quasi
2037 5461 2160 5525 ipse
2191 5461 2430 5511 Ruﬁnus
2467 5472 2528 5511 se
2560 5459 2734 5510 libros
2758 5459 2884 5509 illos
2908 5459 3121 5510 diceret
3143 5470 3331 5522 repre-

1734 5533 2027 5586 hendisse.
2078 5533 2250 5583 Paulo
2294 5536 2428 5597 post
2472 5544 2580 5582 ms.
2628 5545 2814 5580 errare
2835 5545 2886 5579 se
2915 5530 3207 5591 hominme,
3234 5530 3332 5594 qui

1732 5607 1985 5658 omnium
2031 5605 2297 5655 habuisset
2340 5605 2637 5657 scientiam.
2674 5603 2974 5657 Manifesta
3013 5601 3330 5656 identidem

1732 5678 1944 5731 menda
1964 5676 2421 5731 dissimulamus.
