3900 6392
549 400 649 459 591

1562 398 1806 449 RUFINI
1860 396 2346 458 AQUILEIENSIS
2403 397 2838 448 PRESBYTERI

3759 396 3858 452 59?.

549 516 686 568 riter
700 518 757 567 et
781 512 975 567 literas
992 514 1218 565 Graecas
1234 512 1292 561 et
1305 508 1563 572 linguam
1578 510 1810 571 penitus
1824 510 2143 571 ignorabat.
2173 510 2229 583 Α
2250 507 2523 570 codicem,
2543 512 2601 559 et
2623 506 2955 571 aliquandiu
2978 507 3147 559 fuerit
3168 507 3320 571 apud
3343 520 3455 571 me,
3472 506 3639 559 nullo
3652 520 3860 572 genere

548 606 687 657 Post
696 606 1089 671 juramentum
1118 598 1310 652 omnia
1337 597 1481 662 haec,
1508 599 1640 662 post
1664 599 2009 650 sacramenti
2034 600 2155 655 dati

546 694 929 759 sponsionem.
957 692 1089 742 Sine
1119 699 1330 741 caussa
1353 691 1846 752 argumentamur,
1877 690 2152 743 continuo

546 783 769 837 dicetur
790 781 957 834 nobis
980 798 991 830 :
1020 782 1188 832 Erras
1206 778 1399 831 homo.
1425 778 1565 828 Deus
1589 793 1701 827 non
1726 778 1991 827 irridetur
2017 781 2152 844 (Gal.

545 872 596 927 6.
636 872 726 937 7.),
775 884 884 923 nec
930 869 1293 934 syllogismi‘
1325 868 1480 932 apud
1527 881 1660 919 eum
1714 868 1785 919 de
1842 868 2157 921 Alexandri

543 960 983 1015 Commentariis
1027 959 1384 1011 intexuntur.
1437 959 1511 1010 Ut
1543 958 1733 1021 video,
1776 957 1966 1023 frater,
2007 961 2156 1013 male

541 1051 647 1105 tibi
665 1050 1005 1115 auspicatus
1017 1060 1102 1113 es,
1121 1047 1275 1113 quod
1292 1046 1655 1099 introductor
1669 1052 1805 1099 tuus
1826 1048 1900 1099 sit
1914 1050 2159 1115 Porphy-

542 1141 683 1194 rius.
710 1142 834 1202 Quo
864 1144 922 1192 te
942 1138 1266 1191 introduxit
1286 1136 1581 1202 perﬁdus?
1611 1137 1667 1188 Si
1689 1137 1763 1189 ad
1784 1137 1947 1189 illum
1967 1139 2156 1191 locum

539 1231 641 1287 ubi
671 1231 797 1297 ipse
815 1234 943 1283 est:
970 1228 1051 1281 ibi
1074 1232 1134 1281 et
1162 1229 1333 1280 ﬂetus
1359 1229 1417 1279 et
1445 1226 1660 1279 stridor
1674 1227 1933 1280 dentium
1950 1234 2057 1282 est.
2074 1226 2160 1281 Ibi

539 1320 699 1375 enim
722 1325 782 1372 et
795 1319 1076 1383 apostataa
1099 1320 1156 1371 et
1190 1315 1413 1369 inimici
1441 1315 1545 1367 Dei
1578 1315 1840 1368 fortassis
1865 1321 1923 1370 et
1945 1318 2063 1383 perj
2074 1314 2159 1370 uri

537 1412 619 1465 ibi
643 1409 925 1463 habitant.

602 1498 689 1555 10.
717 1500 842 1551 Non
861 1499 1083 1550 bonum
1104 1494 1559 1547 introductorem
1589 1494 1692 1546 tibi
1709 1492 1953 1560 elegisti.
1970 1497 2157 1562 Magis

542 1589 592 1641 si
624 1587 836 1653 accipis
858 1585 1165 1640 consilium
1184 1596 1402 1648 meum,
1415 1583 1488 1635 ad
1504 1582 1666 1636 illum
1677 1596 1787 1636 nos
1800 1584 2159 1639 introducto-

538 1690 662 1729 rem
683 1677 894 1742 pariter
918 1677 1361 1737 convertamus,
1382 1673 1481 1737 qui
1504 1672 1815 1725 introducit
1838 1673 1911 1726 ad
1927 1676 2156 1727 Patrem

540 1765 641 1830 qui
669 1764 852 1817 dixit:
875 1764 1045 1814 Nemo
1069 1763 1091 1792 δ
1132 1764 1274 1812 venit
1296 1763 1369 1811 ad
1388 1763 1606 1812 Patrem
1630 1759 1806 1830 363
1836 1763 1947 1813 nisi
1966 1780 2064 1828 per
2075 1779 2157 1813 me

2253 608 2462 659 negare
2485 600 2691 660 potest.
2730 596 2839 647 Sed
2864 596 3001 660 quid
3025 597 3296 647 immoror
3318 597 3523 648 tandiu
3542 597 3607 648 in
3630 610 3714 661 re,
3734 611 3861 662 quae

2252 684 2379 736 luce
2405 690 2493 735 est
2516 686 2718 736 clarior
2736 689 2761 736 ἢ
2784 699 2917 737 cum
2941 687 3013 737 ad
3042 688 3167 739 haec
3197 687 3388 738 omnia
3414 700 3546 751 quae
3574 700 3760 753 supra
3791 688 3865 738 di-

2253 774 2467 833 ximus,
2500 776 2673 825 etiam
2710 774 2850 826 illud
2874 776 3135 840 addatur,
3163 777 3260 827 ubi
3284 781 3473 828 cesset
3497 789 3676 829 omne
3702 790 3862 828 com-

2254 868 2533 927 mentum,
2561 865 2715 928 quod
2745 865 2804 916 in
2836 866 3185 918 monastario
3211 868 3434 931 positus
3457 868 3517 918 in
3540 866 3864 931 Bethleem.

2255 958 2389 1004 ante
2408 966 2526 1005 non
2551 963 2568 982 '
2584 954 2765 1005 multo
2789 955 2978 1006 adhuc
3006 959 3276 1020 tempore,
3303 961 3495 1019 partes
3519 957 3869 1007 Grammati-

2257 1055 2355 1093 cas
2389 1048 2671 1095 executus
2706 1045 2797 1102 sit,
2837 1050 2895 1096 et
2919 1046 3212 1097 Maronem
3252 1058 3441 1107 suum,
3478 1046 3870 1109 Comicosque

2256 1129 2434 1200 364
2480 1144 2546 1183 ac
2596 1133 2829 1197 Lyricos
2860 1138 2918 1185 et
2953 1134 3273 1187 Historicos
3296 1136 3599 1197 Auctores,
3630 1136 3869 1188 traditis

2257 1223 2365 1273 sibi
2382 1222 2454 1273 ad
2470 1222 2811 1274 discendum
2830 1223 2931 1275 Dei
2954 1224 3217 1276 timorem
3237 1224 3491 1291 puerulis
3508 1227 3868 1291 exponebat,

2258 1312 2475 1365 scilicet
2508 1316 2654 1365 etut
2678 1318 2994 1378 praeceptor
3016 1314 3179 1367 ﬁeret
3201 1317 3518 1368 Auctorum
3543 1315 3870 1368 Gentilium

2256 1414 2403 1464 quos
2429 1402 2477 1453 si
2499 1402 2734 1466 legisset
2753 1405 3172 1470 tantummodo,
3199 1404 3486 1459 Christum
3511 1418 3573 1459 se
3611 1412 3873 1471 negatu-

2254 1505 2385 1544 rum
2400 1494 2711 1557 juraverat.

2318 1583 2369 1637 9.
2402 1582 2510 1635 Sed
2534 1582 2836 1636 videamus
2860 1584 3000 1648 quid
3022 1584 3211 1637 adhuc
3234 1584 3388 1637 aliud
3412 1584 3626 1651 culpet.
3653 1586 3866 1638 Genti-

2255 1670 2396 1723 lium
2420 1685 2549 1723 esse
2574 1672 2711 1723 dicit
2734 1674 2858 1726 haec
2884 1673 3181 1738 dogmata:
3200 1688 3330 1727 ecce
3356 1687 3470 1739 qua
3488 1675 3786 1727 sententia
3804 1688 3869 1727 se

2255 1761 2379 1825 ipse
2404 1762 2766 1815 condemnet.
2792 1763 3105 1814 Gentilium
3122 1763 3258 1814 dicit
3282 1763 3717 1829 dogmata,qu33
3741 1765 3869 1829 ipse

542 1854 727 1919 (Joan.
771 1852 863 1917 1.).
909 1851 1102 1915 Doleo,
1137 1851 1328 1915 frater,
1369 1850 1419 1901 si
1446 1851 1649 1913 credis,
1688 1854 1743 1903 et
1777 1852 1825 1903 si
1860 1866 1980 1905 non
2016 1867 2139 1906 cre-
2161 1841 2220 1912 B
2246 1853 2554 1904 conscribit
2580 1852 3004 1916 :labitur;sedf
3021 1855 3361 1919 porrigenda
3377 1867 3587 1906 manus
3608 1860 3721 1919 est,
3746 1868 3867 1906 non

540 1944 651 2009 dis,
674 1943 840 1996 doleo
874 1944 931 1994 te
969 1941 1331 2006 suspiciones
1353 1941 1521 1993 alieni
1550 1942 1781 2006 perjurii
1801 1942 1876 2007 ,in
1899 1944 2153 2008 antiquis

538 2037 598 2088 et
619 2032 896 2089 veterulis
920 2031 1200 2084 chartulis
1225 2031 1589 2096 perscrutari,
1617 2032 1821 2084 cumin
1838 2036 1933 2086 tuo
1952 2035 2155 2099 oreju-

538 2124 631 2191 gis
653 2137 720 2177 ac
735 2124 859 2176 sine
875 2123 989 2174 fine
999 2121 1234 2187 perjurii
1245 2120 1589 2185 inexpiabile
1607 2122 1973 2187 sacrilegium
1989 2140 2154 2185 perse-

540 2214 718 2269 veret.
757 2214 961 2265 Nonne
1002 2216 1157 2264 recte
1192 2210 1295 2262 tibi
1330 2211 1634 2264 conveniet
1668 2211 1808 2263 illud
1835 2212 1965 2277 dici,
1995 2213 2152 2277 quod

537 2302 850 2370 Apostolus
875 2302 1039 2355 dicit:
1061 2302 1138 2352 Tu
1162 2306 1342 2351 autem
1372 2302 1471 2367 qui
1496 2302 1715 2352 Judaeus
1740 2304 2151 2367 cognominaris

538 2400 585 2445 et
612 2393 895 2459 requiescis
934 2392 995 2442 in
1030 2391 1155 2456 lege,
1190 2396 1237 2442 et
1270 2392 1532 2456 gloriaris
1570 2392 1630 2441 in
1658 2404 1677 2426 θ
1706 2393 1834 2456 Deo,
1860 2393 2157 2443 instructus

532 2499 630 2549 per
665 2483 846 2547 legem,
884 2481 1113 2544 conﬁdis
1145 2482 1379 2545 teipsum
1414 2481 1604 2531 ducem
1627 2496 1731 2531 esse
1758 2497 2039 2546 caecorum,
2070 2483 2155 2533 lu-

534 2588 661 2625 men
682 2586 888 2636 corum,
915 2571 1011 2636 qui
1036 2571 1099 2620 in
1114 2570 1341 2620 tenebris
1357 2576 1500 2634 sunt,
1535 2572 1866 2621 eruditorcm
1890 2573 2159 2637 insipien_

540 2664 697 2723 tium,
709 2662 1034 2726 magistrum
1045 2660 1371 2725 infantium,
1390 2661 1669 2711 habentem
1682 2661 1922 2724 formam
1931 2663 2158 2712 scientiae

538 2752 776 2803 veritatis
793 2751 855 2800 in
879 2750 984 2815 lege
1009 2751 1182 2813 (Rom.
1206 2749 1259 2804 2.
1286 2750 1392 2815 17.)
1413 2755 1437 2801 P
1459 2751 1571 2814 Qui
1595 2764 1731 2815 ergo
1766 2751 1937 2803 doces
1961 2750 2157 2818 alium,

539 2843 791 2908 teipsum
822 2853 941 2893 non
976 2839 1150 2893 doces
1182 2843 1209 2892 ?
1242 2841 1350 2903 Qui
1385 2840 1543 2893 dicis
1575 2854 1695 2893 non
1726 2842 2157 2907 moechandum,

538 2931 885 3001 mtmcharis?
906 2929 1014 2993 Qui
1035 2930 1320 2996 praedicas
1344 2930 1449 2995 [Αι.
1483 2930 1661 2995 dicis]
1688 2945 1808 2984 non
1829 2932 2160 2997 furandum,

532 3021 776 3075 furaris?
803 3020 911 3084 Qui
933 3020 1288 3073 abominaris
1316 3019 1489 3083 idola,
1541 3021 1903 3087 sacrilegium
1927 3021 2158 3087 perjurli

533 3111 883 3165 committis?
931 3112 1001 3163 Et
1034 3111 1191 3174 quod
1210 3112 1301 3163 est
1324 3111 1595 3164 ultimum
1626 3115 1683 3163 et
1706 3111 2139 3176 gravissimum,

2254 1947 2343 1995 est
2364 1942 2537 1994 nimie
2562 1944 2974 2007 perurgendus.
2996 1945 3147 1995 Dum
3162 1945 3314 1995 enim
3329 1949 3484 1997 totus
3500 1945 3561 1997 in
3585 1944 3870 2009 eloquen-

2254 2034 2333 2085 tia
2355 2032 2575 2096 volitat,
2601 2038 2658 2084 et
2684 2033 3200 2098 vituperationibus
3233 2039 3405 2098 atque
3433 2035 3869 2087 invectionibus

2253 2123 2448 2188 fertur,
2484 2124 2785 2175 immemor
2819 2124 2909 2175 sui
2945 2110 3027 2190 ﬁt,
3066 2129 3124 2176 et
3155 2136 3190 2175 a
3234 2126 3453 2177 ratione
3499 2125 3863 2179 devolvitur.

2255 2212 2399 2278 Noli,
2439 2213 2631 2275 frater,
2668 2214 3038 2278 temetipsum
3076 2214 3249 2266 etiam
3292 2212 3359 2266 in
3372 2227 3491 2267 non
3513 2216 3867 2268 necessariis

2256 2307 2469 2355 temere
2509 2304 2911 2356 condemnare.
2953 2305 3081 2356 Non
3117 2304 3389 2357 continuo
3421 2305 3572 2357 inter
3608 2305 3869 2358 Gentiles

2255 2392 2623 2457 deputandus
2666 2405 2749 2457 es,
2775 2392 2867 2446 vel
2891 2397 2957 2445 tu
2980 2392 3072 2446 vel
3095 2393 3390 2459 Origenes,
3416 2394 3464 2446 si
3494 2393 3601 2459 [Αἱ.
3631 2395 3782 2458 sed},
3808 2398 3868 2445 ut

2254 2482 2378 2547 ipse
2420 2481 2637 2547 dixisti,
2665 2481 2929 2534 volentes
2981 2481 3389 2547 Deijustitiam
3431 2481 3776 2546 defendere,
3818 2487 3865 2533 et

2255 2571 2599 2635 respondere
2622 2575 2821 2623 contra
2845 2584 2963 2629 eos,
2990 2571 3089 2635 qui
3116 2570 3206 2625 vel
3228 2572 3344 2623 fato
3358 2571 3462 2624 .vel
3487 2583 3632 2623 casu
3658 2560 3865 2623 cuncta

2255 2661 2476 2715 moveri
2507 2661 2746 2712 dicunt:
2788 2665 2846 2713 et
2890 2660 3151 2714 volentes
3184 2661 3742 2725 ostenderejustam
3767 2660 3864 2725 [At

2250 2751 2653 2816 justissimam]
2682 2764 2811 2803 esse
2830 2751 2932 2803 Dei
2954 2751 3393 2815 providentiam.
3418 2763 3550 2815 quae
3576 2755 3867 2801 moderatur

2255 2842 2528 2895 universa
2544 2856 2558 2893 :
2584 2842 2782 2893 dixisti
2804 2842 3209 2905 inaequalitatis
3222 2853 3459 2893 caussas
3471 2853 3656 2895 unam
3670 2854 3867 2906 quem-

2255 2944 2367 2996 que
2414 2932 2520 2982 sibi
2564 2931 2817 2983 animam
2839 2933 2962 2996 jam
2988 2944 3062 2984 ex
3086 2931 3385 2983 anterioris
3412 2931 3569 2996 vitae,
3597 2944 3787 2996 quam
3812 2933 3863 2982 in

2255 3021 2583 3075 cmlestibus
2595 3022 2813 3086 habuit,
2829 3022 3083 3074 motibus
3099 3035 3163 3073 ac
3178 3022 3444 3074 sensibus
3458 3034 3859 3087 comparasse;

2240 3112 2332 3167 vel
2352 3112 2526 3163 etiam
2551 3112 2600 3163 si
2625 3112 2840 3176 dixisti,
2863 3114 3033 3165 bonae
3044 3111 3121 3163 illi
3134 3117 3191 3164 et
3202 3111 3661 3165 incommutabili
3673 3128 3736 3162 ac
3748 3116 3860 3161 sim-

536 3214 757 3255 numen
799 3201 904 3253 Dei
924 3213 1026 3265 per
1049 3172 1104 3254 te
1138 3205 1194 3253 et
1226 3203 1516 3267 φιλονεικίαν
1542 3201 1643 3266 [Αι.
1670 3172 2056 3256 contendendi
2076 3172 2144 3254 li;
2168 3172 2217 3249 Ο
2244 3202 2374 3269 plici
2396 3208 2620 3256 naturae
2637 3172 2931 3255 Trinitatis
2964 3203 3287 3265 convenire,
3314 3207 3378 3254 ut
3401 3214 3637 3255 omnem
3660 3210 3857 3252 creatu-

537 3291 817 3355 bidinem]
846 3295 1007 3343 tuam
1040 3290 1474 3356 blasphematur
1494 3291 1644 3343 inter
1665 3293 1897 3345 Gentes.

595 3381 648 3436 8.
685 3381 797 3433 Sed
830 3384 1200 3433 transeamus
1232 3382 1353 3445 jam
1387 3380 1525 3432 hinc
1559 3381 1631 3433 ad
1669 3381 1907 3434 alterius
1937 3381 2149 3446 objecti

539 3472 957 3537 purgationem,
978 3470 1027 3521 si
1049 3474 1245 3523 tamen
1257 3471 1587 3524 convictum
1605 3484 1666 3523 se
1683 3472 1800 3536 perj
1809 3471 1918 3524 urii
1928 3476 1987 3524 et
1999 3485 2150 3537 pree-

534 3561 905 3615 varicationis
923 3560 1111 3625 simul,
1125 3565 1469 3625 perurgente
1487 3562 1657 3613 etiam
1674 3562 2027 3615 conscientia
2043 3575 2150 3615 sua

532 3651 801 3704 fateatur.
823 3651 1098 3716 Alioquin
1121 3652 1170 3703 si
1190 3651 1414 3703 inﬁcias
1431 3653 1538 3718 eat,
1554 3652 1724 3704 etiam
1749 3656 1927 3705 testes
1941 3665 2149 3717 quam-

532 3722 814 3807 plurimos
854 3742 1093 3794 fratrum
1130 3742 1347 3794 habere
1376 3755 1636 3806 possum,
1663 3743 1762 3806 qui
1784 3743 1846 3795 in
1869 3743 2013 3795 meis
2036 3744 2149 3796 cel-

530 3832 669 3883 lulis
691 3833 1011 3893 manentes,
1038 3832 1099 3883 in
1142 3836 1344 3884 monte
1379 3831 1587 3884 Oliveti
1609 3833 2066 3897 quamplurimos
2098 3832 2151 3885 ei

530 3922 816 3975 Ciceronis
856 3922 1127 3987 Dialogos
1169 3921 1629 3988 descripserunt,
1669 3936 1916 3987 quorum
1950 3927 2008 3975 et
2044 3935 2149 3988 ego

530 4012 960 4077 quaterniones,
1002 4025 1136 4065 cum
1168 4013 1505 4078 scriberent,
1533 4014 1862 4076 frequenter
1884 4013 1943 4065 in
1964 4012 2152 4065 mani-

533 4101 644 4153 bus
670 4101 851 4167 tenui,
871 4104 928 4154 et
950 4101 1144 4167 relegi,
1170 4101 1328 4165 quod
1349 4102 1643 4155 mercedes
1656 4103 1839 4155 multo
1853 4102 2149 4169 largiores,

530 4202 707 4255 quam
743 4203 845 4255 pro
876 4191 1004 4243 aliis
1035 4192 1334 4255 scripturis
1368 4191 1577 4254 solent,
1603 4193 1675 4244 ab
1699 4192 1813 4245 isto
1835 4193 1919 4245 eis
1945 4193 2151 4247 daren-

532 4285 647 4344 tur,
694 4280 933 4345 agnovi.
976 4280 1109 4332 Mihi
1147 4293 1382 4345 quoque
1427 4282 1537 4346 ipsi
1577 4281 1852 4346 liquaudo
1896 4296 2031 4335 cum
2078 4283 2149 4337 de

531 4370 829 4423 Bethleem
860 4371 1275 4435 Jerosolymam
1299 4372 1572 4437 venisset,
1592 4378 1649 4425 et
1671 4373 1925 4426 codicem
1949 4386 2146 4426 secum

532 4461 854 4525 detulisset,
883 4461 943 4513 in
975 4474 1091 4525 quo
1130 4463 1253 4515 erat
1289 4474 1444 4514 unus
1476 4462 1497 4491 δ
1536 4463 1810 4528 Dialogus
1846 4465 2146 4523 Ciceronis,

2245 3306 2368 3344 ram
2394 3306 2561 3345 suam
2583 3293 2644 3344 in
2668 3294 2783 3345 ﬂne
2799 3292 3059 3344 omnium
3078 3292 3341 3345 restituat
3357 3292 3417 3343 in
3439 3292 3545 3344 hoc
3564 3292 3734 3355 quod
3752 3305 3855 3343 ex-

2243 3383 2404 3435 initio
2429 3389 2620 3436 creata
2641 3387 2747 3448 est,
2763 3387 2820 3435 et
2845 3388 2976 3447 post
3000 3382 3172 3448 longa
3194 3387 3250 3435 et
3275 3382 3473 3447 spatiis
3499 3381 3857 3435 saeculorum

2246 3478 2554 3538 exsequata
2586 3473 2882 3538 supplicia,
2908 3486 3041 3537 quae
3067 3475 3220 3525 Deus
3251 3485 3366 3525 non
3393 3477 3512 3524 tam
3539 3472 3856 3524 irascentis

2248 3576 2423 3627 quam
2447 3565 2702 3616 curantis
2725 3565 2932 3616 effectu
2947 3563 3116 3616 infert
3133 3574 3149 3602 ι
3167 3563 3491 3627 unicuique,
3520 3562 3741 3627 quippe
3759 3562 3859 3626 qui

2248 3654 2711 3707 commonitionis
2743 3658 2899 3707 caret
2929 3654 3087 3719 vitio,
3126 3659 3183 3706 et
3205 3653 3489 3705 medentis
3510 3657 3566 3704 et
3590 3653 3855 3727 curantis

2245 3746 2370 3798 vice
2408 3747 2583 3797 ﬁnem
2618 3750 2835 3797 statuat
2869 3745 3179 3809 aliquando
3204 3756 3523 3809 pcnnarum.
3546 3744 3691 3795 Haec
3716 3756 3854 3807 ergo

2250 3848 2426 3900 quam
2449 3848 2584 3888 vera
2607 3835 2887 3899 dixeritis,
2907 3837 3061 3886 Deus
3078 3834 3283 3886 viderit
3301 3846 3314 3894 ;
3330 3838 3522 3885 tamen
3537 3831 3852 3896 impietatis

2247 3937 2364 3977 non
2386 3924 2635 3977 multum
2658 3925 2800 3975 mihi
2824 3925 3115 3976 continere
3140 3923 3407 3977 videntur
3428 3922 3490 3974 in
3512 3923 3718 3985 Deum,
3743 3934 3849 3973 nec

2246 4015 2591 4067 Gentilitatis
2628 4014 2870 4079 aliquid,
2904 4014 3155 4067 maxime
3190 4013 3238 4066 si
3269 4013 3378 4065 hac
3411 4016 3605 4065 mente
3637 4011 3849 4074 dicitis,

2248 4106 2453 4171 quavis
2492 4106 2711 4159 ratione
2747 4106 2851 4158 Dei
2874 4103 3389 4171 scilicetjustitiam
3413 4101 3721 4156 defendere
3746 4114 3850 4154 cu-

2245 4196 2489 4261 pientes.
2666 4195 2673 4203 ’

2310 4286 2392 4341 10.
2419 4288 2525 4338 Pro
2568 4285 2660 4338 his
2709 4298 2846 4350 ergo
2891 4282 3007 4338 noli
3054 4290 3108 4338 te
3158 4284 3298 4337 satis
3343 4283 3705 4344 conturbare,
3746 4293 3852 4333 ne-

2248 4389 2361 4440 que
2406 4377 2654 4440 teipsum
2700 4377 2992 4441 superﬂuo
3029 4380 3130 4427 aut
3165 4374 3520 4440 poenitentiae
3544 4372 3844 4436 subjicias,

2248 4471 2350 4519 aut
2410 4465 2889 4518 condemnationi.
2926 4466 3061 4530 ised
3098 4465 3240 4517 illud
3290 4469 3379 4517 est
3422 4474 3645 4526 revera,
3693 4461 3849 4513 unde

532 4556 591 4604 et
612 4552 765 4606 idem
785 4553 913 4619 ipse
936 4556 1174 4607 Graecus
1226 4552 1507 4620 Platonis,
1539 4554 1699 4619 quod
1723 4554 1943 4607 dederit
1963 4553 2218 4629 ipsumD
2248 4561 2304 4610 te
2341 4555 2664 4621 defendere,
2701 4560 2802 4610 aut
2846 4567 3127 4609 excusare
3158 4567 3278 4607 non
3300 4566 3634 4620 possumus,
3668 4549 3845 4621 365

595 4731 614 4752 ⁸
643 4724 892 4777 Voculas
908 4725 1060 4790 apud
1083 4739 1207 4775 eum
1230 4738 1338 4777 ms.
1366 4730 1545 4779 tacet:
1571 4729 1695 4778 tum
1712 4726 2026 4775 intexentur
2040 4739 2143 4791 pro

535 4799 859 4848 intexuntur
888 4797 1079 4849 habet.
1118 4798 1288 4849 Paulo
1331 4797 1588 4861 inferius,
1624 4798 1737 4856 Quo
1762 4802 1806 4846 te
1836 4797 2147 4847 introduxit

536 4869 901 4934 POrphyrius,
936 4882 1037 4935 pro
1060 4871 1332 4935 perﬁdus;
1375 4870 1581 4921 deinde
1612 4870 1658 4918 si
1690 4870 1764 4918 ad
1787 4869 1945 4918 illum
1970 4870 2145 4920 locum

538 4958 607 5004 es,
633 4942 871 5006 ubiipsc,
904 4942 978 4990 ibi
1014 4948 1058 4991 et
1088 4943 1258 5007 ﬂetus,
1292 4946 1401 5005 etc,
1436 4944 1583 4993 Sane
1618 4941 1693 4989 ibi
1722 4954 1824 5005 pro
1852 4942 1966 5006 tibi,
1989 4942 2146 5005 quod

534 5020 705 5068 antea
727 5014 1040 5077 obtinebat,
1063 5014 1496 5066 rescribendum
1524 5013 1847 5065 didicimus.

599 5087 620 5116 "
654 5088 779 5151 Ms.,
814 5087 984 5136 Nemo
1021 5087 1167 5135 vadit
1209 5086 1282 5134 ad
1318 5086 1563 5144 Patrem;
1600 5089 1657 5137 et
1681 5085 1852 5149 paulo
1877 5090 2025 5151 post,
2061 5101 2145 5135 ve-

537 5159 721 5209 terulis
736 5160 955 5209 chartis.
983 5159 1103 5219 Quo
1134 5170 1269 5208 cum
1291 5161 1349 5209 et
1372 5169 1481 5207 nos
1500 5156 1707 5210 deinde
1728 5159 2147 5223 lcgimusineaz-

537 5231 735 5296 piabile
754 5231 1101 5294 sacrilegium
1112 5242 1213 5294 pro
1231 5242 1344 5292 quo
1368 5229 1558 5280 minus
1571 5236 1740 5283 antea
1766 5234 1910 5285 bene
1932 5232 2146 5284 lectum

539 5303 934 5369 inexplicabile,
966 5308 1095 5367 etc,,
1123 5313 1256 5365 quae
1276 5302 1338 5354 in
1354 5303 1734 5367 sequentibus
1750 5305 1958 5359 vitiose
1973 5306 2146 5358 habet

538 5376 695 5429 haud
719 5388 904 5440 pauca
925 5375 1309 5440 praeterimus.

602 5458 620 5478 ‘
655 5451 723 5500 In
763 5448 1117 5500 Guarnerian
1161 5461 1306 5511 ms.,
1343 5447 1600 5512 gloriaris
1643 5450 1704 5499 in
1735 5449 1961 5499 Domini
2004 5449 2143 5513 lege;

542 5522 843 5586 subjungit
877 5521 1137 5586 Apostoli
1170 5526 1364 5573 textus
1403 5534 1534 5585 qua:
1559 5522 1685 5573 heic
1732 5527 1851 5574 tam
1873 5521 2142 5587 vulgatis,

543 5606 720 5658 quam
744 5606 887 5645 mss.
916 5594 1076 5646 libris
1100 5594 1517 5652 desiderantur,
1542 5599 1586 5643 cl
1622 5595 1797 5643 noscis
1819 5594 2146 5644 voluntatem

543 5669 674 5732 ejus,
700 5672 746 5717 et
780 5667 978 5732 probas
1011 5668 1253 5719 utiliora.
1286 5669 1420 5719 Mox
1454 5667 1664 5720 iterum
1702 5680 1834 5731 ms.,
1875 5668 2146 5731 conﬁdens

543 5751 645 5804 pro
668 5739 894 5804 conﬁdis
924 5741 1078 5805 legit.
1120 5743 1270 5793 Tum
1293 5738 1451 5792 Pauli
1476 5744 1671 5793 textus
1704 5740 1882 5805 addit,
1905 5745 1952 5790 et
1972 5741 2144 5792 noscis

543 5809 872 5863 voluntatem
903 5813 1036 5877 ejus,
1064 5820 1111 5866 et
1142 5813 1339 5880 probas
1365 5812 1613 5879 utiliora,
1644 5823 1778 5878 quae
1801 5811 2047 5869 fortasse
2069 5824 2145 5868 ex

544 5880 657 5938 hoc
675 5882 804 5937 loco
825 5885 1181 5941 exciderunt.

2310 4727 2331 4757 ἀ
2354 4726 2573 4779 Vocula
2610 4741 2754 4776 unus
2777 4725 2987 4778 deerat.
3022 4724 3217 4777 Fuerit
3239 4736 3377 4777 vero
3402 4722 3502 4787 qui
3523 4723 3847 4787 Protagoras

2242 4800 2573 4852 inscribitur
2596 4798 2868 4863 Dialogus
2891 4797 3141 4849 Platonis
3167 4809 3202 4848 a
3224 4797 3490 4848 Cicerone
3504 4795 3708 4847 Latine
3724 4794 3849 4847 red-

2244 4873 2419 4936 ditus,
2446 4872 2547 4936 qui
2568 4870 2808 4935 utinam,
2822 4883 2956 4923 cum
2972 4874 3093 4922 tota
3106 4868 3297 4922 Rufini
3316 4868 3736 4934 criminatione,
3755 4881 3849 4920 su-

2242 4949 2522 5011 peresset.

2307 5046 2326 5065 °
2351 5034 2721 5087 Guarnerian.
2746 5045 2877 5095 ms.,
2891 5032 3128 5082 multum
3148 5031 3330 5083 adhuc
3346 5030 3617 5096 temporis,
3630 5035 3690 5083 et
3710 5043 3848 5095 pau-

2243 5106 2298 5159 lo
2340 5107 2593 5169 inferius,
2641 5106 2716 5154 ad
2750 5106 3157 5169 addiscendum,
3185 5108 3242 5157 et
3264 5103 3453 5154 scilicet
3480 5108 3539 5152 ut
3563 5110 3844 5169 praecepta,

2244 5184 2354 5232 etc.
2380 5182 2610 5230 Errores
2632 5179 2851 5243 passim
2874 5178 3077 5229 obvios
3104 5189 3224 5229 non
3244 5188 3555 5229 moramur.

2308 5278 2327 5312 τ
2350 5278 2508 5329 Idem
2553 5282 2746 5330 tamen
2787 5282 2844 5330 et
2883 5277 2931 5327 si
2968 5277 3193 5337 vitiose,
3228 5277 3317 5325 sed
3349 5275 3491 5339 proh
3527 5275 3847 5340 corrigenda

2244 5366 2444 5401 manus
2488 5356 2596 5401 est:
2627 5365 2737 5399 non
2760 5356 2831 5399 est
2869 5350 2929 5399 in
2966 5364 3047 5397 me
3065 5349 3456 5415 pel-urgendus.
3482 5347 3656 5399 Tacet
3681 5346 3846 5412 paulo

2243 5429 2375 5488 post
2404 5423 2595 5485 frater.

2309 5531 2327 5559 ε
2356 5521 2498 5573 Male
2543 5521 2753 5572 iterum
2776 5520 2837 5572 in
2861 5520 3249 5571 Guarneriano
3288 5531 3396 5570 ms.
3425 5517 3527 5570 sed
3553 5517 3637 5569 ita
3660 5522 3846 5570 tamen

2245 5594 2491 5645 describi
2513 5598 2579 5645 ut
2601 5597 2855 5656 praestet,
2888 5592 3051 5656 infert
3085 5592 3385 5655 uniquique
3409 5591 3842 5643 commotionem,

2246 5667 2445 5731 quippe
2470 5666 2565 5728 qui
2588 5670 2731 5715 caret
2755 5667 2852 5715 hoc
2874 5664 3023 5728 vitio,
3052 5678 3221 5729 quam
3244 5663 3500 5713 medentis
3517 5667 3563 5710 et
3580 5662 3844 5712 causantis

2244 5742 2409 5805 finem
2448 5744 2666 5804 statuat,
2704 5752 2778 5792 ex
2802 5738 3012 5803 quibus
3037 5737 3228 5803 siquid
3249 5736 3435 5803 possit
3456 5735 3598 5787 boni
3622 5732 3840 5796 excudi,

2242 5810 2578 5879 periclitare.
2603 5811 2885 5877 Equidem
2904 5810 3277 5866 commotionis
3290 5822 3391 5877 pro
3414 5806 3845 5862 commonitionis

2243 5884 2444 5940 malim
2462 5885 2737 5941 rescribi.’
