  <div class='ocr_page' id='page_1' title='image "/cluster/home/n/w/nwhite01/storage/ocr_20150623/21/umn.319510024773153/300.png"; bbox 0 0 3900 6394; ppageno 0'>
   <div class='ocr_carea' id='block_1_1' title="bbox 60 365 163 420">
    <p class='ocr_par' dir='ltr' id='par_1_1' title="bbox 60 365 163 420">
     <span class='ocr_line' id='line_1_1' title="bbox 60 365 163 420; baseline -0.01 0"><span class='ocrx_word' id='word_1_1' title='bbox 60 365 163 420; x_wconf 87' lang='grc'>593</span> 
     </span>
    </p>
   </div>
   <div class='ocr_carea' id='block_1_2' title="bbox 1212 366 2246 424">
    <p class='ocr_par' dir='ltr' id='par_1_2' title="bbox 1212 366 2246 424">
     <span class='ocr_line' id='line_1_2' title="bbox 1212 366 2246 424; baseline -0.001 -4"><span class='ocrx_word' id='word_1_2' title='bbox 1212 368 1588 424; x_wconf 76' lang='lat' dir='ltr'>APOLOGIE</span> <span class='ocrx_word' id='word_1_3' title='bbox 1622 366 1831 419; x_wconf 88' lang='lat' dir='ltr'><strong>LIBER</strong></span> <span class='ocrx_word' id='word_1_4' title='bbox 1865 367 2246 423; x_wconf 87' lang='lat' dir='ltr'>SECUNDUS.</span> 
     </span>
    </p>
   </div>
   <div class='ocr_carea' id='block_1_3' title="bbox 3253 366 3361 424">
    <p class='ocr_par' dir='ltr' id='par_1_3' title="bbox 3253 366 3361 424">
     <span class='ocr_line' id='line_1_3' title="bbox 3253 366 3361 424; baseline -0.009 0"><span class='ocrx_word' id='word_1_5' title='bbox 3253 366 3361 424; x_wconf 67' lang='lat'>594</span> 
     </span>
    </p>
   </div>
   <div class='ocr_carea' id='block_1_4' title="bbox 60 486 3363 561">
    <p class='ocr_par' dir='ltr' id='par_1_4' title="bbox 60 486 3363 561">
     <span class='ocr_line' id='line_1_4' title="bbox 60 486 3363 561; baseline 0.001 -20"><span class='ocrx_word' id='word_1_6' title='bbox 60 488 214 555; x_wconf 90' lang='lat' dir='ltr'>quod</span> <span class='ocrx_word' id='word_1_7' title='bbox 258 489 363 554; x_wconf 81' lang='grc' dir='ltr'>[Αι.</span> <span class='ocrx_word' id='word_1_8' title='bbox 411 490 565 557; x_wconf 90' lang='lat' dir='ltr'>quia]</span> <span class='ocrx_word' id='word_1_9' title='bbox 606 504 725 547; x_wconf 89' lang='lat' dir='ltr'>non</span> <span class='ocrx_word' id='word_1_10' title='bbox 772 494 961 548; x_wconf 93' lang='lat' dir='ltr'>solum</span> <span class='ocrx_word' id='word_1_11' title='bbox 1000 493 1306 560; x_wconf 76' lang='lat' dir='ltr'>gentiliter,</span> <span class='ocrx_word' id='word_1_12' title='bbox 1349 506 1555 548; x_wconf 91' lang='lat' dir='ltr'>verum</span> <span class='ocrx_word' id='word_1_13' title='bbox 1599 498 1658 546; x_wconf 87' lang='lat' dir='ltr'>et</span> <span class='ocrx_word' id='word_1_14' title='bbox 1679 486 1732 561; x_wconf 83' lang='grc' dir='ltr'><strong>Α</strong></span> <span class='ocrx_word' id='word_1_15' title='bbox 1847 489 2024 561; x_wconf 77' lang='grc'>386</span> <span class='ocrx_word' id='word_1_16' title='bbox 2062 492 2148 547; x_wconf 92' lang='grc'>11.</span> <span class='ocrx_word' id='word_1_17' title='bbox 2176 491 2339 555; x_wconf 91' lang='lat' dir='ltr'>Quod</span> <span class='ocrx_word' id='word_1_18' title='bbox 2385 491 2434 544; x_wconf 89' lang='lat' dir='ltr'>si</span> <span class='ocrx_word' id='word_1_19' title='bbox 2464 503 2599 546; x_wconf 90' lang='lat' dir='ltr'>vere</span> <span class='ocrx_word' id='word_1_20' title='bbox 2640 502 2743 556; x_wconf 90' lang='lat' dir='ltr'>pro</span> <span class='ocrx_word' id='word_1_21' title='bbox 2786 488 3108 544; x_wconf 81' lang='lat' dir='ltr'>maledictis</span> <span class='ocrx_word' id='word_1_22' title='bbox 3132 490 3248 543; x_wconf 84' lang='lat' dir='ltr'>tuis</span> <span class='ocrx_word' id='word_1_23' title='bbox 3270 491 3363 545; x_wconf 92' lang='lat' dir='ltr'>vis</span> 
     </span>
    </p>
   </div>
   <div class='ocr_carea' id='block_1_5' title="bbox 59 584 1664 650">
    <p class='ocr_par' dir='ltr' id='par_1_5' title="bbox 59 584 1664 650">
     <span class='ocr_line' id='line_1_5' title="bbox 59 584 1664 650; baseline 0.004 -19"><span class='ocrx_word' id='word_1_24' title='bbox 59 592 234 645; x_wconf 83' lang='lat' dir='ltr'>super</span> <span class='ocrx_word' id='word_1_25' title='bbox 278 591 511 633; x_wconf 91' lang='lat' dir='ltr'>omnem</span> <span class='ocrx_word' id='word_1_26' title='bbox 554 584 956 647; x_wconf 83' lang='lat' dir='ltr'>gentilitatem,</span> <span class='ocrx_word' id='word_1_27' title='bbox 1008 585 1124 637; x_wconf 91' lang='lat' dir='ltr'>imo</span> <span class='ocrx_word' id='word_1_28' title='bbox 1157 585 1513 650; x_wconf 81' lang='lat' dir='ltr'>impietatem</span> <span class='ocrx_word' id='word_1_29' title='bbox 1550 588 1664 638; x_wconf 89' lang='lat' dir='ltr'>ate</span> 
     </span>
    </p>
   </div>
   <div class='ocr_carea' id='block_1_6' title="bbox 59 670 1661 740">
    <p class='ocr_par' dir='ltr' id='par_1_6' title="bbox 59 670 1661 740">
     <span class='ocr_line' id='line_1_6' title="bbox 59 670 1661 740; baseline 0.001 -20"><span class='ocrx_word' id='word_1_30' title='bbox 59 670 280 722; x_wconf 80' lang='lat' dir='ltr'>dictum</span> <span class='ocrx_word' id='word_1_31' title='bbox 314 672 605 735; x_wconf 79' lang='lat' dir='ltr'>probatur,</span> <span class='ocrx_word' id='word_1_32' title='bbox 650 674 804 737; x_wconf 92' lang='lat' dir='ltr'>quod</span> <span class='ocrx_word' id='word_1_33' title='bbox 845 674 909 726; x_wconf 92' lang='lat' dir='ltr'>in</span> <span class='ocrx_word' id='word_1_34' title='bbox 952 675 1061 727; x_wconf 92' lang='lat' dir='ltr'>hoe</span> <span class='ocrx_word' id='word_1_35' title='bbox 1096 675 1221 740; x_wconf 91' lang='lat' dir='ltr'>ipso</span> <span class='ocrx_word' id='word_1_36' title='bbox 1256 674 1448 727; x_wconf 90' lang='lat' dir='ltr'>libello</span> <span class='ocrx_word' id='word_1_37' title='bbox 1476 674 1661 740; x_wconf 74' lang='lat' dir='ltr'>(Epist.</span> 
     </span>
    </p>
   </div>
   <div class='ocr_carea' id='block_1_7' title="bbox 59 758 1666 829">
    <p class='ocr_par' dir='ltr' id='par_1_7' title="bbox 59 758 1666 829">
     <span class='ocr_line' id='line_1_7' title="bbox 59 758 1666 829; baseline 0.001 -16"><span class='ocrx_word' id='word_1_38' title='bbox 59 758 140 815; x_wconf 77' lang='lat'>‘22.</span> <span class='ocrx_word' id='word_1_39' title='bbox 182 760 258 809; x_wconf 85' lang='lat' dir='ltr'>ad</span> <span class='ocrx_word' id='word_1_40' title='bbox 290 759 589 826; x_wconf 73' lang='lat' dir='ltr'>Eustoch.),</span> <span class='ocrx_word' id='word_1_41' title='bbox 639 764 807 826; x_wconf 89' lang='lat' dir='ltr'>cujus</span> <span class='ocrx_word' id='word_1_42' title='bbox 845 764 1109 829; x_wconf 87' lang='lat' dir='ltr'>superius</span> <span class='ocrx_word' id='word_1_43' title='bbox 1152 764 1395 815; x_wconf 87' lang='lat' dir='ltr'>fecimus</span> <span class='ocrx_word' id='word_1_44' title='bbox 1421 764 1666 817; x_wconf 86' lang='lat' dir='ltr'>mentio-</span> 
     </span>
    </p>
   </div>
   <div class='ocr_carea' id='block_1_8' title="bbox 55 850 1664 917">
    <p class='ocr_par' dir='ltr' id='par_1_8' title="bbox 55 850 1664 917">
     <span class='ocr_line' id='line_1_8' title="bbox 55 850 1664 917; baseline 0.002 -16"><span class='ocrx_word' id='word_1_45' title='bbox 55 862 209 915; x_wconf 89' lang='lat' dir='ltr'>nem,</span> <span class='ocrx_word' id='word_1_46' title='bbox 243 850 430 902; x_wconf 91' lang='lat' dir='ltr'>Deum</span> <span class='ocrx_word' id='word_1_47' title='bbox 477 864 705 903; x_wconf 89' lang='lat' dir='ltr'>socrum</span> <span class='ocrx_word' id='word_1_48' title='bbox 749 852 959 906; x_wconf 87' lang='lat' dir='ltr'>habere</span> <span class='ocrx_word' id='word_1_49' title='bbox 1005 853 1225 905; x_wconf 83' lang='lat' dir='ltr'>dixisti.</span> <span class='ocrx_word' id='word_1_50' title='bbox 1267 855 1335 906; x_wconf 84' lang='lat' dir='ltr'>Et</span> <span class='ocrx_word' id='word_1_51' title='bbox 1380 853 1519 917; x_wconf 91' lang='lat' dir='ltr'>quid</span> <span class='ocrx_word' id='word_1_52' title='bbox 1543 858 1664 905; x_wconf 91' lang='lat' dir='ltr'>tam</span> 
     </span>
    </p>
   </div>
   <div class='ocr_carea' id='block_1_9' title="bbox 59 937 1666 1007">
    <p class='ocr_par' dir='ltr' id='par_1_9' title="bbox 59 937 1666 1007">
     <span class='ocr_line' id='line_1_9' title="bbox 59 937 1666 1007; baseline 0.004 -18"><span class='ocrx_word' id='word_1_53' title='bbox 59 948 75 965; x_wconf 90' lang='grc'>·</span> <span class='ocrx_word' id='word_1_54' title='bbox 93 937 337 1003; x_wconf 89' lang='lat' dir='ltr'>impium</span> <span class='ocrx_word' id='word_1_55' title='bbox 356 939 447 994; x_wconf 89' lang='lat' dir='ltr'>vel</span> <span class='ocrx_word' id='word_1_56' title='bbox 460 941 766 1006; x_wconf 90' lang='lat' dir='ltr'>profanum</span> <span class='ocrx_word' id='word_1_57' title='bbox 781 955 815 994; x_wconf 94' lang='lat' dir='ltr'>a</span> <span class='ocrx_word' id='word_1_58' title='bbox 831 955 1122 1007; x_wconf 88' lang='lat' dir='ltr'>quoquam</span> <span class='ocrx_word' id='word_1_59' title='bbox 1138 943 1450 996; x_wconf 87' lang='lat' dir='ltr'>Gentilium</span> <span class='ocrx_word' id='word_1_60' title='bbox 1472 944 1666 996; x_wconf 91' lang='lat' dir='ltr'>Poeta-</span> 
     </span>
    </p>
   </div>
   <div class='ocr_carea' id='block_1_10' title="bbox 58 1029 1666 1097">
    <p class='ocr_par' dir='ltr' id='par_1_10' title="bbox 58 1029 1666 1097">
     <span class='ocr_line' id='line_1_10' title="bbox 58 1029 1666 1097; baseline 0.003 -18"><span class='ocrx_word' id='word_1_61' title='bbox 58 1041 186 1079; x_wconf 89' lang='lat' dir='ltr'>rum</span> <span class='ocrx_word' id='word_1_62' title='bbox 219 1029 423 1083; x_wconf 85' lang='lat' dir='ltr'>saltem</span> <span class='ocrx_word' id='word_1_63' title='bbox 454 1030 566 1083; x_wconf 91' lang='lat' dir='ltr'>dici</span> <span class='ocrx_word' id='word_1_64' title='bbox 601 1033 822 1097; x_wconf 83' lang='lat' dir='ltr'>potuit?</span> <span class='ocrx_word' id='word_1_65' title='bbox 844 1034 1200 1087; x_wconf 87' lang='lat' dir='ltr'>Stultumest</span> <span class='ocrx_word' id='word_1_66' title='bbox 1237 1033 1391 1085; x_wconf 92' lang='lat' dir='ltr'>enim</span> <span class='ocrx_word' id='word_1_67' title='bbox 1409 1033 1456 1085; x_wconf 90' lang='lat' dir='ltr'>si</span> <span class='ocrx_word' id='word_1_68' title='bbox 1482 1033 1666 1097; x_wconf 90' lang='lat' dir='ltr'>requi-</span> 
     </span>
    </p>
   </div>
   <div class='ocr_carea' id='block_1_11' title="bbox 56 1119 1662 1188">
    <p class='ocr_par' dir='ltr' id='par_1_11' title="bbox 56 1119 1662 1188">
     <span class='ocr_line' id='line_1_11' title="bbox 56 1119 1662 1188; baseline 0.001 -19"><span class='ocrx_word' id='word_1_69' title='bbox 56 1130 176 1169; x_wconf 86' lang='lat' dir='ltr'>ram</span> <span class='ocrx_word' id='word_1_70' title='bbox 228 1119 299 1172; x_wconf 92' lang='lat' dir='ltr'>de</span> <span class='ocrx_word' id='word_1_71' title='bbox 344 1124 413 1184; x_wconf 89' lang='lat' dir='ltr'>te,</span> <span class='ocrx_word' id='word_1_72' title='bbox 461 1122 560 1173; x_wconf 90' lang='lat' dir='ltr'>ubi</span> <span class='ocrx_word' id='word_1_73' title='bbox 599 1121 711 1175; x_wconf 91' lang='lat' dir='ltr'>hoc</span> <span class='ocrx_word' id='word_1_74' title='bbox 754 1122 814 1174; x_wconf 94' lang='lat' dir='ltr'>in</span> <span class='ocrx_word' id='word_1_75' title='bbox 856 1123 1162 1188; x_wconf 88' lang='lat' dir='ltr'>Scripturis</span> <span class='ocrx_word' id='word_1_76' title='bbox 1194 1123 1411 1175; x_wconf 87' lang='lat' dir='ltr'>sanctis</span> <span class='ocrx_word' id='word_1_77' title='bbox 1432 1122 1662 1187; x_wconf 88' lang='lat' dir='ltr'>legeris.</span> 
     </span>
    </p>
   </div>
   <div class='ocr_carea' id='block_1_12' title="bbox 61 1209 1662 1278">
    <p class='ocr_par' dir='ltr' id='par_1_12' title="bbox 61 1209 1662 1278">
     <span class='ocr_line' id='line_1_12' title="bbox 61 1209 1662 1278; baseline 0.002 -19"><span class='ocrx_word' id='word_1_78' title='bbox 61 1209 263 1269; x_wconf 83' lang='lat' dir='ltr'>Quaero</span> <span class='ocrx_word' id='word_1_79' title='bbox 290 1209 340 1261; x_wconf 87' lang='lat' dir='ltr'>si</span> <span class='ocrx_word' id='word_1_80' title='bbox 372 1210 462 1263; x_wconf 90' lang='lat' dir='ltr'>vel</span> <span class='ocrx_word' id='word_1_81' title='bbox 506 1211 746 1263; x_wconf 87' lang='lat' dir='ltr'>Flaccus</span> <span class='ocrx_word' id='word_1_82' title='bbox 800 1216 955 1278; x_wconf 89' lang='lat' dir='ltr'>tuus,</span> <span class='ocrx_word' id='word_1_83' title='bbox 997 1217 1099 1265; x_wconf 91' lang='lat' dir='ltr'>aut</span> <span class='ocrx_word' id='word_1_84' title='bbox 1130 1214 1303 1275; x_wconf 85' lang='lat' dir='ltr'>Maro,</span> <span class='ocrx_word' id='word_1_85' title='bbox 1333 1213 1382 1263; x_wconf 88' lang='lat' dir='ltr'>si</span> <span class='ocrx_word' id='word_1_86' title='bbox 1407 1212 1662 1265; x_wconf 58' lang='lat' dir='ltr'>Plautus:</span> 
     </span>
    </p>
   </div>
   <div class='ocr_carea' id='block_1_13' title="bbox 56 1278 1666 1367">
    <p class='ocr_par' dir='ltr' id='par_1_13' title="bbox 56 1278 1666 1367">
     <span class='ocr_line' id='line_1_13' title="bbox 56 1278 1666 1367; baseline 0.002 -18"><span class='ocrx_word' id='word_1_87' title='bbox 56 1298 197 1350; x_wconf 64' lang='lat' dir='ltr'>l*aut</span> <span class='ocrx_word' id='word_1_88' title='bbox 220 1299 542 1363; x_wconf 86' lang='lat' dir='ltr'>Terentius,</span> <span class='ocrx_word' id='word_1_89' title='bbox 569 1305 720 1354; x_wconf 92' lang='lat' dir='ltr'>certe</span> <span class='ocrx_word' id='word_1_90' title='bbox 765 1303 815 1353; x_wconf 89' lang='lat' dir='ltr'>si</span> <span class='ocrx_word' id='word_1_91' title='bbox 867 1302 959 1355; x_wconf 90' lang='lat' dir='ltr'>vel</span> <span class='ocrx_word' id='word_1_92' title='bbox 1003 1278 1319 1367; x_wconf 50' lang='lat' dir='ltr'>Satyricus‘</span> <span class='ocrx_word' id='word_1_93' title='bbox 1338 1302 1471 1366; x_wconf 90' lang='lat' dir='ltr'>quis</span> <span class='ocrx_word' id='word_1_94' title='bbox 1518 1302 1666 1355; x_wconf 90' lang='lat' dir='ltr'>inter</span> 
     </span>
    </p>
   </div>
   <div class='ocr_carea' id='block_1_14' title="bbox 54 1389 1668 1457">
    <p class='ocr_par' dir='ltr' id='par_1_14' title="bbox 54 1389 1668 1457">
     <span class='ocr_line' id='line_1_14' title="bbox 54 1389 1668 1457; baseline 0.003 -17"><span class='ocrx_word' id='word_1_95' title='bbox 54 1389 249 1441; x_wconf 84' lang='lat' dir='ltr'>omnia</span> <span class='ocrx_word' id='word_1_96' title='bbox 273 1403 483 1456; x_wconf 90' lang='lat' dir='ltr'>spurca</span> <span class='ocrx_word' id='word_1_97' title='bbox 508 1404 612 1443; x_wconf 90' lang='lat' dir='ltr'>sua</span> <span class='ocrx_word' id='word_1_98' title='bbox 634 1396 690 1444; x_wconf 93' lang='lat' dir='ltr'>et</span> <span class='ocrx_word' id='word_1_99' title='bbox 712 1392 1003 1457; x_wconf 89' lang='lat' dir='ltr'>impudica</span> <span class='ocrx_word' id='word_1_100' title='bbox 1018 1393 1174 1445; x_wconf 87' lang='lat' dir='ltr'>istud</span> <span class='ocrx_word' id='word_1_101' title='bbox 1198 1393 1361 1445; x_wconf 87' lang='lat' dir='ltr'>nefas</span> <span class='ocrx_word' id='word_1_102' title='bbox 1397 1393 1459 1445; x_wconf 89' lang='lat' dir='ltr'>in</span> <span class='ocrx_word' id='word_1_103' title='bbox 1480 1394 1668 1446; x_wconf 91' lang='lat' dir='ltr'>Deum</span> 
     </span>
    </p>
   </div>
   <div class='ocr_carea' id='block_1_15' title="bbox 52 1481 1667 1546">
    <p class='ocr_par' dir='ltr' id='par_1_15' title="bbox 52 1481 1667 1546">
     <span class='ocr_line' id='line_1_15' title="bbox 52 1481 1667 1546; baseline 0.001 -11"><span class='ocrx_word' id='word_1_104' title='bbox 52 1493 123 1535; x_wconf 86' lang='lat' dir='ltr'>ex</span> <span class='ocrx_word' id='word_1_105' title='bbox 154 1494 260 1534; x_wconf 92' lang='lat' dir='ltr'>suo</span> <span class='ocrx_word' id='word_1_106' title='bbox 301 1494 399 1535; x_wconf 89' lang='lat' dir='ltr'>ore</span> <span class='ocrx_word' id='word_1_107' title='bbox 448 1482 772 1546; x_wconf 89' lang='lat' dir='ltr'>protulerit.</span> <span class='ocrx_word' id='word_1_108' title='bbox 820 1483 1039 1536; x_wconf 86' lang='lat' dir='ltr'>Fefellit</span> <span class='ocrx_word' id='word_1_109' title='bbox 1076 1488 1133 1536; x_wconf 91' lang='lat' dir='ltr'>te</span> <span class='ocrx_word' id='word_1_110' title='bbox 1177 1481 1346 1536; x_wconf 89' lang='lat' dir='ltr'>credo</span> <span class='ocrx_word' id='word_1_111' title='bbox 1374 1482 1471 1536; x_wconf 88' lang='lat' dir='ltr'>illa</span> <span class='ocrx_word' id='word_1_112' title='bbox 1494 1496 1585 1536; x_wconf 90' lang='lat' dir='ltr'>res</span> <span class='ocrx_word' id='word_1_113' title='bbox 1610 1485 1667 1537; x_wconf 91' lang='lat' dir='ltr'>et</span> 
     </span>
    </p>
   </div>
   <div class='ocr_carea' id='block_1_16' title="bbox 53 1572 1662 1638">
    <p class='ocr_par' dir='ltr' id='par_1_16' title="bbox 53 1572 1662 1638">
     <span class='ocr_line' id='line_1_16' title="bbox 53 1572 1662 1638; baseline 0 -13"><span class='ocrx_word' id='word_1_114' title='bbox 53 1572 297 1638; x_wconf 86' lang='lat' dir='ltr'>decepit,</span> <span class='ocrx_word' id='word_1_115' title='bbox 339 1573 496 1636; x_wconf 92' lang='lat' dir='ltr'>quod</span> <span class='ocrx_word' id='word_1_116' title='bbox 540 1573 730 1638; x_wconf 89' lang='lat' dir='ltr'>puella</span> <span class='ocrx_word' id='word_1_117' title='bbox 779 1573 852 1626; x_wconf 91' lang='lat' dir='ltr'>ad</span> <span class='ocrx_word' id='word_1_118' title='bbox 885 1587 1061 1638; x_wconf 89' lang='lat' dir='ltr'>quam</span> <span class='ocrx_word' id='word_1_119' title='bbox 1089 1587 1278 1626; x_wconf 90' lang='lat' dir='ltr'>sermo</span> <span class='ocrx_word' id='word_1_120' title='bbox 1305 1584 1323 1604; x_wconf 84' lang='lat'><strong><em>°</em></strong></span> <span class='ocrx_word' id='word_1_121' title='bbox 1346 1574 1448 1626; x_wconf 92' lang='lat' dir='ltr'>Dei</span> <span class='ocrx_word' id='word_1_122' title='bbox 1470 1574 1662 1638; x_wconf 83' lang='lat' dir='ltr'>flebat,</span> 
     </span>
    </p>
   </div>
   <div class='ocr_carea' id='block_1_17' title="bbox 52 1662 1663 1729">
    <p class='ocr_par' dir='ltr' id='par_1_17' title="bbox 52 1662 1663 1729">
     <span class='ocr_line' id='line_1_17' title="bbox 52 1662 1663 1729; baseline 0.001 -15"><span class='ocrx_word' id='word_1_123' title='bbox 52 1675 265 1728; x_wconf 83' lang='lat' dir='ltr'>Sponsa</span> <span class='ocrx_word' id='word_1_124' title='bbox 298 1662 504 1715; x_wconf 86' lang='lat' dir='ltr'>Christi</span> <span class='ocrx_word' id='word_1_125' title='bbox 538 1663 835 1716; x_wconf 86' lang='lat' dir='ltr'>dicebatur</span> <span class='ocrx_word' id='word_1_126' title='bbox 864 1679 877 1715; x_wconf 87' lang='lat'><strong>:</strong></span> <span class='ocrx_word' id='word_1_127' title='bbox 918 1669 985 1717; x_wconf 91' lang='lat' dir='ltr'>ut</span> <span class='ocrx_word' id='word_1_128' title='bbox 1012 1668 1314 1729; x_wconf 85' lang='lat' dir='ltr'>propterea</span> <span class='ocrx_word' id='word_1_129' title='bbox 1336 1663 1513 1717; x_wconf 92' lang='lat' dir='ltr'>etiam</span> <span class='ocrx_word' id='word_1_130' title='bbox 1534 1677 1663 1716; x_wconf 87' lang='lat' dir='ltr'>ma-</span> 
     </span>
    </p>
   </div>
   <div class='ocr_carea' id='block_1_18' title="bbox 53 1752 1651 1818">
    <p class='ocr_par' dir='ltr' id='par_1_18' title="bbox 53 1752 1651 1818">
     <span class='ocr_line' id='line_1_18' title="bbox 53 1752 1651 1818; baseline -0.001 -13"><span class='ocrx_word' id='word_1_131' title='bbox 53 1758 190 1805; x_wconf 89' lang='lat' dir='ltr'>trem</span> <span class='ocrx_word' id='word_1_132' title='bbox 222 1752 528 1816; x_wconf 86' lang='lat' dir='ltr'>carnalem,</span> <span class='ocrx_word' id='word_1_133' title='bbox 563 1766 793 1805; x_wconf 91' lang='lat' dir='ltr'>socrum</span> <span class='ocrx_word' id='word_1_134' title='bbox 827 1753 930 1805; x_wconf 90' lang='lat' dir='ltr'>Dei</span> <span class='ocrx_word' id='word_1_135' title='bbox 967 1754 1369 1818; x_wconf 88' lang='lat' dir='ltr'>appellandam</span> <span class='ocrx_word' id='word_1_136' title='bbox 1404 1758 1651 1818; x_wconf 87' lang='lat' dir='ltr'>putares.</span> 
     </span>
    </p>
   </div>
   <div class='ocr_carea' id='block_1_19' title="bbox 52 1809 1735 1907">
    <p class='ocr_par' dir='ltr' id='par_1_19' title="bbox 52 1809 1735 1907">
     <span class='ocr_line' id='line_1_19' title="bbox 52 1809 1735 1907; baseline -0.001 -12"><span class='ocrx_word' id='word_1_137' title='bbox 52 1845 114 1895; x_wconf 86' lang='lat' dir='ltr'>Et</span> <span class='ocrx_word' id='word_1_138' title='bbox 134 1843 440 1895; x_wconf 89' lang='lat' dir='ltr'>nesciebas</span> <span class='ocrx_word' id='word_1_139' title='bbox 470 1843 625 1907; x_wconf 83' lang='lat' dir='ltr'>quod</span> <span class='ocrx_word' id='word_1_140' title='bbox 648 1843 778 1895; x_wconf 89' lang='lat' dir='ltr'>haec</span> <span class='ocrx_word' id='word_1_141' title='bbox 811 1855 931 1895; x_wconf 93' lang='lat' dir='ltr'>non</span> <span class='ocrx_word' id='word_1_142' title='bbox 956 1843 1274 1895; x_wconf 89' lang='lat' dir='ltr'>secundum</span> <span class='ocrx_word' id='word_1_143' title='bbox 1300 1843 1487 1895; x_wconf 90' lang='lat' dir='ltr'>carnis</span> <span class='ocrx_word' id='word_1_144' title='bbox 1505 1844 1657 1897; x_wconf 91' lang='lat' dir='ltr'>ordi-</span> <span class='ocrx_word' id='word_1_145' title='bbox 1680 1809 1735 1885; x_wconf 84' lang='lat' dir='ltr'><strong>B</strong></span> 
     </span>
    </p>
   </div>
   <div class='ocr_carea' id='block_1_20' title="bbox 49 1932 1664 1997">
    <p class='ocr_par' dir='ltr' id='par_1_20' title="bbox 49 1932 1664 1997">
     <span class='ocr_line' id='line_1_20' title="bbox 49 1932 1664 1997; baseline -0.002 -12"><span class='ocrx_word' id='word_1_146' title='bbox 49 1944 177 1985; x_wconf 89' lang='lat' dir='ltr'>nem</span> <span class='ocrx_word' id='word_1_147' title='bbox 194 1932 491 1992; x_wconf 89' lang='lat' dir='ltr'>dicuntur,</span> <span class='ocrx_word' id='word_1_148' title='bbox 514 1932 615 1985; x_wconf 90' lang='lat' dir='ltr'>sed</span> <span class='ocrx_word' id='word_1_149' title='bbox 634 1932 966 1985; x_wconf 90' lang='lat' dir='ltr'>secundum</span> <span class='ocrx_word' id='word_1_150' title='bbox 984 1932 1217 1997; x_wconf 89' lang='lat' dir='ltr'>spiritus</span> <span class='ocrx_word' id='word_1_151' title='bbox 1233 1933 1492 1997; x_wconf 85' lang='lat' dir='ltr'>gratiam.</span> <span class='ocrx_word' id='word_1_152' title='bbox 1508 1938 1664 1994; x_wconf 86' lang='lat' dir='ltr'>Spon-</span> 
     </span>
    </p>
   </div>
   <div class='ocr_carea' id='block_1_21' title="bbox 57 2020 1660 2089">
    <p class='ocr_par' dir='ltr' id='par_1_21' title="bbox 57 2020 1660 2089">
     <span class='ocr_line' id='line_1_21' title="bbox 57 2020 1660 2089; baseline -0.001 -15"><span class='ocrx_word' id='word_1_153' title='bbox 57 2035 117 2075; x_wconf 90' lang='lat' dir='ltr'>sa</span> <span class='ocrx_word' id='word_1_154' title='bbox 145 2023 303 2075; x_wconf 90' lang='lat' dir='ltr'>enim</span> <span class='ocrx_word' id='word_1_155' title='bbox 337 2035 410 2075; x_wconf 87' lang='lat' dir='ltr'>ex</span> <span class='ocrx_word' id='word_1_156' title='bbox 440 2035 508 2075; x_wconf 92' lang='lat' dir='ltr'>eo</span> <span class='ocrx_word' id='word_1_157' title='bbox 558 2023 893 2089; x_wconf 87' lang='lat' dir='ltr'>appellatur,</span> <span class='ocrx_word' id='word_1_158' title='bbox 947 2024 1104 2088; x_wconf 93' lang='lat' dir='ltr'>quod</span> <span class='ocrx_word' id='word_1_159' title='bbox 1152 2036 1339 2075; x_wconf 91' lang='lat' dir='ltr'>sermo</span> <span class='ocrx_word' id='word_1_160' title='bbox 1370 2024 1471 2075; x_wconf 90' lang='lat' dir='ltr'>Dei</span> <span class='ocrx_word' id='word_1_161' title='bbox 1496 2020 1660 2087; x_wconf 90' lang='lat' dir='ltr'>quasi</span> 
     </span>
    </p>
   </div>
   <div class='ocr_carea' id='block_1_22' title="bbox 58 2113 1654 2179">
    <p class='ocr_par' dir='ltr' id='par_1_22' title="bbox 58 2113 1654 2179">
     <span class='ocr_line' id='line_1_22' title="bbox 58 2113 1654 2179; baseline -0.003 -14"><span class='ocrx_word' id='word_1_162' title='bbox 58 2118 282 2166; x_wconf 90' lang='lat' dir='ltr'>sacrato</span> <span class='ocrx_word' id='word_1_163' title='bbox 294 2113 547 2177; x_wconf 89' lang='lat' dir='ltr'>quodam</span> <span class='ocrx_word' id='word_1_164' title='bbox 558 2114 845 2164; x_wconf 90' lang='lat' dir='ltr'>connubio</span> <span class='ocrx_word' id='word_1_165' title='bbox 851 2114 870 2178; x_wconf 88' lang='lat' dir='ltr'><strong>j</strong></span> <span class='ocrx_word' id='word_1_166' title='bbox 879 2118 1131 2179; x_wconf 89' lang='lat' dir='ltr'>ungatur</span> <span class='ocrx_word' id='word_1_167' title='bbox 1141 2114 1351 2166; x_wconf 64' lang='lat' dir='ltr'>animae</span> <span class='ocrx_word' id='word_1_168' title='bbox 1362 2113 1654 2167; x_wconf 69' lang='lat' dir='ltr'>humanae.</span> 
     </span>
    </p>
   </div>
   <div class='ocr_carea' id='block_1_23' title="bbox 49 2202 1660 2268">
    <p class='ocr_par' dir='ltr' id='par_1_23' title="bbox 49 2202 1660 2268">
     <span class='ocr_line' id='line_1_23' title="bbox 49 2202 1660 2268; baseline -0.002 -13"><span class='ocrx_word' id='word_1_169' title='bbox 49 2204 99 2255; x_wconf 85' lang='lat' dir='ltr'>Si</span> <span class='ocrx_word' id='word_1_170' title='bbox 110 2208 308 2255; x_wconf 89' lang='lat' dir='ltr'>autem</span> <span class='ocrx_word' id='word_1_171' title='bbox 320 2202 420 2255; x_wconf 90' lang='lat' dir='ltr'>tali</span> <span class='ocrx_word' id='word_1_172' title='bbox 442 2202 849 2267; x_wconf 85' lang='lat' dir='ltr'>conjunctione</span> <span class='ocrx_word' id='word_1_173' title='bbox 862 2203 1033 2254; x_wconf 90' lang='lat' dir='ltr'>etiam</span> <span class='ocrx_word' id='word_1_174' title='bbox 1050 2207 1234 2256; x_wconf 87' lang='lat' dir='ltr'>mater</span> <span class='ocrx_word' id='word_1_175' title='bbox 1247 2202 1455 2268; x_wconf 80' lang='lat' dir='ltr'>puellae</span> <span class='ocrx_word' id='word_1_176' title='bbox 1467 2205 1660 2252; x_wconf 86' lang='lat' dir='ltr'>Christo</span> 
     </span>
    </p>
   </div>
   <div class='ocr_carea' id='block_1_24' title="bbox 51 2292 1656 2359">
    <p class='ocr_par' dir='ltr' id='par_1_24' title="bbox 51 2292 1656 2359">
     <span class='ocr_line' id='line_1_24' title="bbox 51 2292 1656 2359; baseline 0.001 -15"><span class='ocrx_word' id='word_1_177' title='bbox 51 2308 143 2359; x_wconf 86' lang='lat' dir='ltr'>per</span> <span class='ocrx_word' id='word_1_178' title='bbox 190 2293 371 2345; x_wconf 82' lang='lat' dir='ltr'>ﬁdem</span> <span class='ocrx_word' id='word_1_179' title='bbox 425 2292 677 2343; x_wconf 87' lang='lat' dir='ltr'>sociatur</span> <span class='ocrx_word' id='word_1_180' title='bbox 722 2292 825 2357; x_wconf 74' lang='lat' dir='ltr'>[AL</span> <span class='ocrx_word' id='word_1_181' title='bbox 874 2293 1175 2358; x_wconf 85' lang='lat' dir='ltr'>sacratur],</span> <span class='ocrx_word' id='word_1_182' title='bbox 1227 2293 1441 2344; x_wconf 89' lang='lat' dir='ltr'>rectius</span> <span class='ocrx_word' id='word_1_183' title='bbox 1483 2294 1656 2345; x_wconf 89' lang='lat' dir='ltr'>etiam</span> 
     </span>
    </p>
   </div>
   <div class='ocr_carea' id='block_1_25' title="bbox 47 2382 1656 2450">
    <p class='ocr_par' dir='ltr' id='par_1_25' title="bbox 47 2382 1656 2450">
     <span class='ocr_line' id='line_1_25' title="bbox 47 2382 1656 2450; baseline 0.001 -16"><span class='ocrx_word' id='word_1_184' title='bbox 47 2384 225 2450; x_wconf 86' lang='lat' dir='ltr'>ipsam</span> <span class='ocrx_word' id='word_1_185' title='bbox 253 2394 535 2448; x_wconf 86' lang='lat' dir='ltr'>sponsam</span> <span class='ocrx_word' id='word_1_186' title='bbox 550 2383 777 2447; x_wconf 88' lang='lat' dir='ltr'>Christi,</span> <span class='ocrx_word' id='word_1_187' title='bbox 794 2395 971 2447; x_wconf 88' lang='lat' dir='ltr'>quam</span> <span class='ocrx_word' id='word_1_188' title='bbox 997 2396 1227 2434; x_wconf 91' lang='lat' dir='ltr'>socrum</span> <span class='ocrx_word' id='word_1_189' title='bbox 1243 2383 1346 2435; x_wconf 89' lang='lat' dir='ltr'>Dei</span> <span class='ocrx_word' id='word_1_190' title='bbox 1372 2382 1656 2448; x_wconf 88' lang='lat' dir='ltr'>appellare</span> 
     </span>
    </p>
   </div>
   <div class='ocr_carea' id='block_1_26' title="bbox 49 2472 1655 2538">
    <p class='ocr_par' dir='ltr' id='par_1_26' title="bbox 49 2472 1655 2538">
     <span class='ocr_line' id='line_1_26' title="bbox 49 2472 1655 2538; baseline -0.001 -13"><span class='ocrx_word' id='word_1_191' title='bbox 49 2474 356 2538; x_wconf 87' lang='lat' dir='ltr'>potuisses.</span> <span class='ocrx_word' id='word_1_192' title='bbox 384 2474 550 2524; x_wconf 88' lang='lat' dir='ltr'>Nunc</span> <span class='ocrx_word' id='word_1_193' title='bbox 573 2472 678 2537; x_wconf 81' lang='grc' dir='ltr'>[Αἰ.</span> <span class='ocrx_word' id='word_1_194' title='bbox 717 2473 881 2537; x_wconf 87' lang='lat' dir='ltr'>Nam]</span> <span class='ocrx_word' id='word_1_195' title='bbox 911 2477 1089 2524; x_wconf 88' lang='lat' dir='ltr'>restat</span> <span class='ocrx_word' id='word_1_196' title='bbox 1120 2473 1239 2536; x_wconf 85' lang='lat' dir='ltr'>tibi,</span> <span class='ocrx_word' id='word_1_197' title='bbox 1263 2478 1329 2525; x_wconf 93' lang='lat' dir='ltr'>ut</span> <span class='ocrx_word' id='word_1_198' title='bbox 1353 2478 1410 2524; x_wconf 91' lang='lat' dir='ltr'>et</span> <span class='ocrx_word' id='word_1_199' title='bbox 1433 2477 1655 2537; x_wconf 86' lang='lat' dir='ltr'>patrem</span> 
     </span>
    </p>
   </div>
   <div class='ocr_carea' id='block_1_27' title="bbox 51 2562 1651 2629">
    <p class='ocr_par' dir='ltr' id='par_1_27' title="bbox 51 2562 1651 2629">
     <span class='ocr_line' id='line_1_27' title="bbox 51 2562 1651 2629; baseline -0.001 -13"><span class='ocrx_word' id='word_1_200' title='bbox 51 2563 272 2629; x_wconf 68' lang='lat' dir='ltr'>puellae,</span> <span class='ocrx_word' id='word_1_201' title='bbox 299 2575 568 2615; x_wconf 89' lang='lat' dir='ltr'>socerum</span> <span class='ocrx_word' id='word_1_202' title='bbox 590 2563 693 2614; x_wconf 90' lang='lat' dir='ltr'>Dei</span> <span class='ocrx_word' id='word_1_203' title='bbox 729 2562 905 2625; x_wconf 90' lang='lat' dir='ltr'>dicas,</span> <span class='ocrx_word' id='word_1_204' title='bbox 931 2567 987 2614; x_wconf 91' lang='lat' dir='ltr'>et</span> <span class='ocrx_word' id='word_1_205' title='bbox 1012 2574 1238 2616; x_wconf 89' lang='lat' dir='ltr'>sorores</span> <span class='ocrx_word' id='word_1_206' title='bbox 1264 2563 1412 2628; x_wconf 87' lang='lat' dir='ltr'>ejus,</span> <span class='ocrx_word' id='word_1_207' title='bbox 1438 2575 1651 2627; x_wconf 87' lang='lat' dir='ltr'>cogna-</span> 
     </span>
    </p>
   </div>
   <div class='ocr_carea' id='block_1_28' title="bbox 51 2653 1652 2719">
    <p class='ocr_par' dir='ltr' id='par_1_28' title="bbox 51 2653 1652 2719">
     <span class='ocr_line' id='line_1_28' title="bbox 51 2653 1652 2719; baseline 0 -14"><span class='ocrx_word' id='word_1_208' title='bbox 51 2660 133 2706; x_wconf 86' lang='lat' dir='ltr'>tas</span> <span class='ocrx_word' id='word_1_209' title='bbox 158 2670 170 2707; x_wconf 92' lang='lat'><strong>:</strong></span> <span class='ocrx_word' id='word_1_210' title='bbox 195 2655 375 2707; x_wconf 89' lang='lat' dir='ltr'>etiam</span> <span class='ocrx_word' id='word_1_211' title='bbox 398 2653 651 2719; x_wconf 88' lang='lat' dir='ltr'>puellam</span> <span class='ocrx_word' id='word_1_212' title='bbox 666 2666 879 2705; x_wconf 90' lang='lat' dir='ltr'>nurum</span> <span class='ocrx_word' id='word_1_213' title='bbox 894 2654 996 2704; x_wconf 87' lang='lat' dir='ltr'>Dei</span> <span class='ocrx_word' id='word_1_214' title='bbox 1020 2653 1379 2718; x_wconf 89' lang='lat' dir='ltr'>pronunties.</span> <span class='ocrx_word' id='word_1_215' title='bbox 1405 2653 1493 2704; x_wconf 92' lang='lat' dir='ltr'>Sic</span> <span class='ocrx_word' id='word_1_216' title='bbox 1511 2653 1652 2705; x_wconf 91' lang='lat' dir='ltr'>dum</span> 
     </span>
    </p>
   </div>
   <div class='ocr_carea' id='block_1_29' title="bbox 52 2742 1656 2808">
    <p class='ocr_par' dir='ltr' id='par_1_29' title="bbox 52 2742 1656 2808">
     <span class='ocr_line' id='line_1_29' title="bbox 52 2742 1656 2808; baseline -0.002 -12"><span class='ocrx_word' id='word_1_217' title='bbox 52 2748 199 2796; x_wconf 88' lang='lat' dir='ltr'>totus</span> <span class='ocrx_word' id='word_1_218' title='bbox 225 2744 512 2796; x_wconf 78' lang='lat' dir='ltr'>Plautinae</span> <span class='ocrx_word' id='word_1_219' title='bbox 535 2748 592 2795; x_wconf 90' lang='lat' dir='ltr'>et</span> <span class='ocrx_word' id='word_1_220' title='bbox 613 2742 893 2795; x_wconf 82' lang='lat' dir='ltr'>Tullianae</span> <span class='ocrx_word' id='word_1_221' title='bbox 919 2743 1079 2808; x_wconf 90' lang='lat' dir='ltr'>cupis</span> <span class='ocrx_word' id='word_1_222' title='bbox 1104 2742 1453 2806; x_wconf 90' lang='lat' dir='ltr'>eloquentiae</span> <span class='ocrx_word' id='word_1_223' title='bbox 1479 2746 1656 2794; x_wconf 88' lang='lat' dir='ltr'>secta-</span> 
     </span>
    </p>
   </div>
   <div class='ocr_carea' id='block_1_30' title="bbox 54 2832 1653 2898">
    <p class='ocr_par' dir='ltr' id='par_1_30' title="bbox 54 2832 1653 2898">
     <span class='ocr_line' id='line_1_30' title="bbox 54 2832 1653 2898; baseline -0.001 -12"><span class='ocrx_word' id='word_1_224' title='bbox 54 2840 133 2886; x_wconf 90' lang='lat' dir='ltr'>tor</span> <span class='ocrx_word' id='word_1_225' title='bbox 155 2834 362 2897; x_wconf 89' lang='lat' dir='ltr'>videri,</span> <span class='ocrx_word' id='word_1_226' title='bbox 402 2832 615 2885; x_wconf 90' lang='lat' dir='ltr'>oblitus</span> <span class='ocrx_word' id='word_1_227' title='bbox 647 2845 728 2896; x_wconf 91' lang='lat' dir='ltr'>es,</span> <span class='ocrx_word' id='word_1_228' title='bbox 764 2832 1053 2896; x_wconf 92' lang='lat' dir='ltr'>quomodo</span> <span class='ocrx_word' id='word_1_229' title='bbox 1082 2832 1396 2898; x_wconf 88' lang='lat' dir='ltr'>Apostolus</span> <span class='ocrx_word' id='word_1_230' title='bbox 1420 2845 1653 2885; x_wconf 90' lang='lat' dir='ltr'>omnem</span> 
     </span>
    </p>
   </div>
   <div class='ocr_carea' id='block_1_31' title="bbox 52 2921 1651 2988">
    <p class='ocr_par' dir='ltr' id='par_1_31' title="bbox 52 2921 1651 2988">
     <span class='ocr_line' id='line_1_31' title="bbox 52 2921 1651 2988; baseline -0.001 -11"><span class='ocrx_word' id='word_1_231' title='bbox 52 2924 383 2985; x_wconf 87' lang='lat' dir='ltr'>Ecelesiam,</span> <span class='ocrx_word' id='word_1_232' title='bbox 428 2923 487 2975; x_wconf 90' lang='lat' dir='ltr'>id</span> <span class='ocrx_word' id='word_1_233' title='bbox 532 2927 621 2974; x_wconf 89' lang='lat' dir='ltr'>est</span> <span class='ocrx_word' id='word_1_234' title='bbox 663 2927 932 2988; x_wconf 89' lang='lat' dir='ltr'>parentes</span> <span class='ocrx_word' id='word_1_235' title='bbox 975 2935 1107 2974; x_wconf 91' lang='lat' dir='ltr'>cum</span> <span class='ocrx_word' id='word_1_236' title='bbox 1151 2921 1362 2987; x_wconf 89' lang='lat' dir='ltr'>liberis,</span> <span class='ocrx_word' id='word_1_237' title='bbox 1405 2927 1651 2975; x_wconf 87' lang='lat' dir='ltr'>matrem</span> 
     </span>
    </p>
   </div>
   <div class='ocr_carea' id='block_1_32' title="bbox 53 3012 1649 3081">
    <p class='ocr_par' dir='ltr' id='par_1_32' title="bbox 53 3012 1649 3081">
     <span class='ocr_line' id='line_1_32' title="bbox 53 3012 1649 3081; baseline 0 -16"><span class='ocrx_word' id='word_1_238' title='bbox 53 3016 152 3081; x_wconf 80' lang='grc' dir='ltr'>[Αι.</span> <span class='ocrx_word' id='word_1_239' title='bbox 190 3013 401 3079; x_wconf 73' lang='lat' dir='ltr'>matre]</span> <span class='ocrx_word' id='word_1_240' title='bbox 458 3026 591 3065; x_wconf 90' lang='lat' dir='ltr'>cum</span> <span class='ocrx_word' id='word_1_241' title='bbox 634 3012 880 3071; x_wconf 85' lang='lat' dir='ltr'>ﬁliabus,</span> <span class='ocrx_word' id='word_1_242' title='bbox 927 3025 1059 3064; x_wconf 91' lang='lat' dir='ltr'>cum</span> <span class='ocrx_word' id='word_1_243' title='bbox 1108 3012 1401 3064; x_wconf 91' lang='lat' dir='ltr'>sororibus</span> <span class='ocrx_word' id='word_1_244' title='bbox 1446 3013 1649 3065; x_wconf 85' lang='lat' dir='ltr'>fratres</span> 
     </span>
    </p>
   </div>
   <div class='ocr_carea' id='block_1_33' title="bbox 51 3103 1643 3168">
    <p class='ocr_par' dir='ltr' id='par_1_33' title="bbox 51 3103 1643 3168">
     <span class='ocr_line' id='line_1_33' title="bbox 51 3103 1643 3168; baseline -0.001 -11"><span class='ocrx_word' id='word_1_245' title='bbox 51 3118 247 3157; x_wconf 92' lang='lat' dir='ltr'>omnes</span> <span class='ocrx_word' id='word_1_246' title='bbox 278 3103 450 3155; x_wconf 90' lang='lat' dir='ltr'>simul</span> <span class='ocrx_word' id='word_1_247' title='bbox 464 3115 642 3155; x_wconf 88' lang='lat' dir='ltr'>unam</span> <span class='ocrx_word' id='word_1_248' title='bbox 654 3103 915 3155; x_wconf 91' lang='lat' dir='ltr'>nominet</span> <span class='ocrx_word' id='word_1_249' title='bbox 933 3103 1237 3168; x_wconf 82' lang='lat' dir='ltr'>virginem,</span> <span class='ocrx_word' id='word_1_250' title='bbox 1250 3103 1343 3156; x_wconf 89' lang='lat' dir='ltr'>vel</span> <span class='ocrx_word' id='word_1_251' title='bbox 1355 3115 1643 3168; x_wconf 89' lang='lat' dir='ltr'>sponsam,</span> 
     </span>
    </p>
   </div>
   <div class='ocr_carea' id='block_1_34' title="bbox 1760 580 3363 647">
    <p class='ocr_par' dir='ltr' id='par_1_34' title="bbox 1760 580 3363 647">
     <span class='ocr_line' id='line_1_34' title="bbox 1760 580 3363 647; baseline -0.002 -12"><span class='ocrx_word' id='word_1_252' title='bbox 1760 595 1926 647; x_wconf 89' lang='lat' dir='ltr'>agere</span> <span class='ocrx_word' id='word_1_253' title='bbox 1952 582 2361 647; x_wconf 77' lang='lat' dir='ltr'>pcsnitentiam,</span> <span class='ocrx_word' id='word_1_254' title='bbox 2399 580 2447 633; x_wconf 89' lang='lat' dir='ltr'>si</span> <span class='ocrx_word' id='word_1_255' title='bbox 2479 593 2598 634; x_wconf 93' lang='lat' dir='ltr'>non</span> <span class='ocrx_word' id='word_1_256' title='bbox 2639 580 2841 632; x_wconf 90' lang='lat' dir='ltr'>irrides</span> <span class='ocrx_word' id='word_1_257' title='bbox 2884 580 2997 631; x_wconf 90' lang='lat' dir='ltr'>ista</span> <span class='ocrx_word' id='word_1_258' title='bbox 3025 580 3286 643; x_wconf 87' lang='lat' dir='ltr'>dicendo,</span> <span class='ocrx_word' id='word_1_259' title='bbox 3312 582 3363 633; x_wconf 91' lang='lat' dir='ltr'>si</span> 
     </span>
    </p>
   </div>
   <div class='ocr_carea' id='block_1_35' title="bbox 1760 670 3363 738">
    <p class='ocr_par' dir='ltr' id='par_1_35' title="bbox 1760 670 3363 738">
     <span class='ocr_line' id='line_1_35' title="bbox 1760 670 3363 738; baseline -0.001 -14"><span class='ocrx_word' id='word_1_260' title='bbox 1760 686 1879 724; x_wconf 91' lang='lat' dir='ltr'>non</span> <span class='ocrx_word' id='word_1_261' title='bbox 1906 677 2099 725; x_wconf 88' lang='lat' dir='ltr'>mente</span> <span class='ocrx_word' id='word_1_262' title='bbox 2130 672 2397 738; x_wconf 72' lang='grc' dir='ltr'>φιλόνεικσς</span> <span class='ocrx_word' id='word_1_263' title='bbox 2444 675 2499 723; x_wconf 90' lang='lat' dir='ltr'>et</span> <span class='ocrx_word' id='word_1_264' title='bbox 2536 670 2955 723; x_wconf 88' lang='lat' dir='ltr'>contentiosius</span> <span class='ocrx_word' id='word_1_265' title='bbox 2988 674 3222 735; x_wconf 90' lang='lat' dir='ltr'>propter</span> <span class='ocrx_word' id='word_1_266' title='bbox 3252 670 3363 723; x_wconf 92' lang='lat' dir='ltr'>hoc</span> 
     </span>
    </p>
   </div>
   <div class='ocr_carea' id='block_1_36' title="bbox 1762 760 3364 825">
    <p class='ocr_par' dir='ltr' id='par_1_36' title="bbox 1762 760 3364 825">
     <span class='ocr_line' id='line_1_36' title="bbox 1762 760 3364 825; baseline -0.001 -12"><span class='ocrx_word' id='word_1_267' title='bbox 1762 761 1950 814; x_wconf 88' lang='lat' dir='ltr'>solum</span> <span class='ocrx_word' id='word_1_268' title='bbox 1979 762 2152 813; x_wconf 90' lang='lat' dir='ltr'>etiam</span> <span class='ocrx_word' id='word_1_269' title='bbox 2177 767 2233 813; x_wconf 85' lang='lat' dir='ltr'>te</span> <span class='ocrx_word' id='word_1_270' title='bbox 2257 761 2532 813; x_wconf 86' lang='lat' dir='ltr'>infamare</span> <span class='ocrx_word' id='word_1_271' title='bbox 2555 774 2674 812; x_wconf 93' lang='lat' dir='ltr'>non</span> <span class='ocrx_word' id='word_1_272' title='bbox 2698 760 2931 825; x_wconf 89' lang='lat' dir='ltr'>refugis,</span> <span class='ocrx_word' id='word_1_273' title='bbox 2965 760 3278 812; x_wconf 88' lang='lat' dir='ltr'>dummodo</span> <span class='ocrx_word' id='word_1_274' title='bbox 3302 772 3364 812; x_wconf 89' lang='lat' dir='ltr'>a-</span> 
     </span>
    </p>
   </div>
   <div class='ocr_carea' id='block_1_37' title="bbox 1761 849 3364 913">
    <p class='ocr_par' dir='ltr' id='par_1_37' title="bbox 1761 849 3364 913">
     <span class='ocr_line' id='line_1_37' title="bbox 1761 849 3364 913; baseline -0.001 -9"><span class='ocrx_word' id='word_1_275' title='bbox 1761 851 1904 903; x_wconf 89' lang='lat' dir='ltr'>lium</span> <span class='ocrx_word' id='word_1_276' title='bbox 1933 851 2258 904; x_wconf 78' lang='lat' dir='ltr'>decoloros:</span> <span class='ocrx_word' id='word_1_277' title='bbox 2287 850 2336 902; x_wconf 90' lang='lat' dir='ltr'>si</span> <span class='ocrx_word' id='word_1_278' title='bbox 2357 863 2476 902; x_wconf 91' lang='lat' dir='ltr'>non</span> <span class='ocrx_word' id='word_1_279' title='bbox 2500 854 2640 913; x_wconf 90' lang='lat' dir='ltr'>arte,</span> <span class='ocrx_word' id='word_1_280' title='bbox 2668 850 2770 902; x_wconf 90' lang='lat' dir='ltr'>sed</span> <span class='ocrx_word' id='word_1_281' title='bbox 2794 850 2905 902; x_wconf 83' lang='lat' dir='ltr'>ﬁde</span> <span class='ocrx_word' id='word_1_282' title='bbox 2925 849 3211 901; x_wconf 90' lang='lat' dir='ltr'>dictorum</span> <span class='ocrx_word' id='word_1_283' title='bbox 3234 854 3364 903; x_wconf 92' lang='lat' dir='ltr'>tuo-</span> 
     </span>
    </p>
   </div>
   <div class='ocr_carea' id='block_1_38' title="bbox 1762 938 3364 1006">
    <p class='ocr_par' dir='ltr' id='par_1_38' title="bbox 1762 938 3364 1006">
     <span class='ocr_line' id='line_1_38' title="bbox 1762 938 3364 1006; baseline -0.001 -14"><span class='ocrx_word' id='word_1_284' title='bbox 1762 954 1893 993; x_wconf 90' lang='lat' dir='ltr'>rum</span> <span class='ocrx_word' id='word_1_285' title='bbox 1938 940 2359 1006; x_wconf 66' lang='lat' dir='ltr'>paanitudinem</span> <span class='ocrx_word' id='word_1_286' title='bbox 2395 939 2579 1003; x_wconf 87' lang='lat' dir='ltr'>egeris</span> <span class='ocrx_word' id='word_1_287' title='bbox 2618 938 2722 1003; x_wconf 83' lang='grc' dir='ltr'>[Αι.</span> <span class='ocrx_word' id='word_1_288' title='bbox 2767 939 2955 1003; x_wconf 86' lang='lat' dir='ltr'>geris],</span> <span class='ocrx_word' id='word_1_289' title='bbox 2981 952 3082 1003; x_wconf 88' lang='lat' dir='ltr'>pro</span> <span class='ocrx_word' id='word_1_290' title='bbox 3105 938 3214 990; x_wconf 88' lang='lat' dir='ltr'>hac</span> <span class='ocrx_word' id='word_1_291' title='bbox 3245 944 3364 991; x_wconf 89' lang='lat' dir='ltr'>tam</span> 
     </span>
    </p>
   </div>
   <div class='ocr_carea' id='block_1_39' title="bbox 1762 1027 3365 1096">
    <p class='ocr_par' dir='ltr' id='par_1_39' title="bbox 1762 1027 3365 1096">
     <span class='ocr_line' id='line_1_39' title="bbox 1762 1027 3365 1096; baseline -0.001 -14"><span class='ocrx_word' id='word_1_292' title='bbox 1762 1031 1924 1096; x_wconf 85' lang='lat' dir='ltr'>gravi</span> <span class='ocrx_word' id='word_1_293' title='bbox 1948 1030 2214 1094; x_wconf 90' lang='lat' dir='ltr'>turpique</span> <span class='ocrx_word' id='word_1_294' title='bbox 2243 1028 2601 1093; x_wconf 88' lang='lat' dir='ltr'>blasphemia</span> <span class='ocrx_word' id='word_1_295' title='bbox 2622 1040 2728 1093; x_wconf 91' lang='lat' dir='ltr'>age</span> <span class='ocrx_word' id='word_1_296' title='bbox 2760 1028 3207 1092; x_wconf 78' lang='lat' dir='ltr'>pcenitentiam,°</span> <span class='ocrx_word' id='word_1_297' title='bbox 3229 1027 3365 1081; x_wconf 91' lang='lat' dir='ltr'>hinc</span> 
     </span>
    </p>
   </div>
   <div class='ocr_carea' id='block_1_40' title="bbox 1764 1118 3365 1182">
    <p class='ocr_par' dir='ltr' id='par_1_40' title="bbox 1764 1118 3365 1182">
     <span class='ocr_line' id='line_1_40' title="bbox 1764 1118 3365 1182; baseline -0.002 -9"><span class='ocrx_word' id='word_1_298' title='bbox 1764 1121 1919 1173; x_wconf 89' lang='lat' dir='ltr'>enim</span> <span class='ocrx_word' id='word_1_299' title='bbox 1942 1120 2001 1171; x_wconf 91' lang='lat' dir='ltr'>in</span> <span class='ocrx_word' id='word_1_300' title='bbox 2028 1122 2213 1171; x_wconf 90' lang='lat' dir='ltr'>Deum</span> <span class='ocrx_word' id='word_1_301' title='bbox 2234 1118 2668 1182; x_wconf 89' lang='lat' dir='ltr'>blasphemasti.</span> <span class='ocrx_word' id='word_1_302' title='bbox 2699 1119 2845 1169; x_wconf 91' lang='lat' dir='ltr'>Nam</span> <span class='ocrx_word' id='word_1_303' title='bbox 2867 1118 2939 1170; x_wconf 90' lang='lat' dir='ltr'>de</span> <span class='ocrx_word' id='word_1_304' title='bbox 2962 1118 3240 1170; x_wconf 85' lang='lat' dir='ltr'>creaturis</span> <span class='ocrx_word' id='word_1_305' title='bbox 3266 1118 3365 1170; x_wconf 90' lang='lat' dir='ltr'>ali-</span> 
     </span>
    </p>
   </div>
   <div class='ocr_carea' id='block_1_41' title="bbox 1768 1206 3365 1276">
    <p class='ocr_par' dir='ltr' id='par_1_41' title="bbox 1768 1206 3365 1276">
     <span class='ocr_line' id='line_1_41' title="bbox 1768 1206 3365 1276; baseline -0.001 -14"><span class='ocrx_word' id='word_1_306' title='bbox 1768 1210 1907 1276; x_wconf 91' lang='lat' dir='ltr'>quid</span> <span class='ocrx_word' id='word_1_307' title='bbox 1931 1210 2117 1262; x_wconf 89' lang='lat' dir='ltr'>dicere</span> <span class='ocrx_word' id='word_1_308' title='bbox 2142 1213 2200 1261; x_wconf 90' lang='lat' dir='ltr'>et</span> <span class='ocrx_word' id='word_1_309' title='bbox 2222 1220 2428 1273; x_wconf 89' lang='lat' dir='ltr'>errare,</span> <span class='ocrx_word' id='word_1_310' title='bbox 2460 1206 2715 1260; x_wconf 80' lang='lat' dir='ltr'>maxime</span> <span class='ocrx_word' id='word_1_311' title='bbox 2753 1207 2802 1258; x_wconf 91' lang='lat' dir='ltr'>si</span> <span class='ocrx_word' id='word_1_312' title='bbox 2836 1219 2956 1259; x_wconf 92' lang='lat' dir='ltr'>non</span> <span class='ocrx_word' id='word_1_313' title='bbox 2999 1206 3365 1261; x_wconf 56' lang='lat' dir='ltr'>contumelia}</span> 
     </span>
    </p>
   </div>
   <div class='ocr_carea' id='block_1_42' title="bbox 1765 1296 3367 1364">
    <p class='ocr_par' dir='ltr' id='par_1_42' title="bbox 1765 1296 3367 1364">
     <span class='ocr_line' id='line_1_42' title="bbox 1765 1296 3367 1364; baseline -0.003 -9"><span class='ocrx_word' id='word_1_314' title='bbox 1765 1306 1919 1363; x_wconf 89' lang='lat' dir='ltr'>voto,</span> <span class='ocrx_word' id='word_1_315' title='bbox 1948 1300 2049 1352; x_wconf 89' lang='lat' dir='ltr'>sed</span> <span class='ocrx_word' id='word_1_316' title='bbox 2084 1299 2529 1364; x_wconf 89' lang='lat' dir='ltr'>dumjustitiam</span> <span class='ocrx_word' id='word_1_317' title='bbox 2561 1298 2683 1357; x_wconf 91' lang='lat' dir='ltr'>Dei,</span> <span class='ocrx_word' id='word_1_318' title='bbox 2734 1302 2801 1350; x_wconf 93' lang='lat' dir='ltr'>ut</span> <span class='ocrx_word' id='word_1_319' title='bbox 2838 1296 2998 1360; x_wconf 91' lang='lat' dir='ltr'>dicis,</span> <span class='ocrx_word' id='word_1_320' title='bbox 3026 1297 3183 1362; x_wconf 91' lang='lat' dir='ltr'>cupit</span> <span class='ocrx_word' id='word_1_321' title='bbox 3206 1308 3367 1350; x_wconf 88' lang='lat' dir='ltr'>asse-</span> 
     </span>
    </p>
   </div>
   <div class='ocr_carea' id='block_1_43' title="bbox 1768 1386 3368 1456">
    <p class='ocr_par' dir='ltr' id='par_1_43' title="bbox 1768 1386 3368 1456">
     <span class='ocr_line' id='line_1_43' title="bbox 1768 1386 3368 1456; baseline -0.004 -13"><span class='ocrx_word' id='word_1_322' title='bbox 1768 1403 1909 1456; x_wconf 90' lang='lat' dir='ltr'>rere,</span> <span class='ocrx_word' id='word_1_323' title='bbox 1935 1390 2067 1454; x_wconf 89' lang='lat' dir='ltr'>quis</span> <span class='ocrx_word' id='word_1_324' title='bbox 2092 1389 2309 1452; x_wconf 84' lang='lat' dir='ltr'>efiluat,</span> <span class='ocrx_word' id='word_1_325' title='bbox 2334 1401 2453 1440; x_wconf 92' lang='lat' dir='ltr'>non</span> <span class='ocrx_word' id='word_1_326' title='bbox 2476 1392 2566 1441; x_wconf 89' lang='lat' dir='ltr'>est</span> <span class='ocrx_word' id='word_1_327' title='bbox 2580 1387 2755 1440; x_wconf 91' lang='lat' dir='ltr'>nimis</span> <span class='ocrx_word' id='word_1_328' title='bbox 2772 1386 3126 1439; x_wconf 83' lang='lat' dir='ltr'>exsecrabile</span> <span class='ocrx_word' id='word_1_329' title='bbox 3137 1389 3368 1436; x_wconf 81' lang='lat' dir='ltr'>commis-</span> 
     </span>
    </p>
   </div>
   <div class='ocr_carea' id='block_1_44' title="bbox 1766 1475 3365 1541">
    <p class='ocr_par' dir='ltr' id='par_1_44' title="bbox 1766 1475 3365 1541">
     <span class='ocr_line' id='line_1_44' title="bbox 1766 1475 3365 1541; baseline -0.004 -8"><span class='ocrx_word' id='word_1_330' title='bbox 1766 1493 1914 1533; x_wconf 92' lang='lat' dir='ltr'>sum.</span> <span class='ocrx_word' id='word_1_331' title='bbox 1938 1476 2003 1531; x_wconf 90' lang='lat' dir='ltr'>In</span> <span class='ocrx_word' id='word_1_332' title='bbox 2026 1480 2235 1533; x_wconf 67' lang='lat' dir='ltr'>caelum</span> <span class='ocrx_word' id='word_1_333' title='bbox 2260 1478 2492 1531; x_wconf 89' lang='lat' dir='ltr'>tendere</span> <span class='ocrx_word' id='word_1_334' title='bbox 2517 1489 2599 1541; x_wconf 91' lang='lat' dir='ltr'>os,</span> <span class='ocrx_word' id='word_1_335' title='bbox 2639 1488 2817 1541; x_wconf 88' lang='lat' dir='ltr'>grave</span> <span class='ocrx_word' id='word_1_336' title='bbox 2862 1480 2967 1528; x_wconf 89' lang='lat' dir='ltr'>est.</span> <span class='ocrx_word' id='word_1_337' title='bbox 3014 1475 3365 1541; x_wconf 89' lang='lat' dir='ltr'>Injustitiam</span> 
     </span>
    </p>
   </div>
   <div class='ocr_carea' id='block_1_45' title="bbox 1763 1564 3366 1630">
    <p class='ocr_par' dir='ltr' id='par_1_45' title="bbox 1763 1564 3366 1630">
     <span class='ocr_line' id='line_1_45' title="bbox 1763 1564 3366 1630; baseline -0.005 -7"><span class='ocrx_word' id='word_1_338' title='bbox 1763 1571 1859 1623; x_wconf 90' lang='lat' dir='ltr'>vel</span> <span class='ocrx_word' id='word_1_339' title='bbox 1882 1569 2287 1623; x_wconf 88' lang='lat' dir='ltr'>contumeliam</span> <span class='ocrx_word' id='word_1_340' title='bbox 2318 1568 2377 1620; x_wconf 90' lang='lat' dir='ltr'>in</span> <span class='ocrx_word' id='word_1_341' title='bbox 2409 1566 2705 1619; x_wconf 84' lang='lat' dir='ltr'>excelsum</span> <span class='ocrx_word' id='word_1_342' title='bbox 2736 1564 2912 1630; x_wconf 90' lang='lat' dir='ltr'>loqui,</span> <span class='ocrx_word' id='word_1_343' title='bbox 2937 1564 2959 1600; x_wconf 68' lang='grc' dir='ltr'><em>τ</em></span> <span class='ocrx_word' id='word_1_344' title='bbox 2978 1564 3366 1630; x_wconf 91' lang='lat' dir='ltr'>perniciosum</span> 
     </span>
    </p>
   </div>
   <div class='ocr_carea' id='block_1_46' title="bbox 1763 1654 3365 1724">
    <p class='ocr_par' dir='ltr' id='par_1_46' title="bbox 1763 1654 3365 1724">
     <span class='ocr_line' id='line_1_46' title="bbox 1763 1654 3365 1724; baseline -0.006 -10"><span class='ocrx_word' id='word_1_345' title='bbox 1763 1666 1869 1714; x_wconf 87' lang='lat' dir='ltr'>est.</span> <span class='ocrx_word' id='word_1_346' title='bbox 1900 1661 2021 1713; x_wconf 89' lang='lat' dir='ltr'>Hoc</span> <span class='ocrx_word' id='word_1_347' title='bbox 2043 1660 2311 1724; x_wconf 90' lang='lat' dir='ltr'>lugeatur</span> <span class='ocrx_word' id='word_1_348' title='bbox 2342 1657 2497 1722; x_wconf 90' lang='lat' dir='ltr'>quod</span> <span class='ocrx_word' id='word_1_349' title='bbox 2533 1655 2760 1709; x_wconf 81' lang='lat' dir='ltr'>difﬁcile</span> <span class='ocrx_word' id='word_1_350' title='bbox 2785 1659 3036 1707; x_wconf 90' lang='lat' dir='ltr'>curatur.</span> <span class='ocrx_word' id='word_1_351' title='bbox 3061 1655 3209 1706; x_wconf 89' lang='lat' dir='ltr'>Nam</span> <span class='ocrx_word' id='word_1_352' title='bbox 3232 1654 3365 1717; x_wconf 87' lang='lat' dir='ltr'>quis</span> 
     </span>
    </p>
   </div>
   <div class='ocr_carea' id='block_1_47' title="bbox 1761 1742 3362 1815">
    <p class='ocr_par' dir='ltr' id='par_1_47' title="bbox 1761 1742 3362 1815">
     <span class='ocr_line' id='line_1_47' title="bbox 1761 1742 3362 1815; baseline -0.006 -12"><span class='ocrx_word' id='word_1_353' title='bbox 1761 1755 1851 1804; x_wconf 89' lang='lat' dir='ltr'>est</span> <span class='ocrx_word' id='word_1_354' title='bbox 1875 1751 2131 1815; x_wconf 91' lang='lat' dir='ltr'>quicum</span> <span class='ocrx_word' id='word_1_355' title='bbox 2159 1748 2360 1801; x_wconf 92' lang='lat' dir='ltr'>morbo</span> <span class='ocrx_word' id='word_1_356' title='bbox 2382 1746 2539 1811; x_wconf 89' lang='lat' dir='ltr'>regio</span> <span class='ocrx_word' id='word_1_357' title='bbox 2561 1745 2801 1808; x_wconf 87' lang='lat' dir='ltr'>laboret,</span> <span class='ocrx_word' id='word_1_358' title='bbox 2831 1748 2888 1796; x_wconf 89' lang='lat' dir='ltr'>et</span> <span class='ocrx_word' id='word_1_359' title='bbox 2911 1743 2982 1797; x_wconf 91' lang='lat' dir='ltr'>de</span> <span class='ocrx_word' id='word_1_360' title='bbox 3003 1743 3129 1807; x_wconf 91' lang='lat' dir='ltr'>ipso</span> <span class='ocrx_word' id='word_1_361' title='bbox 3159 1742 3362 1808; x_wconf 88' lang='lat' dir='ltr'>capite,</span> 
     </span>
    </p>
   </div>
   <div class='ocr_carea' id='block_1_48' title="bbox 1760 1831 3362 1901">
    <p class='ocr_par' dir='ltr' id='par_1_48' title="bbox 1760 1831 3362 1901">
     <span class='ocr_line' id='line_1_48' title="bbox 1760 1831 3362 1901; baseline -0.007 -7"><span class='ocrx_word' id='word_1_362' title='bbox 1760 1846 1817 1894; x_wconf 89' lang='lat' dir='ltr'>et</span> <span class='ocrx_word' id='word_1_363' title='bbox 1862 1840 2029 1895; x_wconf 86' lang='lat' dir='ltr'>vultu</span> <span class='ocrx_word' id='word_1_364' title='bbox 2072 1851 2140 1890; x_wconf 88' lang='lat' dir='ltr'>ac</span> <span class='ocrx_word' id='word_1_365' title='bbox 2184 1837 2305 1890; x_wconf 89' lang='lat' dir='ltr'>vita</span> <span class='ocrx_word' id='word_1_366' title='bbox 2351 1834 2720 1901; x_wconf 89' lang='lat' dir='ltr'>periclitetur,</span> <span class='ocrx_word' id='word_1_367' title='bbox 2762 1844 3111 1897; x_wconf 90' lang='lat' dir='ltr'>magnopere</span> <span class='ocrx_word' id='word_1_368' title='bbox 3135 1831 3362 1895; x_wconf 89' lang='lat' dir='ltr'>clamet,</span> 
     </span>
    </p>
   </div>
   <div class='ocr_carea' id='block_1_49' title="bbox 1760 1919 3365 1995">
    <p class='ocr_par' dir='ltr' id='par_1_49' title="bbox 1760 1919 3365 1995">
     <span class='ocr_line' id='line_1_49' title="bbox 1760 1919 3365 1995; baseline -0.007 -12"><span class='ocrx_word' id='word_1_369' title='bbox 1760 1931 1917 1995; x_wconf 93' lang='lat' dir='ltr'>quod</span> <span class='ocrx_word' id='word_1_370' title='bbox 1940 1942 2057 1981; x_wconf 91' lang='lat' dir='ltr'>non</span> <span class='ocrx_word' id='word_1_371' title='bbox 2106 1927 2231 1979; x_wconf 90' lang='lat' dir='ltr'>leve</span> <span class='ocrx_word' id='word_1_372' title='bbox 2268 1936 2286 1965; x_wconf 72' lang='grc' dir='ltr'><em>ε</em></span> <span class='ocrx_word' id='word_1_373' title='bbox 2331 1924 2642 1991; x_wconf 77' lang='grc' dir='ltr'>παρωνύχιον</span> <span class='ocrx_word' id='word_1_374' title='bbox 2700 1922 2885 1988; x_wconf 90' lang='lat' dir='ltr'>pedis,</span> <span class='ocrx_word' id='word_1_375' title='bbox 2932 1925 3033 1973; x_wconf 88' lang='lat' dir='ltr'>aut</span> <span class='ocrx_word' id='word_1_376' title='bbox 3081 1919 3365 1986; x_wconf 88' lang='lat' dir='ltr'>perfacilis</span> 
     </span>
    </p>
   </div>
   <div class='ocr_carea' id='block_1_50' title="bbox 1758 2015 2688 2086">
    <p class='ocr_par' dir='ltr' id='par_1_50' title="bbox 1758 2015 2688 2086">
     <span class='ocr_line' id='line_1_50' title="bbox 1758 2015 2688 2086; baseline -0.012 -12"><span class='ocrx_word' id='word_1_377' title='bbox 1758 2020 1993 2086; x_wconf 88' lang='lat' dir='ltr'>ungulae</span> <span class='ocrx_word' id='word_1_378' title='bbox 2019 2030 2142 2071; x_wconf 71' lang='lat' dir='ltr'>suae</span> <span class='ocrx_word' id='word_1_379' title='bbox 2167 2017 2387 2068; x_wconf 80' lang='lat' dir='ltr'>offensa</span> <span class='ocrx_word' id='word_1_380' title='bbox 2409 2018 2640 2066; x_wconf 87' lang='lat' dir='ltr'>curetur</span> <span class='ocrx_word' id='word_1_381' title='bbox 2660 2015 2688 2063; x_wconf 65' lang='grc' dir='ltr'>τὶ</span> 
     </span>
    </p>
   </div>
   <div class='ocr_carea' id='block_1_51' title="bbox 1820 2101 3366 2166">
    <p class='ocr_par' dir='ltr' id='par_1_51' title="bbox 1820 2101 3366 2166">
     <span class='ocr_line' id='line_1_51' title="bbox 1820 2101 3366 2166; baseline -0.007 -2"><span class='ocrx_word' id='word_1_382' title='bbox 1820 2109 1912 2166; x_wconf 69' lang='grc'>12.</span> <span class='ocrx_word' id='word_1_383' title='bbox 1944 2108 2091 2160; x_wconf 91' lang='lat' dir='ltr'>Illud</span> <span class='ocrx_word' id='word_1_384' title='bbox 2115 2112 2309 2159; x_wconf 90' lang='lat' dir='ltr'>autem</span> <span class='ocrx_word' id='word_1_385' title='bbox 2323 2104 2628 2156; x_wconf 87' lang='lat' dir='ltr'>minimum</span> <span class='ocrx_word' id='word_1_386' title='bbox 2650 2101 2887 2166; x_wconf 90' lang='lat' dir='ltr'>quidem</span> <span class='ocrx_word' id='word_1_387' title='bbox 2913 2103 3022 2163; x_wconf 90' lang='lat' dir='ltr'>est,</span> <span class='ocrx_word' id='word_1_388' title='bbox 3047 2104 3107 2152; x_wconf 91' lang='lat' dir='ltr'>et</span> <span class='ocrx_word' id='word_1_389' title='bbox 3135 2111 3366 2165; x_wconf 90' lang='lat' dir='ltr'>respon-</span> 
     </span>
    </p>
   </div>
   <div class='ocr_carea' id='block_1_52' title="bbox 1759 2189 3361 2260">
    <p class='ocr_par' dir='ltr' id='par_1_52' title="bbox 1759 2189 3361 2260">
     <span class='ocr_line' id='line_1_52' title="bbox 1759 2189 3361 2260; baseline -0.007 -8"><span class='ocrx_word' id='word_1_390' title='bbox 1759 2201 1918 2251; x_wconf 89' lang='lat' dir='ltr'>sione</span> <span class='ocrx_word' id='word_1_391' title='bbox 1948 2199 2047 2251; x_wconf 87' lang='lat' dir='ltr'>vix</span> <span class='ocrx_word' id='word_1_392' title='bbox 2071 2198 2332 2260; x_wconf 89' lang='lat' dir='ltr'>dignum,</span> <span class='ocrx_word' id='word_1_393' title='bbox 2360 2192 2515 2257; x_wconf 90' lang='lat' dir='ltr'>quod</span> <span class='ocrx_word' id='word_1_394' title='bbox 2539 2202 2885 2244; x_wconf 90' lang='lat' dir='ltr'>enumerans</span> <span class='ocrx_word' id='word_1_395' title='bbox 2909 2189 3174 2241; x_wconf 89' lang='lat' dir='ltr'>doctores</span> <span class='ocrx_word' id='word_1_396' title='bbox 3200 2200 3361 2253; x_wconf 89' lang='lat' dir='ltr'>suos,</span> 
     </span>
    </p>
   </div>
   <div class='ocr_carea' id='block_1_53' title="bbox 1755 2278 3359 2354">
    <p class='ocr_par' dir='ltr' id='par_1_53' title="bbox 1755 2278 3359 2354">
     <span class='ocr_line' id='line_1_53' title="bbox 1755 2278 3359 2354; baseline -0.009 -12"><span class='ocrx_word' id='word_1_397' title='bbox 1755 2302 1900 2354; x_wconf 89' lang='lat' dir='ltr'>quos</span> <span class='ocrx_word' id='word_1_398' title='bbox 1927 2302 1989 2340; x_wconf 90' lang='lat' dir='ltr'>se</span> <span class='ocrx_word' id='word_1_399' title='bbox 2020 2287 2091 2339; x_wconf 92' lang='lat' dir='ltr'>de</span> <span class='ocrx_word' id='word_1_400' title='bbox 2117 2295 2413 2350; x_wconf 80' lang='lat' dir='ltr'>synagoga</span> <span class='ocrx_word' id='word_1_401' title='bbox 2436 2282 2573 2333; x_wconf 91' lang='lat' dir='ltr'>dicit</span> <span class='ocrx_word' id='word_1_402' title='bbox 2595 2293 2725 2332; x_wconf 89' lang='lat' dir='ltr'>esse</span> <span class='ocrx_word' id='word_1_403' title='bbox 2748 2278 2769 2308; x_wconf 79' lang='grc'>¹³</span> <span class='ocrx_word' id='word_1_404' title='bbox 2791 2283 3131 2343; x_wconf 88' lang='lat' dir='ltr'>mercatum,</span> <span class='ocrx_word' id='word_1_405' title='bbox 3159 2278 3359 2329; x_wconf 89' lang='lat' dir='ltr'>stimu-</span> 
     </span>
    </p>
   </div>
   <div class='ocr_carea' id='block_1_54' title="bbox 1752 2366 3359 2441">
    <p class='ocr_par' dir='ltr' id='par_1_54' title="bbox 1752 2366 3359 2441">
     <span class='ocr_line' id='line_1_54' title="bbox 1752 2366 3359 2441; baseline -0.009 -9"><span class='ocrx_word' id='word_1_406' title='bbox 1752 2380 1879 2431; x_wconf 88' lang='lat' dir='ltr'>lans</span> <span class='ocrx_word' id='word_1_407' title='bbox 1908 2391 2034 2441; x_wconf 90' lang='lat' dir='ltr'>nos,</span> <span class='ocrx_word' id='word_1_408' title='bbox 2086 2374 2417 2439; x_wconf 88' lang='lat' dir='ltr'>subjungit:</span> <span class='ocrx_word' id='word_1_409' title='bbox 2464 2373 2661 2434; x_wconf 90' lang='lat' dir='ltr'>Neque</span> <span class='ocrx_word' id='word_1_410' title='bbox 2685 2368 2861 2432; x_wconf 91' lang='lat' dir='ltr'>enim,</span> <span class='ocrx_word' id='word_1_411' title='bbox 2887 2366 3095 2431; x_wconf 83' lang='lat' dir='ltr'>inquit,</span> <span class='ocrx_word' id='word_1_412' title='bbox 3119 2367 3243 2431; x_wconf 90' lang='lat' dir='ltr'>ipse</span> <span class='ocrx_word' id='word_1_413' title='bbox 3264 2379 3359 2418; x_wconf 91' lang='lat' dir='ltr'>me</span> 
     </span>
    </p>
   </div>
   <div class='ocr_carea' id='block_1_55' title="bbox 1752 2455 3357 2532">
    <p class='ocr_par' dir='ltr' id='par_1_55' title="bbox 1752 2455 3357 2532">
     <span class='ocr_line' id='line_1_55' title="bbox 1752 2455 3357 2532; baseline -0.009 -11"><span class='ocrx_word' id='word_1_414' title='bbox 1752 2469 1937 2532; x_wconf 92' lang='lat' dir='ltr'>docui,</span> <span class='ocrx_word' id='word_1_415' title='bbox 1977 2467 2125 2518; x_wconf 89' lang='lat' dir='ltr'>sicut</span> <span class='ocrx_word' id='word_1_416' title='bbox 2169 2463 2439 2528; x_wconf 87' lang='lat' dir='ltr'>quidam;</span> <span class='ocrx_word' id='word_1_417' title='bbox 2489 2472 2598 2512; x_wconf 93' lang='lat' dir='ltr'>nos</span> <span class='ocrx_word' id='word_1_418' title='bbox 2644 2458 2769 2510; x_wconf 89' lang='lat' dir='ltr'>sine</span> <span class='ocrx_word' id='word_1_419' title='bbox 2814 2456 2989 2510; x_wconf 91' lang='lat' dir='ltr'>dubio</span> <span class='ocrx_word' id='word_1_420' title='bbox 3013 2456 3269 2520; x_wconf 90' lang='lat' dir='ltr'>intuens,</span> <span class='ocrx_word' id='word_1_421' title='bbox 3293 2455 3357 2508; x_wconf 90' lang='lat' dir='ltr'>in</span> 
     </span>
    </p>
   </div>
   <div class='ocr_carea' id='block_1_56' title="bbox 1755 2546 3350 2625">
    <p class='ocr_par' dir='ltr' id='par_1_56' title="bbox 1755 2546 3350 2625">
     <span class='ocr_line' id='line_1_56' title="bbox 1755 2546 3350 2625; baseline -0.009 -13"><span class='ocrx_word' id='word_1_422' title='bbox 1755 2573 1901 2625; x_wconf 88' lang='lat' dir='ltr'>quos</span> <span class='ocrx_word' id='word_1_423' title='bbox 1934 2569 2105 2610; x_wconf 90' lang='lat' dir='ltr'>omne</span> <span class='ocrx_word' id='word_1_424' title='bbox 2139 2556 2210 2607; x_wconf 88' lang='lat' dir='ltr'>ab</span> <span class='ocrx_word' id='word_1_425' title='bbox 2241 2553 2404 2606; x_wconf 91' lang='lat' dir='ltr'>initio</span> <span class='ocrx_word' id='word_1_426' title='bbox 2448 2548 2810 2602; x_wconf 90' lang='lat' dir='ltr'>lacerationis</span> <span class='ocrx_word' id='word_1_427' title='bbox 2856 2558 2983 2600; x_wconf 89' lang='lat' dir='ltr'>suae</span> <span class='ocrx_word' id='word_1_428' title='bbox 3005 2546 3234 2611; x_wconf 88' lang='lat' dir='ltr'>pondus</span> <span class='ocrx_word' id='word_1_429' title='bbox 3258 2546 3350 2599; x_wconf 90' lang='lat' dir='ltr'>in-</span> 
     </span>
    </p>
   </div>
   <div class='ocr_carea' id='block_1_57' title="bbox 1751 2635 3357 2703">
    <p class='ocr_par' dir='ltr' id='par_1_57' title="bbox 1751 2635 3357 2703">
     <span class='ocr_line' id='line_1_57' title="bbox 1751 2635 3357 2703; baseline -0.011 0"><span class='ocrx_word' id='word_1_430' title='bbox 1751 2649 1926 2703; x_wconf 84' lang='lat' dir='ltr'>vexit.</span> <span class='ocrx_word' id='word_1_431' title='bbox 1982 2646 2052 2699; x_wconf 87' lang='lat' dir='ltr'>Et</span> <span class='ocrx_word' id='word_1_432' title='bbox 2090 2646 2267 2697; x_wconf 90' lang='lat' dir='ltr'>miror</span> <span class='ocrx_word' id='word_1_433' title='bbox 2309 2640 2456 2694; x_wconf 84' lang='lat' dir='ltr'>hoc‘</span> <span class='ocrx_word' id='word_1_434' title='bbox 2485 2652 2622 2691; x_wconf 90' lang='lat' dir='ltr'>eum</span> <span class='ocrx_word' id='word_1_435' title='bbox 2669 2638 2859 2689; x_wconf 90' lang='lat' dir='ltr'>dicere</span> <span class='ocrx_word' id='word_1_436' title='bbox 2898 2635 3177 2701; x_wconf 91' lang='lat' dir='ltr'>voluisse,</span> <span class='ocrx_word' id='word_1_437' title='bbox 3221 2647 3357 2688; x_wconf 91' lang='lat' dir='ltr'>cum</span> 
     </span>
    </p>
   </div>
   <div class='ocr_carea' id='block_1_58' title="bbox 1750 2726 3358 2805">
    <p class='ocr_par' dir='ltr' id='par_1_58' title="bbox 1750 2726 3358 2805">
     <span class='ocr_line' id='line_1_58' title="bbox 1750 2726 3358 2805; baseline -0.01 -12"><span class='ocrx_word' id='word_1_438' title='bbox 1750 2737 2113 2805; x_wconf 89' lang='lat' dir='ltr'>majoremin</span> <span class='ocrx_word' id='word_1_439' title='bbox 2155 2747 2248 2787; x_wconf 90' lang='lat' dir='ltr'>me</span> <span class='ocrx_word' id='word_1_440' title='bbox 2299 2737 2356 2785; x_wconf 90' lang='lat' dir='ltr'>et</span> <span class='ocrx_word' id='word_1_441' title='bbox 2388 2730 2669 2785; x_wconf 89' lang='lat' dir='ltr'>veriorem</span> <span class='ocrx_word' id='word_1_442' title='bbox 2712 2728 2953 2779; x_wconf 82' lang='lat' dir='ltr'>haberet</span> <span class='ocrx_word' id='word_1_443' title='bbox 2998 2726 3358 2778; x_wconf 89' lang='lat' dir='ltr'>obtrectandi</span> 
     </span>
    </p>
   </div>
   <div class='ocr_carea' id='block_1_59' title="bbox 1748 2814 3356 2890">
    <p class='ocr_par' dir='ltr' id='par_1_59' title="bbox 1748 2814 3356 2890">
     <span class='ocr_line' id='line_1_59' title="bbox 1748 2814 3356 2890; baseline -0.011 -6"><span class='ocrx_word' id='word_1_444' title='bbox 1748 2829 2069 2889; x_wconf 89' lang='lat' dir='ltr'>materiam,</span> <span class='ocrx_word' id='word_1_445' title='bbox 2115 2824 2271 2890; x_wconf 91' lang='lat' dir='ltr'>quod</span> <span class='ocrx_word' id='word_1_446' title='bbox 2311 2821 2499 2885; x_wconf 85' lang='lat' dir='ltr'>magis</span> <span class='ocrx_word' id='word_1_447' title='bbox 2530 2819 2679 2870; x_wconf 90' lang='lat' dir='ltr'>inter</span> <span class='ocrx_word' id='word_1_448' title='bbox 2711 2816 2927 2869; x_wconf 89' lang='lat' dir='ltr'>multos</span> <span class='ocrx_word' id='word_1_449' title='bbox 2966 2820 3023 2868; x_wconf 91' lang='lat' dir='ltr'>et</span> <span class='ocrx_word' id='word_1_450' title='bbox 3046 2814 3356 2880; x_wconf 89' lang='lat' dir='ltr'>praeclaros</span> 
     </span>
    </p>
   </div>
   <div class='ocr_carea' id='block_1_60' title="bbox 1747 2904 3356 2985">
    <p class='ocr_par' dir='ltr' id='par_1_60' title="bbox 1747 2904 3356 2985">
     <span class='ocr_line' id='line_1_60' title="bbox 1747 2904 3356 2985; baseline -0.011 -12"><span class='ocrx_word' id='word_1_451' title='bbox 1747 2920 2058 2985; x_wconf 86' lang='lat' dir='ltr'>magistros</span> <span class='ocrx_word' id='word_1_452' title='bbox 2090 2915 2190 2967; x_wconf 90' lang='lat' dir='ltr'>diu</span> <span class='ocrx_word' id='word_1_453' title='bbox 2226 2916 2506 2972; x_wconf 88' lang='lat' dir='ltr'>moratus,</span> <span class='ocrx_word' id='word_1_454' title='bbox 2543 2906 2685 2960; x_wconf 90' lang='lat' dir='ltr'>nihil</span> <span class='ocrx_word' id='word_1_455' title='bbox 2731 2906 2971 2970; x_wconf 90' lang='lat' dir='ltr'>dignum</span> <span class='ocrx_word' id='word_1_456' title='bbox 3016 2916 3236 2969; x_wconf 90' lang='lat' dir='ltr'>eorum,</span> <span class='ocrx_word' id='word_1_457' title='bbox 3262 2904 3356 2957; x_wconf 90' lang='lat' dir='ltr'>vel</span> 
     </span>
    </p>
   </div>
   <div class='ocr_carea' id='block_1_61' title="bbox 1748 2994 3349 3074">
    <p class='ocr_par' dir='ltr' id='par_1_61' title="bbox 1748 2994 3349 3074">
     <span class='ocr_line' id='line_1_61' title="bbox 1748 2994 3349 3074; baseline -0.011 -12"><span class='ocrx_word' id='word_1_458' title='bbox 1748 3007 2099 3074; x_wconf 89' lang='lat' dir='ltr'>magisterio,</span> <span class='ocrx_word' id='word_1_459' title='bbox 2134 3003 2226 3057; x_wconf 89' lang='lat' dir='ltr'>vel</span> <span class='ocrx_word' id='word_1_460' title='bbox 2274 2997 2735 3053; x_wconf 86' lang='lat' dir='ltr'>institutionibus</span> <span class='ocrx_word' id='word_1_461' title='bbox 2764 2995 3027 3047; x_wconf 91' lang='lat' dir='ltr'>habeam.</span> <span class='ocrx_word' id='word_1_462' title='bbox 3062 2994 3349 3045; x_wconf 83' lang='lat' dir='ltr'>Caeterum</span> 
     </span>
    </p>
   </div>
   <div class='ocr_carea' id='block_1_62' title="bbox 1748 3082 3351 3162">
    <p class='ocr_par' dir='ltr' id='par_1_62' title="bbox 1748 3082 3351 3162">
     <span class='ocr_line' id='line_1_62' title="bbox 1748 3082 3351 3162; baseline -0.013 -9"><span class='ocrx_word' id='word_1_463' title='bbox 1748 3103 1859 3153; x_wconf 89' lang='lat' dir='ltr'>iste</span> <span class='ocrx_word' id='word_1_464' title='bbox 1911 3098 2010 3162; x_wconf 90' lang='lat' dir='ltr'>qui</span> <span class='ocrx_word' id='word_1_465' title='bbox 2052 3096 2114 3147; x_wconf 91' lang='lat' dir='ltr'>in</span> <span class='ocrx_word' id='word_1_466' title='bbox 2156 3097 2276 3145; x_wconf 89' lang='lat' dir='ltr'>tota</span> <span class='ocrx_word' id='word_1_467' title='bbox 2303 3090 2424 3143; x_wconf 89' lang='lat' dir='ltr'>vita</span> <span class='ocrx_word' id='word_1_468' title='bbox 2457 3099 2563 3140; x_wconf 88' lang='lat' dir='ltr'>sua</span> <span class='ocrx_word' id='word_1_469' title='bbox 2603 3098 2724 3138; x_wconf 94' lang='lat' dir='ltr'>non</span> <span class='ocrx_word' id='word_1_470' title='bbox 2745 3088 2899 3135; x_wconf 88' lang='lat' dir='ltr'>totos</span> <span class='ocrx_word' id='word_1_471' title='bbox 2944 3082 3180 3147; x_wconf 85' lang='lat' dir='ltr'>triginta</span> <span class='ocrx_word' id='word_1_472' title='bbox 3227 3082 3351 3134; x_wconf 91' lang='lat' dir='ltr'>dies</span> 
     </span>
    </p>
   </div>
   <div class='ocr_carea' id='block_1_63' title="bbox 46 3174 3352 3267">
    <p class='ocr_par' dir='ltr' id='par_1_63' title="bbox 46 3174 3352 3267">
     <span class='ocr_line' id='line_1_63' title="bbox 46 3174 3352 3267; baseline -0.008 -20"><span class='ocrx_word' id='word_1_473' title='bbox 46 3195 235 3247; x_wconf 88' lang='lat' dir='ltr'>dicens</span> <span class='ocrx_word' id='word_1_474' title='bbox 265 3209 284 3243; x_wconf 90' lang='lat'><strong><em>:</em></strong></span> <span class='ocrx_word' id='word_1_475' title='bbox 310 3192 490 3245; x_wconf 75' lang='lat' dir='ltr'>Statui</span> <span class='ocrx_word' id='word_1_476' title='bbox 531 3197 711 3241; x_wconf 79' lang='lat' dir='ltr'>autem</span> <span class='ocrx_word' id='word_1_477' title='bbox 742 3193 836 3243; x_wconf 86' lang='lat' dir='ltr'>hoc</span> <span class='ocrx_word' id='word_1_478' title='bbox 860 3192 1042 3258; x_wconf 74' lang='lat' dir='ltr'>ipsum</span> <span class='ocrx_word' id='word_1_479' title='bbox 1079 3206 1261 3242; x_wconf 79' lang='lat' dir='ltr'>omnes</span> <span class='ocrx_word' id='word_1_480' title='bbox 1292 3207 1381 3241; x_wconf 80' lang='lat' dir='ltr'>vos</span> <span class='ocrx_word' id='word_1_481' title='bbox 1404 3193 1507 3242; x_wconf 76' lang='lat' dir='ltr'>uni</span> <span class='ocrx_word' id='word_1_482' title='bbox 1530 3194 1646 3243; x_wconf 70' lang='lat' dir='ltr'>viro</span> <span class='ocrx_word' id='word_1_483' title='bbox 1671 3189 1720 3267; x_wconf 68' lang='grc' dir='ltr'><strong>ρ</strong></span> <span class='ocrx_word' id='word_1_484' title='bbox 1750 3186 2136 3245; x_wconf 84' lang='lat' dir='ltr'>Alexandriae,</span> <span class='ocrx_word' id='word_1_485' title='bbox 2163 3181 2258 3235; x_wconf 86' lang='lat' dir='ltr'>ubi</span> <span class='ocrx_word' id='word_1_486' title='bbox 2273 3183 2413 3243; x_wconf 87' lang='lat' dir='ltr'>erat,</span> <span class='ocrx_word' id='word_1_487' title='bbox 2438 3177 2719 3241; x_wconf 84' lang='lat' dir='ltr'>Didymus</span> <span class='ocrx_word' id='word_1_488' title='bbox 2736 3175 3127 3226; x_wconf 90' lang='lat' dir='ltr'>commoratus</span> <span class='ocrx_word' id='word_1_489' title='bbox 3143 3174 3234 3224; x_wconf 90' lang='lat' dir='ltr'>est</span> <span class='ocrx_word' id='word_1_490' title='bbox 3248 3184 3352 3237; x_wconf 86' lang='lat' dir='ltr'>per</span> 
     </span>
    </p>
   </div>
   <div class='ocr_carea' id='block_1_64' title="bbox 48 3261 1660 3349">
    <p class='ocr_par' dir='ltr' id='par_1_64' title="bbox 48 3281 1647 3349">
     <span class='ocr_line' id='line_1_64' title="bbox 48 3281 1647 3349; baseline -0.001 -15"><span class='ocrx_word' id='word_1_491' title='bbox 48 3287 318 3349; x_wconf 78' lang='lat' dir='ltr'>virginem</span> <span class='ocrx_word' id='word_1_492' title='bbox 340 3282 801 3333; x_wconf 68' lang='lat' dir='ltr'>castamexht&#39;bere</span> <span class='ocrx_word' id='word_1_493' title='bbox 827 3283 1041 3333; x_wconf 76' lang='lat' dir='ltr'>Christo</span> <span class='ocrx_word' id='word_1_494' title='bbox 1068 3282 1133 3347; x_wconf 70' lang='grc'>(2.</span> <span class='ocrx_word' id='word_1_495' title='bbox 1158 3282 1277 3333; x_wconf 79' lang='lat' dir='ltr'>Cor.</span> <span class='ocrx_word' id='word_1_496' title='bbox 1307 3282 1392 3337; x_wconf 82' lang='grc'>11.</span> <span class='ocrx_word' id='word_1_497' title='bbox 1418 3281 1510 3345; x_wconf 72' lang='lat'>2.).</span> <span class='ocrx_word' id='word_1_498' title='bbox 1537 3283 1647 3335; x_wconf 89' lang='lat' dir='ltr'>Sed</span> 
     </span>
    </p>
   </div>
   <div class='ocr_carea' id='block_1_65' title="bbox 1761 3261 3350 3349">
    <p class='ocr_par' dir='ltr' id='par_1_65' title="bbox 1761 3261 3350 3342">
     <span class='ocr_line' id='line_1_65' title="bbox 1761 3261 3350 3342; baseline -0.014 -9"><span class='ocrx_word' id='word_1_499' title='bbox 1761 3285 1900 3334; x_wconf 69' lang='lat' dir='ltr'>.otos</span> <span class='ocrx_word' id='word_1_500' title='bbox 1933 3289 2079 3342; x_wconf 89' lang='lat' dir='ltr'>pene</span> <span class='ocrx_word' id='word_1_501' title='bbox 2131 3271 2351 3325; x_wconf 92' lang='lat' dir='ltr'>libellos</span> <span class='ocrx_word' id='word_1_502' title='bbox 2407 3280 2546 3320; x_wconf 91' lang='lat' dir='ltr'>suos</span> <span class='ocrx_word' id='word_1_503' title='bbox 2589 3265 2760 3329; x_wconf 85' lang='lat' dir='ltr'>longe</span> <span class='ocrx_word' id='word_1_504' title='bbox 2801 3263 3031 3326; x_wconf 89' lang='lat' dir='ltr'>lateque</span> <span class='ocrx_word' id='word_1_505' title='bbox 3062 3274 3124 3313; x_wconf 90' lang='lat' dir='ltr'>se</span> <span class='ocrx_word' id='word_1_506' title='bbox 3150 3261 3350 3326; x_wconf 89' lang='lat' dir='ltr'>jactat,</span> 
     </span>
    </p>
   </div>
   <div class='ocr_carea' id='block_1_66' title="bbox 52 3372 1649 3437">
    <p class='ocr_par' dir='ltr' id='par_1_66' title="bbox 52 3372 1649 3437">
     <span class='ocr_line' id='line_1_66' title="bbox 52 3372 1649 3437; baseline -0.003 -10"><span class='ocrx_word' id='word_1_507' title='bbox 52 3380 107 3427; x_wconf 90' lang='lat' dir='ltr'>tu</span> <span class='ocrx_word' id='word_1_508' title='bbox 130 3375 275 3427; x_wconf 90' lang='lat' dir='ltr'>dum</span> <span class='ocrx_word' id='word_1_509' title='bbox 300 3386 420 3426; x_wconf 91' lang='lat' dir='ltr'>non</span> <span class='ocrx_word' id='word_1_510' title='bbox 442 3372 701 3437; x_wconf 88' lang='lat' dir='ltr'>Paulum,</span> <span class='ocrx_word' id='word_1_511' title='bbox 738 3372 838 3424; x_wconf 86' lang='lat' dir='ltr'>sed</span> <span class='ocrx_word' id='word_1_512' title='bbox 881 3372 1256 3437; x_wconf 87' lang='lat' dir='ltr'>Porphyrium</span> <span class='ocrx_word' id='word_1_513' title='bbox 1300 3372 1649 3423; x_wconf 88' lang='lat' dir='ltr'>introducto-</span> 
     </span>
    </p>
   </div>
   <div class='ocr_carea' id='block_1_67' title="bbox 52 3461 1651 3527">
    <p class='ocr_par' dir='ltr' id='par_1_67' title="bbox 52 3461 1651 3527">
     <span class='ocr_line' id='line_1_67' title="bbox 52 3461 1651 3527; baseline -0.003 -11"><span class='ocrx_word' id='word_1_514' title='bbox 52 3478 163 3516; x_wconf 87' lang='lat' dir='ltr'>rem</span> <span class='ocrx_word' id='word_1_515' title='bbox 189 3469 244 3517; x_wconf 89' lang='lat' dir='ltr'>te</span> <span class='ocrx_word' id='word_1_516' title='bbox 274 3463 299 3492; x_wconf 72' lang='grc' dir='ltr'><em>δ</em></span> <span class='ocrx_word' id='word_1_517' title='bbox 340 3463 550 3515; x_wconf 90' lang='lat' dir='ltr'>habere</span> <span class='ocrx_word' id='word_1_518' title='bbox 591 3462 870 3527; x_wconf 87' lang='lat' dir='ltr'>gloriaris,</span> <span class='ocrx_word' id='word_1_519' title='bbox 916 3462 1109 3526; x_wconf 91' lang='lat' dir='ltr'>ipsum</span> <span class='ocrx_word' id='word_1_520' title='bbox 1160 3461 1535 3526; x_wconf 86' lang='lat' dir='ltr'>Porphyrium</span> <span class='ocrx_word' id='word_1_521' title='bbox 1562 3474 1651 3513; x_wconf 91' lang='lat' dir='ltr'>se-</span> 
     </span>
    </p>
   </div>
   <div class='ocr_carea' id='block_1_68' title="bbox 51 3552 1651 3619">
    <p class='ocr_par' dir='ltr' id='par_1_68' title="bbox 51 3552 1651 3619">
     <span class='ocr_line' id='line_1_68' title="bbox 51 3552 1651 3619; baseline -0.004 -12"><span class='ocrx_word' id='word_1_522' title='bbox 51 3552 302 3619; x_wconf 86' lang='lat' dir='ltr'>quendo,</span> <span class='ocrx_word' id='word_1_523' title='bbox 328 3553 425 3616; x_wconf 88' lang='lat' dir='ltr'>qui</span> <span class='ocrx_word' id='word_1_524' title='bbox 441 3552 750 3605; x_wconf 91' lang='lat' dir='ltr'>adversum</span> <span class='ocrx_word' id='word_1_525' title='bbox 768 3552 1074 3613; x_wconf 88' lang='lat' dir='ltr'>Christum,</span> <span class='ocrx_word' id='word_1_526' title='bbox 1093 3556 1151 3603; x_wconf 90' lang='lat' dir='ltr'>et</span> <span class='ocrx_word' id='word_1_527' title='bbox 1173 3552 1484 3605; x_wconf 89' lang='lat' dir='ltr'>adversum</span> <span class='ocrx_word' id='word_1_528' title='bbox 1500 3555 1651 3601; x_wconf 88' lang='lat' dir='ltr'>Deum</span> 
     </span>
    </p>
   </div>
   <div class='ocr_carea' id='block_1_69' title="bbox 52 3641 1653 3708">
    <p class='ocr_par' dir='ltr' id='par_1_69' title="bbox 52 3641 1653 3708">
     <span class='ocr_line' id='line_1_69' title="bbox 52 3641 1653 3708; baseline -0.002 -12"><span class='ocrx_word' id='word_1_529' title='bbox 52 3644 220 3696; x_wconf 90' lang='lat' dir='ltr'>libros</span> <span class='ocrx_word' id='word_1_530' title='bbox 245 3642 460 3708; x_wconf 88' lang='lat' dir='ltr'>impios</span> <span class='ocrx_word' id='word_1_531' title='bbox 484 3655 551 3694; x_wconf 89' lang='lat' dir='ltr'>ac</span> <span class='ocrx_word' id='word_1_532' title='bbox 601 3641 909 3706; x_wconf 88' lang='lat' dir='ltr'>sacrilegos</span> <span class='ocrx_word' id='word_1_533' title='bbox 956 3642 1201 3706; x_wconf 85' lang='lat' dir='ltr'>scripsit,</span> <span class='ocrx_word' id='word_1_534' title='bbox 1235 3646 1294 3693; x_wconf 90' lang='lat' dir='ltr'>et</span> <span class='ocrx_word' id='word_1_535' title='bbox 1324 3642 1396 3693; x_wconf 89' lang='lat' dir='ltr'>ab</span> <span class='ocrx_word' id='word_1_536' title='bbox 1419 3641 1560 3706; x_wconf 91' lang='lat' dir='ltr'>ipso,</span> <span class='ocrx_word' id='word_1_537' title='bbox 1586 3644 1653 3693; x_wconf 92' lang='lat' dir='ltr'>ut</span> 
     </span>
    </p>
   </div>
   <div class='ocr_carea' id='block_1_70' title="bbox 52 3731 1653 3798">
    <p class='ocr_par' dir='ltr' id='par_1_70' title="bbox 52 3731 1653 3798">
     <span class='ocr_line' id='line_1_70' title="bbox 52 3731 1653 3798; baseline -0.001 -13"><span class='ocrx_word' id='word_1_538' title='bbox 52 3735 146 3797; x_wconf 87' lang='lat' dir='ltr'>ais,</span> <span class='ocrx_word' id='word_1_539' title='bbox 194 3732 569 3787; x_wconf 89' lang='lat' dir='ltr'>introductus</span> <span class='ocrx_word' id='word_1_540' title='bbox 606 3733 667 3785; x_wconf 93' lang='lat' dir='ltr'>in</span> <span class='ocrx_word' id='word_1_541' title='bbox 710 3732 867 3785; x_wconf 90' lang='lat' dir='ltr'>istud</span> <span class='ocrx_word' id='word_1_542' title='bbox 912 3731 1289 3798; x_wconf 62' lang='lat' dir='ltr'>blasphemiae</span> <span class='ocrx_word' id='word_1_543' title='bbox 1316 3732 1653 3785; x_wconf 90' lang='lat' dir='ltr'>barathrum</span> 
     </span>
    </p>
   </div>
   <div class='ocr_carea' id='block_1_71' title="bbox 56 3824 337 3878">
    <p class='ocr_par' dir='ltr' id='par_1_71' title="bbox 56 3824 337 3878">
     <span class='ocr_line' id='line_1_71' title="bbox 56 3824 337 3878; baseline -0.014 -2"><span class='ocrx_word' id='word_1_544' title='bbox 56 3824 337 3878; x_wconf 88' lang='lat' dir='ltr'>decidisti.</span> 
     </span>
    </p>
   </div>
   <div class='ocr_carea' id='block_1_72' title="bbox 118 3990 1656 4055">
    <p class='ocr_par' dir='ltr' id='par_1_72' title="bbox 118 3990 1656 4055">
     <span class='ocr_line' id='line_1_72' title="bbox 118 3990 1656 4055; baseline -0.007 -6"><span class='ocrx_word' id='word_1_545' title='bbox 118 4007 135 4027; x_wconf 76' lang='grc' dir='ltr'>ι</span> <span class='ocrx_word' id='word_1_546' title='bbox 161 3999 352 4049; x_wconf 89' lang='lat' dir='ltr'>Vetus</span> <span class='ocrx_word' id='word_1_547' title='bbox 399 3994 534 4049; x_wconf 88' lang='lat' dir='ltr'>edit.</span> <span class='ocrx_word' id='word_1_548' title='bbox 588 3995 711 4046; x_wconf 87' lang='lat' dir='ltr'>Ctm</span> <span class='ocrx_word' id='word_1_549' title='bbox 747 3991 1135 4046; x_wconf 90' lang='lat' dir='ltr'>Guarneriano</span> <span class='ocrx_word' id='word_1_550' title='bbox 1178 4002 1307 4053; x_wconf 91' lang='lat' dir='ltr'>ms.,</span> <span class='ocrx_word' id='word_1_551' title='bbox 1336 3993 1449 4040; x_wconf 86' lang='lat' dir='ltr'>tam</span> <span class='ocrx_word' id='word_1_552' title='bbox 1472 3990 1656 4055; x_wconf 68' lang='lat' dir='ltr'>impu-</span> 
     </span>
    </p>
   </div>
   <div class='ocr_carea' id='block_1_73' title="bbox 59 4062 1656 4133">
    <p class='ocr_par' dir='ltr' id='par_1_73' title="bbox 59 4062 1656 4133">
     <span class='ocr_line' id='line_1_73' title="bbox 59 4062 1656 4133; baseline -0.004 -15"><span class='ocrx_word' id='word_1_553' title='bbox 59 4084 199 4131; x_wconf 81' lang='lat' dir='ltr'>rum,</span> <span class='ocrx_word' id='word_1_554' title='bbox 239 4067 324 4117; x_wconf 80' lang='lat' dir='ltr'>vel</span> <span class='ocrx_word' id='word_1_555' title='bbox 341 4068 714 4133; x_wconf 82' lang='lat' dir='ltr'>prophanum.</span> <span class='ocrx_word' id='word_1_556' title='bbox 739 4066 874 4118; x_wconf 80' lang='lat' dir='ltr'>Mox</span> <span class='ocrx_word' id='word_1_557' title='bbox 895 4064 1067 4125; x_wconf 88' lang='lat' dir='ltr'>idem,</span> <span class='ocrx_word' id='word_1_558' title='bbox 1104 4079 1139 4112; x_wconf 83' lang='grc' dir='ltr'>α</span> <span class='ocrx_word' id='word_1_559' title='bbox 1173 4077 1452 4128; x_wconf 82' lang='lat' dir='ltr'>quoquam</span> <span class='ocrx_word' id='word_1_560' title='bbox 1469 4062 1656 4113; x_wconf 80' lang='lat' dir='ltr'>Genti-</span> 
     </span>
    </p>
   </div>
   <div class='ocr_carea' id='block_1_74' title="bbox 56 4140 396 4205">
    <p class='ocr_par' dir='ltr' id='par_1_74' title="bbox 56 4140 396 4205">
     <span class='ocr_line' id='line_1_74' title="bbox 56 4140 396 4205; baseline -0.003 -16"><span class='ocrx_word' id='word_1_561' title='bbox 56 4140 192 4189; x_wconf 81' lang='lat' dir='ltr'>lium</span> <span class='ocrx_word' id='word_1_562' title='bbox 217 4145 396 4205; x_wconf 79' lang='lat' dir='ltr'>poeta.</span> 
     </span>
    </p>
   </div>
   <div class='ocr_carea' id='block_1_75' title="bbox 112 4204 1661 4273">
    <p class='ocr_par' dir='ltr' id='par_1_75' title="bbox 112 4204 1661 4273">
     <span class='ocr_line' id='line_1_75' title="bbox 112 4204 1661 4273; baseline -0.005 -9"><span class='ocrx_word' id='word_1_563' title='bbox 112 4213 133 4242; x_wconf 72' lang='grc'><em>³³</em></span> <span class='ocrx_word' id='word_1_564' title='bbox 161 4204 335 4273; x_wconf 89' lang='lat' dir='ltr'>Quod</span> <span class='ocrx_word' id='word_1_565' title='bbox 369 4210 497 4263; x_wconf 90' lang='lat' dir='ltr'>heic</span> <span class='ocrx_word' id='word_1_566' title='bbox 521 4209 582 4261; x_wconf 92' lang='lat' dir='ltr'>in</span> <span class='ocrx_word' id='word_1_567' title='bbox 614 4207 865 4272; x_wconf 85' lang='lat' dir='ltr'>vulgatis</span> <span class='ocrx_word' id='word_1_568' title='bbox 904 4210 1072 4257; x_wconf 88' lang='lat' dir='ltr'>antea</span> <span class='ocrx_word' id='word_1_569' title='bbox 1096 4205 1384 4271; x_wconf 85' lang='lat' dir='ltr'>superfluo</span> <span class='ocrx_word' id='word_1_570' title='bbox 1409 4204 1661 4257; x_wconf 89' lang='lat' dir='ltr'>addeba-</span> 
     </span>
    </p>
   </div>
   <div class='ocr_carea' id='block_1_76' title="bbox 60 4278 1660 4345">
    <p class='ocr_par' dir='ltr' id='par_1_76' title="bbox 60 4278 1660 4345">
     <span class='ocr_line' id='line_1_76' title="bbox 60 4278 1660 4345; baseline -0.004 -10"><span class='ocrx_word' id='word_1_571' title='bbox 60 4290 146 4335; x_wconf 88' lang='lat' dir='ltr'>tur</span> <span class='ocrx_word' id='word_1_572' title='bbox 166 4284 419 4335; x_wconf 75' lang='lat' dir='ltr'>Comicus</span> <span class='ocrx_word' id='word_1_573' title='bbox 441 4294 673 4345; x_wconf 87' lang='lat' dir='ltr'>nomen,</span> <span class='ocrx_word' id='word_1_574' title='bbox 692 4279 903 4331; x_wconf 89' lang='lat' dir='ltr'>codicis</span> <span class='ocrx_word' id='word_1_575' title='bbox 927 4278 1300 4330; x_wconf 90' lang='lat' dir='ltr'>Guarneriani</span> <span class='ocrx_word' id='word_1_576' title='bbox 1322 4278 1660 4329; x_wconf 90' lang='lat' dir='ltr'>auctoritate</span> 
     </span>
    </p>
   </div>
   <div class='ocr_carea' id='block_1_77' title="bbox 56 4356 561 4410">
    <p class='ocr_par' dir='ltr' id='par_1_77' title="bbox 56 4356 561 4410">
     <span class='ocr_line' id='line_1_77' title="bbox 56 4356 561 4410; baseline -0.006 -1"><span class='ocrx_word' id='word_1_577' title='bbox 56 4359 187 4409; x_wconf 91' lang='lat' dir='ltr'>hinc</span> <span class='ocrx_word' id='word_1_578' title='bbox 212 4356 561 4410; x_wconf 87' lang='lat' dir='ltr'>amovimus.</span> 
     </span>
    </p>
   </div>
   <div class='ocr_carea' id='block_1_78' title="bbox 118 4422 1659 4493">
    <p class='ocr_par' dir='ltr' id='par_1_78' title="bbox 118 4422 1659 4493">
     <span class='ocr_line' id='line_1_78' title="bbox 118 4422 1659 4493; baseline -0.005 -11"><span class='ocrx_word' id='word_1_579' title='bbox 118 4441 133 4459; x_wconf 70' lang='grc' dir='ltr'><strong>ε</strong></span> <span class='ocrx_word' id='word_1_580' title='bbox 158 4433 357 4493; x_wconf 74' lang='lat' dir='ltr'>Atque</span> <span class='ocrx_word' id='word_1_581' title='bbox 382 4428 507 4480; x_wconf 86' lang='lat' dir='ltr'>heic</span> <span class='ocrx_word' id='word_1_582' title='bbox 534 4427 630 4477; x_wconf 78' lang='lat' dir='ltr'>Dei</span> <span class='ocrx_word' id='word_1_583' title='bbox 652 4437 865 4477; x_wconf 88' lang='lat' dir='ltr'>nomen</span> <span class='ocrx_word' id='word_1_584' title='bbox 896 4423 1109 4476; x_wconf 87' lang='lat' dir='ltr'>rectius</span> <span class='ocrx_word' id='word_1_585' title='bbox 1133 4423 1257 4475; x_wconf 92' lang='lat' dir='ltr'>cod.</span> <span class='ocrx_word' id='word_1_586' title='bbox 1289 4422 1659 4475; x_wconf 89' lang='lat' dir='ltr'>Guarnerian.</span> 
     </span>
    </p>
   </div>
   <div class='ocr_carea' id='block_1_79' title="bbox 61 4497 1003 4563">
    <p class='ocr_par' dir='ltr' id='par_1_79' title="bbox 61 4497 1003 4563">
     <span class='ocr_line' id='line_1_79' title="bbox 61 4497 1003 4563; baseline -0.006 -11"><span class='ocrx_word' id='word_1_587' title='bbox 61 4507 234 4554; x_wconf 87' lang='lat' dir='ltr'>tacet:</span> <span class='ocrx_word' id='word_1_588' title='bbox 264 4500 422 4563; x_wconf 89' lang='lat' dir='ltr'>quod</span> <span class='ocrx_word' id='word_1_589' title='bbox 446 4499 708 4552; x_wconf 85' lang='lat' dir='ltr'>etmalim</span> <span class='ocrx_word' id='word_1_590' title='bbox 733 4497 1003 4561; x_wconf 84' lang='lat' dir='ltr'>expungi.</span> 
     </span>
    </p>
   </div>
   <div class='ocr_carea' id='block_1_80' title="bbox 118 4567 1281 4633">
    <p class='ocr_par' dir='ltr' id='par_1_80' title="bbox 118 4567 1281 4633">
     <span class='ocr_line' id='line_1_80' title="bbox 118 4567 1281 4633; baseline -0.008 -8"><span class='ocrx_word' id='word_1_591' title='bbox 118 4574 138 4603; x_wconf 63' lang='grc' dir='ltr'>τί</span> <span class='ocrx_word' id='word_1_592' title='bbox 166 4573 348 4625; x_wconf 83' lang='lat' dir='ltr'>Addit</span> <span class='ocrx_word' id='word_1_593' title='bbox 365 4571 736 4624; x_wconf 85' lang='lat' dir='ltr'>Guarnerian.</span> <span class='ocrx_word' id='word_1_594' title='bbox 761 4582 892 4633; x_wconf 90' lang='lat' dir='ltr'>ms.,</span> <span class='ocrx_word' id='word_1_595' title='bbox 919 4569 990 4617; x_wconf 86' lang='lat' dir='ltr'>ad</span> <span class='ocrx_word' id='word_1_596' title='bbox 1013 4567 1281 4631; x_wconf 77' lang='lat' dir='ltr'>Log-icam.</span> 
     </span>
    </p>
   </div>
   <div class='ocr_carea' id='block_1_81' title="bbox 119 4636 1658 4704">
    <p class='ocr_par' dir='ltr' id='par_1_81' title="bbox 119 4636 1658 4704">
     <span class='ocr_line' id='line_1_81' title="bbox 119 4636 1658 4704; baseline -0.006 -7"><span class='ocrx_word' id='word_1_597' title='bbox 119 4654 135 4675; x_wconf 71' lang='grc' dir='ltr'><strong>ε</strong></span> <span class='ocrx_word' id='word_1_598' title='bbox 162 4648 350 4697; x_wconf 91' lang='lat' dir='ltr'>Vacat</span> <span class='ocrx_word' id='word_1_599' title='bbox 376 4644 438 4695; x_wconf 88' lang='lat' dir='ltr'>in</span> <span class='ocrx_word' id='word_1_600' title='bbox 475 4642 863 4695; x_wconf 73' lang='lat' dir='ltr'>Guarneriano</span> <span class='ocrx_word' id='word_1_601' title='bbox 887 4653 988 4704; x_wconf 91' lang='lat' dir='ltr'>pro</span> <span class='ocrx_word' id='word_1_602' title='bbox 1012 4638 1232 4692; x_wconf 90' lang='lat' dir='ltr'>voculis</span> <span class='ocrx_word' id='word_1_603' title='bbox 1278 4636 1504 4689; x_wconf 88' lang='lat' dir='ltr'>duabus</span> <span class='ocrx_word' id='word_1_604' title='bbox 1530 4637 1658 4687; x_wconf 79' lang='lat' dir='ltr'>hinc</span> 
     </span>
    </p>
   </div>
   <div class='ocr_carea' id='block_1_82' title="bbox 60 4709 1659 4783">
    <p class='ocr_par' dir='ltr' id='par_1_82' title="bbox 60 4709 1659 4783">
     <span class='ocr_line' id='line_1_82' title="bbox 60 4709 1659 4783; baseline -0.004 -17"><span class='ocrx_word' id='word_1_605' title='bbox 60 4720 219 4767; x_wconf 77' lang='lat' dir='ltr'>etiam</span> <span class='ocrx_word' id='word_1_606' title='bbox 245 4717 557 4783; x_wconf 84' lang='lat' dir='ltr'>plusquam</span> <span class='ocrx_word' id='word_1_607' title='bbox 581 4715 756 4766; x_wconf 89' lang='lat' dir='ltr'>unius</span> <span class='ocrx_word' id='word_1_608' title='bbox 773 4722 980 4765; x_wconf 84' lang='lat' dir='ltr'>versus</span> <span class='ocrx_word' id='word_1_609' title='bbox 1003 4712 1236 4783; x_wconf 85' lang='lat' dir='ltr'>lacuna;</span> <span class='ocrx_word' id='word_1_610' title='bbox 1251 4711 1375 4775; x_wconf 87' lang='lat' dir='ltr'>ipsa</span> <span class='ocrx_word' id='word_1_611' title='bbox 1386 4709 1659 4761; x_wconf 87' lang='lat' dir='ltr'>orationis</span> 
     </span>
    </p>
   </div>
   <div class='ocr_carea' id='block_1_83' title="bbox 62 4782 1363 4853">
    <p class='ocr_par' dir='ltr' id='par_1_83' title="bbox 62 4782 1363 4853">
     <span class='ocr_line' id='line_1_83' title="bbox 62 4782 1363 4853; baseline -0.007 -12"><span class='ocrx_word' id='word_1_612' title='bbox 62 4782 399 4853; x_wconf 85' lang='lat' dir='ltr'>seriesplus</span> <span class='ocrx_word' id='word_1_613' title='bbox 424 4787 642 4852; x_wconf 89' lang='lat' dir='ltr'>aliquid</span> <span class='ocrx_word' id='word_1_614' title='bbox 665 4786 950 4838; x_wconf 79' lang='lat' dir='ltr'>excidisse</span> <span class='ocrx_word' id='word_1_615' title='bbox 973 4785 1103 4835; x_wconf 89' lang='lat' dir='ltr'>hinc</span> <span class='ocrx_word' id='word_1_616' title='bbox 1126 4782 1363 4834; x_wconf 89' lang='lat' dir='ltr'>indicat.</span> 
     </span>
    </p>
   </div>
   <div class='ocr_carea' id='block_1_84' title="bbox 121 4854 1657 4919">
    <p class='ocr_par' dir='ltr' id='par_1_84' title="bbox 121 4854 1657 4919">
     <span class='ocr_line' id='line_1_84' title="bbox 121 4854 1657 4919; baseline -0.006 -6"><span class='ocrx_word' id='word_1_617' title='bbox 121 4863 135 4891; x_wconf 69' lang='grc' dir='ltr'>ί</span> <span class='ocrx_word' id='word_1_618' title='bbox 159 4862 299 4913; x_wconf 89' lang='lat' dir='ltr'>Plus</span> <span class='ocrx_word' id='word_1_619' title='bbox 323 4861 497 4913; x_wconf 83' lang='lat' dir='ltr'>habet</span> <span class='ocrx_word' id='word_1_620' title='bbox 519 4873 649 4918; x_wconf 78' lang='lat' dir='ltr'>ms.,</span> <span class='ocrx_word' id='word_1_621' title='bbox 676 4857 1116 4908; x_wconf 79' lang='lat' dir='ltr'>contumeliosum</span> <span class='ocrx_word' id='word_1_622' title='bbox 1132 4861 1202 4905; x_wconf 82' lang='lat' dir='ltr'>est</span> <span class='ocrx_word' id='word_1_623' title='bbox 1217 4860 1261 4904; x_wconf 85' lang='lat' dir='ltr'>et</span> <span class='ocrx_word' id='word_1_624' title='bbox 1273 4854 1657 4919; x_wconf 79' lang='lat' dir='ltr'>perniciosum.</span> 
     </span>
    </p>
   </div>
   <div class='ocr_carea' id='block_1_85' title="bbox 122 4925 1490 4994">
    <p class='ocr_par' dir='ltr' id='par_1_85' title="bbox 122 4925 1490 4994">
     <span class='ocr_line' id='line_1_85' title="bbox 122 4925 1490 4994; baseline -0.005 -9"><span class='ocrx_word' id='word_1_625' title='bbox 122 4944 141 4973; x_wconf 70' lang='grc' dir='ltr'><strong>ε</strong></span> <span class='ocrx_word' id='word_1_626' title='bbox 165 4937 231 4985; x_wconf 86' lang='grc'>111</span> <span class='ocrx_word' id='word_1_627' title='bbox 260 4946 372 4985; x_wconf 88' lang='lat' dir='ltr'>ms.</span> <span class='ocrx_word' id='word_1_628' title='bbox 404 4933 623 4985; x_wconf 76' lang='lat' dir='ltr'>Latinis</span> <span class='ocrx_word' id='word_1_629' title='bbox 647 4931 825 4983; x_wconf 81' lang='lat' dir='ltr'>literis</span> <span class='ocrx_word' id='word_1_630' title='bbox 849 4929 1294 4994; x_wconf 15' lang='lat' dir='ltr'>paranlithitum;</span> <span class='ocrx_word' id='word_1_631' title='bbox 1324 4925 1490 4978; x_wconf 87' lang='lat' dir='ltr'>male.</span> 
     </span>
    </p>
   </div>
   <div class='ocr_carea' id='block_1_86' title="bbox 122 5003 1425 5058">
    <p class='ocr_par' dir='ltr' id='par_1_86' title="bbox 122 5003 1425 5058">
     <span class='ocr_line' id='line_1_86' title="bbox 122 5003 1425 5058; baseline -0.008 0"><span class='ocrx_word' id='word_1_632' title='bbox 122 5005 143 5034; x_wconf 76' lang='grc'>¹¹</span> <span class='ocrx_word' id='word_1_633' title='bbox 167 5009 259 5058; x_wconf 89' lang='lat' dir='ltr'>Ita</span> <span class='ocrx_word' id='word_1_634' title='bbox 281 5017 391 5056; x_wconf 90' lang='lat' dir='ltr'>ms.</span> <span class='ocrx_word' id='word_1_635' title='bbox 422 5009 593 5055; x_wconf 87' lang='lat' dir='ltr'>antea</span> <span class='ocrx_word' id='word_1_636' title='bbox 612 5003 806 5055; x_wconf 89' lang='lat' dir='ltr'>minus</span> <span class='ocrx_word' id='word_1_637' title='bbox 838 5003 985 5053; x_wconf 89' lang='lat' dir='ltr'>bene</span> <span class='ocrx_word' id='word_1_638' title='bbox 1008 5003 1129 5051; x_wconf 89' lang='lat' dir='ltr'>erat</span> <span class='ocrx_word' id='word_1_639' title='bbox 1152 5004 1425 5049; x_wconf 77' lang='lat' dir='ltr'>mercatos.</span> 
     </span>
    </p>
   </div>
   <div class='ocr_carea' id='block_1_87' title="bbox 122 5074 1007 5140">
    <p class='ocr_par' dir='ltr' id='par_1_87' title="bbox 122 5074 1007 5140">
     <span class='ocr_line' id='line_1_87' title="bbox 122 5074 1007 5140; baseline -0.011 -9"><span class='ocrx_word' id='word_1_640' title='bbox 122 5080 133 5110; x_wconf 72' lang='grc' dir='ltr'><strong>ί</strong></span> <span class='ocrx_word' id='word_1_641' title='bbox 157 5079 289 5140; x_wconf 86' lang='lat' dir='ltr'>Ms.,</span> <span class='ocrx_word' id='word_1_642' title='bbox 321 5079 417 5128; x_wconf 87' lang='lat' dir='ltr'>hoc</span> <span class='ocrx_word' id='word_1_643' title='bbox 440 5093 553 5126; x_wconf 75' lang='lat' dir='ltr'>non</span> <span class='ocrx_word' id='word_1_644' title='bbox 576 5076 746 5125; x_wconf 80' lang='lat' dir='ltr'>dicere</span> <span class='ocrx_word' id='word_1_645' title='bbox 770 5074 1007 5124; x_wconf 78' lang='lat' dir='ltr'>voluisse.</span> 
     </span>
    </p>
   </div>
   <div class='ocr_carea' id='block_1_88' title="bbox 123 5141 1667 5213">
    <p class='ocr_par' dir='ltr' id='par_1_88' title="bbox 123 5141 1667 5213">
     <span class='ocr_line' id='line_1_88' title="bbox 123 5141 1667 5213; baseline -0.006 -12"><span class='ocrx_word' id='word_1_646' title='bbox 123 5158 133 5188; x_wconf 79' lang='grc'><strong><em>³</em></strong></span> <span class='ocrx_word' id='word_1_647' title='bbox 158 5151 373 5213; x_wconf 85' lang='lat' dir='ltr'>Verba,</span> <span class='ocrx_word' id='word_1_648' title='bbox 416 5150 545 5199; x_wconf 81' lang='lat' dir='ltr'>idest</span> <span class='ocrx_word' id='word_1_649' title='bbox 586 5153 974 5213; x_wconf 76' lang='lat' dir='ltr'>praeceptorem,</span> <span class='ocrx_word' id='word_1_650' title='bbox 1014 5155 1147 5208; x_wconf 78' lang='lat' dir='ltr'>quae</span> <span class='ocrx_word' id='word_1_651' title='bbox 1169 5143 1229 5194; x_wconf 90' lang='lat' dir='ltr'>in</span> <span class='ocrx_word' id='word_1_652' title='bbox 1250 5141 1502 5207; x_wconf 77' lang='lat' dir='ltr'>vulgatis</span> <span class='ocrx_word' id='word_1_653' title='bbox 1528 5141 1667 5193; x_wconf 88' lang='lat' dir='ltr'>sub-</span> 
     </span>
    </p>
   </div>
   <div class='ocr_carea' id='block_1_89' title="bbox 60 5214 1667 5287">
    <p class='ocr_par' dir='ltr' id='par_1_89' title="bbox 60 5214 1667 5287">
     <span class='ocr_line' id='line_1_89' title="bbox 60 5214 1667 5287; baseline -0.006 -14"><span class='ocrx_word' id='word_1_654' title='bbox 60 5224 476 5287; x_wconf 82' lang='lat' dir='ltr'>jungebantur,</span> <span class='ocrx_word' id='word_1_655' title='bbox 524 5221 582 5271; x_wconf 92' lang='lat' dir='ltr'>in</span> <span class='ocrx_word' id='word_1_656' title='bbox 626 5232 736 5272; x_wconf 90' lang='lat' dir='ltr'>ms.</span> <span class='ocrx_word' id='word_1_657' title='bbox 783 5220 1109 5277; x_wconf 88' lang='lat' dir='ltr'>reticentur,</span> <span class='ocrx_word' id='word_1_658' title='bbox 1135 5226 1356 5287; x_wconf 86' lang='lat' dir='ltr'>nosque</span> <span class='ocrx_word' id='word_1_659' title='bbox 1383 5214 1667 5287; x_wconf 24' lang='lat' dir='ltr'>tum‘ejus</span> 
     </span>
    </p>
   </div>
   <div class='ocr_carea' id='block_1_90' title="bbox 64 5285 1667 5354">
    <p class='ocr_par' dir='ltr' id='par_1_90' title="bbox 64 5285 1667 5354">
     <span class='ocr_line' id='line_1_90' title="bbox 64 5285 1667 5354; baseline -0.003 -14"><span class='ocrx_word' id='word_1_660' title='bbox 64 5285 425 5354; x_wconf 79' lang='lat' dir='ltr'>auctoritate,</span> <span class='ocrx_word' id='word_1_661' title='bbox 477 5297 599 5344; x_wconf 89' lang='lat' dir='ltr'>tum</span> <span class='ocrx_word' id='word_1_662' title='bbox 626 5291 779 5354; x_wconf 91' lang='lat' dir='ltr'>quod</span> <span class='ocrx_word' id='word_1_663' title='bbox 805 5293 876 5343; x_wconf 87' lang='lat' dir='ltr'>ab</span> <span class='ocrx_word' id='word_1_664' title='bbox 901 5290 1009 5342; x_wconf 88' lang='lat' dir='ltr'>alio</span> <span class='ocrx_word' id='word_1_665' title='bbox 1035 5300 1209 5353; x_wconf 86' lang='lat' dir='ltr'>quam</span> <span class='ocrx_word' id='word_1_666' title='bbox 1233 5286 1425 5338; x_wconf 82' lang='lat' dir='ltr'>Rufini</span> <span class='ocrx_word' id='word_1_667' title='bbox 1449 5285 1667 5337; x_wconf 85' lang='lat' dir='ltr'>calamo</span> 
     </span>
    </p>
   </div>
   <div class='ocr_carea' id='block_1_91' title="bbox 67 5359 1397 5430">
    <p class='ocr_par' dir='ltr' id='par_1_91' title="bbox 67 5359 1397 5430">
     <span class='ocr_line' id='line_1_91' title="bbox 67 5359 1397 5430; baseline -0.006 -13"><span class='ocrx_word' id='word_1_668' title='bbox 67 5368 327 5430; x_wconf 84' lang='lat' dir='ltr'>profecta</span> <span class='ocrx_word' id='word_1_669' title='bbox 350 5366 582 5417; x_wconf 84' lang='lat' dir='ltr'>omnino</span> <span class='ocrx_word' id='word_1_670' title='bbox 603 5364 953 5425; x_wconf 87' lang='lat' dir='ltr'>viderentur,</span> <span class='ocrx_word' id='word_1_671' title='bbox 980 5359 1397 5426; x_wconf 83' lang='lat' dir='ltr'>expunximus.</span> 
     </span>
    </p>
   </div>
   <div class='ocr_carea' id='block_1_92' title="bbox 124 5428 1672 5501">
    <p class='ocr_par' dir='ltr' id='par_1_92' title="bbox 124 5428 1672 5501">
     <span class='ocr_line' id='line_1_92' title="bbox 124 5428 1672 5501; baseline -0.006 -12"><span class='ocrx_word' id='word_1_672' title='bbox 124 5438 366 5501; x_wconf 56' lang='lat' dir='ltr'>|lDigna</span> <span class='ocrx_word' id='word_1_673' title='bbox 410 5436 761 5499; x_wconf 86' lang='lat' dir='ltr'>cumprimis,</span> <span class='ocrx_word' id='word_1_674' title='bbox 808 5447 940 5498; x_wconf 85' lang='lat' dir='ltr'>quae</span> <span class='ocrx_word' id='word_1_675' title='bbox 986 5432 1309 5485; x_wconf 87' lang='lat' dir='ltr'>accuratius</span> <span class='ocrx_word' id='word_1_676' title='bbox 1355 5428 1672 5495; x_wconf 85' lang='lat' dir='ltr'>explicetur</span> 
     </span>
    </p>
   </div>
   <div class='ocr_carea' id='block_1_93' title="bbox 66 5504 1673 5569">
    <p class='ocr_par' dir='ltr' id='par_1_93' title="bbox 66 5504 1673 5569">
     <span class='ocr_line' id='line_1_93' title="bbox 66 5504 1673 5569; baseline -0.006 -10"><span class='ocrx_word' id='word_1_677' title='bbox 66 5509 191 5562; x_wconf 76' lang='lat' dir='ltr'>haec</span> <span class='ocrx_word' id='word_1_678' title='bbox 228 5514 322 5561; x_wconf 88' lang='lat' dir='ltr'>est</span> <span class='ocrx_word' id='word_1_679' title='bbox 351 5508 564 5560; x_wconf 88' lang='lat' dir='ltr'>codicis</span> <span class='ocrx_word' id='word_1_680' title='bbox 598 5506 974 5559; x_wconf 88' lang='lat' dir='ltr'>Guarneriani</span> <span class='ocrx_word' id='word_1_681' title='bbox 1004 5504 1188 5569; x_wconf 89' lang='lat' dir='ltr'>lectio,</span> <span class='ocrx_word' id='word_1_682' title='bbox 1225 5515 1400 5566; x_wconf 90' lang='lat' dir='ltr'>quam</span> <span class='ocrx_word' id='word_1_683' title='bbox 1425 5514 1528 5552; x_wconf 89' lang='lat' dir='ltr'>nos</span> <span class='ocrx_word' id='word_1_684' title='bbox 1551 5513 1673 5552; x_wconf 92' lang='lat' dir='ltr'>res-</span> 
     </span>
    </p>
   </div>
   <div class='ocr_carea' id='block_1_94' title="bbox 71 5574 1672 5645">
    <p class='ocr_par' dir='ltr' id='par_1_94' title="bbox 71 5574 1672 5645">
     <span class='ocr_line' id='line_1_94' title="bbox 71 5574 1672 5645; baseline -0.005 -16"><span class='ocrx_word' id='word_1_685' title='bbox 71 5582 567 5645; x_wconf 79' lang='lat' dir='ltr'>tituimus,iterum</span> <span class='ocrx_word' id='word_1_686' title='bbox 587 5585 703 5644; x_wconf 78' lang='lat' dir='ltr'>post</span> <span class='ocrx_word' id='word_1_687' title='bbox 729 5578 1073 5628; x_wconf 79' lang='lat' dir='ltr'>intervallum</span> <span class='ocrx_word' id='word_1_688' title='bbox 1098 5576 1341 5640; x_wconf 75' lang='lat' dir='ltr'>aliquod,</span> <span class='ocrx_word' id='word_1_689' title='bbox 1376 5574 1501 5624; x_wconf 82' lang='lat' dir='ltr'>aliis</span> <span class='ocrx_word' id='word_1_690' title='bbox 1537 5574 1672 5623; x_wconf 85' lang='lat' dir='ltr'>duo-</span> 
     </span>
    </p>
   </div>
   <div class='ocr_carea' id='block_1_95' title="bbox 68 5645 1671 5718">
    <p class='ocr_par' dir='ltr' id='par_1_95' title="bbox 68 5645 1671 5718">
     <span class='ocr_line' id='line_1_95' title="bbox 68 5645 1671 5718; baseline -0.002 -19"><span class='ocrx_word' id='word_1_691' title='bbox 68 5653 178 5711; x_wconf 76' lang='lat' dir='ltr'>bus,</span> <span class='ocrx_word' id='word_1_692' title='bbox 224 5666 329 5718; x_wconf 88' lang='lat' dir='ltr'>pro</span> <span class='ocrx_word' id='word_1_693' title='bbox 355 5665 468 5716; x_wconf 86' lang='lat' dir='ltr'>qua</span> <span class='ocrx_word' id='word_1_694' title='bbox 514 5652 795 5703; x_wconf 85' lang='lat' dir='ltr'>hactenus</span> <span class='ocrx_word' id='word_1_695' title='bbox 834 5651 892 5701; x_wconf 91' lang='lat' dir='ltr'>in</span> <span class='ocrx_word' id='word_1_696' title='bbox 928 5648 1180 5713; x_wconf 83' lang='lat' dir='ltr'>vulgatis</span> <span class='ocrx_word' id='word_1_697' title='bbox 1223 5646 1383 5697; x_wconf 82' lang='lat' dir='ltr'>libris</span> <span class='ocrx_word' id='word_1_698' title='bbox 1407 5645 1671 5718; x_wconf 87' lang='lat' dir='ltr'>obtinuit,</span> 
     </span>
    </p>
   </div>
   <div class='ocr_carea' id='block_1_96' title="bbox 68 5717 1673 5785">
    <p class='ocr_par' dir='ltr' id='par_1_96' title="bbox 68 5717 1673 5785">
     <span class='ocr_line' id='line_1_96' title="bbox 68 5717 1673 5785; baseline -0.004 -14"><span class='ocrx_word' id='word_1_699' title='bbox 68 5730 179 5785; x_wconf 55' lang='grc' dir='ltr'>μί)δὶ</span> <span class='ocrx_word' id='word_1_700' title='bbox 216 5717 565 5772; x_wconf 57' lang='lat' dir='ltr'>intervallm):</span> <span class='ocrx_word' id='word_1_701' title='bbox 591 5722 814 5785; x_wconf 72' lang='lat' dir='ltr'>aliquod</span> <span class='ocrx_word' id='word_1_702' title='bbox 840 5721 963 5770; x_wconf 76' lang='lat' dir='ltr'>aliis</span> <span class='ocrx_word' id='word_1_703' title='bbox 984 5719 1323 5770; x_wconf 77' lang='lat' dir='ltr'>diebus.iRes</span> <span class='ocrx_word' id='word_1_704' title='bbox 1348 5717 1673 5768; x_wconf 85' lang='lat' dir='ltr'>enimvero-</span> 
     </span>
    </p>
   </div>
   <div class='ocr_carea' id='block_1_97' title="bbox 70 5788 1675 5859">
    <p class='ocr_par' dir='ltr' id='par_1_97' title="bbox 70 5788 1675 5859">
     <span class='ocr_line' id='line_1_97' title="bbox 70 5788 1675 5859; baseline -0.004 -14"><span class='ocrx_word' id='word_1_705' title='bbox 70 5800 340 5847; x_wconf 81' lang='lat' dir='ltr'>narratur</span> <span class='ocrx_word' id='word_1_706' title='bbox 392 5795 545 5847; x_wconf 85' lang='lat' dir='ltr'>haud</span> <span class='ocrx_word' id='word_1_707' title='bbox 590 5807 795 5859; x_wconf 76' lang='lat' dir='ltr'>parum</span> <span class='ocrx_word' id='word_1_708' title='bbox 839 5795 911 5845; x_wconf 89' lang='lat' dir='ltr'>ab</span> <span class='ocrx_word' id='word_1_709' title='bbox 949 5795 1178 5856; x_wconf 86' lang='lat' dir='ltr'>recepta</span> <span class='ocrx_word' id='word_1_710' title='bbox 1211 5788 1384 5853; x_wconf 87' lang='lat' dir='ltr'>vulgo</span> <span class='ocrx_word' id='word_1_711' title='bbox 1409 5788 1675 5852; x_wconf 88' lang='lat' dir='ltr'>opinione</span> 
     </span>
    </p>
   </div>
   <div class='ocr_carea' id='block_1_98' title="bbox 72 5859 1677 5931">
    <p class='ocr_par' dir='ltr' id='par_1_98' title="bbox 72 5859 1677 5931">
     <span class='ocr_line' id='line_1_98' title="bbox 72 5859 1677 5931; baseline -0.005 -12"><span class='ocrx_word' id='word_1_712' title='bbox 72 5867 327 5931; x_wconf 84' lang='lat' dir='ltr'>diversa,</span> <span class='ocrx_word' id='word_1_713' title='bbox 352 5881 459 5920; x_wconf 88' lang='lat' dir='ltr'>nec</span> <span class='ocrx_word' id='word_1_714' title='bbox 485 5879 622 5919; x_wconf 83' lang='lat' dir='ltr'>sane</span> <span class='ocrx_word' id='word_1_715' title='bbox 642 5877 843 5929; x_wconf 85' lang='lat' dir='ltr'>parum</span> <span class='ocrx_word' id='word_1_716' title='bbox 869 5870 1068 5918; x_wconf 88' lang='lat' dir='ltr'>nostra</span> <span class='ocrx_word' id='word_1_717' title='bbox 1090 5863 1329 5915; x_wconf 86' lang='lat' dir='ltr'>interest</span> <span class='ocrx_word' id='word_1_718' title='bbox 1354 5859 1517 5923; x_wconf 88' lang='lat' dir='ltr'>scire,</span> <span class='ocrx_word' id='word_1_719' title='bbox 1533 5871 1677 5912; x_wconf 90' lang='lat' dir='ltr'>num</span> 
     </span>
    </p>
   </div>
   <div class='ocr_carea' id='block_1_99' title="bbox 1682 4577 1745 4652">
    <p class='ocr_par' dir='ltr' id='par_1_99' title="bbox 1682 4577 1745 4652">
     <span class='ocr_line' id='line_1_99' title="bbox 1682 4577 1745 4652; baseline 0 0"><span class='ocrx_word' id='word_1_720' title='bbox 1682 4577 1745 4652; x_wconf 95' lang='lat' dir='ltr'>D</span> 
     </span>
    </p>
   </div>
   <div class='ocr_carea' id='block_1_100' title="bbox 1745 3345 3351 3434">
    <p class='ocr_par' dir='ltr' id='par_1_100' title="bbox 1745 3345 3351 3434">
     <span class='ocr_line' id='line_1_100' title="bbox 1745 3345 3351 3434; baseline -0.014 -11"><span class='ocrx_word' id='word_1_721' title='bbox 1745 3367 1977 3434; x_wconf 85' lang='lat' dir='ltr'>Didymi</span> <span class='ocrx_word' id='word_1_722' title='bbox 2000 3362 2252 3419; x_wconf 88' lang='lat' dir='ltr'>videntis</span> <span class='ocrx_word' id='word_1_723' title='bbox 2277 3372 2407 3412; x_wconf 91' lang='lat' dir='ltr'>esse</span> <span class='ocrx_word' id='word_1_724' title='bbox 2429 3353 2800 3420; x_wconf 91' lang='lat' dir='ltr'>discipulum,</span> <span class='ocrx_word' id='word_1_725' title='bbox 2825 3356 2883 3405; x_wconf 88' lang='lat' dir='ltr'>et</span> <span class='ocrx_word' id='word_1_726' title='bbox 2923 3345 3206 3417; x_wconf 74' lang='grc' dir='ltr'>καθηγητὴν</span> <span class='ocrx_word' id='word_1_727' title='bbox 3258 3357 3270 3388; x_wconf 82' lang='grc' dir='ltr'><strong><em>ι</em></strong></span> <span class='ocrx_word' id='word_1_728' title='bbox 3293 3349 3351 3402; x_wconf 92' lang='lat' dir='ltr'>id</span> 
     </span>
    </p>
   </div>
   <div class='ocr_carea' id='block_1_101' title="bbox 1750 3438 3352 3524">
    <p class='ocr_par' dir='ltr' id='par_1_101' title="bbox 1750 3438 3352 3524">
     <span class='ocr_line' id='line_1_101' title="bbox 1750 3438 3352 3524; baseline -0.015 -11"><span class='ocrx_word' id='word_1_729' title='bbox 1750 3464 1839 3513; x_wconf 89' lang='lat' dir='ltr'>est</span> <span class='ocrx_word' id='word_1_730' title='bbox 1862 3459 2235 3524; x_wconf 73' lang='lat' dir='ltr'>praeceptorem</span> <span class='ocrx_word' id='word_1_731' title='bbox 2274 3488 2288 3514; x_wconf 96' lang='lat'>,</span> <span class='ocrx_word' id='word_1_732' title='bbox 2312 3450 2370 3500; x_wconf 91' lang='lat' dir='ltr'>in</span> <span class='ocrx_word' id='word_1_733' title='bbox 2392 3444 2690 3512; x_wconf 89' lang='lat' dir='ltr'>scripturis</span> <span class='ocrx_word' id='word_1_734' title='bbox 2715 3441 2933 3495; x_wconf 89' lang='lat' dir='ltr'>sanctis</span> <span class='ocrx_word' id='word_1_735' title='bbox 2954 3439 3231 3493; x_wconf 90' lang='lat' dir='ltr'>habuisse</span> <span class='ocrx_word' id='word_1_736' title='bbox 3252 3438 3352 3490; x_wconf 88' lang='lat' dir='ltr'>Di-</span> 
     </span>
    </p>
   </div>
   <div class='ocr_carea' id='block_1_102' title="bbox 1751 3532 3357 3614">
    <p class='ocr_par' dir='ltr' id='par_1_102' title="bbox 1751 3532 3357 3614">
     <span class='ocr_line' id='line_1_102' title="bbox 1751 3532 3357 3614; baseline -0.017 -12"><span class='ocrx_word' id='word_1_737' title='bbox 1751 3550 2012 3614; x_wconf 90' lang='lat' dir='ltr'>dymum.</span> <span class='ocrx_word' id='word_1_738' title='bbox 2037 3546 2108 3597; x_wconf 90' lang='lat' dir='ltr'>Et</span> <span class='ocrx_word' id='word_1_739' title='bbox 2131 3540 2321 3594; x_wconf 92' lang='lat' dir='ltr'>omnis</span> <span class='ocrx_word' id='word_1_740' title='bbox 2347 3538 2461 3590; x_wconf 89' lang='lat' dir='ltr'>ista</span> <span class='ocrx_word' id='word_1_741' title='bbox 2479 3533 2756 3598; x_wconf 88' lang='lat' dir='ltr'>jactantia</span> <span class='ocrx_word' id='word_1_742' title='bbox 2769 3532 2830 3583; x_wconf 93' lang='lat' dir='ltr'>in</span> <span class='ocrx_word' id='word_1_743' title='bbox 2843 3542 2960 3583; x_wconf 90' lang='lat' dir='ltr'>uno</span> <span class='ocrx_word' id='word_1_744' title='bbox 2982 3542 3185 3582; x_wconf 91' lang='lat' dir='ltr'>mense</span> <span class='ocrx_word' id='word_1_745' title='bbox 3204 3540 3357 3593; x_wconf 71' lang='lat' dir='ltr'>quaa-</span> 
     </span>
    </p>
   </div>
   <div class='ocr_carea' id='block_1_103' title="bbox 1754 3622 3356 3698">
    <p class='ocr_par' dir='ltr' id='par_1_103' title="bbox 1754 3622 3356 3698">
     <span class='ocr_line' id='line_1_103' title="bbox 1754 3622 3356 3698; baseline -0.013 -8"><span class='ocrx_word' id='word_1_746' title='bbox 1754 3639 1864 3691; x_wconf 89' lang='lat' dir='ltr'>sita</span> <span class='ocrx_word' id='word_1_747' title='bbox 1886 3641 1992 3690; x_wconf 88' lang='lat' dir='ltr'>est.</span> <span class='ocrx_word' id='word_1_748' title='bbox 2019 3637 2137 3698; x_wconf 89' lang='lat' dir='ltr'>Ego</span> <span class='ocrx_word' id='word_1_749' title='bbox 2158 3630 2258 3697; x_wconf 91' lang='lat' dir='ltr'>qui</span> <span class='ocrx_word' id='word_1_750' title='bbox 2283 3641 2388 3681; x_wconf 84' lang='lat' dir='ltr'>sex</span> <span class='ocrx_word' id='word_1_751' title='bbox 2414 3626 2583 3679; x_wconf 91' lang='lat' dir='ltr'>annis</span> <span class='ocrx_word' id='word_1_752' title='bbox 2606 3623 2710 3677; x_wconf 93' lang='lat' dir='ltr'>Dei</span> <span class='ocrx_word' id='word_1_753' title='bbox 2734 3633 2943 3675; x_wconf 89' lang='lat' dir='ltr'>caussa</span> <span class='ocrx_word' id='word_1_754' title='bbox 2965 3622 3356 3676; x_wconf 86' lang='lat' dir='ltr'>commoratus</span> 
     </span>
    </p>
   </div>
   <div class='ocr_carea' id='block_1_104' title="bbox 1756 3710 3354 3795">
    <p class='ocr_par' dir='ltr' id='par_1_104' title="bbox 1756 3710 3354 3795">
     <span class='ocr_line' id='line_1_104' title="bbox 1756 3710 3354 3795; baseline -0.013 -12"><span class='ocrx_word' id='word_1_755' title='bbox 1756 3742 1906 3795; x_wconf 91' lang='lat' dir='ltr'>sum,</span> <span class='ocrx_word' id='word_1_756' title='bbox 1939 3732 1995 3780; x_wconf 92' lang='lat' dir='ltr'>et</span> <span class='ocrx_word' id='word_1_757' title='bbox 2025 3726 2234 3778; x_wconf 89' lang='lat' dir='ltr'>iterum</span> <span class='ocrx_word' id='word_1_758' title='bbox 2269 3717 2443 3790; x_wconf 82' lang='lat'>367</span> <span class='ocrx_word' id='word_1_759' title='bbox 2471 3722 2605 3785; x_wconf 91' lang='lat' dir='ltr'>post</span> <span class='ocrx_word' id='word_1_760' title='bbox 2647 3713 3017 3771; x_wconf 86' lang='lat' dir='ltr'>intervallum</span> <span class='ocrx_word' id='word_1_761' title='bbox 3037 3725 3057 3747; x_wconf 79' lang='grc' dir='ltr'><strong>ο</strong></span> <span class='ocrx_word' id='word_1_762' title='bbox 3102 3710 3354 3776; x_wconf 89' lang='lat' dir='ltr'>aliquod,</span> 
     </span>
    </p>
   </div>
   <div class='ocr_carea' id='block_1_105' title="bbox 1754 3800 3354 3878">
    <p class='ocr_par' dir='ltr' id='par_1_105' title="bbox 1754 3800 3354 3878">
     <span class='ocr_line' id='line_1_105' title="bbox 1754 3800 3354 3878; baseline -0.013 -6"><span class='ocrx_word' id='word_1_763' title='bbox 1754 3819 1880 3872; x_wconf 88' lang='lat' dir='ltr'>aliis</span> <span class='ocrx_word' id='word_1_764' title='bbox 1898 3816 2147 3878; x_wconf 90' lang='lat' dir='ltr'>duobus,</span> <span class='ocrx_word' id='word_1_765' title='bbox 2170 3812 2271 3866; x_wconf 90' lang='lat' dir='ltr'>ubi</span> <span class='ocrx_word' id='word_1_766' title='bbox 2293 3809 2596 3874; x_wconf 82' lang='lat' dir='ltr'>Didymus,</span> <span class='ocrx_word' id='word_1_767' title='bbox 2622 3807 2695 3859; x_wconf 92' lang='lat' dir='ltr'>de</span> <span class='ocrx_word' id='word_1_768' title='bbox 2711 3816 2823 3870; x_wconf 85' lang='lat' dir='ltr'>quo</span> <span class='ocrx_word' id='word_1_769' title='bbox 2848 3807 2911 3856; x_wconf 90' lang='lat' dir='ltr'>tu</span> <span class='ocrx_word' id='word_1_770' title='bbox 2926 3800 3049 3856; x_wconf 93' lang='lat' dir='ltr'>solo</span> <span class='ocrx_word' id='word_1_771' title='bbox 3072 3805 3130 3854; x_wconf 88' lang='lat' dir='ltr'>te</span> <span class='ocrx_word' id='word_1_772' title='bbox 3147 3801 3354 3866; x_wconf 84' lang='lat' dir='ltr'>jactas,</span> 
     </span>
    </p>
   </div>
   <div class='ocr_carea' id='block_1_106' title="bbox 1755 3968 3359 4042">
    <p class='ocr_par' dir='ltr' id='par_1_106' title="bbox 1755 3968 3359 4042">
     <span class='ocr_line' id='line_1_106' title="bbox 1755 3968 3359 4042; baseline -0.016 0"><span class='ocrx_word' id='word_1_773' title='bbox 1755 3988 1923 4042; x_wconf 89' lang='lat' dir='ltr'>annis</span> <span class='ocrx_word' id='word_1_774' title='bbox 1939 3996 2143 4039; x_wconf 89' lang='lat' dir='ltr'>revera</span> <span class='ocrx_word' id='word_1_775' title='bbox 2157 3981 2404 4042; x_wconf 91' lang='lat' dir='ltr'>duobus,</span> <span class='ocrx_word' id='word_1_776' title='bbox 2423 3990 2500 4030; x_wconf 89' lang='lat' dir='ltr'>an</span> <span class='ocrx_word' id='word_1_777' title='bbox 2514 3976 2719 4029; x_wconf 90' lang='lat' dir='ltr'>diebus</span> <span class='ocrx_word' id='word_1_778' title='bbox 2735 3976 2961 4026; x_wconf 89' lang='lat' dir='ltr'>tantum</span> <span class='ocrx_word' id='word_1_779' title='bbox 2972 3970 3192 4034; x_wconf 90' lang='lat' dir='ltr'>aliquot</span> <span class='ocrx_word' id='word_1_780' title='bbox 3204 3968 3359 4042; x_wconf 65' lang='lat' dir='ltr'>Alex-</span> 
     </span>
    </p>
   </div>
   <div class='ocr_carea' id='block_1_107' title="bbox 1757 4040 3359 4114">
    <p class='ocr_par' dir='ltr' id='par_1_107' title="bbox 1757 4040 3359 4114">
     <span class='ocr_line' id='line_1_107' title="bbox 1757 4040 3359 4114; baseline -0.015 0"><span class='ocrx_word' id='word_1_781' title='bbox 1757 4040 1975 4114; x_wconf 80' lang='lat' dir='ltr'>andriae</span> <span class='ocrx_word' id='word_1_782' title='bbox 1991 4057 2323 4109; x_wconf 88' lang='lat' dir='ltr'>demoratus</span> <span class='ocrx_word' id='word_1_783' title='bbox 2341 4040 2416 4102; x_wconf 86' lang='lat' dir='ltr'>sit</span> <span class='ocrx_word' id='word_1_784' title='bbox 2444 4048 2708 4108; x_wconf 81' lang='lat' dir='ltr'>Rufinus,</span> <span class='ocrx_word' id='word_1_785' title='bbox 2735 4056 2917 4110; x_wconf 90' lang='lat' dir='ltr'>quum</span> <span class='ocrx_word' id='word_1_786' title='bbox 2940 4055 3007 4095; x_wconf 92' lang='lat' dir='ltr'>eo</span> <span class='ocrx_word' id='word_1_787' title='bbox 3022 4042 3232 4114; x_wconf 86' lang='lat' dir='ltr'>iterum</span> <span class='ocrx_word' id='word_1_788' title='bbox 3256 4040 3359 4092; x_wconf 87' lang='lat' dir='ltr'>ad-</span> 
     </span>
    </p>
   </div>
   <div class='ocr_carea' id='block_1_108' title="bbox 1756 4113 3360 4189">
    <p class='ocr_par' dir='ltr' id='par_1_108' title="bbox 1756 4113 3360 4189">
     <span class='ocr_line' id='line_1_108' title="bbox 1756 4113 3360 4189; baseline -0.013 -3"><span class='ocrx_word' id='word_1_789' title='bbox 1756 4132 1934 4187; x_wconf 90' lang='lat' dir='ltr'>venit.</span> <span class='ocrx_word' id='word_1_790' title='bbox 1960 4131 2035 4182; x_wconf 89' lang='lat' dir='ltr'>Ut</span> <span class='ocrx_word' id='word_1_791' title='bbox 2058 4132 2253 4181; x_wconf 91' lang='lat' dir='ltr'>autem</span> <span class='ocrx_word' id='word_1_792' title='bbox 2280 4122 2482 4189; x_wconf 90' lang='lat' dir='ltr'>paucis</span> <span class='ocrx_word' id='word_1_793' title='bbox 2521 4118 2838 4179; x_wconf 88' lang='lat' dir='ltr'>absolvam,</span> <span class='ocrx_word' id='word_1_794' title='bbox 2874 4115 3045 4189; x_wconf 75' lang='lat' dir='ltr'>unice</span> <span class='ocrx_word' id='word_1_795' title='bbox 3067 4113 3360 4189; x_wconf 70' lang='lat' dir='ltr'>haacvera</span> 
     </span>
    </p>
   </div>
   <div class='ocr_carea' id='block_1_109' title="bbox 1757 4185 3361 4259">
    <p class='ocr_par' dir='ltr' id='par_1_109' title="bbox 1757 4185 3361 4259">
     <span class='ocr_line' id='line_1_109' title="bbox 1757 4185 3361 4259; baseline -0.014 -1"><span class='ocrx_word' id='word_1_796' title='bbox 1757 4185 1884 4259; x_wconf 85' lang='lat' dir='ltr'>visa</span> <span class='ocrx_word' id='word_1_797' title='bbox 1907 4207 1997 4255; x_wconf 91' lang='lat' dir='ltr'>est</span> <span class='ocrx_word' id='word_1_798' title='bbox 2037 4200 2253 4253; x_wconf 91' lang='lat' dir='ltr'>codicis</span> <span class='ocrx_word' id='word_1_799' title='bbox 2275 4185 2384 4250; x_wconf 85' lang='lat' dir='ltr'>ms.</span> <span class='ocrx_word' id='word_1_800' title='bbox 2423 4195 2610 4248; x_wconf 91' lang='lat' dir='ltr'>lectio.</span> <span class='ocrx_word' id='word_1_801' title='bbox 2636 4190 2783 4253; x_wconf 90' lang='lat' dir='ltr'>Quid</span> <span class='ocrx_word' id='word_1_802' title='bbox 2816 4188 2970 4242; x_wconf 86' lang='lat' dir='ltr'>enim</span> <span class='ocrx_word' id='word_1_803' title='bbox 2993 4186 3117 4238; x_wconf 84' lang='lat' dir='ltr'>dies</span> <span class='ocrx_word' id='word_1_804' title='bbox 3140 4185 3361 4249; x_wconf 87' lang='lat' dir='ltr'>aliquot</span> 
     </span>
    </p>
   </div>
   <div class='ocr_carea' id='block_1_110' title="bbox 1759 4264 3361 4329">
    <p class='ocr_par' dir='ltr' id='par_1_110' title="bbox 1759 4264 3361 4329">
     <span class='ocr_line' id='line_1_110' title="bbox 1759 4264 3361 4329; baseline -0.014 0"><span class='ocrx_word' id='word_1_805' title='bbox 1759 4279 1816 4329; x_wconf 92' lang='lat' dir='ltr'>in</span> <span class='ocrx_word' id='word_1_806' title='bbox 1852 4274 2107 4328; x_wconf 90' lang='lat' dir='ltr'>secundo</span> <span class='ocrx_word' id='word_1_807' title='bbox 2145 4273 2402 4324; x_wconf 89' lang='lat' dir='ltr'>adventu</span> <span class='ocrx_word' id='word_1_808' title='bbox 2447 4266 2828 4321; x_wconf 88' lang='lat' dir='ltr'>memorasset</span> <span class='ocrx_word' id='word_1_809' title='bbox 2875 4264 3105 4319; x_wconf 86' lang='lat' dir='ltr'>Auctor,</span> <span class='ocrx_word' id='word_1_810' title='bbox 3131 4270 3361 4310; x_wconf 89' lang='lat' dir='ltr'>eorum-</span> 
     </span>
    </p>
   </div>
   <div class='ocr_carea' id='block_1_111' title="bbox 1761 4329 3360 4414">
    <p class='ocr_par' dir='ltr' id='par_1_111' title="bbox 1761 4329 3360 4414">
     <span class='ocr_line' id='line_1_111' title="bbox 1761 4329 3360 4414; baseline -0.014 -13"><span class='ocrx_word' id='word_1_811' title='bbox 1761 4362 1872 4414; x_wconf 90' lang='lat' dir='ltr'>que</span> <span class='ocrx_word' id='word_1_812' title='bbox 1898 4347 2095 4400; x_wconf 88' lang='lat' dir='ltr'>haberi</span> <span class='ocrx_word' id='word_1_813' title='bbox 2137 4345 2419 4396; x_wconf 88' lang='lat' dir='ltr'>rationem</span> <span class='ocrx_word' id='word_1_814' title='bbox 2456 4340 2755 4414; x_wconf 82' lang='lat' dir='ltr'>voluisset,</span> <span class='ocrx_word' id='word_1_815' title='bbox 2781 4347 2915 4387; x_wconf 92' lang='lat' dir='ltr'>cum</span> <span class='ocrx_word' id='word_1_816' title='bbox 2934 4334 2994 4414; x_wconf 86' lang='lat' dir='ltr'>in</span> <span class='ocrx_word' id='word_1_817' title='bbox 3017 4331 3211 4414; x_wconf 37' lang='lat' dir='ltr'>primo.</span> <span class='ocrx_word' id='word_1_818' title='bbox 3230 4329 3360 4414; x_wconf 77' lang='lat' dir='ltr'>soli-</span> 
     </span>
    </p>
   </div>
   <div class='ocr_carea' id='block_1_112' title="bbox 1761 4403 3359 4484">
    <p class='ocr_par' dir='ltr' id='par_1_112' title="bbox 1761 4403 3359 4484">
     <span class='ocr_line' id='line_1_112' title="bbox 1761 4403 3359 4484; baseline -0.013 -13"><span class='ocrx_word' id='word_1_819' title='bbox 1761 4403 1867 4471; x_wconf 82' lang='lat' dir='ltr'>dos</span> <span class='ocrx_word' id='word_1_820' title='bbox 1887 4420 2009 4484; x_wconf 88' lang='lat' dir='ltr'>jam</span> <span class='ocrx_word' id='word_1_821' title='bbox 2034 4430 2139 4468; x_wconf 87' lang='lat' dir='ltr'>sex</span> <span class='ocrx_word' id='word_1_822' title='bbox 2162 4428 2345 4467; x_wconf 91' lang='lat' dir='ltr'>annos</span> <span class='ocrx_word' id='word_1_823' title='bbox 2389 4416 2493 4465; x_wconf 89' lang='lat' dir='ltr'>abs</span> <span class='ocrx_word' id='word_1_824' title='bbox 2529 4424 2590 4463; x_wconf 89' lang='lat' dir='ltr'>se</span> <span class='ocrx_word' id='word_1_825' title='bbox 2623 4410 2702 4484; x_wconf 81' lang='lat' dir='ltr'>ibi</span> <span class='ocrx_word' id='word_1_826' title='bbox 2726 4408 3064 4484; x_wconf 40' lang='lat' dir='ltr'>transacto-s‘</span> <span class='ocrx_word' id='word_1_827' title='bbox 3094 4403 3359 4484; x_wconf 77' lang='lat' dir='ltr'>dixisset,</span> 
     </span>
    </p>
   </div>
   <div class='ocr_carea' id='block_1_113' title="bbox 1760 4472 3362 4555">
    <p class='ocr_par' dir='ltr' id='par_1_113' title="bbox 1760 4472 3362 4555">
     <span class='ocr_line' id='line_1_113' title="bbox 1760 4472 3362 4555; baseline -0.014 -11"><span class='ocrx_word' id='word_1_828' title='bbox 1760 4493 1832 4544; x_wconf 91' lang='lat' dir='ltr'>ad</span> <span class='ocrx_word' id='word_1_829' title='bbox 1857 4472 2031 4555; x_wconf 68' lang='lat' dir='ltr'>quam</span> <span class='ocrx_word' id='word_1_830' title='bbox 2058 4489 2332 4553; x_wconf 85' lang='lat' dir='ltr'>temporis</span> <span class='ocrx_word' id='word_1_831' title='bbox 2364 4494 2654 4536; x_wconf 89' lang='lat' dir='ltr'>summam</span> <span class='ocrx_word' id='word_1_832' title='bbox 2684 4476 2983 4555; x_wconf 74' lang='lat' dir='ltr'>levissima</span> <span class='ocrx_word' id='word_1_833' title='bbox 3010 4473 3106 4555; x_wconf 83' lang='lat' dir='ltr'>illa</span> <span class='ocrx_word' id='word_1_834' title='bbox 3126 4472 3362 4555; x_wconf 40' lang='lat' dir='ltr'>nechfer:</span> 
     </span>
    </p>
   </div>
   <div class='ocr_carea' id='block_1_114' title="bbox 1761 4542 3362 4624">
    <p class='ocr_par' dir='ltr' id='par_1_114' title="bbox 1761 4542 3362 4624">
     <span class='ocr_line' id='line_1_114' title="bbox 1761 4542 3362 4624; baseline -0.015 -8"><span class='ocrx_word' id='word_1_835' title='bbox 1761 4542 1854 4615; x_wconf 81' lang='lat' dir='ltr'>me</span> <span class='ocrx_word' id='word_1_836' title='bbox 1870 4542 2080 4614; x_wconf 9' lang='lat' dir='ltr'>rnotatu</span> <span class='ocrx_word' id='word_1_837' title='bbox 2106 4542 2281 4624; x_wconf 79' lang='lat' dir='ltr'>digna</span> <span class='ocrx_word' id='word_1_838' title='bbox 2328 4557 2551 4609; x_wconf 89' lang='lat' dir='ltr'>dierum</span> <span class='ocrx_word' id='word_1_839' title='bbox 2602 4549 2857 4624; x_wconf 83' lang='lat' dir='ltr'>accessio</span> <span class='ocrx_word' id='word_1_840' title='bbox 2881 4545 3145 4624; x_wconf 82' lang='lat' dir='ltr'>videatur</span> <span class='ocrx_word' id='word_1_841' title='bbox 3167 4547 3192 4594; x_wconf 74' lang='grc' dir='ltr'><strong>Ρ</strong></span> <span class='ocrx_word' id='word_1_842' title='bbox 3215 4542 3362 4624; x_wconf 70' lang='lat' dir='ltr'>Quid</span> 
     </span>
    </p>
   </div>
   <div class='ocr_carea' id='block_1_115' title="bbox 1763 4614 3363 4699">
    <p class='ocr_par' dir='ltr' id='par_1_115' title="bbox 1763 4614 3363 4699">
     <span class='ocr_line' id='line_1_115' title="bbox 1763 4614 3363 4699; baseline -0.014 -12"><span class='ocrx_word' id='word_1_843' title='bbox 1763 4614 1918 4699; x_wconf 76' lang='lat' dir='ltr'>quod</span> <span class='ocrx_word' id='word_1_844' title='bbox 1943 4632 2068 4682; x_wconf 80' lang='lat' dir='ltr'>aliis</span> <span class='ocrx_word' id='word_1_845' title='bbox 2093 4614 2247 4692; x_wconf 75' lang='lat' dir='ltr'>dicit,</span> <span class='ocrx_word' id='word_1_846' title='bbox 2292 4641 2408 4692; x_wconf 90' lang='lat' dir='ltr'>quo</span> <span class='ocrx_word' id='word_1_847' title='bbox 2433 4622 2771 4699; x_wconf 85' lang='lat' dir='ltr'>pronomine</span> <span class='ocrx_word' id='word_1_848' title='bbox 2811 4621 3140 4699; x_wconf 86' lang='lat' dir='ltr'>respectum</span> <span class='ocrx_word' id='word_1_849' title='bbox 3168 4614 3240 4667; x_wconf 89' lang='lat' dir='ltr'>ad</span> <span class='ocrx_word' id='word_1_850' title='bbox 3266 4627 3363 4699; x_wconf 85' lang='lat' dir='ltr'>su-</span> 
     </span>
    </p>
   </div>
   <div class='ocr_carea' id='block_1_116' title="bbox 1760 4693 3363 4771">
    <p class='ocr_par' dir='ltr' id='par_1_116' title="bbox 1760 4693 3363 4771">
     <span class='ocr_line' id='line_1_116' title="bbox 1760 4693 3363 4771; baseline -0.013 -13"><span class='ocrx_word' id='word_1_851' title='bbox 1760 4693 1983 4771; x_wconf 80' lang='lat' dir='ltr'>periora</span> <span class='ocrx_word' id='word_1_852' title='bbox 2006 4703 2244 4755; x_wconf 90' lang='lat' dir='ltr'>omnino</span> <span class='ocrx_word' id='word_1_853' title='bbox 2275 4700 2449 4752; x_wconf 89' lang='lat' dir='ltr'>habet</span> <span class='ocrx_word' id='word_1_854' title='bbox 2470 4700 2496 4747; x_wconf 69' lang='lat'>‘2</span> <span class='ocrx_word' id='word_1_855' title='bbox 2513 4693 2793 4771; x_wconf 86' lang='lat' dir='ltr'>superius</span> <span class='ocrx_word' id='word_1_856' title='bbox 2826 4695 3021 4771; x_wconf 71' lang='lat' dir='ltr'>autem</span> <span class='ocrx_word' id='word_1_857' title='bbox 3055 4700 3241 4740; x_wconf 89' lang='lat' dir='ltr'>annos</span> <span class='ocrx_word' id='word_1_858' title='bbox 3266 4698 3363 4738; x_wconf 90' lang='lat' dir='ltr'>no-</span> 
     </span>
    </p>
   </div>
   <div class='ocr_carea' id='block_1_117' title="bbox 1759 4763 3365 4841">
    <p class='ocr_par' dir='ltr' id='par_1_117' title="bbox 1759 4763 3365 4841">
     <span class='ocr_line' id='line_1_117' title="bbox 1759 4763 3365 4841; baseline -0.014 -11"><span class='ocrx_word' id='word_1_859' title='bbox 1759 4763 2020 4841; x_wconf 76' lang='lat' dir='ltr'>minavit,</span> <span class='ocrx_word' id='word_1_860' title='bbox 2043 4788 2164 4827; x_wconf 91' lang='lat' dir='ltr'>non</span> <span class='ocrx_word' id='word_1_861' title='bbox 2188 4774 2329 4827; x_wconf 89' lang='lat' dir='ltr'>dies.</span> <span class='ocrx_word' id='word_1_862' title='bbox 2346 4773 2425 4823; x_wconf 87' lang='lat' dir='ltr'>Re</span> <span class='ocrx_word' id='word_1_863' title='bbox 2449 4769 2623 4824; x_wconf 87' lang='lat' dir='ltr'>etiam</span> <span class='ocrx_word' id='word_1_864' title='bbox 2647 4778 2789 4841; x_wconf 78' lang='lat' dir='ltr'>vera</span> <span class='ocrx_word' id='word_1_865' title='bbox 2804 4764 2852 4841; x_wconf 87' lang='lat' dir='ltr'>s_i_</span> <span class='ocrx_word' id='word_1_866' title='bbox 2874 4763 3365 4841; x_wconf 43' lang='lat' dir='ltr'>dies,_non_.annos‘,</span> 
     </span>
    </p>
   </div>
   <div class='ocr_carea' id='block_1_118' title="bbox 1760 4829 3367 4914">
    <p class='ocr_par' dir='ltr' id='par_1_118' title="bbox 1760 4829 3367 4914">
     <span class='ocr_line' id='line_1_118' title="bbox 1760 4829 3367 4914; baseline -0.013 -13"><span class='ocrx_word' id='word_1_867' title='bbox 1760 4829 1948 4901; x_wconf 87' lang='lat' dir='ltr'>dicere</span> <span class='ocrx_word' id='word_1_868' title='bbox 1971 4829 2273 4909; x_wconf 78' lang='lat' dir='ltr'>voluisset,</span> <span class='ocrx_word' id='word_1_869' title='bbox 2308 4852 2679 4907; x_wconf 89' lang='lat' dir='ltr'>nequaquam</span> <span class='ocrx_word' id='word_1_870' title='bbox 2717 4835 3044 4914; x_wconf 74' lang='lat' dir='ltr'>addidisset</span> <span class='ocrx_word' id='word_1_871' title='bbox 3084 4829 3367 4914; x_wconf 31' lang='lat' dir='ltr'>aliiensed</span> 
     </span>
    </p>
   </div>
   <div class='ocr_carea' id='block_1_119' title="bbox 1761 4901 3358 4985">
    <p class='ocr_par' dir='ltr' id='par_1_119' title="bbox 1761 4901 3358 4985">
     <span class='ocr_line' id='line_1_119' title="bbox 1761 4901 3358 4985; baseline -0.012 -14"><span class='ocrx_word' id='word_1_872' title='bbox 1761 4921 1970 4985; x_wconf 80' lang='lat' dir='ltr'>aliquot</span> <span class='ocrx_word' id='word_1_873' title='bbox 2024 4919 2223 4981; x_wconf 75' lang='lat' dir='ltr'>diebus,</span> <span class='ocrx_word' id='word_1_874' title='bbox 2262 4901 2571 4970; x_wconf 78' lang='lat' dir='ltr'>dumtaxat</span> <span class='ocrx_word' id='word_1_875' title='bbox 2621 4909 2960 4985; x_wconf 80' lang='lat' dir='ltr'>scripsisset.</span> <span class='ocrx_word' id='word_1_876' title='bbox 2991 4901 3358 4985; x_wconf 45' lang='lat' dir='ltr'>indicio‘hoc</span> 
     </span>
    </p>
   </div>
   <div class='ocr_carea' id='block_1_120' title="bbox 1763 4974 3272 5053">
    <p class='ocr_par' dir='ltr' id='par_1_120' title="bbox 1763 4974 3272 5053">
     <span class='ocr_line' id='line_1_120' title="bbox 1763 4974 3272 5053; baseline -0.015 -8"><span class='ocrx_word' id='word_1_877' title='bbox 1763 4974 1956 5045; x_wconf 69' lang='lat' dir='ltr'>autem</span> <span class='ocrx_word' id='word_1_878' title='bbox 2001 4996 2089 5043; x_wconf 89' lang='lat' dir='ltr'>est</span> <span class='ocrx_word' id='word_1_879' title='bbox 2132 4974 2457 5053; x_wconf 82' lang='lat' dir='ltr'>manifesto,</span> <span class='ocrx_word' id='word_1_880' title='bbox 2497 4997 2615 5038; x_wconf 93' lang='lat' dir='ltr'>non</span> <span class='ocrx_word' id='word_1_881' title='bbox 2658 4982 2870 5046; x_wconf 79' lang='lat' dir='ltr'>aliquot</span> <span class='ocrx_word' id='word_1_882' title='bbox 2895 4978 3173 5053; x_wconf 78' lang='lat' dir='ltr'>scriptum</span> <span class='ocrx_word' id='word_1_883' title='bbox 3199 4974 3272 5025; x_wconf 89' lang='lat' dir='ltr'>ab</span> 
     </span>
    </p>
   </div>
   <div class='ocr_carea' id='block_1_121' title="bbox 1764 5043 3365 5126">
    <p class='ocr_par' dir='ltr' id='par_1_121' title="bbox 1764 5043 3365 5126">
     <span class='ocr_line' id='line_1_121' title="bbox 1764 5043 3365 5126; baseline -0.014 -11"><span class='ocrx_word' id='word_1_884' title='bbox 1764 5043 1960 5123; x_wconf 81' lang='lat' dir='ltr'>fuisse,</span> <span class='ocrx_word' id='word_1_885' title='bbox 2003 5063 2106 5115; x_wconf 88' lang='lat' dir='ltr'>sed</span> <span class='ocrx_word' id='word_1_886' title='bbox 2150 5061 2394 5126; x_wconf 75' lang='lat' dir='ltr'>aliquod,</span> <span class='ocrx_word' id='word_1_887' title='bbox 2441 5043 2657 5111; x_wconf 80' lang='lat' dir='ltr'>scilicet</span> <span class='ocrx_word' id='word_1_888' title='bbox 2700 5043 3063 5126; x_wconf 56' lang='grc' dir='ltr'>ίτῐιενυαιιατη,</span> <span class='ocrx_word' id='word_1_889' title='bbox 3103 5045 3177 5126; x_wconf 83' lang='lat' dir='ltr'>ad</span> <span class='ocrx_word' id='word_1_890' title='bbox 3209 5043 3365 5126; x_wconf 73' lang='lat' dir='ltr'>quod</span> 
     </span>
    </p>
   </div>
   <div class='ocr_carea' id='block_1_122' title="bbox 1765 5116 3369 5200">
    <p class='ocr_par' dir='ltr' id='par_1_122' title="bbox 1765 5116 3369 5200">
     <span class='ocr_line' id='line_1_122' title="bbox 1765 5116 3369 5200; baseline -0.014 -13"><span class='ocrx_word' id='word_1_891' title='bbox 1765 5116 2177 5187; x_wconf 41' lang='lat' dir='ltr'>etiam&#39;rcferri</span> <span class='ocrx_word' id='word_1_892' title='bbox 2222 5116 2541 5198; x_wconf 79' lang='lat' dir='ltr'>pronomen</span> <span class='ocrx_word' id='word_1_893' title='bbox 2586 5129 2798 5200; x_wconf 67' lang='lat' dir='ltr'>ipsum,</span> <span class='ocrx_word' id='word_1_894' title='bbox 2842 5135 2936 5174; x_wconf 89' lang='lat' dir='ltr'>res</span> <span class='ocrx_word' id='word_1_895' title='bbox 2967 5118 3198 5200; x_wconf 75' lang='lat' dir='ltr'>clamat.</span> <span class='ocrx_word' id='word_1_896' title='bbox 3215 5116 3369 5200; x_wconf 44' lang='lat' dir='ltr'>Nam</span> 
     </span>
    </p>
   </div>
   <div class='ocr_carea' id='block_1_123' title="bbox 1766 5192 3368 5262">
    <p class='ocr_par' dir='ltr' id='par_1_123' title="bbox 1766 5192 3368 5262">
     <span class='ocr_line' id='line_1_123' title="bbox 1766 5192 3368 5262; baseline -0.017 1"><span class='ocrx_word' id='word_1_897' title='bbox 1766 5211 1823 5259; x_wconf 82' lang='lat' dir='ltr'>et</span> <span class='ocrx_word' id='word_1_898' title='bbox 1846 5204 2195 5255; x_wconf 73' lang='lat' dir='ltr'>intervallum</span> <span class='ocrx_word' id='word_1_899' title='bbox 2222 5192 2420 5259; x_wconf 76' lang='grc' dir='ltr'>’ἁπλῶς</span> <span class='ocrx_word' id='word_1_900' title='bbox 2467 5202 2687 5262; x_wconf 87' lang='lat' dir='ltr'>absque</span> <span class='ocrx_word' id='word_1_901' title='bbox 2718 5194 2837 5247; x_wconf 87' lang='lat' dir='ltr'>ulla</span> <span class='ocrx_word' id='word_1_902' title='bbox 2871 5192 3071 5262; x_wconf 85' lang='lat' dir='ltr'>quanti</span> <span class='ocrx_word' id='word_1_903' title='bbox 3094 5192 3368 5262; x_wconf 86' lang='lat' dir='ltr'>temporis</span> 
     </span>
    </p>
   </div>
   <div class='ocr_carea' id='block_1_124' title="bbox 1770 5259 3370 5341">
    <p class='ocr_par' dir='ltr' id='par_1_124' title="bbox 1770 5259 3370 5341">
     <span class='ocr_line' id='line_1_124' title="bbox 1770 5259 3370 5341; baseline -0.016 -12"><span class='ocrx_word' id='word_1_904' title='bbox 1770 5276 2186 5341; x_wconf 86' lang='lat' dir='ltr'>significatione</span> <span class='ocrx_word' id='word_1_905' title='bbox 2200 5275 2388 5326; x_wconf 89' lang='lat' dir='ltr'>dicere</span> <span class='ocrx_word' id='word_1_906' title='bbox 2400 5259 2784 5334; x_wconf 75' lang='lat' dir='ltr'>incongruum</span> <span class='ocrx_word' id='word_1_907' title='bbox 2809 5268 2916 5341; x_wconf 83' lang='lat' dir='ltr'>est,</span> <span class='ocrx_word' id='word_1_908' title='bbox 2942 5266 3000 5341; x_wconf 79' lang='lat' dir='ltr'>et</span> <span class='ocrx_word' id='word_1_909' title='bbox 3022 5261 3132 5312; x_wconf 92' lang='lat' dir='ltr'>hoc</span> <span class='ocrx_word' id='word_1_910' title='bbox 3150 5259 3370 5341; x_wconf 68' lang='lat' dir='ltr'>maxime</span> 
     </span>
    </p>
   </div>
   <div class='ocr_carea' id='block_1_125' title="bbox 1767 5327 3370 5413">
    <p class='ocr_par' dir='ltr' id='par_1_125' title="bbox 1767 5327 3370 5413">
     <span class='ocr_line' id='line_1_125' title="bbox 1767 5327 3370 5413; baseline -0.015 -12"><span class='ocrx_word' id='word_1_911' title='bbox 1767 5327 2026 5401; x_wconf 46' lang='lat' dir='ltr'>i‘b‘ééabs</span> <span class='ocrx_word' id='word_1_912' title='bbox 2055 5346 2246 5397; x_wconf 85' lang='lat' dir='ltr'>Rufini</span> <span class='ocrx_word' id='word_1_913' title='bbox 2287 5358 2381 5396; x_wconf 90' lang='lat' dir='ltr'>res</span> <span class='ocrx_word' id='word_1_914' title='bbox 2426 5327 2928 5413; x_wconf 45' lang='lat' dir='ltr'>suasuenarrantis</span> <span class='ocrx_word' id='word_1_915' title='bbox 2972 5330 3208 5413; x_wconf 71' lang='lat' dir='ltr'>ingenio</span> <span class='ocrx_word' id='word_1_916' title='bbox 3233 5327 3370 5413; x_wconf 53' lang='lat' dir='ltr'>alie-</span> 
     </span>
    </p>
   </div>
   <div class='ocr_carea' id='block_1_126' title="bbox 1769 5399 3368 5487">
    <p class='ocr_par' dir='ltr' id='par_1_126' title="bbox 1769 5399 3368 5487">
     <span class='ocr_line' id='line_1_126' title="bbox 1769 5399 3368 5487; baseline -0.015 -14"><span class='ocrx_word' id='word_1_917' title='bbox 1769 5399 2264 5473; x_wconf 21' lang='lat' dir='ltr'>numlllistoriam</span> <span class='ocrx_word' id='word_1_918' title='bbox 2311 5415 2467 5480; x_wconf 89' lang='lat' dir='ltr'>quod</span> <span class='ocrx_word' id='word_1_919' title='bbox 2513 5404 2987 5487; x_wconf 82' lang='lat' dir='ltr'>spectat,tametsi</span> <span class='ocrx_word' id='word_1_920' title='bbox 3024 5402 3125 5487; x_wconf 78' lang='lat' dir='ltr'>qui</span> <span class='ocrx_word' id='word_1_921' title='bbox 3156 5399 3368 5487; x_wconf 43' lang='lat' dir='ltr'>denitu-</span> 
     </span>
    </p>
   </div>
   <div class='ocr_carea' id='block_1_127' title="bbox 1771 5472 3371 5558">
    <p class='ocr_par' dir='ltr' id='par_1_127' title="bbox 1771 5472 3371 5558">
     <span class='ocr_line' id='line_1_127' title="bbox 1771 5472 3371 5558; baseline -0.016 -12"><span class='ocrx_word' id='word_1_922' title='bbox 1771 5472 1871 5545; x_wconf 75' lang='lat' dir='ltr'>ﬂni</span> <span class='ocrx_word' id='word_1_923' title='bbox 1896 5494 2076 5558; x_wconf 86' lang='lat' dir='ltr'>gestis</span> <span class='ocrx_word' id='word_1_924' title='bbox 2092 5472 2444 5551; x_wconf 79' lang='lat' dir='ltr'>recentiores</span> <span class='ocrx_word' id='word_1_925' title='bbox 2481 5472 2854 5558; x_wconf 71' lang='lat' dir='ltr'>scripserunt,</span> <span class='ocrx_word' id='word_1_926' title='bbox 2880 5482 3051 5558; x_wconf 75' lang='lat' dir='ltr'>atque</span> <span class='ocrx_word' id='word_1_927' title='bbox 3073 5472 3371 5558; x_wconf 56' lang='lat' dir='ltr'>ipser‘on:</span> 
     </span>
    </p>
   </div>
   <div class='ocr_carea' id='block_1_128' title="bbox 1776 5544 3371 5622">
    <p class='ocr_par' dir='ltr' id='par_1_128' title="bbox 1776 5544 3371 5622">
     <span class='ocr_line' id='line_1_128' title="bbox 1776 5544 3371 5622; baseline -0.016 -4"><span class='ocrx_word' id='word_1_928' title='bbox 1776 5544 2008 5617; x_wconf 63' lang='lat' dir='ltr'>taninus</span> <span class='ocrx_word' id='word_1_929' title='bbox 2059 5546 2118 5615; x_wconf 87' lang='lat' dir='ltr'>in</span> <span class='ocrx_word' id='word_1_930' title='bbox 2152 5562 2297 5622; x_wconf 88' lang='lat' dir='ltr'>Vita,</span> <span class='ocrx_word' id='word_1_931' title='bbox 2332 5556 2562 5611; x_wconf 84' lang='lat' dir='ltr'>nonnisi</span> <span class='ocrx_word' id='word_1_932' title='bbox 2587 5544 2711 5605; x_wconf 83' lang='lat' dir='ltr'>dies</span> <span class='ocrx_word' id='word_1_933' title='bbox 2738 5551 2863 5622; x_wconf 90' lang='lat' dir='ltr'>illos</span> <span class='ocrx_word' id='word_1_934' title='bbox 2887 5548 3125 5611; x_wconf 88' lang='lat' dir='ltr'>aliquot,</span> <span class='ocrx_word' id='word_1_935' title='bbox 3149 5544 3371 5622; x_wconf 71' lang='lat' dir='ltr'>decepti</span> 
     </span>
    </p>
   </div>
   <div class='ocr_carea' id='block_1_129' title="bbox 1775 5612 3371 5703">
    <p class='ocr_par' dir='ltr' id='par_1_129' title="bbox 1775 5612 3371 5703">
     <span class='ocr_line' id='line_1_129' title="bbox 1775 5612 3371 5703; baseline -0.018 -10"><span class='ocrx_word' id='word_1_936' title='bbox 1775 5612 2010 5703; x_wconf 56' lang='lat' dir='ltr'>vulg—ala</span> <span class='ocrx_word' id='word_1_937' title='bbox 2042 5612 2299 5695; x_wconf 53' lang='lat' dir='ltr'>lectione,</span> <span class='ocrx_word' id='word_1_938' title='bbox 2329 5631 2674 5703; x_wconf 82' lang='lat' dir='ltr'>supputent;</span> <span class='ocrx_word' id='word_1_939' title='bbox 2697 5621 2944 5703; x_wconf 87' lang='lat' dir='ltr'>nihilest</span> <span class='ocrx_word' id='word_1_940' title='bbox 2974 5624 3187 5703; x_wconf 77' lang='lat' dir='ltr'>tamen,</span> <span class='ocrx_word' id='word_1_941' title='bbox 3214 5612 3371 5703; x_wconf 63' lang='lat' dir='ltr'>quod</span> 
     </span>
    </p>
   </div>
   <div class='ocr_carea' id='block_1_130' title="bbox 1773 5697 3370 5766">
    <p class='ocr_par' dir='ltr' id='par_1_130' title="bbox 1773 5697 3370 5766">
     <span class='ocr_line' id='line_1_130' title="bbox 1773 5697 3370 5766; baseline -0.018 0"><span class='ocrx_word' id='word_1_942' title='bbox 1773 5697 2156 5766; x_wconf 69' lang='lat' dir='ltr'>vetustiorum</span> <span class='ocrx_word' id='word_1_943' title='bbox 2184 5705 2502 5758; x_wconf 84' lang='lat' dir='ltr'>rationibus</span> <span class='ocrx_word' id='word_1_944' title='bbox 2519 5700 2876 5758; x_wconf 83' lang='lat' dir='ltr'>adversetur,</span> <span class='ocrx_word' id='word_1_945' title='bbox 2901 5697 3001 5745; x_wconf 89' lang='lat' dir='ltr'>aut</span> <span class='ocrx_word' id='word_1_946' title='bbox 3018 5703 3152 5743; x_wconf 92' lang='lat' dir='ltr'>cum</span> <span class='ocrx_word' id='word_1_947' title='bbox 3169 5699 3370 5766; x_wconf 78' lang='lat' dir='ltr'>eorum</span> 
     </span>
    </p>
   </div>
   <div class='ocr_carea' id='block_1_131' title="bbox 1776 5760 3355 5842">
    <p class='ocr_par' dir='ltr' id='par_1_131' title="bbox 1776 5760 3355 5842">
     <span class='ocr_line' id='line_1_131' title="bbox 1776 5760 3355 5842; baseline -0.016 -6"><span class='ocrx_word' id='word_1_948' title='bbox 1776 5760 2118 5835; x_wconf 75' lang='lat' dir='ltr'>testimoniis</span> <span class='ocrx_word' id='word_1_949' title='bbox 2149 5777 2374 5831; x_wconf 75' lang='lat' dir='ltr'>difﬁcile</span> <span class='ocrx_word' id='word_1_950' title='bbox 2416 5771 2681 5839; x_wconf 87' lang='lat' dir='ltr'>componi</span> <span class='ocrx_word' id='word_1_951' title='bbox 2735 5766 2934 5842; x_wconf 82' lang='lat' dir='ltr'>possit.</span> <span class='ocrx_word' id='word_1_952' title='bbox 2981 5766 3047 5816; x_wconf 88' lang='lat' dir='ltr'>In</span> <span class='ocrx_word' id='word_1_953' title='bbox 3097 5760 3355 5842; x_wconf 49' lang='lat' dir='ltr'>confess;</span> 
     </span>
    </p>
   </div>
   <div class='ocr_carea' id='block_1_132' title="bbox 1777 5834 3374 5919">
    <p class='ocr_par' dir='ltr' id='par_1_132' title="bbox 1777 5834 3374 5919">
     <span class='ocr_line' id='line_1_132' title="bbox 1777 5834 3374 5919; baseline -0.017 -10"><span class='ocrx_word' id='word_1_954' title='bbox 1777 5834 1883 5919; x_wconf 79' lang='lat' dir='ltr'>est,</span> <span class='ocrx_word' id='word_1_955' title='bbox 1920 5854 2008 5906; x_wconf 90' lang='lat' dir='ltr'>bis</span> <span class='ocrx_word' id='word_1_956' title='bbox 2027 5852 2208 5905; x_wconf 88' lang='lat' dir='ltr'>fuisse</span> <span class='ocrx_word' id='word_1_957' title='bbox 2224 5853 2532 5905; x_wconf 83' lang='lat' dir='ltr'>Auctorem</span> <span class='ocrx_word' id='word_1_958' title='bbox 2549 5834 2913 5898; x_wconf 59' lang='lat' dir='ltr'>Alexandriae</span> <span class='ocrx_word' id='word_1_959' title='bbox 2930 5847 3068 5903; x_wconf 88' lang='lat' dir='ltr'>;nec</span> <span class='ocrx_word' id='word_1_960' title='bbox 3091 5834 3162 5887; x_wconf 89' lang='lat' dir='ltr'>de</span> <span class='ocrx_word' id='word_1_961' title='bbox 3188 5834 3374 5900; x_wconf 89' lang='lat' dir='ltr'>prima</span> 
     </span>
    </p>
   </div>
  </div>
