3900 6404
594 415 701 473 595

1663 415 1859 466 UFINI
1902 410 2396 475 AQUILEIENSIS
2426 406 2869 461 PRESBYTERI

3787 402 3862 458 596

593 539 653 587 et
692 532 795 585 ubi
837 531 931 585 alii
974 529 1350 583 nihilominus
1392 528 1487 581 illo
1535 540 1653 581 non
1702 528 2013 591 inferiores,
2048 538 2196 590 quos
2212 529 2268 602 Α
2291 524 2464 576 nibus
2515 523 2658 587 ejus,
2703 519 2776 573 ad
2822 517 2979 584 quod
3026 529 3172 583 opus
3221 516 3476 582 quotidie
3521 516 3729 570 stilum
3765 519 3862 583 ejus

596 629 661 677 tu
686 636 761 675 ne
785 622 925 674 facie
964 626 1134 672 tenus
1166 620 1397 683 quidem
1447 619 1623 681 nosti,
1670 618 1960 681 Serapion,
1996 622 2054 668 et
2075 617 2195 668 Me-

593 713 762 777 nites,
790 711 897 762 viri
920 713 1125 761 natura
1148 714 1203 761 et
1225 709 1484 760 moribus
1502 716 1559 759 et
1574 708 1891 760 eruditione
1912 706 2194 770 germani:

593 804 691 855 ubi
715 801 928 873 Paulus
959 812 1139 851 senex
1188 799 1336 851 Petri
1371 798 1641 862 Martyris
1668 797 2017 861 discipulus:
2048 798 2103 846 et
2130 801 2197 847 ut

595 892 667 944 ad
692 890 867 943 eremi
891 889 1200 953 magistros
1230 888 1483 948 veniam,
1517 887 1731 951 quibus
1765 889 1820 938 et
1843 886 2118 937 attentius
2141 888 2198 936 et

596 980 958 1044 frequentius
983 979 1357 1039 vacabamus,
1370 978 1469 1029 ubi
1484 977 1764 1027 Macarius
1784 975 2014 1027 Antonii
2027 974 2199 1025 disci-

594 1069 767 1135 pulus
792 1074 849 1121 et
890 1068 1035 1120 alter
1064 1068 1361 1128 Macarius,
1388 1073 1447 1119 et
1492 1067 1767 1127 Isidorus,
1804 1070 1863 1117 et
1886 1074 1902 1094 ·
1930 1065 2192 1124 Pambas,

594 1172 795 1212 omnes
819 1159 987 1210 amici
1003 1158 1124 1221 Dei,
1152 1158 1253 1221 qui
1274 1171 1382 1209 nos
1400 1157 1524 1208 haec
1550 1156 1856 1215 docebant,
1878 1166 2009 1218 qum
2024 1153 2133 1219 ipsi
2162 1167 2197 1205 a

596 1249 714 1300 Deo
738 1248 1041 1299 discebant
1057 1260 1069 1297 :
1085 1249 1367 1310 quantam
1394 1260 1516 1310 ego,
1538 1246 1587 1297 si
1614 1246 1809 1297 hocita
1829 1244 2073 1305 deceret,
2098 1247 2198 1295 aut

596 1337 911 1402 expediret,
937 1337 1008 1388 de
1030 1337 1121 1387 his
1167 1337 1440 1387 omnibus
1464 1337 1675 1387 habere
1695 1334 1991 1399 jactantiae
2014 1335 2198 1384 mate-

595 1428 737 1480 riam
774 1429 1049 1491 p0ssem?
1081 1426 1186 1476 Sed
1224 1427 1520 1488 erubesco,
1552 1426 1681 1477 haec
1705 1426 1875 1475 etiam
1908 1426 2193 1485 retexens,

595 1517 734 1567 dum
764 1516 895 1568 volo
936 1516 1038 1567 tibi
1085 1515 1403 1575 ostendere,
1432 1528 1549 1566 non
1588 1520 1652 1566 ut
1695 1517 1757 1565 tu
1794 1513 1955 1575 dicis,
1999 1514 2195 1563 nostro

594 1605 823 1670 ingenio
858 1605 1186 1670 magistros,
1213 1605 1313 1656 sed
1340 1604 1496 1668 quod
1526 1604 1657 1669 plus
1688 1604 1877 1665 .doleo,
1902 1602 2196 1666 magistris

592 1694 848 1745 defuisse
864 1694 1050 1757 magis
1065 1694 1361 1758 ingenium
1377 1695 1656 1744 nostrum.
1674 1693 1890 1743 Verum
1903 1691 2042 1755 quid
2062 1690 2199 1741 stul-

594 1789 690 1835 tus
726 1795 831 1847 ego
865 1788 1097 1833 sanctos
1140 1795 1415 1834 enumero
1450 1782 1803 1834 Christianos
1837 1782 1989 1833 viros
2012 1784 2036 1830 P
2072 1782 2196 1831 Non

594 1875 825 1935 propter
868 1871 1015 1921 istos
1064 1870 1215 1930 dicit,
1264 1870 1400 1935 quia
1440 1870 1551 1933 ipsi
1594 1882 1702 1921 nos
1746 1869 2067 1931 docuimus,
2094 1866 2194 1918 sed

599 1959 1089 2023 quiabBarrabam
1114 1961 1240 2022 ejus
1272 1960 1343 2011 de
1368 1960 1671 2024 Synagoga
1712 1960 2055 2022 magistrum
2078 1970 2197 2009 non

600 2049 982 2113 suscepimus,
1010 2052 1067 2100 et
1086 2062 1185 2113 per
1203 2044 1473 2114 εἰσαγωγὴν
1500 2048 1811 2112 Porphyrii,
1830 2048 1903 2099 ad
1930 2048 2196 2109 Logicam

602 2149 722 2190 non
746 2150 949 2188 sumus
975 2136 1308 2188 introducti.
1341 2139 1583 2201 Ignosce
1606 2135 1746 2186 mihi
1770 2148 1867 2200 pro
1900 2135 2009 2186 hoc
2043 2134 2196 2198 quod

598 2228 776 2280 malui
812 2228 946 2278 ante
984 2226 1285 2290 imperitus
1330 2230 1387 2277 et
1428 2224 1698 2276 indoctus
1726 2234 1743 2254 τ
1776 2224 1978 2287 videri,
2024 2236 2196 2287 quam

599 2318 867 2370 Barraba:
878 2315 1192 2380 discipulus
1205 2315 1335 2366 dici.
1359 2314 1651 2379 Proposito
1674 2314 1843 2366 etiam
1860 2314 2084 2365 Christo
2120 2313 2198 2364 si-

597 2408 721 2460 mul
766 2411 825 2459 et
877 2407 1141 2466 Barraba,
1187 2418 1294 2470 ego
1340 2404 1507 2468 quasi
1550 2404 1851 2468 imperitus
1906 2404 2197 2455 Christum

599 2496 763 2562 elegi.
787 2497 890 2558 Tu,
936 2500 1004 2547 ut
1040 2495 1226 2556 video,
1262 2506 1396 2545 cum
1430 2492 1540 2545 illis
1574 2494 1788 2545 clamas
1830 2494 1927 2558 qui
1959 2493 2195 2545 dicunt:

600 2587 728 2639 Non
752 2588 915 2647 hunc,
940 2586 1029 2635 sed
1072 2584 1377 2634 Barrabam
1418 2583 1597 2645 (Joan.
1626 2582 1709 2637 18.
1738 2582 1867 2647 40.).
1892 2585 2035 2635 Nam
2061 2586 2197 2635 Por-

603 2676 841 2740 phyrius
866 2679 1020 2735 tuus,
1048 2670 1224 2741 368
1250 2673 1343 2724 dic
1366 2684 1584 2737 quaeso,
1615 2672 1751 2736 quid
1778 2676 1833 2724 te
1857 2672 2075 2736 docuit,
2100 2672 2200 2736 qui

602 2765 916 2817 adversum
933 2764 1303 2825 Christianos,
1322 2765 1379 2813 et
1401 2762 1708 2816 adversum
1722 2761 2055 2826 religionem
2076 2776 2201 2814 nos-

605 2843 753 2905 tram
778 2850 1155 2914 blasphemia:
1201 2849 1503 2902 volumina
1548 2850 1939 2913 conscripsit?
1978 2850 2125 2912 Quid
2152 2852 2205 2902 te

604 2941 699 2993 isti
725 2941 786 2992 in
822 2942 1035 3005 quibus
1066 2943 1292 2991 tantum
1318 2943 1372 2991 te
1397 2940 1603 3003 jactas.
1638 2940 1769 2989 unis
1792 2939 1864 2989 ab
1890 2938 2057 2989 idolis
2082 2939 2203 2991 daa-

603 3043 860 3091 monum,
908 3035 966 3081 et
989 3029 1175 3080 alius‘l
1216 3029 1287 3080 de
1321 3032 1641 3093 Synagoga,
1680 3031 1746 3079 ut
1786 3028 1945 3089 dicis,
1972 3030 2198 3082 Satanaa

605 3120 865 3185 magistri
882 3119 1201 3171 docuerunt
1230 3119 1365 3170 boni
1386 3124 1410 3169 ?
1426 3120 1577 3171 Nihil
1601 3120 1769 3171 video
1800 3118 2034 3171 nisihoc
2050 3119 2204 3183 quod

2292 613 2641 679 Porphyrius
2684 611 2931 669 exacuit,
2975 622 3093 661 non
3122 608 3439 661 obviemus.
3474 608 3565 660 Ad
3609 608 3722 661 hoc
3743 610 3861 660 enim

2292 707 2466 756 Jesus
2497 706 2713 765 noster,
2758 713 2875 752 non
2924 700 3202 750 Barrabas
3252 698 3546 763 magister,
3599 698 3762 751 silere
3784 713 3861 750 nos

2294 794 2506 845 docuit.
2558 792 2648 843 Ad
2680 789 2819 841 illud
2866 789 3187 849 veniamus,
3235 792 3302 839 ut
3344 787 3693 839 ostendatur
3720 800 3862 851 quam

2292 895 2433 934 vera
2456 887 2611 946 sunt,
2647 892 2778 944 quae
2824 878 2916 931 vel
2950 891 3050 944 pro
3088 890 3195 929 sua
3232 879 3631 940 excusatione,
3665 877 3757 929 vel
3790 892 3862 943 pro

2293 978 2493 1025 nostra
2511 970 2879 1023 accusatione
2891 968 3249 1033 conscripsit.
3270 968 3363 1018 Ait
3379 975 3397 996 ο
3412 968 3561 1019 duas
3576 979 3711 1019 esse
3742 967 3861 1018 solas

2293 1069 2765 1123 Praefatiunculas
2779 1080 2931 1129 suas,
2949 1068 3008 1118 in
3024 1067 3237 1132 quibus
3248 1066 3479 1119 laudare
3494 1066 3667 1118 visus
3685 1071 3768 1118 est
3785 1069 3862 1115 Ori-

2291 1173 2496 1227 genem
2511 1199 2525 1225 ,
2543 1161 2603 1211 in
2620 1172 2686 1211 eo
2709 1163 2901 1210 tamen
2916 1157 3401 1223 interpretationis
3429 1168 3605 1221 opere
3621 1169 3753 1207 eum
3767 1156 3862 1207 lau-

2293 1246 2715 1317 daverit.369
2741 1249 2803 1299 in
2827 1261 2942 1312 quo
2957 1248 3098 1300 nihil
3121 1248 3355 1299 omnino
3380 1246 3792 1312 dogmaticum,
3808 1246 3862 1296 ni-

2292 1339 2375 1391 hil
2409 1340 2480 1391 de
2506 1340 2614 1389 fide
2644 1338 2864 1390 dictum
2890 1338 2982 1398 sit,
3022 1338 3078 1389 et
3114 1337 3269 1401 quod
3299 1337 3531 1401 penitus
3557 1336 3620 1388 in
3644 1335 3735 1387 his
3759 1350 3861 1399 quae

2295 1433 2420 1491 ejus
2444 1430 2565 1493 ipse
2578 1429 2987 1493 interpretatus
2999 1432 3105 1488 est,
3124 1426 3265 1477 nihil
3285 1426 3395 1478 tale
3415 1426 3719 1489 inferatur,
3731 1426 3861 1488 quale

2294 1532 2449 1571 nunc
2470 1520 2542 1570 ad
2559 1519 2876 1583 Synagoga:
2902 1516 3163 1581 gratiam,
3192 1529 3309 1567 non
3325 1517 3396 1567 ad
3433 1516 3861 1568 Christianorum

2295 1617 2737 1671 aedificationem
2762 1614 3142 1681 reprehendit.
3172 1617 3241 1666 Et
3264 1616 3533 1679 quamvis
3557 1615 3610 1666 ei
3636 1614 3861 1665 sutilcere

2292 1708 2365 1760 ad
2392 1708 2682 1758 silentium
2698 1706 2987 1771 agendum
3006 1705 3226 1769 debeat,
3253 1704 3407 1768 quod
3431 1717 3498 1756 ea
3525 1705 3586 1755 in
3610 1704 3800 1757 alienis
3815 1704 3860 1754 li-

2218 1805 2272 1879 B
2295 1799 2430 1851 teris
2461 1797 2669 1862 culpat,
2697 1809 2828 1859 quae
2852 1795 3220 1859 proferuntur
3242 1806 3315 1845 ex
3340 1794 3461 1845 suis
3486 1812 3498 1857 ;
3534 1799 3729 1845 tamen
3749 1799 3799 1845 et
3818 1794 3859 1843 in

2292 1889 2403 1941 hoc
2427 1899 2602 1953 quam
2626 1898 2831 1938 verum
2855 1884 3080 1949 dixerit,
3104 1884 3420 1936 videamus.
3448 1884 3533 1934 Ex
3556 1883 3857 1935 Praefatione

2292 1977 2824 2043 interpretationum
2838 1976 2897 2026 in
2921 1974 3230 2038 Ezechiele,
3246 1974 3686 2038 quatuordecim
3703 1975 3859 2025 Homi-

2294 2076 2406 2144 liis,
2421 2076 2541 2127 sive
2554 2073 2944 2127 Oratiunculis
2957 2073 3236 2137 Origenis,
3258 2072 3514 2123 scribens
3528 2072 3754 2125 cuidam
3768 2076 3856 2121 Viu-

2296 2166 2483 2218 centio
2499 2180 2511 2215 :
2530 2181 2558 2212 α
2570 2166 2845 2228 Magnum
2863 2167 2970 2225 est,
2990 2162 3198 2227 inquit,
3214 2162 3233 2196 ε
3246 2162 3323 2213 mi
3339 2162 3542 2225 amice,
3561 2162 3715 2227 quod
3732 2171 3858 2223 postu-

2294 2255 2399 2318 las,
2414 2254 2792 2317 utOrigenem
2816 2252 3018 2303 faciam
3047 2251 3329 2315 Latinum,
3347 2255 3405 2303 et
3419 2250 3717 2303 hominem
3724 2252 3855 2315 juxta

2296 2345 2527 2410 Didymi
2544 2344 2791 2395 videntis
2806 2343 3168 2403 sententiam,
3182 2342 3427 2394 alterum
3438 2347 3574 2406 post
3590 2341 3855 2405 Apostolus

2296 2434 2679 2486 Ecclesiarum
2702 2433 3042 2496 magistrum
3055 2433 3229 2485 etiam
3251 2432 3522 2483 Romanis
3542 2432 3770 2485 auribus
3787 2430 3853 2481 de

2296 2546 2448 2585 nem.
2475 2553 2501 2576 »ι
2519 2535 2587 2585 Et
2606 2536 2737 2597 post
2752 2532 3072 2596 aliquanta:
3100 2545 3127 2577 ‹‹
3143 2533 3214 2582 Et
3234 2530 3393 2595 illud,
3418 2531 3623 2595 inquit,
3651 2530 3852 2583 breviter

2298 2624 2636 2686 admonens,
2654 2627 2718 2674 ut
2748 2623 2915 2683 scias,
2956 2621 3217 2687 Origenis
3242 2620 3518 2686 opuscula
3560 2622 3624 2674 in
3664 2632 3850 2673 omnem

2300 2714 2647 2778 Scripturam
2689 2725 2815 2764 esse
2860 2711 3115 2776 triplicia.
3163 2712 3414 2764 Primum
3458 2713 3588 2776 ejus
3621 2709 3853 2776 opuscula

2298 2804 2568 2867 Excerpta
2599 2807 2754 2866 sunt,
2782 2814 2914 2866 quas
2943 2803 3137 2854 Graece
3168 2802 3329 2869 σχὸλα
3376 2804 3786 2867 nuncupantur,
3814 2799 3850 2848 iu

2301 2893 2514 2957 quibus
2536 2906 2601 2944 ea
2628 2905 2761 2955 qua:
2796 2892 2903 2943 sibi
2928 2891 3274 2945 videbantur
3306 2893 3574 2953 obscura,
3600 2901 3619 2930 σ
3639 2894 3735 2944 aut
3755 2899 3849 2953 qua:

2300 2990 2512 3043 habere
2532 2990 2747 3054 aliquid
2772 2990 3145 3054 difﬁcultatis,
3182 2990 3514 3042 summatim
3539 2989 3849 3049 breviterque

2302 3080 2655 3146 perstrinxit.
2692 3080 3019 3132 Secundum
3061 3080 3338 3144 ὁμηλιτικόν
3363 3093 3571 3145 genus,
3596 3080 3666 3131 de
3705 3080 3850 3141 quoet

612 3165 1200 3274 ££"§,3;}".I6§;;i££'
1231 3165 1397 3261 si;
1422 3165 1770 3274 agiagi;
1801 3165 2207 3263 ῑξιῑςςέηῑῑξιῑε
2231 3181 2281 3256 c
2308 3184 2567 3274 praeses
2613 3170 3012 3274 ίιιιενρτεξειιίο,
3048 3174 3153 3223 εει·
3207 3170 3459 3223 Tertium
3483 3169 3638 3234 ειυοα
3673 3165 3851 3274 seu}

614 3299 953 3351 Christianis
976 3299 1125 3350 male
1173 3298 1348 3362 loqui,
1398 3300 1697 3351 concidere
1729 3301 2001 3365 virgines,
2030 3302 2211 3352 conti-

613 3390 837 3452 nentes,
874 3388 1175 3450 Diaconos,
1204 3390 1594 3453 Presbyteros,
1621 3391 1679 3440 et
1720 3402 1949 3441 omnem
1971 3404 2211 3455 prorsus

616 3478 1073 3530 Christianorum
1118 3477 1362 3542 gradum
1399 3480 1455 3530 et
1499 3479 1757 3531 ordinem
1802 3479 2007 3531 libellis
2042 3481 2209 3532 editis

613 3567 907 3620 infamare.
934 3567 1034 3619 Ille
1057 3579 1193 3619 vero
1204 3567 1273 3619 de
1299 3569 1601 3633 Synagoga
1623 3570 1899 3621 Barrabas
1939 3573 2071 3622 tuus
2109 3584 2210 3636 pro

614 3657 838 3709 Christo
884 3657 1116 3718 electus,
1165 3657 1359 3708 docuit
1393 3663 1448 3710 te
1491 3660 1967 3711 resurrectionem
2003 3661 2209 3718 carnis,

612 3757 729 3798 non
772 3747 830 3797 in
875 3746 1108 3808 virtute,
1158 3747 1259 3797 sed
1307 3746 1364 3797 in
1409 3747 1711 3812 fragilitate
1745 3762 2004 3814 sperare:
2031 3750 2211 3803 litera)

616 3834 930 3887 occidentis
964 3836 1216 3888 amicum
1238 3836 1376 3899 fieri,
1404 3844 1457 3889 et
1477 3838 1769 3891 inimicum
1804 3840 2040 3904 spiritus
2065 3840 2213 3893 vivi-

614 3924 860 3977 ﬂcantis.
888 3926 958 3977 Et
979 3925 1090 3978 alia
1114 3927 1377 3990 quaedam
1412 3928 1732 3990 secretiora,
1759 3942 1889 3993 quae
1923 3930 1972 3980 si
1995 3943 2087 3983 res
2112 3943 2213 3995 po-

613 4015 878 4081 poscerit,
903 4016 1279 4080 postmodum
1301 4017 1660 4081 proferentur
1679 4019 1739 4069 in
1764 4022 2037 4083 tempore.

680 4104 766 4160 l3.
803 4106 911 4157 Sed
932 4106 1071 4170 quid
1105 4106 1166 4157 in
1194 4107 1431 4171 longum
1450 4120 1639 4159 sermo
1658 4108 1990 4172 producitur
2011 4114 2035 4162 Si
2067 4110 2215 4163 Con-

615 4193 779 4246 viciis
802 4207 931 4259 ejus
947 4200 1002 4247 et
1026 4195 1252 4260 injuriis
1283 4209 1399 4249 non
1417 4198 1887 4262 reSpondeamus,
1912 4199 2213 4254 laceratio-

618 4368 745 4433 ejus
773 4365 1027 4418 incolatu
1070 4368 1142 4418 ab
1176 4379 1328 4419 anno
1354 4367 1476 4422 372.
1502 4368 1574 4419 ad
1621 4368 1743 4423 377.
1790 4373 1879 4422 est
1919 4372 2093 4424 ferme
2116 4374 2216 4437 qui

617 4440 857 4492 dubitet.
884 4440 1144 4491 Alterum
1162 4440 1424 4505 colligere
1449 4440 1579 4493 licet
1602 4456 1673 4494 ex
1687 4445 2035 4509 Hieronymo
2061 4448 2215 4508 Apo-

2309 3262 2433 3324 ipse
2465 3261 2641 3326 τόμους
2672 3274 2779 3312 nos
2808 3260 3090 3310 volumina
3120 3273 3434 3326 possumus
3466 3254 3852 3323 nuncuparein

2311 3364 2420 3415 Quo
2444 3364 2612 3416 opere
2642 3355 2762 3403 tota
2795 3350 3005 3415 ingenii
3040 3351 3128 3402 sui
3164 3351 3293 3403 vela
3336 3351 3686 3414 spirantibus
3707 3345 3851 3399 ventis

2310 3449 2492 3502 dedit:
2512 3454 2569 3501 et
2589 3449 2863 3502 recedens
2887 3462 2923 3502 a
2942 3454 3110 3513 terra,
3126 3449 3185 3501 in
3209 3450 3462 3502 medium
3477 3450 3711 3514 pelagus
3731 3442 3852 3497 aufu-

2309 3540 2411 3605 git.
2437 3540 2562 3591 Scio
2583 3541 2640 3591 te
2660 3552 2886 3603 cupere,
2905 3545 2969 3591 ut
2983 3552 3151 3592 omne
3164 3552 3347 3604 genus
3360 3540 3696 3593 transferam
3706 3533 3851 3588 dictio-

2309 3629 2430 3680 nis:
2457 3629 2710 3692 prmmisi
2736 3642 3023 3691 caussam,
3049 3642 3152 3681 cur
3168 3630 3350 3681 facere
3372 3642 3491 3682 non
3515 3638 3757 3694 possem:
3779 3622 3849 3673 hoc

2312 3723 2507 3772 tamen
2533 3720 2954 3784 spondeo,quia
2976 3720 3046 3783 si,
3070 3725 3270 3772 orante
3296 3724 3368 3781 te,
3402 3722 3575 3772 Jesus
3597 3710 3847 3770 reddiderit

2313 3817 2638 3883 sanitatem,
2661 3831 2780 3871 non
2803 3819 2991 3871 dicam
3014 3824 3238 3882 cuncta,
3265 3818 3483 3884 quihoc
3496 3819 3705 3871 dixisse
3720 3819 3848 3865 teme-

2311 3908 2525 3961 rarium
2548 3912 2655 3972 est,
2681 3910 2781 3960 sed
2814 3909 3097 3974 permulta
3126 3910 3236 3961 sim
3272 3908 3666 3968 translaturus,
3690 3902 3846 3961 calﬁt;e

2313 4010 2487 4062 quam
2514 3998 2616 4050 tibi
2645 4011 2800 4064 saepe
2824 3999 3111 4063 constitui,
3146 4004 3213 4052 ut
3245 4012 3349 4064 ego
3387 4011 3590 4053 vocem
3611 3993 3845 4063 praebeam

2314 4092 2378 4141 tu
2410 4088 2718 4141 notarium.
2745 4105 2774 4139 υ

2377 4204 2463 4259 14.
2488 4207 2634 4257 Item
2658 4204 2730 4257 de
2754 4204 3003 4257 Canticis
3020 4204 3382 4257 Canticorum
3409 4203 3687 4258 Prwfatio:
3703 4214 3729 4248 (ι
3748 4198 3843 4248 Bea-

2381 4385 2398 4405 ·
2421 4378 2549 4440 Ms.,
2574 4376 2865 4441 Parrabas,
2891 4378 3075 4429 male:
3100 4390 3236 4429 nam
3260 4383 3315 4429 et
3338 4390 3438 4442 pro
3462 4373 3699 4428 Barraba
3719 4370 3764 4420 in
3786 4374 3843 4442 sf?-

2316 4434 2631 4513 quentibus
2670 4434 2943 4502 conlinuo
2986 4451 3277 4501 Parraban
3320 4434 3671 4514 vocat;aliis
3692 4434 3841 4493 Pambo

618 4511 731 4575 10g.
782 4513 878 4563 lib.
925 4514 1019 4563 III.
1067 4513 1164 4563 ubi
1210 4520 1496 4577 postquam
1550 4515 1871 4581 Theophilus
1916 4518 2215 4582 Episcopus
2242 4511 2538 4582 “dicitur.

616 4565 792 4650 factus
835 4590 923 4645 est,
959 4565 1303 4633 Alexandria:
1337 4565 1454 4635 ¹ηοη
1498 4565 1985 4649 fuisse‘Ruﬁnun‘l
2030 4565 2218 4642 traldit.
2242 4565 2299 4634 D

2377 4612 2399 4642 "
2412 4613 2794 4677 Hieronymus
2808 4614 3153 4664 Baram'nam
3176 4614 3434 4666 nominat
3455 4612 3627 4678 Epist.
3648 4597 3840 4671 LXXXIV}

617 4657 969 4749 Τὲείερξξὲιξξ
1000 4658 1519 4749 ,ίξξξξξφηξξξίεῂξρτ
1538 4659 1991 4749 9313.99???
2021 4661 2219 4749 esse
2316 4689 2373 4735 ei
2396 4657 2899 4749 Massam;
2918 4657 3434 4738 agragianas;
3725 4665 3841 4749 must

618 4728 809 4791 C(Bpit.
835 4728 969 4777 Post
1000 4725 1139 4777 illud
1163 4728 1335 4792 igitur
1372 4731 1596 4795 aliquod
1641 4731 2005 4794 intervallum,
2041 4732 2214 4784 unius

620 4801 760 4864 puta
812 4798 1120 4851 alteriusve
1160 4802 1313 4862 anni,
1373 4803 1495 4853 sive
1548 4801 1669 4855 379.
1727 4803 1858 4866 plus
1892 4804 2103 4868 minus,
2160 4808 2216 4856 et

619 4876 753 4924 ante
779 4883 948 4935 quem
972 4871 1222 4924 diximus
1257 4875 1394 4925 anni
1419 4872 1544 4936 385,
1574 4874 1882 4926 terminum
1915 4890 1981 4928 eo
2004 4877 2215 4931 iterum

620 4942 871 5003 advenit,
904 4946 963 4993 et
996 4943 1224 4996 biennio
1261 4945 1595 4996 demoratus
1628 4948 1734 4996 est.
1774 4948 2014 4999 Possent
2037 4955 2092 5001 et
2117 4950 2215 5002 de-

617 5014 927 5070 monstrari
950 5017 1214 5080 praprius
1246 5018 1483 5079 suisque
1507 5017 1763 5068 numeris
1802 5018 1916 5071 duo
1946 5022 2055 5085 ipsi
2077 5023 2214 5074 anni

618 5102 692 5142 ex
716 5086 947 5139 Palladii
995 5089 1325 5139 testimonio
1363 5088 1423 5138 in
1448 5088 1726 5139 Lausiaca
1751 5103 1873 5155 cap.
1908 5092 1993 5157 10,
2020 5094 2117 5144 ubi
2143 5094 2214 5146 de

621 5160 867 5235 Melania,
882 5159 1075 5210 Rufini
1091 5160 1312 5221 comite,
1345 5163 1402 5235 et
1430 5159 1732 5235 l’arnbonis
1749 5162 1908 5214 obitu
1932 5165 2212 5235 loquitur;

618 5226 721 5298 sed
746 5229 1045 5281 doctorum
1072 5234 1211 5281 tunc
1245 5234 1399 5280 esset
1432 5229 1757 5283 criticorum
1789 5226 2026 5298 objectis
2055 5226 2217 5288 satis;

617 5296 964 5362 faciendum,
990 5301 1144 5363 quod
1182 5313 1280 5364 per
1295 5303 1569 5353 Notarum
1596 5296 1898 5368 angustias
1925 5322 2037 5359 non
2061 5310 2210 5361 licet.

617 5371 766 5422 Satis
808 5375 1098 5436 proposito
1144 5378 1251 5436 est,
1288 5374 1443 5436 quod
1484 5376 1694 5440 optime
1728 5381 1999 5431 convenit
2022 5394 2213 5432 rerum

618 5444 815 5515 series.
841 5444 1034 5495 Unum
1077 5444 1285 5497 addere
1324 5444 1503 5509 placet
1526 5461 1599 5499 ex
1648 5449 1773 5513 ipsa
1800 5452 2009 5515 indole,
2048 5459 2109 5503 ut
2136 5454 2213 5504 ita

616 5513 805 5565 dicam
841 5515 1057 5567 codicis
1092 5518 1480 5581 Guarneriani,
1510 5522 1609 5585 qui
1632 5534 1763 5573 cum
1799 5513 2067 5574 omnibus
2104 5526 2212 5578 fere

614 5585 777 5647 locis,
822 5588 1035 5651 quibus
1081 5602 1115 5641 a
1147 5596 1375 5655 recepta
1405 5591 1649 5645 lectione
1685 5594 1968 5653 dissentit,
1997 5604 2209 5662 peccet,

615 5663 916 5734 exaratum
964 5675 1026 5715 se
1071 5663 1259 5727 prodit
1291 5665 1363 5715 ab
1408 5664 1667 5729 imperito
1723 5666 2074 5731 Antiquario,
2114 5670 2212 5734 Qui

616 5729 765 5806 hanc
776 5734 959 5806 multo
975 5734 1403 5787 concinniorem
1424 5735 1745 5800 lectionem,
1769 5737 1879 5788 nisi
1906 5738 1965 5790 in
1978 5754 2043 5793 eo
2056 5729 2211 5806 quod

616 5801 977 5875 describebat
1011 5810 1243 5859 vetusto
1286 5808 1600 5872 exemplari
1644 5808 1963 5875 reperisset,
2010 5801 2091 5867 de'
2104 5826 2210 5870 suo

615 5872 743 5934 ipse
767 5875 1114 5931 substituere
1142 5877 1376 5932 omnino
1396 5891 1512 5933 non
1544 5872 1837 5934 valuisset.

2315 4746 2833 4811 nomen—malitiose
2852 4760 3163 4824 corruperit
3189 4760 3261 4811 ad
3286 4758 3586 4811 creandam
3600 4746 3839 4806 invidiam.

2379 4857 2397 4877 ε
2419 4849 2618 4899 Ferme
2641 4848 2852 4901 rectius
2879 4849 2940 4900 in
2966 4862 3098 4913 ms.,
3123 4850 3369 4900 indoctus
3396 4850 3603 4911 audire,
3624 4850 3731 4896 tum
3745 4835 3841 4885 PIT"

2314 4920 2485 4984 posilo
2514 4920 2659 4969 enim
2681 4926 2725 4969 et
2753 4921 2965 4971 Christo
3000 4928 3045 4971 et
3078 4922 3342 4972 Barraba.

2377 4999 2399 5029 ⁴
2422 5000 2637 5051 Vitiose
2661 5002 2939 5065 Martian.,
2984 5003 3046 5052 dc
3076 5003 3292 5054 Satanae
3315 5003 3604 5067 magistris,
3634 4998 3726 5048 etc.

2377 5089 2395 5109 '
2420 5083 2523 5133 Pro
2561 5083 2698 5131 duas
2736 5096 2843 5135 ms.
2891 5061 3064 5137 habet
3113 5088 3277 5135 enim.
3306 5089 3375 5138 Et
3409 5061 3552 5137 sane
3575 5082 3697 5131 duas
3714 5061 3835 5123 modo

2315 5152 2426 5204 dici
2459 5154 2829 5207 Prwfationes
2873 5158 3227 5221 Hieronymi,
3275 5163 3332 5210 et
3373 5155 3665 5222 ipsiusmet
3692 5146 3834 5226 5.095};

2315 5229 2373 5276 et
2392 5226 2583 5276 Rufini
2617 5241 2882 5291 censura,
2928 5213 3134 5280 favoris
3168 5213 3227 5280 in
3256 5213 3555 5295 Origenem
3578 5213 3834 5295 suspiciet)?

2314 5296 2589 5361 laborare,
2636 5311 2739 5363 par
2779 5278 3603 5363 mihiihe'ésitiréaif’ﬁéahe
3637 5278 3752 5343 adeo
3782 5278 3832 5363 ίξδ

2314 5370 2557 5420 Ruﬁnus
2575 5345 2909 5433 ,scripserit,
2932 5374 3082 5437 apud
3109 5386 3281 5437 quem
3306 5374 3396 5425 vel
3423 5345 3582 5429 εηῧη,
3614 5345 3831 5437 queni'ad:

2312 5442 2553 5492 modum
2602 5424 2774 5493 habet
2817 5445 2878 5495 in
2901 5424 3011 5495 ms.
3057 5424 3449 5511 reponendum
3498 5424 3597 5505 est,
3630 5424 3832 5487 ’νΘῙίίηω

2312 5525 2525 5563 nomen
2560 5515 2789 5578 penitus
2814 5516 3222 5570 inducendum.

2374 5592 2395 5627 ί
2422 5571 2902 5659 Iiieronymianus
2925 5598 3045 5662 ipse
3065 5604 3335 5663 textuSqu
3346 5599 3483 5647 idem
3494 5608 3590 5663 pro
3602 5588 3668 5640 νηί
3689 5571 3825 5663 nam

2375 5683 2393 5712 ε
2416 5658 2647 5727 Ibidem,
2666 5691 2779 5729 uno
2809 5658 2984 5731 verbo
3016 5688 3191 5745 atque.
3228 5658 3330 5731 M-s.
3359 5658 3551 5732 Graeca
3584 5669 3729 5726 verba1

2315 5744 2445 5820 tinis
2488 5746 2666 5799 literis
2700 5751 2949 5805 exhibet.
2994 5732 3126 5805 Mo‘x
3169 5732 3412 5820 praefert,
3453 5752 3513 5801 de
3546 5732 3823 5820 (ιυιξρνίῗέῖῖἶῖ

2314 5818 2719 5942 ίηεῗνξτειαίίοτ
2759 5826 2954 5879 textus
2994 5805 3246 5893 Hieron,
3269 5805 3322 5877 et
3358 5805 3582 5891 praesen}
3600 5805 3824 5883 ejusinlcr-

2314 5904 2404 5942 pro
2425 5907 2461 5942 α
2483 5906 2553 5942 ιο.

2307 5904 2553 5955 prolatio.
