3900 6392
66 357 176 414 597

1214 348 1596 403 ΑΡΟΕΟΟΙᾹΞ
1630 345 1839 399 LIBER
1871 338 2256 395 SECUNDUS.

3275 330 3383 390 598

61 480 301 534 tissimo
332 479 504 543 Papa
530 477 797 530 Damaso.
822 476 1096 542 Origenes
1119 486 1251 527 cum
1273 473 1337 525 in
1373 470 1598 525 caeteris
1620 469 1681 522 li-
1707 461 1762 536 Α
1791 463 1939 535 371
1970 461 2465 528 nunquaminisse
2477 455 3385 524 somnum,nisiunusefratrihus

68 570 198 623 bris
236 581 442 622 omnes
475 568 695 632 vicerit,
728 569 790 619 in
814 567 1044 619 Cantico
1080 564 1449 617 Canticorum
1471 562 1595 627 ipse
1620 573 1683 612 se

68 661 240 714 vicit.
257 661 402 711 Nam
413 658 684 711 undecim
696 658 1087 711 voluminibus
1104 666 1119 685 ·
1132 653 1435 720 explicitis,
1457 664 1591 716 qua
1610 650 1683 702 ad

65 751 283 815 viginti
315 763 501 814 usque
524 762 800 802 versuum
819 748 993 800 millia
1013 759 1159 812 pene
1189 744 1547 809 perveniunt,
1578 743 1685 805 prl-

71 854 244 894 mum
256 837 684 905 Septuaginta3
695 836 744 905 7
756 838 805 908 ο
816 836 1388 904 interpretes,deinde
1399 833 1684 897 Aquilam,

78 931 994 997 Symmachum,Theodotionem,
1018 933 1077 980 et
1092 927 1158 977 ad
1173 919 1499 977 extremum
1522 921 1688 985 Quin-

78 1023 202 1074 tam
227 1021 558 1086 editionem,
585 1033 761 1085 quam
783 1021 844 1072 in
871 1020 891 1049 δ
915 1019 1078 1071 Actio
1101 1017 1290 1069 littore
1312 1014 1605 1067 invenisse
1625 1024 1688 1063 se

78 1111 284 1163 scribit
304 1111 386 1163 ita
400 1110 703 1176 magnifice
727 1114 1034 1174 aperteque
1054 1106 1345 1168 disseruit,
1363 1108 1428 1156 ut
1443 1102 1535 1156 vel
1554 1101 1687 1153 inde

78 1201 226 1254 mihi
252 1201 517 1254 videatur
538 1202 601 1254 in
623 1214 688 1253 eo
722 1200 1070 1264 completum
1106 1209 1237 1250 esse
1259 1194 1416 1260 quod
1439 1192 1646 1245 dicitur
1673 1208 1684 1240 ε

78 1291 403 1342 Introduxit
422 1306 505 1341 me
523 1306 621 1341 rex
634 1292 691 1340 in
714 1290 1020 1341 cubiculum
1036 1303 1216 1339 suum.
1231 1289 1431 1350 Itaque
1443 1286 1533 1332 illo
1543 1296 1691 1344 opere

79 1381 500 1447 pratermisso,
525 1380 661 1446 quia
682 1380 937 1445 ingentis
962 1383 1049 1433 est
1070 1379 1186 1441 otii,
1211 1376 1425 1429 laboris
1450 1377 1507 1426 et
1531 1384 1692 1424 sum-

83 1474 274 1538 tuum,
310 1482 330 1503 °
364 1477 557 1524 tantas
588 1485 700 1536 res,
737 1474 854 1523 tam
890 1470 1132 1535 dignum
1170 1480 1315 1533 opus
1337 1466 1401 1517 in
1422 1463 1690 1516 Latinum

84 1562 397 1616 transferre
438 1575 780 1623 sermonem,
825 1562 935 1613 hos
968 1560 1112 1611 duos
1135 1560 1435 1610 Tractatus
1459 1566 1607 1619 quos
1630 1552 1691 1604 in

84 1666 308 1706 morem
333 1653 651 1718 quotidiani
670 1653 877 1716 eloquii
894 1650 1149 1716 parvulis
1163 1648 1351 1701 adhuc
1363 1646 1692 1695 lactentibus-

81 1744 196 1810 que’
226 1744 569 1809 composuit,
608 1743 849 1795 fideliter
882 1741 1067 1805 magis
1092 1752 1268 1804 quam
1291 1741 1490 1790 ornate
1514 1737 1691 1788 inter-

1784 566 1965 617 sacris
1989 565 2191 618 Literis
2214 566 2560 630 personaret.
2585 563 2708 613 Hoc
2731 560 2937 614 diebus
2960 559 3148 625 egisse
3169 558 3264 610 vel
3285 570 3388 610 no-

1783 656 1991 721 ctibus,
2017 660 2083 708 ut
2114 660 2171 707 et
2205 654 2374 707 lectio
2404 653 2727 706 orationem
2755 651 3086 715 susciperet,
3121 653 3179 701 et
3206 646 3388 700 oratio

1783 747 2105 799 lectionem.
2125 761 2156 795 ιο

1849 836 1934 891 18.
1971 838 2114 887 Item
2139 847 2213 887 ex
2241 833 2352 886 alia
2373 832 2629 898 Epistola
2651 830 2723 883 ad
2743 829 3102 882 Marcellam:
3128 849 3156 874 «ι
3179 829 3390 879 Beatus

1785 926 2136 991 Pamphylus
2160 930 2395 988 martyr,
2408 924 2575 987 cujus
2592 922 2773 974 vitam
2790 919 3071 972 Eusebius
3087 917 3393 970 Casarien-

1788 1017 1869 1067 sis
1894 1026 1912 1055 ε
1938 1015 2250 1080 Episcopus
2276 1013 2459 1065 tribus
2483 1012 2662 1064 ferme
2686 1010 3080 1064 voluminibus
3095 1006 3391 1072 explicuit.

1787 1119 1919 1157 cum
1944 1104 2301 1158 Demetrium
2326 1102 2666 1155 Phalereum
2681 1104 2739 1153 et
2758 1099 3117 1151 Pisistratum
3140 1097 3201 1149 in
3212 1107 3394 1149 sacra

1786 1191 2155 1247 Bibliotheca
2169 1193 2360 1246 studio
2386 1193 2561 1246 vellet
2576 1187 3231 1255 aquare,imaginesque
3243 1186 3397 1251 inge-

1787 1286 2034 1348 niorum,
2063 1297 2196 1350 qua
2221 1297 2356 1337 vera
2384 1285 2522 1336 sunt
2552 1288 2611 1336 et
2639 1288 2854 1335 aterna
2880 1280 3251 1343 monimenta,
3277 1279 3399 1331 tota

1789 1378 1925 1429 orbe
1958 1376 2308 1441 perquireret
2334 1390 2347 1427 :
2388 1380 2531 1428 tunc
2557 1375 2578 1405 δ
2614 1387 2817 1426 omnes
2849 1373 3102 1426 maxime
3133 1369 3396 1433 Origenis

1788 1466 2294 1532 librosimpensius
2309 1460 3298 1530 prosecutus,CasariensiEcclesia
3310 1458 3402 1511 de-

1791 1558 2020 1611 dicavit.
2060 1559 2244 1619 Quam
2278 1556 2695 1609 Bibliothecam
2740 1567 2815 1607 ex
2864 1557 3023 1618 parte
3067 1553 3397 1614 corruptam

1791 1647 2046 1707 Acatius,
2075 1647 2285 1700 dehine
2309 1647 2574 1706 Euzoius,
2610 1645 2707 1711 qui
2725 1644 2985 1709 ejusdem
3008 1640 3279 1693 Ecclesia
3296 1640 3398 1692 Sa-

1792 1737 2051 1789 cerdotes
2097 1738 2343 1800 fuerunt,
2382 1737 2443 1788 in
2479 1734 2833 1788 membranis
2861 1733 3181 1785 instaurare
3205 1727 3396 1781 conati

86 1788 190 1810 ‘1"
228 1788 569 1809 ντ--ιν---υτ
608 1788 841 1795 -η---ν-
882 1788 1064 1805 ---σ-τ
1100 1788 1267 1804 ~.—--—
1299 1788 1429 1790 -αη
1474 1788 1477 1789 ν
1806 1788 1845 1789 η
1940 1788 1982 1789 η
2038 1788 2044 1789 κ
2202 1788 2205 1789 ν
2333 1788 2343 1800 ,

86 1838 348 1900 pretatus
364 1847 517 1897 sum,
534 1832 887 1898 gustumlibi
911 1843 1192 1883 sensuum
1211 1830 1352 1895 ejus,
1366 1841 1484 1880 non
1495 1828 1687 1879 cibum
1713 1788 1768 1863 B
1791 1832 1943 1879 sunt.
1972 1827 2077 1878 Hic
2102 1840 2234 1880 cum
2261 1827 2442 1878 multa
2466 1824 2754 1891 repererit,
2775 1823 3215 1876 etinventorum
3226 1817 3394 1871 nobis

84 1923 105 1953 ‘
124 1924 374 1975 offerens
399 1937 412 1973 :
439 1927 507 1975 ut
528 1921 977 1984 animadvertas,
1007 1920 1208 1985 quanti
1234 1919 1351 1970 sint
1369 1917 1464 1969 illa
1493 1915 1691 1969 existi-

83 2013 317 2079 manda,
355 2025 485 2077 qua
509 2025 721 2077 magna
744 2016 901 2074 sunt,
939 2023 1073 2063 cum
1097 2010 1178 2063 sic
1204 2009 1428 2075 possint
1447 2008 1689 2073 placere,

86 2117 219 2169 qua
245 2116 429 2169 parva
456 2108 611 2155 sunt.

148 2194 237 2250 15.
278 2197 424 2246 Item
447 2207 521 2246 ex
544 2192 885 2245 Prafatione
901 2190 1373 2244 Commentariiin
1390 2189 1692 2242 Michaam

89 2285 305 2349 scripta
327 2284 400 2337 ad
436 2283 668 2335 Paulam
692 2286 748 2334 et
769 2282 1165 2347 Eustochium,
1201 2286 1334 2346 post
1354 2280 1646 2344 aliquanta
1677 2295 1689 2327 :

88 2376 275 2427 «Nam
291 2374 447 2438 quod
462 2374 664 2426 dicunt
677 2373 941 2438 Origenis
953 2385 1047 2424 me
1058 2369 1691 2434 voluminacompilare,

91 2468 148 2517 et
170 2465 571 2517 contaminare
606 2477 724 2516 non
757 2463 957 2515 decere
986 2462 1196 2527 scripta
1220 2464 1511 2519 Veterum,
1536 2457 1691 2523 quod

88 2555 168 2609 illi
189 2554 567 2608 maledictum
590 2555 907 2607 vehemens
930 2554 1283 2613 eXistimant,
1309 2564 1435 2604 eam
1462 2551 1692 2602 laudem

91 2660 198 2712 ego
226 2647 383 2699 duco
407 2647 739 2709 maximam,
765 2658 896 2697 cum
912 2644 1040 2697 illos
1056 2642 1266 2695 imitari
1282 2642 1431 2704 volo,
1449 2641 1695 2705 quicun-

92 2739 195 2791 ctis
218 2737 605 2802 prudentibus
626 2741 684 2788 et
715 2736 882 2786 nobis
912 2734 1016 2799 [Αι.
1042 2734 1228 2798 vobis]
1258 2731 1497 2795 placent.
1525 2751 1552 2777 ι»

150 2826 234 2883 16.
279 2829 424 2880 Item
448 2839 521 2879 ex
539 2826 875 2878 Prafatione
891 2824 1376 2889 interpretationis
1389 2823 1698 2875 Hebraico—

94 2932 219 2970 rum
258 2918 571 2969 Nominum
612 2931 624 2968 :
664 2921 795 2981 post
816 2916 1128 2981 aliquanta,
1165 2915 1246 2967 ita
1268 2914 1440 2966 dicit:
1476 2935 1501 2958 α
1526 2916 1602 2965 At
1623 2926 1697 2966 ne

98 3007 238 3060 forte
275 3010 680 3059 consummato
713 3005 972 3068 aedilicio,
998 3005 1160 3066 quasi
1182 3010 1440 3056 extrema
1469 3003 1700 3055 dees~et

104 3110 334 3161 manus,
347 3096 486 3149 novi
504 3094 858 3147 Testamenti
876 3095 1050 3147 verba
1062 3094 1362 3146 etnomina
1376 3093 1702 3157 interpreta-

1787 1918 2036 1971 indicem
2061 1918 2373 1981 reliquerit,
2401 1914 2699 1968 centesimi
2722 1912 2983 1968 vicesimi
3014 1911 3168 1964 sexti
3190 1908 3400 1963 Psalmi

1789 2008 2298 2071 Commentarium,
2315 2012 2372 2059 et
2384 2008 2495 2057 Phe
2512 2006 2695 2059 litera
2708 2006 3058 2063 Tractatum,
3076 2015 3149 2054 ex
3164 2014 3231 2053 eo
3245 1998 3400 2065 quod

1788 2111 1907 2150 non
1922 2098 2217 2163 inscripsit
2234 2097 2339 2163 [Αι.
2366 2096 2637 2162 scripsit],
2657 2094 2957 2147 confessus
2968 2096 3186 2145 estnon
3207 2101 3398 2154 reper-

1788 2193 1935 2240 tum.
1962 2190 2089 2240 Non
2119 2187 2274 2251 quod
2300 2186 2429 2239 talis
2464 2189 2773 2248 tantusque
2797 2184 2901 2247 vir,
2928 2184 2941 2213 ί
2985 2179 3398 2233 Adamantium

1790 2277 2057 2337 dicimus,
2084 2276 2299 2340 aliquid
2324 2274 2660 2341 praterierit
2691 2287 2704 2324 :
2735 2272 2837 2324 sed
2868 2270 3021 2335 quod
3045 2252 3409 2334 negligentia

1792 2372 2150 2432 posterorum
2175 2366 2247 2418 ad
2270 2370 2528 2418 nostram
2544 2375 2726 2428 usque
2740 2360 3073 2414 memoriam
3094 2370 3214 2410 non
3229 2356 3403 2409 dura-

1792 2458 1882 2509 rit.
1918 2474 1948 2507 »

1854 2549 1941 2605 19.
1969 2549 2076 2602 Sed
2105 2548 2350 2601 fortasse
2366 2544 2521 2596 dices
2533 2539 2670 2596 mi6i
2696 2555 2708 2592 :
2724 2537 2870 2602 Quid
2888 2526 3199 2602 superﬂuis
3214 2532 3399 2597 reples

1792 2642 2031 2708 paginas
2047 2642 2073 2690 ‘I
2099 2635 2371 2701 Nunquid
2395 2638 2452 2686 et
2476 2632 2569 2685 ille
2591 2630 2727 2683 dicit
2754 2627 3010 2681 criminis
3032 2633 3043 2663 ³
3063 2637 3196 2678 esse
3219 2622 3397 2675 nomi-

1793 2732 1915 2784 nari
1940 2730 2263 2793 Origenem,
2276 2727 2377 2777 aut
2397 2722 2612 2788 ingenii
2629 2721 2684 2773 ei
2706 2718 2932 2771 laudem
2948 2716 3108 2768 dari?
3126 2714 3181 2766 Si
3195 2711 3405 2779 pradi-

1796 2825 1958 2873 catur
1982 2819 2114 2871 talis
2139 2830 2206 2869 ac
2232 2818 2431 2868 tantus
2451 2812 2559 2876 vir,
2575 2823 2644 2863 eo
2660 2809 2870 2873 magis,
2893 2807 2942 2857 si
2960 2817 3077 2870 qua
3098 2801 3400 2856 suntillius

1794 2912 1855 2962 in
1877 2910 2089 2974 quibus
2116 2910 2219 2958 aut
2235 2903 2583 2970 apostolicus
2604 2899 2814 2959 vir,aut
2836 2894 3108 2949 Ecclesia
3124 2892 3402 2956 magister

1799 3001 2026 3064 dicitur,
2057 3003 2122 3051 ut
2151 2998 2211 3048 in
2235 2992 2627 3059 superioribus
2649 2991 2771 3054 ipse
2794 2986 3036 3053 profert:
3060 2986 3164 3035 aut
3187 2982 3236 3033 si
3257 2980 3394 3045 quid

1803 3091 1914 3144 tale
1937 3095 2027 3142 est
2055 3086 2209 3152 quod
2234 3085 2406 3137 ﬁdem
2435 3086 2698 3147 ejus,non
2719 3076 3011 3142 ingenium
3035 3073 3221 3125 solum
3245 3083 3398 3124 com-

98 3190 189 3240 tus
231 3199 388 3249 sum,
412 3185 625 3238 imitari
651 3186 853 3238 volens
882 3185 1187 3249 Origenem
1222 3196 1294 3236 ex
1316 3188 1494 3248 parte,
1523 3195 1695 3246 quem
1720 3176 1770 3252 α
1798 3181 2072 3235 mendare
2088 3178 2369 3231 videatur.
2388 3175 2509 3225 Hoc
2522 3171 2759 3236 quidem
2771 3163 3398 3228 faciam,tamenidcirco

98 3280 221 3339 post
241 3277 555 3339 Apostolos
589 3276 694 3341 [Αἱ.
720 3274 1148 3339 Apostolorum]
1180 3273 1560 3325 Ecclesiarum
1593 3286 1709 3325 ma-

95 3368 564 3432 gistrum,nerno,
582 3375 601 3396 ⁸
622 3366 736 3417 nisi
760 3365 1081 3430 imperitus,
1109 3365 1300 3428 negat.
1318 3365 1472 3415 Inter
1498 3368 1706 3415 catera

96 3459 245 3510 enim
272 3457 489 3522 ingenii
507 3456 596 3508 sui
620 3455 893 3521 praclara
915 3455 1289 3517 monimenta,
1326 3454 1498 3505 etiam
1520 3454 1582 3504 in
1598 3453 1706 3505 hoc

98 3548 399 3609 laboravit,
422 3552 488 3599 ut
512 3546 667 3612 quod
687 3546 845 3598 Philo
868 3545 1035 3610 quasi
1058 3544 1301 3598 Judaus
1317 3543 1707 3608 omiserat,hic

102 3642 164 3690 ut
186 3638 550 3691 Christianus
573 3637 852 3702 impleret.
870 3656 898 3680 ››

160 3728 241 3789 17,
288 3730 432 3780 Item
445 3727 514 3779 de
542 3724 887 3791 Epistola’ad
907 3725 1257 3777 Marcellam:
1282 3739 1313 3773 <‹
1346 3724 1704 3789 Ambrosius,

109 3830 219 3882 quo
242 3819 496 3877 chartas,
529 3822 776 3879 sumtus,
802 3817 1056 3869 notarios
1079 3816 1460 3885 ministrante,
1482 3818 1598 3866 tam
1620 3815 1710 3865 in-

110 3908 492 3960 numerabiles
513 3906 687 3959 libros
703 3920 836 3959 vere
860 3906 1242 3958 Adamantius
1264 3907 1461 3957 noster
1476 3909 1534 3957 et
1549 3888 1709 3956 Chal?

112 4003 383 4050 centerus
428 3996 717 4063 explicuit,
747 3997 807 4048 in
836 3996 1102 4061 quadam
1139 3995 1408 4059 Epistola,
1434 4006 1610 4057 quam
1635 3993 1708 4046 ad

112 4089 364 4141 eundem
398 4088 469 4140 de
503 4088 746 4139 Athenis
770 4087 1092 4151 scripserat,
1114 4085 1283 4137 refert
1309 4096 1611 4149 nunquam
1646 4096 1709 4136 se

113 4179 292 4243 cibos,
316 4178 337 4214 ε
362 4179 604 4243 Origene
629 4182 934 4242 prasente,
974 4176 1098 4228 sine
1140 4175 1383 4228 lectione
1409 4174 1708 4235 sumsisse,

174 4358 190 4379 ·
216 4350 388 4416 Alibi,
435 4350 745 4416 explicatis;
778 4351 905 4401 tum
963 4360 1036 4400 ex
1079 4347 1207 4413 ipsa
1246 4345 1583 4399 Prafatione
1635 4344 1709 4398 ad

113 4435 247 4475 mss.
276 4429 482 4476 exacta
505 4424 905 4487 legimus.penc
927 4420 1262 4485 perveniunt,
1281 4432 1415 4471 cum
1434 4418 1493 4469 in
1509 4418 1708 4482 vulga-

115 4496 202 4561 tis,
227 4501 404 4560 atque
436 4497 560 4561 ipso
585 4494 972 4547 Guarneriano
996 4505 1104 4544 ms.
1134 4493 1359 4544 tantum
1381 4491 1703 4550 haberetur,

113 4573 485 4631 pervenerunt.

176 4641 195 4669 ¹³
222 4643 461 4693 Lectum
494 4638 647 4701 olim,
694 4638 866 4687 Actaeo
906 4654 916 4685 :
959 4634 1321 4688 Guarnerian.
1362 4645 1493 4696 ms.,
1530 4632 1700 4684 Actio.

119 4711 291 4764 Paulo
340 4716 471 4776 post
509 4710 740 4762 voculas
788 4710 865 4758 vel
896 4708 1022 4757 inde
1063 4720 1133 4758 ex
1167 4705 1365 4757 eadem
1402 4703 1623 4757 Prafat.
1656 4708 1714 4755 et

117 4795 250 4835 mss.
282 4784 635 4845 sutfecimus,
663 4789 720 4836 et
758 4782 972 4834 leviora
995 4780 1105 4832 alia
1128 4778 1523 4831 emendamus.

182 4867 199 4886 °
222 4860 289 4909 In
335 4856 777 4918 Hieron‘vmitino
822 4859 1008 4918 textu,
1047 4860 1262 4916 tamque
1291 4851 1526 4913 dignum
1561 4863 1713 4914 opus,

124 4930 217 4980 ubi
258 4943 369 4981 ms.
408 4930 639 4991 Regina
666 4930 975 4979 Succorum
1012 4932 1233 4989 tamque
1269 4924 1466 4987 dignas
1494 4923 1553 4971 in
1577 4921 1717 4971 Lali-

125 5016 274 5065 num,
302 5006 407 5053 etc.
426 5001 559 5051 Heio
575 5001 997 5051 Guarnerianus
1009 4998 1250 5049 fortasse
1265 4996 1488 5048 cateris
1505 4994 1716 5058 verius,

129 5078 236 5124 tam
269 5075 434 5138 digne
456 5074 518 5122 in
541 5074 818 5136 Latinum,
844 5076 948 5122 etc.

187 5136 520 5199 “Interserit
555 5159 680 5209 ms.,
713 5146 856 5209 ejus;
892 5147 1013 5195 tum
1048 5141 1223 5192 habet
1259 5144 1471 5205 quanta
1492 5138 1602 5187 sint
1625 5136 1721 5185 illa

130 5219 470 5268 metimanda.
485 5219 666 5268 Vetus
686 5216 860 5268 editio
880 5218 1153 5280 quantum
1169 5213 1297 5275 sint,
1331 5211 1722 5273 Martianaus,

130 5304 291 5353 quam
316 5295 458 5353 sunt,
485 5294 593 5340 etc.

187 5370 204 5390 '
230 5363 292 5413 In
315 5361 688 5423 Guarnerian,
712 5371 855 5422 ms.,
880 5358 990 5406 nisi
1013 5357 1079 5406 sit
1101 5355 1401 5420 imperitus,
1428 5357 1536 5405 etc.

187 5433 203 5464 ί
232 5436 407 5486 Vetus
449 5433 620 5485 editio
657 5405 972 5497 perpei‘am,
1008 5429 1117 5479 nisi
1143 5405 1369 5492 U'rigcne
1392 5405 1726 5497 [prtescnlerin
1824 5409 2127 5497 unamlagt'

135 5484 364 5569 lecticae,
392 5484 493 5557 sed
519 5510 577 5557 et
610 5484 1123 5568 ms.,Guarnerian.
1151 5505 1208 5549 tn
1241 5484 1456 5549 lecticae
1477 5509 1578 5561 pro
1611 5496 1728 5543 sine
1825 5485 2021 5566 posset
2055 5484 2115 5569 fit
2150 5484 2353 5538 Verior,

138 5575 347 5627 lectione
371 5576 667 5641 habet,qui
688 5580 742 5627 et
757 5589 913 5638 mox,
940 5587 1229 5637 nunquam
1246 5572 1438 5620 venisse.
1453 5582 1727 5631 somnum,

138 5648 224 5697 ubi
274 5665 437 5713 unus,
460 5653 566 5701 etc.
595 5662 607 5709 ;
635 5648 899 5712 denique,
948 5652 1004 5695 ut
1041 5645 1188 5693 lectio
1227 5643 1527 5692 orationem
1559 5654 1731 5689 susce-

135 5723 286 5784 perit.

205 5804 221 5831 ε
260 5796 343 5847 Ex
366 5793 678 5857 ms.atquei
689 5805 791 5857 pso
803 5788 1269 5855 Hieronymiana
1282 5785 1550 5851 Epistola
1565 5787 1731 5857 textu

1804 3276 1827 3309 ιι
1849 3273 1977 3325 hac
2001 3268 2225 3336 protuli,
2250 3265 2351 3317 ubi
2370 3275 2500 3316 eum
2519 3262 2689 3314 talem
2711 3271 2780 3311 ac
2801 3258 3027 3309 tantum
3043 3254 3230 3306 virum
3241 3251 3398 3315 dicit,

1803 3363 1938 3428 quia
1960 3362 2019 3412 in
2042 3373 2110 3411 ea
2143 3352 2600 3416 Prafatiuncula,
2623 3350 2724 3402 ubi
2735 3361 2867 3401 eum
2884 3346 3023 3398 dicit
3037 3341 3399 3410 Apostolum,

1805 3453 1895 3505 vel
1921 3450 2258 3515 Prophetam
2283 3444 2532 3507 defendi,
2558 3441 2650 3494 vel
2674 3450 2859 3502 usque
2880 3436 2954 3489 ad
2979 3435 3190 3488 calum
3221 3432 3351 3485 ferri
3386 3448 3400 3492 ;

1804 3544 1960 3596 hunc
1988 3546 2127 3607 puto
2155 3548 2476 3590 sermonem
2502 3530 2677 3603 372
2696 3528 2883 3582 laudis
2901 3530 3027 3592 ejus
3041 3524 3403 3589 inscriptum.

1804 3636 1874 3687 Et
1898 3632 2082 3685 sicubi
2096 3632 2239 3682 forte
2264 3627 2562 3680 scientiam
2578 3625 2703 3687 ejus
2714 3619 3102 3681 laudavimus,
3124 3614 3270 3666 tales
3286 3616 3406 3662 sunt

1805 3737 2007 3777 omnes
2030 3733 2176 3774 mea
2204 3719 2263 3772 in
2287 3718 2450 3771 illum
2471 3713 2691 3773 laudes,
2718 3724 2819 3777 pro
2843 3709 3053 3774 quibus
3066 3706 3162 3759 hic
3178 3706 3407 3757 tantum

1804 3816 1865 3867 in
1895 3817 1948 3866 te
1977 3813 2129 3878 ignis
2152 3808 2433 3871 accendit,
2451 3818 2597 3869 quas
2620 3803 2690 3854 de
2709 3802 2832 3854 suis
2855 3797 3081 3863 scriptis
3097 3808 3204 3847 nec
3222 3794 3406 3858 impu-

1805 3907 1913 3958 tari
1948 3902 2056 3955 sibi
2096 3901 2340 3964 dignum
2372 3896 2549 3948 ducit.
2590 3894 2805 3944 Verum
2835 3889 2970 3953 quia
2991 3899 3111 3939 non
3132 3885 3409 3949 dignatur

1807 3993 2090 4058 aqualem
2114 3988 2420 4041 nobiscum
2424 3991 2745 4049 personam
2768 3979 2976 4030 habere
3003 3976 3064 4026 in
3082 3972 3317 4037 judicio,
3348 3976 3408 4025 et

1806 4098 1915 4138 nos
1965 4081 2198 4147 quidem
2240 4077 2415 4131 etiam
2440 4087 2513 4126 ex
2534 4068 2966 4136 suspicionibus
2990 4064 3400 4127 ‘condemnat:

1808 4177 1932 4241 ipse
1953 4184 2089 4228 vero
2112 4180 2302 4234 neque
2325 4179 2398 4220 ex
2418 4159 2811 4227 chirographis
2838 4157 2961 4211 suis
2982 4155 3167 4209 teneri
3180 4152 3410 4214 vu1,nec

1810 4344 2256 4401 desiderabatur.

1868 4428 1892 4459 "
1916 4427 2078 4479 Idem
2113 4437 2241 4488 ms.,
2268 4426 2385 4471 tum
2413 4431 2596 4470 omnes
2622 4406 3410 4488 maximaepistolatextus,

1806 4477 1938 4552 ιιιηὲ
1953 4477 2030 4549 tu
2052 4477 2294 4549 maxime
2339 4492 2513 4545 Paulo
2538 4492 2669 4553 post
2684 4485 2798 4551 pari
2821 4493 3111 4536 consensu
3122 4477 3414 4530 Bibliothe-

1731 4594 1789 4667 D
1813 4589 1935 4667 eam
1963 4574 2116 4625 tacet
2147 4570 2570 4667 li‘ber‘uterque.

1876 4656 1976 4705 ‘In
2015 4666 2132 4704 ms.
2183 4655 2469 4711 tantusque
2510 4643 2594 4693 vir
2642 4637 3010 4711 Adamantius
3057 4647 3240 4685 omnes
3281 4631 3416 4683 alios

1809 4725 2125 4794 praeterierit
2141 4739 2159 4785 ;
2183 4723 2240 4774 in
2276 4710 2389 4772 fine
2412 4716 2631 4769 duravit
2655 4725 2754 4779 pro
2782 4710 3019 4761 durarit.

1875 4816 1888 4855 5
1924 4817 2219 4879 Perperam
2266 4807 2556 4862 interserit
2586 4818 2762 4879 reum,
2806 4803 3012 4879 m_s._ut
3039 4799 3103 4879 et
3140 4808 3279 4879 mox
3304 4794 3418 4879 ejus

1814 4888 1990 4941 habet
2012 4869 2113 4951 pro
2138 4886 2203 4935 ei.
2229 4886 2378 4935 Tum
2399 4885 2569 4933 vetus
2585 4877 2776 4951 editio,
2793 4874 2884 4951 sed
2902 4873 3118 4951 dicatur
3131 4869 3271 4951 talis,
3287 4873 3418 4951 etc;

1815 4974 1948 5024 ms.,
1989 4941 2049 5008 Si
2083 4958 2297 5006 dicatur
2327 4960 2385 5006 et
2415 4955 2516 5015 vir,
2548 4949 2725 5024 magis
2747 4948 2806 5024 si
2838 4962 2951 5012 qua
2972 4949 3097 5024 sunt
3120 4943 3184 4991 in
3207 4941 3418 5024 quibus.

1818 5011 1947 5096 etc;
1970 5030 2215 5093 denique
2238 5025 2479 5076 Ecclesia
2492 5011 2589 5073 Dei
2606 5011 2877 5084 magister,
2897 5022 2956 5067 ιιι
2972 5017 3033 5065 in
3054 5011 3421 5080 superioribus

1817 5106 1928 5171 ipse
1948 5103 2170 5169 profert,
2199 5100 2275 5149 vel
2297 5101 2360 5159 si,
2387 5102 2495 5147 etc.

1883 5196 1904 5229 ¹ι
1930 5193 2054 5254 Ms.,
2082 5191 2284 5240 idcirco
2309 5187 2473 5236 etiam
2500 5185 2597 5234 hoc
2616 5178 2819 5254 protuli
2840 5180 2999 5254 ;tum
3021 5175 3201 5254 altero
3224 5172 3297 5225 ab
3312 5171 3422 5224 hoc

1821 5278 1999 5318 versu
2030 5249 2089 5312 in
2122 5276 2244 5309 mea
2276 5252 2711 5321 Praefatiuncula
2742 5263 2842 5316 pro
2866 5251 2927 5298 in
2950 5264 3030 5321 ea,
3056 5249 3184 5309 etc.,
3210 5257 3283 5295 ex
3305 5254 3422 5321 quo

1824 5314 2022 5400 uti—que
2055 5335 2101 5385 si
2122 5314 2535 5393 subsequentis
2561 5314 2872 5400 contextus
2893 5319 3133 5400 refigere
3157 5314 3424 5400 voculam

2298 5390 2389 5452 a'm
2408 5400 2623 5455 liceret,
2649 5392 2984 5447 concinnior
3006 5390 3130 5443 elici
3144 5391 3376 5441 sentent
3390 5397 3425 5438 a

2398 5485 2505 5523 ms.
2546 5484 2646 5535 pro
2687 5465 2882 5533 quibus
2916 5464 2979 5514 in
3012 5468 3057 5514 te
3092 5463 3188 5513 hoc
3209 5465 3423 5511 tantum

1829 5557 1991 5620 ignis,
2017 5557 2124 5605 etc.

1891 5636 1901 5665 '
1927 5610 2106 5686 Vetus
2135 5630 2308 5683 editio
2341 5625 2500 5679 addit
2530 5622 2672 5686 solis,
2707 5620 2960 5682 itemque
2982 5615 3160 5668 habet
3182 5625 3291 5665 ms.
3317 5610 3428 5686 mi-

1828 5682 1965 5761 nore
2257 5717 2323 5749 ea:
2348 5696 2649 5763 suspicione
2663 5682 2864 5743 solum.
2899 5691 3029 5742 Mox
3044 5687 3163 5753 pari
3188 5682 3429 5763 camilla

1832 5756 2138 5835 consensu,
2162 5756 2449 5825 etrectius'
2461 5766 2714 5833 quidem,
2738 5764 2799 5815 in
2822 5776 3013 5813 caussa
3034 5776 3137 5811 sua
3159 5756 3428 5810 observari

149 5864 472 5920 addidimus
495 5848 792 5931 Episcopus
814 5848 1045 5925 nomen,
1062 5859 1218 5925 quod
1240 5857 1301 5911 in
1322 5848 1458 5911 ante
1480 5855 1733 5920 vulgatis
1833 5851 2141 5916 Scriptum,
2172 5848 2280 5901 etc.
