3900 6406
46 386 165 441 601
1218 385 1595 438 APOLOGIE
1630 384 1834 438 LIBER
1869 384 2252 441 SECUNDUS.
3263 390 3371 448 602

46 508 325 573 regrinae
341 507 551 571 quaerit
559 507 792 560 auxilia.
810 509 1125 561 Hocunum
1139 506 1283 568 dico,
1301 507 1455 572 quod
1466 506 1676 561 vellem
1696 504 1758 576 Α
1778 506 2908 579 monem,dederitcommeatum,376et
2916 512 3370 576 printermissum

43 611 199 649 cum
224 597 445 649 invidia
480 598 733 650 nominis
754 600 880 661 ejus
905 598 1113 650 habere
1153 598 1325 649 etiam
1370 598 1671 649 scientiam
1773 598 1929 663 prius
1960 611 2105 663 opus
2130 599 2454 664 explevere,
2483 604 2618 652 tunc
2634 600 2830 653 videre
2845 600 3123 665 poteritis,
3139 602 3254 655 imo
3270 616 3371 667 per

45 686 516 751 Scripturarum,
543 687 705 738 ﬂocci
729 688 986 751 pendens
1016 688 1300 751 imagines
1324 688 1674 751 umbrasque
1773 701 1879 740 vos
1920 690 2177 741 Romana
2218 688 2414 753 lingua
2456 694 2783 754 cognoscet,
2828 695 3108 754 quantum
3148 692 3284 744 boni
3314 696 3372 745 et

40 777 383 841 larvarum,
415 788 659 841 quarum
675 782 896 829 naturae
913 790 1041 828 esse
1057 777 1283 841 dicitur,
1309 782 1518 829 terrere
1543 789 1674 840 par-

43 866 255 930 vulos,
283 868 341 917 et
364 866 425 918 in
448 866 675 931 angulis
698 866 911 931 garrire
938 867 1313 919 tenebrosis.»
1336 868 1548 918 Verum
1564 877 1673 930 ego

38 958 182 1020 jam
203 968 318 1007 nec
347 956 545 1007 mirari
570 956 769 1019 debeo,
794 970 902 1008 nec
926 957 1196 1021 conqueri
1220 969 1320 1021 pro
1343 956 1435 1007 his
1461 968 1594 1020 quae
1616 956 1678 1007 in

43 1060 152 1098 me
168 1047 315 1111 agit,
334 1046 435 1110 qui
450 1046 623 1098 tantis
655 1047 794 1099 viris
818 1046 1102 1099 ettalibus
1126 1060 1242 1098 non
1265 1046 1535 1111 pepercit.
1554 1049 1677 1095 Nam

42 1141 111 1188 et
131 1141 365 1189 sanctas
386 1136 681 1187 memoriae
696 1136 1066 1187 Ambrosium
1084 1136 1427 1201 Episcopum
1443 1137 1679 1196 qualibus

42 1226 269 1290 ﬁguris
282 1226 788 1290 laceret,qualibus
805 1226 1320 1279 obtrectationibus
1341 1222 1675 1293 secet375

40 1316 113 1366 in
142 1315 277 1366 his'
302 1315 516 1378 quibus
544 1314 926 1365 nihilominus
947 1314 1145 1367 laudat
1174 1315 1496 1378 Origenem,
1530 1315 1681 1366 simi-

40 1405 189 1457 liter
213 1418 288 1456 ex
315 1405 436 1456 suis
463 1404 897 1457 Praefationibus
915 1406 1201 1457 edocebo.
1227 1406 1488 1457 Praefatio
1500 1405 1571 1457 de
1589 1409 1684 1456 IIo-

1772 783 1906 831 ante
1927 778 2212 841 nescierit,
2238 784 2296 830 et
2321 779 2463 830 scire
2485 792 2641 830 nunc
2663 780 2917 843 casperit.
2940 798 2967 823 »ο

1837 867 1924 922 23.
1940 870 2080 919 Ecce
2097 880 2230 932 quae
2250 868 2322 919 de
2344 868 2585 932 Origene
2610 869 2753 921 etde
2780 869 3082 922 Ambrosio
3101 879 3119 907 σ
3143 870 3369 924 sentiat.

1776 958 1937 1019 Quod
1982 958 2033 1009 si
2071 970 2283 1021 negare
2326 958 2571 1010 voluerit
2603 960 2710 1010 hoc
2740 958 2894 1023 quod
2932 971 3126 1011 omnes
3160 959 3372 1023 sciunt,

1778 1049 1912 1111 quia
1928 1048 1998 1099 de
2012 1052 2210 1099 sancto
2226 1048 2528 1099 Ambrosio
2540 1048 2767 1112 dixerit,
2780 1049 2961 1112 primo
2973 1061 3047 1101 ex
3058 1061 3125 1101 eo
3142 1049 3375 1103 convin-

1779 1141 1955 1201 cetur,
1978 1138 2134 1201 quod
2156 1138 2308 1203 apud
2320 1139 2550 1191 Latinos
2563 1138 2741 1203 ipsius
2753 1143 2846 1190 tan
2856 1141 2994 1202 tum,
3017 1144 3074 1191 et
3093 1152 3215 1193 non
3236 1140 3375 1194 alte-

1778 1228 1900 1279 rius
1916 1228 1974 1279 in
1985 1229 2198 1279 Lucam
2217 1228 2672 1280 Commentarius
2694 1227 2887 1281 fertur.
2916 1228 3129 1281 Deinde
3151 1230 3260 1282 scit
3280 1240 3375 1284 me

1780 1317 1988 1369 habere
2018 1318 2328 1382 Epistolam
2354 1331 2539 1380 suam,
2562 1318 2624 1370 in
2647 1330 2763 1382 qua
2784 1318 2895 1371 hoc
2910 1318 2931 1348 δ
2952 1319 3145 1383 ipsum
3167 1319 3237 1371 de
3253 1319 3377 1372 aliis

1781 1421 2092 1472 excusans,
2115 1408 2175 1460 in
2196 1408 2360 1461 illum
2392 1409 2678 1462 convertit
2702 1408 3107 1473 suspicionem.
3142 1410 3375 1473 Verum,

43 1492 239 1546 miliis
258 1496 318 1546 in
341 1496 556 1548 Lucam
578 1494 654 1546 ad
688 1494 923 1547 Paulam
958 1500 1017 1547 et
1041 1495 1422 1547 Eustochium
1446 1509 1457 1546 :
1484 1516 1511 1540 κ
1536 1497 1687 1546 Ante
1783 1499 1919 1563 quia
1941 1498 2192 1562 Epistola
2212 1498 2307 1550 illa
2330 1498 2503 1551 etiam
2520 1498 2822 1550 secretiora
2845 1498 3115 1562 quaedam
3137 1500 3375 1560 continet,

47 1596 286 1648 paucos
304 1584 429 1636 dies
447 1584 813 1648 quorundam
829 1585 889 1637 in
900 1584 1239 1637 Matthaaum
1256 1586 1536 1637 etLucam
1548 1588 1686 1633 Com-

41 1675 378 1728 mentarios
392 1687 497 1726 vos
516 1674 728 1738 legisse
757 1674 1012 1739 dixistis,
1033 1675 1287 1738 equibus
1312 1673 1683 1726 alterbetsen-

1783 1600 1916 1651 quae
1947 1588 2174 1639 interim
2206 1587 2376 1639 modo
2407 1587 2681 1652 publicari
2711 1586 2845 1639 nolo
2879 1592 3014 1639 ante
3040 1590 3287 1652 tempus,
3306 1599 3380 1639 ex

1784 1677 1910 1729 aliis
1932 1677 2120 1729 adhuc
2134 1677 2226 1728 his
2239 1677 2523 1729 similibus
2534 1676 2994 1741 approbabimus.
3022 1677 3253 1728 Interim
3266 1676 3383 1729 Ori-

44 1765 225 1817 sibus
241 1764 421 1816 hebes
447 1769 622 1826 esset,
645 1769 703 1817 et
729 1764 874 1816 alter
900 1764 972 1815 in
994 1764 1187 1817 verbis
1210 1764 1448 1824 luderet,
1473 1764 1531 1815 in
1555 1776 1743 1832 sen-_
1783 1767 1948 1832 genis
1970 1766 2164 1831 libros,
2179 1771 2244 1818 ut
2268 1778 2439 1830 supra
2450 1765 2723 1829 diximus,
2742 1765 2802 1817 in
2816 1777 3047 1817 omnem
3062 1765 3385 1817 admiratio-

44 1854 628 1907 tentiisdormitaret.
655 1855 1040 1915 Quamobrem
1058 1854 1271 1919 petitis,
1306 1855 1670 1906 utistiusmodi
1701 1827 1756 1906 B
1781 1827 1915 1909 nem
1940 1827 2179 1918 extollit,
2223 1858 2280 1908 et
2323 1827 2479 1915 dicit,
2514 1856 2668 1920 quod
2701 1827 2727 1901 tr
2761 1856 2810 1908 si
2833 1867 2933 1909 eos
2954 1856 3379 1920 interpretetur,

42 1944 233 2009 nugis
256 1944 586 2007 contemtis,
601 1944 804 1996 saltem
817 1954 834 1974 °
855 1944 1089 2008 triginta
1100 1949 1377 1998 etnovem
1392 1944 1675 1996 Adamano

46 2035 111 2086 lii
137 2034 330 2085 nostri
347 2034 409 2085 in
431 2036 646 2086 Lucam
674 2034 971 2095 Homilies,
1001 2035 1151 2085 sicut
1166 2034 1224 2085 in
1237 2035 1437 2086 Graeco
1454 2034 1675 2086 haben-

45 2131 169 2187 tur,
188 2128 544 2188 interpreter.
571 2124 870 2176 Molestam
896 2136 1017 2175 rem
1050 2130 1108 2176 et
1133 2125 1419 2177 tormento
1435 2127 1672 2186 similem,

44 2215 265 2279 alieno,
294 2216 357 2265 ut
372 2214 453 2265 ait
469 2214 717 2277 Tullius,
746 2213 1062 2275 stomacho,
1080 2218 1263 2266 etnon
1279 2226 1384 2265 suo
1399 2213 1668 2266 scribere:

45 2317 235 2369 quam
274 2304 380 2370 [AL
421 2304 598 2369 quod]
644 2310 836 2356 tamen
863 2304 1074 2355 idcirco
1102 2318 1270 2356 nunc
1295 2305 1517 2370 faciam,
1545 2304 1681 2369 quia

48 2395 399 2447 sublimiora
426 2407 555 2448 non
588 2394 841 2459 poscitis.
879 2394 1172 2459 Siquidem
1195 2394 1336 2446 illud
1361 2395 1516 2458 quod
1541 2394 1676 2447 olim

47 2487 257 2539 Roma:
282 2488 482 2537 sancta
496 2483 1190 2548 Blmsillaefllagitaverat,
1220 2488 1287 2535 ut
1309 2483 1511 2548 viginti
1528 2482 1549 2513 ‘
1574 2495 1679 2535 sex

48 2582 249 2627 tomos
269 2574 421 2627 illius
435 2574 494 2626 in
511 2574 883 2636 Matthteum,
902 2578 960 2625 et
979 2575 1120 2625 alios
1133 2574 1461 2638 quinquein
1477 2579 1675 2651 Lucam,

26 2676 59 2739 γε
84 2672 148 2718 et
177 2665 415 2730 triginta
439 2665 583 2717 duos
600 2666 662 2716 in
692 2667 999 2726 Joannem,
1020 2669 1237 2716 nostrae
1256 2664 1472 2728 linguae
1492 2664 1678 2716 trade-

49 2769 195 2819 rem,
216 2767 326 2807 nec
364 2754 576 2807 virium
604 2767 892 2817 mearum,
920 2766 1029 2806 nec
1054 2754 1153 2806 otii
1177 2766 1285 2805 nec
1307 2753 1520 2805 laboris
1550 2765 1679 2805 esse

51 2844 401 2910 perspicitis.
428 2844 538 2896 Sed
564 2846 845 2909 quantum
857 2844 1010 2909 apud
1034 2857 1129 2895 me
1143 2843 1522 2895 etauCtoritas
1539 2855 1666 2895 ves-

51 2942 139 2989 tra
157 2940 220 2987 et
247 2934 522 2987 voluntas
550 2933 722 2998 valet,
742 2933 1087 2998 praetermisi
1104 2932 1404 2997 paululum
1415 2934 1683 2981 Hobraica—

51 3037 186 3081 rum
226 3024 608 3086 Questionum
643 3023 837 3087 libros,
866 3028 934 3075 ut
954 3023 1027 3075 ad
1056 3023 1357 3075 arbitrium
1391 3027 1654 3074 vestrum

1769 1949 2031 1999 Romana
2051 1945 2249 2010 lingua
2266 1950 2577 2009 cognoscet
2590 1950 2876 2009 quantum
2894 1945 3027 1998 boni
3052 1950 3110 1998 et
3126 1950 3260 1999 ante
3272 1960 3382 1995 nes-

1770 2036 1930 2088 cierit
1950 2039 2010 2087 et
2034 2036 2179 2088 scire
2193 2048 2351 2087 nunc
2366 2034 2697 2100 cceperit,id
2720 2036 2827 2099 est,
2845 2035 2905 2087 in
2928 2034 3283 2098 Mattheeum,
3299 2037 3383 2085 in-

1772 2126 1913 2190 quit,
1950 2125 2154 2190 viginti
2180 2127 2191 2156 ί
2217 2138 2315 2176 sex
2335 2124 2512 2176 libros
2544 2130 2602 2176 et
2622 2124 2683 2176 in
2700 2126 2917 2176 Lucam
2941 2124 3215 2189 quinque,
3241 2126 3298 2177 et
3321 2124 3383 2176 in

1770 2216 2052 2268 Joannem
2078 2215 2310 2280 triginta
2337 2215 2502 2267 duos.
2519 2229 2547 2265 υ
2575 2214 2679 2268 Isti
2696 2218 2832 2266 sunt
2858 2226 3005 2278 quos
3027 2214 3378 2279 magniﬁcat,

1770 2307 1831 2358 in
1861 2306 2093 2370 quibusl
2134 2305 2337 2357 eadem
2371 2317 2604 2368 prorsus
2628 2304 2838 2367 omnia,
2870 2303 2971 2356 sed
3002 2303 3175 2356 latius
3206 2308 3265 2357 et
3287 2316 3383 2356 co-

1775 2395 2014 2460 piosius,
2040 2399 2241 2459 quaet
2263 2394 2323 2446 in
2345 2394 2472 2445 istis
2515 2396 2622 2460 περὶ
2656 2394 2846 2460 Ἀρχῶν
2890 2391 3068 2453 libris,
3083 2394 3383 2456 proquibus

1775 2498 1869 2538 me
1880 2485 2091 2550 arguit,
2104 2484 2489 2536 continentur.
2505 2482 2668 2546 Quod
2689 2484 2737 2535 si
2747 2484 2856 2534 iste
2868 2482 3147 2546 promittit
3160 2494 3222 2535 se
3233 2482 3379 2535 istos

1774 2576 2298 2640 interpretaturum,
2312 2586 2405 2625 me
2418 2586 2595 2636 quare
2606 2586 2705 2637 pro
2725 2572 3006 2624 similibus
3017 2572 3272 2625 incusat?
3285 2574 3377 2621 Sed

1778 2665 2048 2730 quoniam
2064 2663 2292 2725 polliciti
2308 2675 2516 2714 sumus
2535 2663 2871 2727 probaturos
2883 2675 2990 2713 nos
3004 2662 3291 2726 quomodo
3305 2664 3382 2711 la-

1777 2759 1929 2807 ceret
1942 2755 2130 2806 virum
2144 2754 2401 2806 omnium
2418 2752 2522 2816 [AL
2546 2752 2723 2817 omni]
2745 2751 3121 2803 admiratione
3141 2754 3375 2812 dignum.

1776 2844 2149 2896 Ambrosium
2162 2842 2525 2907 Episcopum,
2548 2841 2648 2906 qui
2662 2854 2781 2894 non
2796 2840 2986 2893 solum
3002 2840 3379 2893 Mediolanen-

1778 2933 1857 2985 sis
1882 2932 2170 2993 Ecclesiae,
2196 2944 2401 2985 verum
2424 2930 2681 2983 omnium
2708 2929 3087 2982 Ecclesiarum
3110 2928 3379 2981 columna

1778 3022 2048 3086 quaedam
2068 3025 2124 3073 et
2148 3021 2323 3073 turris
2355 3018 2818 3083 inexpugnabilis
2839 3018 2966 3083 fuit,
2991 3030 3168 3070 unam
3189 3018 3378 3070 adhuc

52 3114 355 3167 lucrativis
382 3113 485 3178 [AL
519 3112 807 3179 lucrativi]
847 3114 1054 3178 operis,
1095 3113 1222 3165 haec
1244 3112 1666 3176 qualiacunque
1765 3104 3379 3178 1Lipsiusl’raafationemponemus,exqua377videatis,

57 3210 193 3231 nunc
223 3217 340 3231 “nn
364 3216 488 3231 mna
529 3204 624 3231 and
648 3203 825 3231 ιιιίηηη
843 3202 1112 3231 Ᾱςηιηυιπεη
1132 3218 1143 3230 ι
1163 3202 1477 3231 ηπρησηνιητνι
1506 3217 1617 3231 num
1639 3217 1661 3231 η
1690 3155 1738 3231 C
1768 3203 1859 3231 "nl
1888 3206 2114 3231 tantum
2143 3201 2516 3231 ninnmnngm
2535 3198 2681 3231 fmﬂo
2706 3200 2757 3231 at
2785 3198 3236 3231 inﬂinnnlnnnnn}
3284 3198 3374 3231 ποι

56 3210 198 3259 sunt
222 3217 345 3257 non
364 3216 512 3267 mea,
528 3204 627 3255 sed
647 3203 831 3255 aliena
843 3202 1117 3256 dictarem
1132 3218 1145 3267 ;
1163 3202 1482 3267 praesertim
1505 3217 1621 3251 cum
1637 3217 1665 3251 ιι
1690 3198 1738 3231 υ
1768 3203 1864 3255 vel
1888 3206 2118 3254 tantum
2143 3201 2332 3253 virum
2346 3211 2520 3263 quam
2534 3198 2682 3250 foede
2706 3200 2763 3251 et
2785 3198 3259 3263 indignelaceret,
3284 3198 3381 3250 vel

56 3296 295 3348 sinistro
310 3294 563 3345 oscinem
576 3294 681 3358 [Αἱ.
699 3293 976 3358 oscinere]
996 3306 1234 3346 corvum
1250 3293 1483 3345 audiam
1497 3296 1662 3343 croci-

1769 3292 1984 3344 iterum
2013 3290 2301 3355 quomodo
2326 3288 2640 3353 Didymum
2663 3300 2850 3352 usque
2872 3288 2945 3340 ad
2967 3287 3170 3340 caalum
3184 3286 3385 3339 efferat

58 3390 303 3448 tantem,
337 3388 395 3436 et
419 3383 629 3435 mirum
660 3383 720 3434 in
745 3383 986 3435 modum
1010 3384 1079 3435 de
1108 3388 1442 3435 cunctarum
1470 3385 1668 3437 avium
1768 3369 2064 3445 1audibus,
2101 3393 2276 3445 quem
2312 3392 2514 3431 rursus
2546 3390 2735 3442 usque
2766 3377 2840 3429 ad
2860 3378 3082 3429 inferna
3103 3376 3385 3441 demergit

58 3477 245 3528 ridere
273 3473 723 3535 coloribus,cum
745 3476 905 3525 totus
929 3474 1051 3538 ipse
1082 3474 1420 3525 tenebrosus
1447 3474 1539 3526 sit.
1569 3476 1673 3527 Fa-

64 3572 189 3619 teor
226 3564 426 3628 itaque
451 3568 762 3627 antequam
785 3563 877 3615 ille
899 3563 1149 3627 objiciet,
1176 3563 1479 3626 Origenem
1504 3564 1564 3616 in
1586 3563 1678 3615 hic

62 3656 430 3709 Tractatibus
459 3653 628 3718 quasi
664 3666 909 3718 puerum
932 3653 950 3687 ε
978 3652 1110 3705 talis
1148 3652 1362 3705 ludere.
1391 3653 1517 3704 Alia
1540 3656 1676 3706 sunt

62 3746 250 3799 virilia
266 3745 411 3809 ejus,
431 3748 489 3797 et
504 3748 821 3809 senectutis
836 3756 863 3795 s
875 3743 993 3796 eria
1011 3762 1020 3792 :
1042 3756 1174 3807 quae
1190 3744 1417 3795 sivobis
1430 3743 1677 3804 libuerit,

68 3842 114 3889 et
143 3839 409 3901 potuero,
436 3834 485 3885 si
506 3833 807 3898 Dominus,
846 3836 910 3886 ut
941 3833 1001 3885 in
1024 3834 1295 3887 Latinum
1317 3837 1540 3888 vertam
1561 3846 1679 3886 ser-

121 4018 139 4040 ³
169 4010 307 4071 Ms.,
334 4008 391 4056 in
418 4007 505 4057 his
528 4007 676 4071 ipsis,
718 4007 779 4055 in
829 4005 1023 4070 quibus
1045 4004 1429 4067 nihilominus,
1454 4009 1559 4057 etc.
1583 4005 1685 4058 Ta.

66 4084 149 4133 cet
190 4079 401 4131 deinde
440 4078 899 4143 inscriptionem.
948 4077 1205 4140 Praefatio
1243 4075 1305 4126 de
1346 4077 1603 4127 Homiliis
1625 4078 1685 4126 in

67 4154 269 4203 Lucam
291 4151 363 4200 ad
399 4150 631 4201 Paulam
655 4156 699 4199 et
723 4148 1092 4199 Eustochium.

117 4227 140 4256 ι·
173 4222 443 4289 Suppleri
480 4223 671 4275 locum
699 4223 777 4274 ita
800 4220 1016 4281 malim,
1052 4234 1118 4273 ac
1157 4221 1287 4285 legi,
1335 4223 1472 4272 alter
1494 4227 1539 4272 ct
1564 4237 1683 4271 ver-

66 4299 130 4347 bis
148 4303 197 4347 et
233 4296 475 4346 sensibus
503 4295 649 4344 hebes
677 4301 817 4353 esset,
851 4296 986 4345 alter
1017 4295 1078 4343 in
1116 4295 1285 4343 verbis
1324 4296 1547 4356 luderet,
1575 4299 1687 4346 etc.

71 4370 249 4422 Editio
276 4368 642 4420 Preefationis
667 4368 973 4432 ipsiusmet
1006 4366 1198 4427 habet,
1223 4367 1364 4417 altrr
1389 4373 1434 4417 ct
1458 4366 1694 4417 sensibus

71 4443 217 4491 hebes
250 4443 392 4490 esset.
420 4446 465 4489 et
491 4430 831 4499 verbis,alter
851 4440 912 4489 in
944 4439 1114 4488 verbis
1137 4438 1354 4499 luderet,
1382 4443 1490 4490 etc.

124 4524 141 4544 τ
187 4514 480 4607 Numerus
507 4512 734 4607 triginta
758 4517 803 4562 et
828 4527 1014 4561 norem
1038 4512 1099 4562 in
1123 4511 1302 4607 hujus
1326 4511 1683 4607 Prrmfationis
1710 4533 1767 4607 Β

136 4585 305 4607 ξιεηυιζ
357 4598 421 4607 ..η
489 4584 589 4607 ,ιιι-ζ,
618 4588 808 4607 Α-ηι-.-
856 4597 1169 4607 ’.κεκίνηκε-Λ
1193 4593 1245 4607 Α)
1270 4597 1329 4607 ΛΑ
1400 4584 1607 4607 -ζι-Λνιξη
1632 4586 1679 4607 2..

72 4585 424 4637 editionibus
445 4583 827 4649 desideratur,
852 4597 1170 4647 omnesque
1191 4584 1332 4635 adeo
1349 4584 1610 4647 Origenis
1632 4586 1681 4631 in

74 4658 282 4709 Lucam
303 4656 584 4708 Homilias
602 4658 705 4709 abs
718 4658 1067 4722 Hieronymo
1081 4670 1147 4709 eo
1160 4659 1217 4707 in
1231 4669 1396 4720 opere
1412 4659 1581 4706 Latine
1598 4672 1681 4705 ex-

76 4729 261 4793 plicari
284 4730 554 4781 innuunt.
595 4729 702 4781 Sed
728 4730 911 4782 multo
930 4730 1124 4795 plures
1142 4729 1317 4781 fuisse
1343 4729 1585 4792 scriptas
1608 4730 1681 4780 ab

77 4804 334 4865 ()rigene,
363 4802 862 4855 verosimillimum
887 4804 1127 4854 estnam
1152 4806 1209 4853 et
1230 4807 1536 4866 postremze
1558 4814 1680 4862 sex,

78 4886 217 4937 quas
232 4874 466 4926 Hieron.
498 4874 923 4938 interpretatur,
948 4880 1274 4939 respectum
1304 4873 1373 4925 ad
1399 4875 1683 4934 superiores

79 4960 187 4998 non
219 4946 452 5005 habent,
474 4951 848 5010 exceptaeque
860 4946 1131 4998 videntur
1153 4946 1402 5011 amajori
1418 4957 1680 4997 numero.

81 5018 345 5082 Origenes
371 5019 491 5081 ipse
529 5024 665 5069 tom.
707 5018 757 5072 3.
798 5018 859 5069 in
885 5017 1085 5070 Matth.
1112 5018 1381 5081 quwdam
1406 5021 1602 5069 narrat
1624 5017 1683 5069 in

82 5088 233 5141 hisce
258 5089 521 5141 Homiliis
545 5090 604 5141 in
623 5092 834 5141 Lucam
858 5089 1086 5153 scripta,
1110 5102 1356 5153 quorum
1372 5088 1532 5141 nulla
1547 5104 1684 5137 men-

85 5161 147 5213 tio
185 5161 353 5213 estin
376 5161 468 5212 his
493 5174 635 5224 quas
672 5161 731 5212 S.
763 5164 923 5212 Pater
950 5161 1372 5225 interpretatur.

135 5235 151 5263 ⁴
180 5235 268 5285 Ita
297 5238 352 5283 et
388 5234 511 5285 cod.
541 5234 970 5285 Guarnerianus
996 5232 1187 5284 habet.
1216 5234 1363 5285 Editi
1397 5232 1685 5285 vetustio-

85 5317 160 5357 res
184 5306 452 5357 XXXVI.
469 5308 803 5370 prteferunt,
830 5305 1326 5369 quemadmodum
1351 5307 1410 5357 in
1425 5305 1687 5369 ejusdem

89 5378 439 5432 l’raefationis
485 5379 831 5432 editionibus
856 5379 1121 5431 habetur.
1147 5379 1253 5430 Sed
1279 5382 1521 5441 utraque
1548 5378 1687 5428 falsa

87 5449 244 5503 lectio
264 5457 370 5516 est,
396 5465 584 5515 neque
607 5452 760 5504 enim
782 5452 1371 5517 XXXVI,autXXVI,
1388 5450 1488 5502 sed
1504 5451 1686 5513 XXV,

92 5525 302 5574 tantum
328 5525 539 5574 Tomos
555 5524 614 5575 in
628 5522 829 5574 Matth.
849 5523 1125 5587 Origenes
1149 5522 1476 5574 elaboravit.
1492 5521 1689 5573 Ilicro—

92 5605 290 5657 nymus
313 5596 437 5659 ipse
476 5596 788 5660 fidejussor
834 5599 923 5647 est
952 5595 1175 5648 Praefat.
1211 5597 1594 5653 Commentar,
1630 5594 1689 5644 in

94 5666 278 5720 Matth.
304 5668 506 5732 Legisse
530 5684 611 5717 me
632 5668 807 5731 fateor
830 5673 953 5716 ante
985 5683 1158 5717 annos
1183 5667 1448 5731 plurimos
1473 5666 1531 5713 in
1557 5666 1691 5713 Mat-

100 5740 278 5789 lhaeum
325 5740 575 5805 Origenis
601 5755 792 5789 vmm'rt
827 5754 1050 5797 QUINQUE
1073 5739 1433 5799 volumina,ct
1467 5738 1688 5789 totidem

103 5812 201 5871 ejus
232 5813 524 5865 Homitias.
544 5814 743 5867 Confer
759 5824 889 5877 quae
907 5813 1158 5866 sectione
1171 5811 1579 5875 subsequente,
1596 5808 1696 5862 ubi

1781 3472 1890 3538 [AL
1916 3471 2231 3536 demergat]
2260 3464 2399 3522 :‘vel
2433 3468 2723 3532 quomodo
2758 3467 2829 3519 de
2862 3468 3005 3519 urbe
3033 3468 3231 3531 Roma,
3265 3468 3382 3519 Deo

1775 3563 2024 3624 favente,
2064 3562 2248 3625 capite
2283 3558 2756 3622 Christianorum,
2780 3570 2848 3609 ea
2876 3556 3045 3620 dicat,
3072 3569 3205 3620 quae
3229 3556 3385 3608 dice-

1779 3655 1987 3705 bantur
2014 3656 2172 3716 tunc,
2199 3662 2331 3702 cum
2361 3648 2613 3701 Gentiles
2642 3648 2703 3701 in
2729 3660 2797 3701 ea
2818 3647 3010 3713 populi
3034 3650 3089 3699 et
3112 3659 3384 3712 persecu-

1782 3747 1934 3795 tores
1960 3741 2247 3805 Principes
2280 3740 2667 3793 morabantur.

1844 3831 1931 3887 Μ.
1968 3830 2230 3885 Prtefatio
2263 3829 2337 3882 ad
2375 3827 2778 3882 Paulinianum
2809 3826 2879 3878 de
2902 3825 3114 3890 Spiritu
3136 3824 3346 3877 Sancto
3371 3838 3384 3875 :

1784 4005 1913 4058 haec
1935 4001 2140 4055 eadem
2178 3998 2510 4064 supputatio
2543 3996 2818 4049 librorum
2845 3995 2906 4046 in
2932 3993 3273 4047 Matthaeum
3302 4005 3389 4046 re-

1786 4077 1963 4129 currit
1994 4074 2357 4130 adnotamus,

1847 4156 1865 4177 °
1890 4147 2036 4199 Olim
2060 4149 2180 4197 erat
2212 4144 2443 4207 triginta
2466 4154 2671 4201 novem,
2700 4137 2800 4191 sed
2837 4138 3017 4191 falso:
3045 4139 3182 4191 sunt
3218 4136 3389 4189 etiam

1789 4219 1888 4284 qui
1915 4218 2156 4283 legerint
2188 4216 2674 4280 trigintaquatuor.

1854 4292 1872 4327 τ
1892 4282 2002 4354 ΑΙῘ,
2040 4289 2249 4349 tabulis,
2277 4292 2341 4339 ut
2367 4292 2425 4339 et
2447 4288 2505 4337 in
2528 4284 2914 4337 Guarneriano
2938 4294 3049 4334 ms.
3071 4282 3215 4333 Tum
3236 4282 3390 4354 Prae-

1792 4352 2022 4417 fationis
2052 4362 2331 4414 editiones
2366 4360 2654 4425 pleraeque
2681 4368 2884 4409 omnes
2908 4352 3392 4420 praeteruntJuda-

1782 4452 1896 4486 rem
1916 4447 2017 4499 pro
2045 4435 2246 4483 ludere.
2966 4478 2983 4487 _

1853 4519 1869 4547 ι
1892 4496 2147 4559 Verbum
2170 4503 2362 4554 sentiat
2393 4502 2518 4554 cod.
2545 4499 2910 4553 Guarnerian.
2938 4496 3168 4549 omittit.

1853 4580 1874 4610 ἰ
1896 4583 2095 4644 Atque
2119 4577 2245 4629 heic
2270 4576 2449 4640 ipsum
2463 4584 2782 4644 pronomen
2798 4569 2950 4644 idem
2973 4581 3083 4620 ms.
3112 4572 3280 4644 tacet.
3306 4568 3393 4618 In-

1784 4653 1956 4706 ferius
1999 4640 2279 4716 publicare
2308 4647 2483 4699 habet
2525 4657 2625 4710 pro
2657 4641 2965 4716 publicari:
3016 4646 3140 4693 tum
3186 4640 3390 4693 subse-

1781 4737 1935 4789 quen
1947 4724 1988 4776 ti
2008 4715 2192 4775 versu
2216 4729 2532 4786 pronomen
2557 4717 2641 4767 his
2677 4715 2892 4767 reticet.

1844 4796 2099 4860 iOptime
2135 4784 2262 4845 heic
2294 4792 2471 4844 habet
2513 4788 2885 4841 Guarnerian.
2916 4785 3252 4860 ms.__XXV.
3281 4784 3393 4860 Ro-

1780 4858 1970 4921 manis
1998 4868 2170 4920 notis.
2197 4862 2688 4930 quemadmodum
2711 4862 2961 4913 etvetus
2984 4858 3157 4912 editio
3178 4858 3391 4922 saepius

1779 4938 2011 4995 laudata
2044 4940 2153 4992 hoc
2177 4940 2413 4990 demum
2436 4937 2561 4989 loco
2586 4935 2836 5000 praefert.
2865 4933 2934 4985 Et
2973 4944 3112 4984 sane
3134 4930 3394 4983 licuisset

1782 5016 1990 5067 horum
2024 5011 2364 5065 auctoritate
2394 5008 2661 5061 codicum
2684 5018 2878 5059 veram
2901 5004 3206 5056 lectionem
3233 5003 3395 5053 resti-

1784 5093 1960 5148 tuere,
1988 5085 2101 5136 nisi
2145 5082 2521 5135 dissentirent
2564 5079 2855 5144 superiore
2877 5077 3002 5129 loco
3038 5086 3236 5148 secum
3261 5073 3390 5137 ipsi.

1784 5146 2068 5212 Caeterum
2092 5161 2147 5209 et
2171 5158 2354 5207 satius
2383 5159 2471 5207 est
2493 5154 2764 5206 lectorem
2797 5146 3189 5209 admonuisse,
3217 5157 3391 5210 quam

1785 5236 2011 5285 textum
2041 5229 2403 5279 immutasse.

1846 5312 1856 5341 ι
1885 5305 2203 5354 Pronomen
2216 5298 2401 5346 eadem
2416 5309 2487 5348 ex
2516 5298 2705 5347 vetere
2718 5291 2984 5355 editione,
3002 5293 3058 5341 et
3075 5300 3183 5341 ms.
3211 5289 3396 5340 Guar-

1786 5376 2017 5429 neriano
2044 5369 2398 5423 suifecimus.
2418 5367 2523 5418 Hic
2542 5378 2708 5431 porro
2723 5364 2867 5416 liber
2880 5366 2938 5415 et
2960 5362 3173 5414 rectius
3194 5362 3393 5408 videtur

1789 5442 2350 5509 subsequentiversu
2379 5440 2525 5491 duas
2549 5430 2803 5497 voculas,
2830 5449 2945 5509 quae
2962 5439 3029 5509 et,
3048 5430 3393 5498 praetermit-

1788 5527 1923 5573 tere.
1953 5505 2197 5569 Inferius
2220 5511 2462 5576 inculpat
2487 5521 2588 5574 pro
2612 5510 2824 5557 incusat
2859 5505 3016 5568 legit.

1848 5595 1870 5627 ιι
1896 5594 2109 5642 lterum
2131 5587 2305 5638 ferme
2328 5582 2541 5635 rectius
2563 5585 2715 5633 tacet
2737 5579 2889 5631 idem
2912 5589 3023 5628 ms.
3049 5576 3223 5639 ipsius
3258 5586 3393 5639 pro-

1787 5658 2188 5725 nomen,quod
2211 5655 2401 5709 referri
2414 5664 2711 5719 perperam
2735 5651 2807 5703 ad
2825 5648 3195 5725 Ambrosium
3210 5652 3394 5709 posset.

1786 5740 1867 5790 lta
1894 5736 1951 5786 et
1972 5720 2145 5784 Ruina
2161 5741 2373 5782 nomen
2396 5728 2619 5779 tacetin
2646 5721 3045 5789 sequentibus.
3074 5720 3391 5783 Quwautem

1790 5806 2094 5859 manifesto
2125 5806 2336 5869 peccat,
2364 5800 2652 5863 praetereo.
