3900 6396
560 376 675 436 603

1599 372 1845 426 RUFINI
1876 368 2369 433 AQUILEIENSIS
2404 366 2845 420 PRESBYTER!
3761 380 3829 436 604

567 512 594 538 α
616 491 773 544 Dum
799 489 906 555 [AL
933 487 1095 551 Cum]
1129 486 1192 538 in
1231 484 1519 549 Babylone
1545 495 1819 543 versarer,
1851 487 1908 535 et
1946 495 2164 547 purpu-
2192 484 2247 559 Α
2279 480 2379 544 qui
2401 480 2462 532 in
2486 481 2831 533 testimoniis
2846 481 3071 535 Domini
3090 482 3320 537 locutus
3341 487 3453 545 est,
3479 485 3545 539 in
3569 498 3831 555 conspectu

567 586 713 636 rata
735 578 1051 633 meretricis
1074 588 1266 628 essem
1287 574 1549 637 colonus,
1574 576 1631 626 et
1648 574 1778 639 jure
1794 574 2075 636 Quiritum
2094 574 2174 627 vi-

568 684 786 734 verem,
816 670 970 722 volui
1006 667 1220 731 aliquid
1255 665 1472 729 garrire
1517 664 1588 715 de
1618 664 1828 727 Spiritu
1860 666 2088 727 Sancto,
2115 668 2172 718 et

570 765 801 825 ceptum
836 756 1179 823 opusculum
1209 755 1471 819 ejusdem
1499 755 1661 805 urbis
1696 754 1950 805 I'ontifici
1971 764 1987 784 ·
2011 755 2173 807 dedi-

569 862 715 903 care.
744 851 812 900 Et
835 860 967 900 ecce
990 847 1100 899 olla
1117 845 1213 898 illa
1241 858 1375 910 quas
1403 845 1464 897 in
1485 844 1731 897 Jeremia
1752 847 1880 909 post
1899 846 2170 897 baculum

566 938 830 1000 cernitur,
854 949 890 988 a
904 936 1043 989 facie
1060 936 1210 1001 cepit
1225 935 1525 998 Aquilonis
1549 934 1765 999 ardere,
1783 940 1840 985 et
1856 934 2169 986 Pharisaeo-

566 1038 697 1079 rum
719 1026 1103 1079 conclamavit
1117 1029 1372 1087 senatus,
1396 1029 1454 1076 et
1464 1022 1660 1075 nullus
1675 1023 1862 1075 scriba
1872 1023 1964 1076 vel
1978 1024 2168 1088 fictus,

566 1116 665 1170 sed
690 1116 903 1179 omnis,
929 1114 1097 1179 quasi
1116 1114 1324 1166 indicto
1357 1113 1466 1165 sibi
1498 1113 1712 1179 praelia,
1740 1114 2051 1167 adversum
2080 1126 2172 1165 me

557 1206 864 1271 imperitia
878 1204 1049 1257 factio
1062 1205 1191 1270 conj
1202 1204 1402 1256 uravit.
1421 1203 1577 1255 Illico
1594 1216 1701 1267 ego
1723 1203 1885 1256 velut
1896 1204 2171 1268 postlimi-

561 1295 657 1348 nio
681 1294 1107 1359 Jerosolymam
1130 1306 1263 1346 sum
1285 1306 1571 1357 reversus,
1598 1296 1654 1344 et
1677 1296 1809 1358 post
1832 1292 2058 1345 Romuli
2077 1305 2173 1345 ca-

566 1398 713 1449 sam,
740 1390 798 1437 et
819 1385 840 1414 δ
862 1384 1151 1437 nudorum
1186 1383 1454 1448 lupercal,
1492 1383 1876 1436 diversorium
1899 1384 2092 1437 Marias
2115 1387 2173 1436 et

559 1474 894 1539 speluncam
919 1473 1230 1525 Salvatoris
1251 1473 1471 1537 aspexi.
1496 1475 1715 1537 Itaque,
1732 1474 1811 1524 mi
1843 1475 2172 1526 Pauliniane

567 1565 760 1627 frater,
778 1565 914 1628 quia
937 1563 1302 1628 supradictus
1324 1563 1588 1616 Pontifex
1603 1576 1622 1597 ο
1639 1566 1941 1627 Damasus,
1958 1568 2057 1630 qui
2079 1579 2173 1620 me

561 1652 637 1706 ad
655 1654 767 1706 hoc
781 1665 929 1718 opus
945 1654 1168 1718 primus
1183 1653 1505 1718 impulerat,
1528 1655 1651 1714 jam
1679 1654 1951 1707 dormivit
1972 1657 2033 1707 in
2062 1658 2174 1709 Do-

563 1744 739 1803 mino,
756 1745 873 1795 tam
898 1748 1000 1796 tuo
1026 1743 1131 1806 [AL
1156 1742 1342 1807 tuus],
1369 1756 1543 1806 quam
1567 1744 1983 1797 venerabilium
2006 1748 2169 1812 mihi,

2272 576 2704 636 persecutorum
2723 585 2947 637 regum,
2964 578 3022 625 et
3036 586 3154 626 non
3165 580 3256 627 est
3267 576 3573 629 confusus.
3591 583 3830 631 Ambrosius

2270 667 2509 714 sanctus
2534 663 2603 713 de
2635 662 2845 727 Spiritu
2874 665 3100 724 Sancto,
3120 654 3237 717 non
3255 665 3447 718 solum
3476 668 3685 730 verbis,
3699 672 3781 721 sed
3798 681 3831 723 et

2272 753 2550 816 sanguine
2576 765 2682 804 suo
2708 754 2950 818 scripsit.
2994 754 3215 806 Obtulit
3238 756 3387 806 enim
3416 762 3831 820 persecutoribus

2272 843 2611 907 sanguinem
2635 856 2827 903 suum,
2847 856 3017 907 quem
3041 844 3144 908 [AL
3173 846 3346 909 quod]
3363 846 3427 897 in
3446 860 3511 897 se
3535 847 3705 910 fudit,
3724 850 3801 900 sed
3813 866 3831 900 .1

2274 932 2387 983 Deo
2416 932 2488 983 ad
2512 932 2656 984 alios
2676 933 2868 985 adhuc
2896 936 3295 986 reservabatur
3313 937 3567 989 labores.
3585 938 3736 1000 Quod
3760 940 3833 1002 [At

2272 1022 2411 1086 Qui]
2440 1022 2667 1074 etiamsi
2690 1027 2927 1074 secutus
2953 1028 3043 1075 est
3066 1028 3295 1078 Griecos
3311 1026 3633 1079 catholicos
3654 1033 3833 1079 nostro-

2270 1124 2400 1163 rum
2413 1112 2744 1176 Scriptores,
2769 1116 2827 1165 et
2842 1114 3057 1177 aliquid
3080 1114 3151 1167 de
3170 1128 3368 1167 eorum
3386 1117 3624 1181 scriptis
3639 1132 3833 1178 presum-

2271 1202 2404 1266 psit,
2420 1214 2537 1254 non
2549 1202 2825 1255 continuo
2838 1203 2964 1256 hmo
2977 1203 3174 1256 debuit
3191 1209 3288 1256 tua
3310 1216 3446 1257 esse
3472 1219 3699 1257 summa
3719 1220 3831 1258 cura.

2272 1290 2366 1342 hic
2391 1292 2569 1355 labor,
2596 1292 2704 1343 hoc
2730 1292 3006 1358 studium,
3037 1300 3103 1347 ut
3124 1306 3225 1359 pro
3248 1294 3356 1347 hac
3380 1308 3599 1348 caussa
3618 1297 3833 1360 interpre-

2272 1382 2697 1434 tarerislibrum
2715 1383 2943 1448 Didymi
2960 1385 3032 1437 de
3058 1387 3265 1437 Sancto
3297 1386 3535 1451 Spiritu,
3562 1392 3629 1438 ut
3651 1386 3833 1437 furiali-

2272 1471 2385 1523 lius
2402 1478 2901 1537 cognoscerentur,
2928 1475 3025 1538 qui
3048 1475 3311 1527 fortassis
3343 1477 3523 1528 etiam
3535 1480 3829 1525 necessitatem

2274 1562 2562 1614 scribendi
2578 1577 2787 1628 passus
2800 1570 2906 1629 est,
2925 1566 3055 1615 utin
3063 1566 3423 1617 sanientibus
3436 1570 3583 1618 tunc
3598 1566 3830 1618 haereticis

2272 1653 2659 1716 responderet.
2676 1655 2813 1706 Haec
2834 1655 3253 1707 estChristiana
3274 1656 3379 1721 [AL
3399 1656 3719 1720 Christiani]
3743 1670 3830 1707 mo-

2273 1741 2459 1793 destia
2470 1746 2496 1793 ‘2
2508 1746 2596 1795 Sic
2612 1745 2829 1796 monita
2841 1758 3139 1797 servamus
3164 1745 3483 1814 Apostoli3
3498 1743 3829 1814 79djcentis.

560 1833 899 1886 ancillarum
913 1834 1117 1885 Christi
1129 1871 1140 1893 ,
1162 1832 1356 1885 paula
1381 1837 1438 1885 et,
1456 1834 1751 1885 Eustochii
1768 1847 1923 1887 nunc
1934 1808 2169 1900 adjutus
2198 1808 2251 1883 B
2273 1831 2537 1897 Nihilper
2547 1835 3131 1899 contentionem,neque
3144 1808 3239 1900 per
3252 1808 3476 1885 inane1;
3492 1808 3827 1899 g—loliamﬂ’ht-

568 1928 733 1976 oratu
756 1923 817 1987 [Α
827 1923 861 1974 ι.
889 1922 1295 1988 orationibus],
1310 1923 1619 1987 canticum,
1646 1924 1800 1991 quod
1817 1928 2046 1978 cantare
2063 1940 2180 1979 non

606 2012 731 2065 otui
753 2013 815 2065 in
840 2014 988 2066 terra
1003 2012 1210 2075 aliena,
1227 2012 1368 2065 hica
1389 2014 1554 2064 vobis
1576 2019 1919 2078 provocatus
1935 2016 1994 2066 in
2007 2020 2029 2065 J
2038 2021 2179 2065 udam

588 2112 972 2164 mmurmuro,
988 2099 1010 2128 ‘
1021 2100 1411 2163 augustiorem
1423 2100 1603 2152 multo
1614 2101 1803 2153 locum
1816 2103 2177 2168 existimans,

572 2189 673 2254 qui
688 2189 1044 2241 Salvatorem
1067 2189 1287 2252 mundi,
1308 2202 1482 2253 quam
1500 2190 1597 2254 qui
1616 2191 1804 2243 fratris
1820 2192 2019 2257 genuit
2041 2206 2176 2258 par-

568 2278 824 2332 ricidam.
862 2280 932 2331 Et
954 2281 1021 2331 ut
1064 2283 1361 2331 auctorem
1391 2280 1557 2332 titulo
1580 2284 1770 2346 fatear,
1797 2282 1973 2334 malui
2010 2282 2179 2336 alieni

571 2368 760 2434 operis
788 2368 1071 2433 interpres
1095 2369 1362 2435 existere,
1394 2383 1569 2434 quam
1592 2375 1662 2423 ut
1687 2372 1918 2435 quidam
1941 2373 2177 2437 faciunt,

569 2458 739 2522 quasi
751 2471 770 2493 σ
785 2458 1047 2510 informis
1072 2460 1382 2521 cornicula,
1402 2460 1600 2512 alienis
1610 2473 1704 2513 me
1716 2462 1999 2514 coloribus
2015 2464 2181 2515 ador-

570 2558 729 2598 nare.
746 2547 886 2609 Legi
901 2546 1124 2599 dudum
1140 2548 1208 2598 de
1223 2548 1433 2612 Spiritu
1458 2550 1662 2602 Sancto
1688 2552 1993 2615 cujusdam
2016 2552 2181 2604 libel-

566 2634 677 2696 los,
705 2635 945 2698 etjuxta
973 2636 1185 2688 Comici
1216 2639 1497 2702 (Terentii)
1540 2641 1905 2697 sententiam.
1931 2656 2003 2694 ex
2024 2646 2179 2695 (ἑνω-

576 2722 659 2775 cis
677 2723 842 2775 bonis
860 2724 1062 2776 Latina
1086 2725 1205 2776 vidi
1223 2738 1340 2777 non
1365 2728 1535 2779 bona.
1564 2729 1718 2780 Nihil
1738 2730 1816 2781 ibi
1844 2729 2019 2800 378
2054 2733 2179 2784 dia-

568 2811 860 2878 lecticum,
883 2813 1027 2865 nihil
1043 2814 1063 2848 τ
1086 2814 1243 2867 virile
1267 2821 1440 2881 atque
1453 2819 1795 2884 districtum,
1828 2824 1983 2886 quod
2003 2826 2179 2877 lecto-

573 2914 715 2965 rem,
734 2902 826 2953 vel
857 2902 1092 2966 ingratis
1105 2904 1162 2955 in
1187 2917 1496 2959 assensum
1515 2909 1721 2970 trahat,
1747 2912 1845 2962 sed
1873 2914 2177 2967 ﬂaccidum

574 2994 784 3054 totum,
809 2992 998 3057 molle,
1024 2994 1290 3054 nitidum,
1309 3000 1482 3061 atque
1498 2998 1834 3066 formosum,
1852 3008 1907 3054 et
1920 3006 2177 3068 exquisi-

572 3080 649 3133 tis
672 3079 809 3133 hinc
824 3082 957 3134 inde
974 3082 1261 3137 coloribus
1278 3086 1716 3151 pigmentatum.
1734 3092 2021 3156 Didymus
2049 3108 2179 3147 vero

2278 1921 2371 1986 lip.
2392 1920 2498 1985 23.)
2521 1924 2774 1974 ‘lDeinde
2790 1924 3193 1990 quomodo[AL
3212 1926 3443 1989 quaero],
3464 1928 3532 1977 ut
3550 1925 3827 1988 iterum[Al.

2276 2012 2585 2078 inlantum]
2615 2014 2812 2066 eadem
2836 2020 3107 2080 repetam,
3132 2019 3196 2066 tu
3221 2015 3316 2080 qui
3340 2016 3626 2080 praedicas
3647 2027 3750 2067 non
3771 2014 3828 2064 fu-

2277 2103 2543 2166 randum,
2576 2103 2778 2155 furaris
2800 2108 2827 2155 ‘l
2858 2104 3031 2157 Paulo
3055 2109 3187 2157 ante
3223 2105 3742 2169 interpretationem
3762 2104 3831 2153 ili-

2278 2193 2437 2245 cheee
2464 2194 2753 2256 objectum
2778 2194 2882 2245 tibi
2898 2194 3146 2258 dicebas,
3162 2196 3328 2259 quasi
3347 2195 3759 2259 Origenisdicta
3777 2193 3827 2243 fu-

2278 2283 2499 2334 rareris.
2541 2285 2626 2335 Tu
2672 2284 2887 2335 furtum
2922 2285 3149 2348 quidem
3192 2297 3312 2337 non
3342 2286 3592 2350 negasti.
3626 2284 3717 2335 sed
3742 2284 3827 2333 ais:

2278 2389 2307 2423 α
2333 2373 2496 2435 Quod
2518 2373 2659 2424 mihi
2684 2373 2762 2424 illi
2789 2374 3157 2426 maledictum
3182 2376 3499 2428 vehemens
3524 2374 3824 2431 existimant,

2276 2463 2386 2514 hoc
2404 2477 2507 2528 ego
2520 2464 2752 2515 laudem
2789 2463 2938 2516 duco
2970 2464 3299 2527 maximam,
3328 2478 3465 2517 cum
3493 2465 3652 2517 illum
3670 2461 3825 2514 imitari

2276 2554 2429 2615 volo,
2445 2555 2543 2618 qui
2558 2555 2782 2606 cunctis
2798 2555 3180 2619 prudentibus
3191 2562 3247 2608 et
3262 2556 3432 2607 nobis
3454 2555 3559 2622 [AL
3575 2553 3741 2616 vobisj
3753 2553 3825 2612 pla-

2279 2650 2438 2696 cet.»
2473 2647 2594 2697 Tua
2622 2644 2773 2697 furta
2813 2645 3042 2697 laudem
3082 2646 3181 2697 tibi
3218 2652 3501 2710 praestant
3524 2646 3820 2697 maximam:

2276 2734 2419 2785 alios
2444 2734 2595 2786 furta
2620 2748 2725 2786 sua
2754 2735 2903 2799 apud
2930 2738 2983 2786 te
3000 2748 3203 2786 corvos
3219 2741 3276 2787 et
3291 2735 3613 2787 corniculas
3632 2734 3819 2785 faciunt.

2277 2824 2333 2874 Si
2358 2828 2421 2876 tu
2442 2824 2766 2888 Origenem,
2791 2836 2959 2888 quem
2984 2824 3227 2877 alterum
3246 2831 3374 2890 post
3388 2824 3690 2891 Apostolos
3700 2821 3820 2879 dicis,

2275 2918 2425 2965 recte
2442 2914 2581 2965 facis
2597 2913 2822 2977 imitari,
2842 2915 2979 2978 quid
2994 2916 3243 2967 concidis
3264 2929 3417 2973 eum,
3435 2916 3534 2978 qui
3557 2918 3763 2966 secutus
3775 2915 3823 2956 est

2275 3004 2605 3068 Didymum,
2624 3017 2795 3068 quem
2808 3005 3179 3056 nihilominus
3195 3009 3250 3057 et
3262 3006 3599 3070 Prophetam
3613 3001 3820 3056 nominas

2278 3098 2336 3145 et
2348 3094 2747 3158 Apostolicum
2773 3095 2960 3147 virum
2981 3095 3286 3160 designes?
3301 3097 3355 3147 Si
3378 3110 3519 3162 ergo
3535 3105 3709 3159 neque
3730 3098 3821 3138 lanio

573 3182 738 3223 meus
768 3172 1001 3225 oculum
1030 3172 1139 3238 [AL
1170 3176 1387 3241 oculos]
1409 3178 1631 3231 habens
1647 3194 1877 3245 sponsae
1893 3183 1963 3234 de
1976 3188 2178 3234 Cantico
2206 3189 2256 3264 ρ
2280 3195 2347 3236 ac
2372 3184 2469 3235 tali
2493 3185 2617 3236 viro
2641 3185 2944 3236 Ambrosio
2965 3186 3286 3250 pepercisti,
3312 3189 3368 3237 et
3397 3198 3531 3237 eum
3554 3195 3711 3248 quem
3730 3178 3821 3230 alle-

572 3260 957 3324 Canticorum,
985 3264 1042 3315 et
1064 3263 1159 3315 illa
1180 3263 1419 3329 lumina,
1444 3280 1574 3330 quae
1599 3279 1617 3307 ε
1638 3271 1698 3321 in
1722 3272 2034 3325 candentes
2057 3275 2174 3337 jam

578 3353 804 3413 segetes
818 3352 1157 3405 sublimariJ
1162 3367 1299 3407 esus
1312 3357 1588 3423 praecipit,
1609 3361 1804 3423 procul
1819 3362 1993 3414 altius
2004 3363 2057 3413 in
2067 3368 2181 3415 tue-

578 3439 691 3497 tur,
718 3442 776 3490 et
797 3440 1100 3505 antiquum
1114 3444 1280 3495 nobis
1303 3457 1524 3498 morem
1540 3436 1748 3513 reddit,
1766 3454 1832 3502 ut
1849 3452 2058 3503 Videns
2082 3466 2184 3505 vo—

578 3530 740 3579 cetur
768 3529 1067 3593 Propheta.
1092 3532 1252 3583 Certe
1286 3534 1383 3596 qui
1419 3534 1574 3587 hunc
1601 3536 1817 3600 legerit,
1848 3540 2180 3593 Latinorum

578 3615 733 3668 furta
753 3624 1155 3683 cognoscet,et
1186 3628 1515 3676 contemnet
1546 3626 1765 3679 rivulos
1800 3642 1930 3681 cum
1967 3633 2183 3696 ceperit

578 3704 804 3758 haurire
817 3707 888 3759 de
914 3707 1188 3762 fontibus.
1208 3713 1511 3777 Imperitus
1535 3728 1798 3770 sermone
1819 3725 1925 3781 est,
1946 3721 2046 3772 sed
2067 3734 2181 3776 non

579 3794 839 3860 scientia,
886 3800 1267 3863 apostolicum
1321 3805 1511 3857 virum
1555 3819 1628 3859 ex
1671 3809 1797 3873 ipso
1836 3811 1966 3863 stilo
1990 3814 2181 3879 expri-

577 3896 764 3949 mens,
790 3892 908 3940 tam
947 3903 1223 3944 sensuum
1251 3892 1273 3923 ¹¹
1309 3896 1562 3961 nomine,
1608 3911 1782 3963 quam
1819 3901 2181 3968 simplicitate

577 3977 903 4030 verborum.
927 3998 954 4025 ι»

637 4064 725 4121 25.
749 4068 1013 4121 Audistis
1025 4073 1314 4134 quomodo
1339 4086 1512 4139 quem
1527 4082 1662 4130 ante
1695 4092 1933 4133 corvum
1958 4083 2183 4137 dixerat

575 4160 634 4207 et
654 4160 838 4208 totum
853 4161 1243 4222 tenebrosum,
1262 4176 1417 4217 nunc
1432 4165 1644 4219 iterum
1664 4171 2010 4223 corniculam
2031 4176 2179 4239 dicat,

575 4243 781 4297 alienis
798 4259 858 4299 se
879 4249 1085 4312 pennis
1104 4249 1194 4303 vel
1209 4253 1499 4306 coloribus
1520 4256 1950 4325 depingentem,
1968 4272 2013 4311 et
2029 4280 2180 4325 quam

577 4336 818 4402 turpiter
835 4337 1060 4402 laceret,
1080 4346 1136 4394 et
1166 4342 1312 4394 nihil
1350 4344 1511 4397 virile
1545 4346 1698 4401 dicat
1730 4349 1939 4403 habere
1971 4354 2176 4426 virum,

575 4426 676 4491 qui
709 4428 783 4481 ad
798 4429 1179 4484 Ecclesiarum
1203 4432 1411 4487 Christi
1421 4435 1660 4501 gloriam
1678 4439 1893 4493 electus
1917 4455 1951 4495 a
1973 4446 2065 4495 Deo
2088 4454 2176 4512 est,

638 4598 1135 4678 '.hf_s.,_destinare.
1172 4605 1320 4658 Tum
1357 4607 1541 4661 codex
1566 4612 1994 4665 Guarnerianus
2019 4616 2177 4678 alter,

576 4669 1273 4753 Periarchonlibris
1313 4680 1464 4733 hanc
1508 4684 1812 4748 subjungit
1850 4669 2183 4753 Hieronymi

579 4740 997 4821 Praefationem,
1034 4748 1162 4811 plus
1188 4750 1380 4816 habet,
1405 4740 1757 4806 ίηάίοίοέέδῖ
1775 4759 1963 4821 praelia
1988 4740 2183 4811 doEm';

580 4826 783 4861 narum
808 4814 1095 4866 adversum
1124 4835 1227 4883 me,
1251 4826 1356 4873 etc.

641 4882 740 4935 bIn
764 4897 829 4961 ea
841 4887 1064 4961 Praefat.
1085 4904 1158 4942 ex
1186 4882 1326 4944 mss.
1347 4896 1747 4961 editorumque
1763 4902 2023 4955 codicum
2044 4917 2184 4957 con-

581 4967 759 5008 sensu
794 4956 1041 5035 legimus
1072 4963 1345 5015 ludorum.
1391 4969 1467 5018 At
1487 4956 1678 5033 neque
1701 4972 2080 5035 incongruum
2107 4956 2184 5028 sit

576 5034 868 5113 receptam
892 5032 1019 5085 beic
1042 5035 1349 5113 lectionem
1385 5032 1623 5093 retinere
1646 5032 1941 5098 nudorum.
1978 5049 2184 5113 Luper-

576 5103 906 5182 cos__nudos
921 5109 1282 5182 cucurrisse,
1327 5124 1577 5176 eumque
1601 5116 1891 5168 exstitisse
1917 5119 2041 5182 ejus
2064 5103 2183 5172 lus-

578 5173 839 5247 trationis
863 5178 1057 5243 ritum,
1084 5193 1200 5232 non
1245 5185 1333 5233 est
1359 5183 1459 5247 qui
1482 5173 1718 5237 nesciat.
1747 5189 1787 5238 E
1818 5173 1962 5242 mss:
1988 5197 2181 5244 autem

576 5243 981 5322 Guarnerianis
1005 5264 1153 5303 unus
1176 5243 1433 5305 ludorum
1458 5256 1833 5322 lupercalium,
1858 5261 1999 5313 alter
2023 5243 2179 5313 ludo-

583 5332 707 5367 rum
724 5318 1024 5384 lupercalia
1045 5324 1238 5378 habet.

639 5400 657 5419 °
682 5392 907 5447 Reticet
927 5410 1030 5448 ms.
1063 5412 1214 5451 unus
1238 5400 1603 5453 Guarnerian.
1637 5403 1909 5453 Damasus
1932 5418 2178 5460 nomen:

573 5459 714 5544 alter
726 5463 849 5528 jam
866 5467 1065 5521 dor-mit
1088 5470 1265 5525 habet
1280 5486 1381 5537 pro
1397 5474 1668 5536 dormivit,
1698 5480 1821 5527 tum
1847 5479 2063 5527 hortatu
2080 5459 2180 5544 pro

573 5540 750 5585 oratu.

641 5604 905 5687 f'Vitiose
936 5613 1194 5667 Martian.
1240 5619 1370 5682 post
1413 5619 1629 5670 Erasm.
1663 5620 2028 5684 angustiorem
2054 5621 2178 5674 heic

574 5681 809 5732 retinuit
857 5690 1055 5737 contra
1106 5690 1160 5739 S.
1214 5681 1474 5742 Doctoris
1526 5681 1795 5743 mentem.
1832 5693 1941 5745 Sed
1967 5698 2023 5746 et
2056 5708 2171 5747 ms.

574 5749 813 5826 utegue
836 5754 1200 5826 Guarnerian.
1224 5768 1439 5826 peccat.

642 5828 659 5848 '
684 5820 811 5876 Duo
824 5825 1195 5887 Guarneriani
1215 5820 1356 5888 fnss.
1381 5836 1575 5889 tacent
1597 5836 1772 5902 quasi.

2199 4519 2257 4591 D

2281 3287 2409 3325 rum
2446 3278 2574 3338 post
2601 3275 2901 3339 Apostolos
2925 3274 3142 3336 scribis,
3170 3279 3344 3338 atque
3366 3276 3634 3327 omnibus
3656 3270 3822 3336 placere

2281 3363 2683 3428 prudentibus,
2720 3375 2787 3415 ac
2822 3362 2977 3415 mille
3012 3363 3136 3414 aliis
3171 3363 3456 3426 laudibus,
3494 3375 3607 3415 non
3628 3358 3819 3412 duobust

2282 3458 2348 3505 ut
2371 3453 2533 3517 dicis,
2568 3452 2696 3504 sed‘
2736 3453 3049 3505 innumeris
3067 3452 3296 3518 scriptis
3327 3453 3442 3505 tuis
3472 3463 3656 3516 usque
3675 3447 3735 3500 ad
3753 3455 3823 3495 cte-

2280 3544 2401 3595 lum
2426 3544 2701 3608 extulisti,
2738 3556 2969 3595 rursum
2993 3544 3348 3604 haareticum,
3373 3556 3547 3608 quem
3570 3547 3692 3594 ante
3710 3540 3817 3600 Apo-

2283 3634 2496 3686 stolum
2520 3634 2684 3686 facis:
2705 3636 2761 3686 et
2777 3634 3086 3698 Didymum
3105 3635 3298 3698 ipsum
3322 3634 3498 3695 hunc.
3524 3642 3684 3697 quem
3709 3635 3818 3678 nunc

2281 3725 2622 3790 Prophetam
2652 3724 2963 3787 videntem,
2983 3728 3039 3776 et
3060 3724 3293 3777 oculum
3317 3724 3624 3777 habentem
3646 3724 3817 3783 sponsa

2282 3814 2353 3867 de
2377 3816 2609 3867 Cantico
2636 3814 3015 3876 Canticorum,
3041 3817 3096 3865 et
3119 3814 3516 3878 Apostolicum
3542 3814 3709 3865 virum
3730 3815 3814 3857 sen-

2283 3918 2455 3957 suum
2472 3905 2706 3957 nomine
2723 3904 3008 3969 designas,
3026 3905 3232 3955 iterum
3248 3917 3377 3956 eum
3394 3912 3711 3969 perversum
3725 3896 3817 3946 doc-

2280 3998 2463 4048 torem
2480 3995 2817 4059 criminaris,
2837 3994 3051 4046 etinter
3065 3994 3464 4048 hazreticorum
3484 3989 3741 4047 consortia
3754 3989 3816 4034 tua

2282 4086 2556 4147 censoria,
2584 4089 2648 4137 ut
2672 4085 2777 4146 ais,
2794 4084 3021 4149 virgula
3036 4098 3306 4151 segregas
3325 4100 3337 4136 :
3356 4097 3534 4149 quam
3549 4079 3785 4145 virgulam
3796 4082 3815 4119 ξι

2282 4188 2397 4241 quo
2440 4176 2726 4240 acceperis
2766 4175 3148 4237 nescio;nam
3193 4177 3421 4227 Petrum
3468 4168 3814 4227 semelscimus

2282 4266 2472 4318 claves
2486 4279 2521 4317 a
2544 4265 2769 4317 Christo
2790 4265 3099 4330 accepisse,
3130 4266 3242 4317 ista
3265 4264 3436 4317 modo
3452 4260 3722 4318 censorias
3740 4252 3818 4304 vir-

2282 4355 2448 4421 gulas
2478 4356 2576 4419 qui
2633 4354 2737 4419 [AL
2786 4356 2938 4419 quis]
2986 4356 3219 4420 spiritus
3267 4359 3480 4420 erogat,
3528 4358 3586 4407 tu
3620 4343 3811 4405 videris:

2282 4446 2329 4497 si
2354 4445 2596 4509 inquam
2634 4444 2737 4509 [AL
2780 4444 2992 4509 inique]
3041 4445 3184 4497 istos
3209 4457 3428 4509 omnes,
3474 4456 3618 4509 quos
3652 4444 3735 4493 tuo
3753 4439 3815 4482 οτε

2345 4617 2360 4647 ί
2383 4617 2541 4670 Alter
2574 4617 2964 4677 Guarnerian.,
3006 4617 3151 4667 nihil
3182 4615 3327 4677 mue,
3370 4622 3529 4681 atque
3562 4608 3691 4681 quod
3710 4607 3815 4685 Ιςεξξὲ

2281 4704 2395 4738 rem
2444 4690 2518 4738 ad
2568 4704 2785 4738 sensum
2831 4691 3031 4740 trahat.
3094 4689 3246 4740 Infra
3296 4679 3813 4754 uterdue,vca:quistlt5

2284 4762 2413 4812 hinc
2436 4762 2562 4811 inde
2592 4762 2843 4811 odoribus
2873 4763 3288 4826 pigmentalum.

2347 4844 2363 4872 ⁸
2388 4835 2547 4886 Idem
2564 4848 2699 4898 ms.,
2723 4836 2783 4884 in
2806 4834 3046 4884 cadentes
3061 4836 3181 4899 jam
3205 4840 3408 4898 segetes.
3732 4892 3764 4903 υ

2344 4906 2365 4936 ⁸³
2394 4909 2601 4960 Denuo
2638 4895 2780 4960 alter
2802 4895 3170 4960 Guarnerian.
3222 4895 3331 4956 tdm
3374 4922 3469 4957 suo
3494 4895 3811 4979 nomine.

2282 4979 2417 5032 olim
2430 4981 2490 5032 in
2509 4981 2605 5045 huj
2620 4987 2809 5033 usmet
2824 4980 3179 5032 Praefationis
3196 4973 3811 5045 Hieronymianzeediuons

2281 5042 2647 5115 reposuimus
2668 5054 2873 5102 lumine
2891 5066 2964 5105 ex
2984 5053 3237 5116 antiquis
3257 5042 3430 5104 libris.
3465 5048 3656 5103 Recole
3675 5042 3808 5116 tam?”

2282 5112 2414 5187 quae
2430 5124 2615 5176 deilla
2644 5125 2887 5177 lectione
2928 5125 3007 5176 ibi
3044 5112 3327 5176 diximus;
3353 5127 3519 5176 Porro
3545 5125 3597 5174 S.
3627 5112 3808 5169 Ambro‘

2282 5197 2434 5270 sium
2447 5210 2562 5248 non
2571 5208 2727 5270 esse,
2743 5211 2912 5262 quem
2922 5198 3313 5270 Hieronymus
3327 5198 3433 5248 sub
3447 5190 3719 5270 cornicula8
3735 5188 3808 5270 llo:

2281 5269 2435 5320 mine
2452 5269 2700 5333 irrideat,
2724 5260 2790 5321 ut
2813 5269 3059 5321 Ruﬁnus
3076 5260 3389 5331 contendit,
3407 5282 3478 5320 ex
3496 5281 3560 5319 eo
3583 5260 3804 5333 ἵεις-1161)ῗῖ

2280 5340 2470 5401 batur.
2523 5323 2699 5404 Quod.
2725 5342 3152 5393 sanctissimum
3197 5323 3543 5406 Episcopum
3572 5340 3618 5389 S.
3658 5323 3805 5406 Ιᾷοοίίξτ

2280 5412 2520 5494 maximi
2541 5402 2814 5509 continuo
2824 5414 3046 5509 Afecer‘i’t,
3059 5427 3145 5509 1ac
3176 5402 3389 5493 passim
3418 5402 3805 5509 nomi‘net‘gogg:

2280 5484 2357 5535 ris
2394 5496 2618 5547 caussa,
2647 5488 2704 5537 et
2725 5485 2935 5537 laudet.
2974 5485 3115 5537 Vide
3141 5497 3273 5548 quae
3310 5486 3369 5535 in
3400 5497 3533 5536 eum
3566 5482 3720 5534 locum
3738 5477 3802 5515 δυ’

2278 5558 2569 5606 notamus.
3709 5612 3715 5620 ι

2345 5626 2642 5647 armum“---
2665 5626 2851 5647 ηιμ---
2880 5627 3108 5647 ..ι-κη---
3144 5627 3250 5647 ,λιι
3298 5626 3556 5647 -,.,:..‘,_.._'_
3598 5600 3799 5647 n‘nnlmfll)

2342 5626 2355 5656 ί
2380 5628 2645 5678 Fortasse
2665 5626 2855 5678 verius
2878 5627 3116 5691 antiqua
3140 5627 3272 5679 edit.
3295 5626 3572 5676 universis.
3598 5617 3798 5698 Terllfjﬁlj

2278 5697 2387 5749 hoc
2414 5711 2583 5750 versu
2602 5700 2747 5748 hunc
2770 5684 3085 5763 pronomen
3096 5700 3425 5751 addidimus
3441 5711 3513 5750 ex
3530 5684 3793 5763 mss-.‘u'pf’j‘

2214 5810 2225 5823 .
2278 5757 2789 5833 demonstrationi;
2818 5785 2991 5836 quam
3038 5772 3281 5823 Rufinus
3326 5770 3583 5829 intendit,
3616 5757 3800 5831 percom'

2276 5841 2539 5895 modum.
