3900 6416
81 397 216 457 605
1270 403 1647 456 APOLOGIzE
1679 404 1729 455 Ιιῖ

1837 407 1891 458 ἰΒ
1923 405 2306 461 SECUNDUS.
3319 412 3429 471 606

81 512 399 579 laudasti,
437 518 539 569 tuo
580 528 675 570 ore
696 529 930 570 rursum
953 515 1324 582 condemnas,
1355 516 1493 581 quid
1516 529 1622 583 ego
1654 518 1728 570 ad
1752 522 1807 596 Α
1837 519 2186 573 Catholicam
2201 532 2431 585 sequar.
2455 521 2541 574 Tu
2563 521 2665 587 qui
2697 522 2977 589 scripsisti
2998 523 3154 589 talia,
3180 530 3239 578 et
3261 539 3429 581 secu-

81 604 259 656 istos
308 605 487 670 pulex
531 605 604 658 de
636 619 728 661 me
760 620 1098 672 conquerar,
1126 607 1175 659 si
1197 620 1288 659 me
1310 619 1465 659 nunc
1488 607 1726 687 laceres,
1832 613 1929 661 tus
1974 623 2035 662 es
2077 624 2192 675 eos,
2244 624 2392 676 quos
2438 623 2662 665 errasse
2699 613 2992 678 credebas,
3018 615 3117 679 qui
3138 616 3256 668 tam
3283 616 3427 669 indi-

84 706 294 757 quem
338 700 398 748 et
433 696 496 748 in
547 697 814 760 Epistolis
855 697 971 749 tuis
1007 700 1139 750 ante
1177 697 1533 751 laudaveras.
1579 702 1637 749 et
1666 698 1726 749 in
1826 713 1939 764 gne
1983 701 2054 753 de
2086 704 2204 754 Deo
2245 702 2545 767 scripsisse
2586 702 2890 756 convictus
2933 716 3012 769 es,
3044 708 3111 756 tu
3151 717 3258 770 age
3299 719 3428 771 pm-

92 784 423 836 Chronicis
468 786 584 837 tuis
610 795 628 815 ·
667 787 956 839 Florentio
991 792 1050 840 et
1072 788 1315 851 Bonoso,
1356 800 1455 852 pro
1479 788 1635 852 vitm,
1660 792 1727 840 ut
1824 792 2141 857 nitentiam,
2186 790 2336 859 38|
2391 792 2439 843 si
2488 796 2680 844 tamen
2722 796 2893 857 putas
2928 793 3034 845 tibi
3056 793 3427 861 blasphemia

92 874 217 938 ais,
234 874 544 928 nobilitate
566 877 975 941 conjunxeras.
1825 882 2038 933 crimen
2067 881 2314 945 ignosci.

171 963 270 1018 26.
310 964 500 1017 Etiam
522 979 629 1018 nec
653 964 791 1017 illud
812 967 935 1031 ejus
959 966 1290 1022 admirabile
1316 966 1529 1019 factum
1553 966 1726 1019 silen-

98 1053 264 1106 dum
288 1058 397 1118 est,
428 1068 502 1108 ne
521 1048 1117 1124 pudorem380incu
1128 1058 1336 1109 tiamus
1360 1057 1725 1109 audientibus

104 1143 284 1209 quod
309 1144 621 1197 Marcellini
652 1146 918 1198 Consulis
940 1146 961 1175 δ
984 1136 1232 1212 neptem,
1250 1158 1433 1212 'quam
1448 1149 1725 1200 Romana:

99 1234 442 1286 nobilitatis
485 1235 746 1300 primam,
792 1236 1033 1302 parvulo
1070 1237 1186 1290 ﬁlio
1209 1239 1407 1290 Romae
1437 1236 1723 1301 derelicto,

103 1325 541 1390 Jerosolymam
564 1327 817 1391 petiisse,
835 1331 892 1379 et
906 1327 986 1379 ibi
1001 1328 1075 1380 ob
1089 1329 1316 1390 insigne
1328 1328 1595 1380 meritum
1611 1327 1726 1379 vir-

108 1415 264 1466 tutis
310 1415 580 1468 Theclam
616 1416 993 1477 nominatam,
1029 1418 1088 1468 in
1110 1417 1254 1482 ipsis
1280 1417 1576 1469 Chronicis
1602 1417 1724 1469 suis

108 1505 469 1570 scripserat:
519 1509 650 1571 post
690 1507 747 1558 id
790 1507 861 1559 de
908 1508 1333 1572 exemplaribus
1368 1508 1489 1559 suis
1532 1508 1721 1571 erasit,

112 1608 263 1647 cum
306 1597 471 1647 actus
528 1608 664 1647 suos
716 1596 955 1648 vidisset
998 1597 1357 1649 districtioris
1407 1597 1725 1661 disciplina)

114 1684 359 1737 feminae
370 1685 1094 1751 displicere.Compellimur
1109 1687 1340 1751 quidem
1359 1687 1521 1752 plura
1534 1687 1725 1739 adhuc

111 1776 193 1826 de
206 1774 437 1839 scriptis
446 1775 574 1839 ejus
590 1788 954 1840 congregare,
972 1780 1037 1828 ut
1054 1780 1420 1841 agnoscatur,
1432 1788 1609 1840 quam
1622 1789 1725 1828 ve-

1886 970 1973 1025 Ἦ.
2015 970 2290 1034 Nunquid
2306 982 2436 1022 mea
2456 970 2650 1034 aliqua
2670 970 2920 1036 proferre
2944 975 3106 1037 potes
3129 972 3340 1039 scripta
3356 974 3426 1027 si-

1822 1060 1996 1125 milia,
2026 1060 2085 1111 in
2103 1060 2316 1124 quibus
2334 1073 2425 1112 me
2438 1060 2530 1112 vel
2553 1060 2929 1124 injuventute
2940 1074 3163 1115 errasse
3179 1063 3421 1117 convin-

1823 1162 1920 1201 cas
1940 1154 1962 1199 ἓ
1993 1149 2144 1201 sicut
2163 1153 2225 1201 tu
2250 1160 2369 1201 non
2392 1154 2509 1202 tam
2535 1149 2821 1202 conﬁteris
2845 1162 3018 1214 quam
3041 1150 3420 1205 convinceris.

1823 1241 1943 1303 Ego
1963 1238 2483 1305 meinterpretandi
2505 1239 2808 1303 disciplina
2823 1241 3422 1295 tantummodoimita-

1823 1334 1946 1381 tum
1980 1329 2052 1382 de
2082 1330 2202 1381 dixi
2227 1329 2321 1383 vel
2347 1332 2633 1395 secutum,
2655 1329 2673 1359 '
2687 1329 2788 1382 sed
2813 1331 3092 1383 tamenin
3113 1331 3422 1396 nulloalio,

1822 1419 1881 1470 in
1904 1431 2016 1483 quo
2040 1419 2212 1471 etiam
2241 1419 2343 1471 tibi
2367 1419 2880 1484 omneminjuriam
2900 1420 3108 1472 factam
3118 1433 3249 1473 esse
3259 1421 3421 1487 dicis,

1823 1509 1957 1573 quia
2006 1513 2238 1561 secutus
2290 1522 2439 1573 sum,
2478 1509 2632 1573 quod
2678 1513 2734 1561 te
2781 1509 3037 1562 videram
3067 1510 3129 1562 in
3158 1511 3423 1563 Homiliis

1824 1599 2143 1651 secundum
2186 1601 2360 1652 Lucae
2393 1599 2769 1664 Evangelium
2815 1599 3035 1661 fecisse,
3077 1605 3144 1652 ut
3166 1610 3186 1640 ι
3217 1602 3315 1653 ubi
3349 1602 3421 1655 de

1820 1688 1960 1740 Filio
1977 1689 2080 1741 Dei
2102 1689 2163 1740 in
2186 1690 2385 1741 Graeco
2407 1701 2525 1741 non
2547 1694 2701 1741 recte
2723 1689 3418 1756 inveneras,prmterieris,

1821 1779 1879 1830 in
1914 1779 2009 1830 illo
2037 1780 2162 1831 loco
2195 1779 2297 1831 ubi
2320 1779 2458 1830 dicit
2483 1796 2493 1828 :
2523 1779 2842 1843 Magni/teat
2875 1779 3070 1829 anima
3089 1794 3209 1830 mea
3232 1782 3423 1830 Domi-

109 1876 257 1915 rum
295 1864 369 1915 sit
405 1869 463 1916 et
493 1865 603 1915 hoc
634 1864 790 1929 quod
822 1865 1036 1931 scribit,
1072 1865 1227 1929 quod
1250 1866 1310 1917 in
1346 1866 1468 1918 suis
1491 1866 1720 1918 duabus
1745 1851 1798 1925 B
1828 1882 1994 1918 num:
2028 1873 2075 1917 et
2103 1867 2364 1918 exultavit
2393 1867 2619 1933 spiritus
2643 1882 2794 1918 meus
2817 1867 2879 1917 in
2903 1868 3007 1917 Deo
3030 1868 3264 1919 salutari
3290 1884 3420 1923 meo.

106 1956 354 2005 tantum
387 1953 846 2007 Prmfatiunculis
883 1954 1144 2019 Origenis
1186 1954 1523 2016 meminerit,
1548 1956 1610 2007 in
1631 1955 1724 2006 his

117 2042 234 2107 [Αἱ.
278 2045 335 2095 et
376 2042 504 2108 hoc]
555 2056 675 2095 non
706 2044 879 2095 ﬁdem
917 2045 1062 2108 ejus,
1109 2044 1211 2096 sed
1258 2045 1570 2109 ingenium,
1605 2057 1724 2096 non

109 2133 516 2197 dogmatisten
548 2147 698 2197 eum,
736 2134 839 2187 sed
863 2134 1233 2202 interpretem
1262 2134 1521 2187 laudans.
1547 2134 1725 2187 Adhi-

109 2223 225 2275 bui
246 2233 266 2253 ο
290 2223 517 2276 interim
542 2224 758 2277 decem.

186 2311 274 2368 27.
302 2313 409 2366 Sed
420 2326 501 2366 ne
519 2313 742 2365 dilatari
765 2313 938 2365 nimis
960 2326 1284 2367 sermonem
1308 2326 1616 2367 onerosum
1630 2314 1722 2379 sit,

115 2403 416 2456 suﬁlciant
462 2404 691 2456 interim
728 2404 873 2467 haec,
912 2405 973 2456 in
1018 2405 1229 2469 quibus
1271 2417 1405 2457 eum
1451 2408 1509 2457 et
1553 2405 1720 2469 quasi

112 2492 463 2560 Apostolum
487 2494 698 2556 laudat,
718 2499 775 2547 et
789 2495 956 2559 quasi
970 2495 1345 2547 Ecclesiarum
1363 2495 1717 2560 magistrum:

114 2589 182 2636 et
214 2584 349 2649 quia
381 2597 501 2636 non
525 2597 626 2649 pro
661 2584 788 2649 ﬁde,
814 2598 930 2637 non
959 2584 1063 2650 [AL
1100 2585 1225 2651 nec]
1254 2598 1353 2650 pro
1377 2585 1719 2650 dogmatum

107 2675 400 2737 novitate,
418 2679 484 2727 ut
509 2674 692 2726 rabidi
719 2687 876 2727 nunc
900 2687 1072 2727 canes
1097 2675 1388 2736 simulant,
1406 2675 1717 2728 adversum

114 2778 263 2818 cum
285 2767 582 2817 moveatur
604 2764 743 2816 ordo
766 2766 1062 2817 Romanus
1082 2780 1094 2816 :
1113 2769 1171 2817 et
1185 2764 1522 2830 quiaipsum
1535 2765 1719 2829 sequi-

112 2860 246 2919 tur,
272 2854 366 2918 qui
377 2854 646 2906 omnibus
658 2854 1037 2918 prudentibus
1060 2858 1118 2907 et
1133 2854 1240 2919 ipsi
1253 2854 1452 2919 placet,
1479 2860 1537 2908 et
1551 2858 1723 2904 omnia

112 2944 239 3006 illa,
276 2956 403 3008 quae
422 2944 657 2996 insertae
681 2944 945 3009 superius
961 2946 1089 3008 ejus
1110 2944 1571 2997 Praefatiunculaa
1584 2957 1722 2997 con-

112 3036 427 3087 testantur.
446 3035 659 3085 Verum
676 3034 801 3086 haec
818 3046 1048 3098 quoquo
1065 3034 1237 3086 modo
1254 3034 1386 3098 sint,
1404 3049 1722 3097 quaecunque

114 3124 307 3177 habes
330 3129 393 3175 tu
421 3136 555 3175 cum
576 3124 703 3175 istis
728 3124 819 3177 vel
843 3123 1212 3189 antiquis,vel
1226 3123 1472 3176 novellis
1490 3124 1723 3188 scripto-

114 3215 302 3274 ribus,
332 3213 454 3266 sive
478 3227 574 3266 eos
604 3219 665 3265 tu
703 3214 1027 3278 Apostolus,
1071 3214 1195 3267 sive
1220 3226 1319 3266 eos
1343 3213 1363 3243 ⁴
1398 3216 1723 3266 venerarios

118 3305 362 3366 scribas,
381 3305 503 3356 sive
528 3303 840 3368 Prophetas
864 3317 965 3356 eos
982 3308 1063 3367 tu,
1087 3304 1524 3368 siveperversos
1537 3304 1729 3357 docto-

126 3407 228 3447 res
253 3407 438 3454 voces,
464 3394 536 3446 ad
551 3406 646 3446 me
670 3395 775 3446 ista
798 3394 938 3458 quid
964 3396 1262 3458 spectant?
1285 3395 1371 3446 Tu
1404 3407 1506 3459 pro
1518 3394 1609 3446 his
1631 3407 1725 3448 va-

120 3484 428 3537 rietatibus
456 3485 588 3548 tuis,
610 3497 707 3549 pro
725 3484 1086 3536 contumeliis
1100 3489 1157 3536 et
1171 3484 1614 3537 lacerationibus
1630 3486 1726 3537 bo-

119 3587 353 3641 norum,
376 3578 529 3628 recte
552 3574 950 3640 paenitentiam
967 3583 985 3605 ο
1009 3574 1208 3640 egeris,
1231 3576 1279 3626 si
1305 3580 1498 3628 tamen
1520 3576 1722 3641 egeris.

122 3664 273 3733 Mihi
293 3677 464 3729 quare
487 3665 649 3727 dicis,
665 3665 712 3716 si
730 3665 913 3718 secuti
936 3668 1073 3718 sunt
1092 3670 1396 3730 errantem,
1413 3671 1731 3730 sequantur

122 3759 444 3808 correctum
454 3758 714 3821 ‘tApage,
736 3755 889 3808 absit
904 3769 938 3808 a
961 3768 1067 3808 me.
1090 3758 1418 3820 Numquam
1433 3769 1538 3822 ego
1557 3769 1661 3809 nec
1675 3758 1728 3809 te

121 3858 242 3899 nec
273 3845 447 3897 alium
484 3850 769 3898 errantem
808 3851 1045 3899 secutus
1088 3859 1235 3908 sum,
1286 3847 1386 3899 sed
1422 3847 1485 3898 in
1516 3846 1730 3900 virtute

124 3934 464 4001 Christi,nec
490 3940 564 3999 te,
582 3949 689 3989 nec
711 3936 888 3989 alium
905 3948 1274 4002 quemquam,
1290 3937 1403 3988 nisi
1416 3937 1730 3989 Ecclesiam

202 4115 220 4137 ³
262 4106 348 4158 Ad
401 4118 493 4159 an.
540 4105 661 4163 381.
713 4107 1041 4168 Florentius,
1091 4108 1360 4169 Bonosus,
1413 4112 1459 4157 et
1502 4108 1733 4171 Rufinus

128 4179 371 4244 insignes
404 4180 658 4230 Monachi
684 4180 965 4230 habentur.
993 4180 1100 4231 Sed
1133 4184 1188 4231 et
1224 4191 1334 4230 ms.
1361 4179 1731 4232 Guarnerian.

127 4252 440 4305 Florentino
462 4252 590 4304 heic
611 4252 789 4305 habet
811 4266 910 4317 pro
933 4252 1218 4303 Florentio.

205 4324 226 4353 δ
249 4326 366 4376 lmo
387 4324 563 4388 ﬁliam
583 4325 782 4377 dicunt
802 4325 1030 4377 codices
1054 4324 1482 4390 Hieronymiani
1510 4339 1522 4376 :
1547 4324 1737 4391 potuit

133 4409 276 4451 vero
298 4399 351 4448 et
375 4397 558 4458 neptis
583 4403 640 4450 et
654 4397 769 4449 ﬁlia
785 4397 1072 4462 appellari,
1091 4397 1246 4461 quod
1260 4397 1504 4450 alterum
1515 4399 1736 4449 Consu-

131 4468 252 4520 lem
281 4468 621 4520 Marcellium
645 4482 818 4521 avum
839 4469 1121 4532 habuerit,
1148 4470 1392 4521 alterum
1418 4473 1736 4533 patrem,ut

1828 1957 1991 2010 Nosti
2023 1958 2160 2021 quia
2202 1957 2273 2009 de
2305 1958 2514 2019 anima,
2556 1957 2736 2009 sicubi
2775 1956 2887 2021 illa,
2912 1970 3045 2022 qum
3071 1957 3258 2010 solent
3292 1959 3421 2024 dici,

1826 2060 1942 2099 non
1964 2047 2308 2112 praeterieris
2331 2048 2435 2112 [Αι.
2458 2047 2822 2112 praeterires],
2857 2047 3038 2100 sedea
3056 2048 3244 2099 adhuc
3254 2050 3421 2110 etiam,

1827 2149 1900 2188 ex
1918 2141 1973 2188 te
1984 2136 2196 2189 additis
2209 2137 2562 2201 quibusdam
2576 2136 3011 2200 assertionibus,
3024 2137 3272 2189 lucidius
3288 2138 3424 2190 scri-

1826 2226 2026 2291 pseris,
2053 2227 2198 2278 utin
2218 2226 2312 2278 illo
2334 2226 2477 2288 loco,
2491 2226 2622 2276 Ecce
2643 2230 2701 2274 ut
2716 2225 2862 2288 facta
2877 2230 2949 2275 est
2959 2238 3065 2276 υοω
3077 2226 3423 2277 salutationis

1829 2322 1929 2365 tua
1938 2317 2000 2364 in
2016 2316 2242 2365 auribus
2254 2316 2403 2380 meis,
2424 2315 2687 2365 exultavit
2702 2315 2893 2378 infans
2917 2315 2978 2365 in
2995 2320 3147 2365 utero
3159 2330 3275 2366 meo
3291 2333 3309 2376 ,'
3323 2316 3424 2369 ubi

1827 2405 1970 2457 dicis
2003 2405 2157 2469 quod
2181 2418 2298 2457 non
2321 2408 2443 2457 erat
2454 2405 2563 2457 hoc
2577 2404 2922 2470 principium
2935 2405 3277 2458 substantia
3294 2406 3422 2470 ejus

1827 2495 1898 2547 de
1940 2500 2041 2547 tuo
2064 2495 2087 2526 "
2120 2495 2393 2548 addidlsti
2423 2500 2584 2561 atque
2618 2499 2846 2547 naturas.
2884 2496 3027 2547 Haec
3060 2496 3117 2546 et
3137 2494 3292 2547 mille
3313 2494 3423 2547 alia

1823 2584 1914 2636 his
1939 2584 2144 2636 similia
2165 2585 2226 2636 in
2248 2584 2813 2649 interpretationibus
2834 2584 2966 2645 tuis,
2982 2584 3176 2637 sivein
3189 2584 3277 2635 his
3296 2586 3421 2646 ipsis

1825 2674 2104 2736 Homiliis,
2130 2674 2253 2727 sive
2271 2675 2333 2726 in
2354 2674 2622 2738 Jeremia,
2652 2674 2746 2726 vel
2760 2674 2820 2725 in
2851 2674 3016 2736 Isaia,
3041 2674 3298 2727 maxime
3317 2686 3423 2726 au-

1825 2769 1942 2818 tem
1970 2765 2031 2817 in
2056 2763 2341 2816 Ezechiele
2361 2764 2715 2816 subtraxisti.
2744 2766 2827 2816 De
2851 2763 2964 2815 ﬁde
2993 2766 3207 2828 autem,
3231 2764 3290 2816 id
3314 2768 3421 2829 est,

1826 2855 1896 2907 de
1918 2855 2182 2907 Trinitate
2201 2867 2333 2907 cum
2356 2854 2416 2905 in
2443 2853 2754 2918 aliquantis
2767 2854 2907 2906 locis
2923 2853 3085 2907 aliter
3099 2854 3423 2907 invenisses

1825 2957 1958 3009 quae
1982 2946 2083 2997 tibi
2101 2945 2229 2997 visa
2261 2947 2416 3009 sunt,
2436 2944 2873 3008 praetermisisti.
2896 2945 3017 2995 Hoc
3042 2956 3231 3009 genus
3249 2945 3428 2997 inter-

1825 3034 2087 3099 pretandi
2109 3039 2353 3098 uterque
2375 3039 2637 3085 nostrum
2664 3033 2864 3085 tenuit.
2884 3033 3046 3096 Quod
3066 3033 3116 3084 si
3138 3032 3290 3085 alius
3306 3032 3427 3085 cul-

1822 3126 1999 3188 paret,
2025 3126 2090 3175 tu
2112 3123 2309 3187 utique
2323 3122 2670 3187 respondere
2686 3122 2943 3186 deberes,
2962 3122 3061 3187 qui
3078 3122 3304 3187 primus
3313 3122 3426 3175 hoc

1753 3232 1801 3303 C
1822 3213 2055 3265 feceras.
2077 3214 2240 3264 Nunc
2268 3212 2419 3277 ipse‘
2444 3211 2502 3303 id
2525 3211 2743 3276 culpas,
2758 3302 2761 3303 ν
2776 3211 2899 3264 sine
2927 3211 3120 3303 dubio.
3135 3211 3289 3262 unde
3300 3212 3426 3275 ipse

1824 3303 2091 3368 culperis.
2137 3303 2392 3355 Verbum
2438 3301 2509 3353 de
2540 3303 2718 3354 verbo
2751 3301 3127 3366 interpretari,
3168 3304 3339 3353 antea
3368 3305 3428 3354 et

1826 3392 2072 3446 stultum
2094 3406 2224 3447 esse
2248 3396 2304 3445 et
2327 3393 2679 3446 malitiosum
2696 3391 3098 3456 pronuntiasti.
3121 3394 3189 3444 In
3209 3390 3319 3443 hoc
3345 3404 3427 3443 se-

1826 3488 1998 3536 cutus
2036 3497 2166 3536 sum
2191 3489 2262 3535 te.
2290 3483 2561 3547 Nunquid
2580 3482 2632 3550 3
2642 3482 2694 3549 8
2705 3481 2831 3549 2de
2841 3481 2951 3534 hoc
2963 3482 3051 3533 vis
3066 3484 3133 3533 ut
3153 3480 3431 3546 pmniteat

1826 3589 1938 3637 me,
1965 3575 2179 3639 quiatu
2198 3574 2369 3626 modo
2387 3573 2622 3626 mutasti
2644 3572 3013 3635 sententiam,
3025 3578 3083 3623 et
3098 3570 3169 3622 ad
3182 3570 3427 3623 verbum

1824 3666 2260 3731 interpretatum
2274 3669 2327 3717 te
2349 3664 2526 3717 dicis?
2541 3664 2597 3716 Si
2620 3675 2733 3727 qua
2757 3662 2817 3714 in
2834 3662 2944 3714 ﬁde
2959 3662 3158 3715 minus
3180 3660 3433 3715 adiﬁca-

1827 3757 1984 3821 bant,
2008 3754 2317 3819 abstulisti,
2352 3756 2644 3806 itatamen
2665 3753 2980 3817 abstulisti,
3011 3758 3079 3805 ut
3100 3766 3220 3806 non
3236 3752 3431 3807 omnia

1827 3858 1936 3897 nec
1952 3845 2014 3896 in
2036 3846 2310 3896 omnibus
2331 3845 2561 3909 penitus
2577 3846 2924 3908 amputares.
2954 3843 3213 3907 Denique
3229 3843 3291 3896 in
3312 3845 3432 3897 Ho-

1830 3935 2001 3987 miliis
2022 3934 2235 4000 JIsaim,
2254 3934 2412 3986 Visio
2436 3934 2538 3985 Dei
2548 3932 2756 3984 Filium
2782 3937 2840 3984 et
2863 3932 3137 3997 Spiritum
3156 3935 3431 3986 Sanctum

1894 4120 1913 4142 °
1932 4108 2061 4171 Ms.,
2089 4107 2228 4171 geris
2250 4105 2360 4158 hoc
2382 4108 2440 4157 et
2462 4102 2840 4167 subsequenti
2856 4103 3003 4167 loco,
3017 4104 3142 4155 tum
3166 4102 3315 4154 dicas
3329 4116 3433 4169 pro

1833 4180 1984 4241 dicis,
2032 4185 2090 4232 et
2129 4183 2429 4244 sequantur
2463 4182 2509 4227 et
2539 4182 2861 4243 correptum,
2896 4175 3145 4240 denique
3170 4176 3245 4227 vel
3269 4181 3331 4238 te,
3356 4176 3435 4226 vel

1833 4252 2013 4303 alium
2036 4256 2326 4315 errantem,
2350 4254 2457 4303 etc.
2718 4300 2729 4303 Α
3259 4303 3266 4310 ,

1896 4323 1913 4355 τ
1938 4323 2308 4377 Guarnerian.
2361 4325 2510 4374 tacet
2544 4326 2742 4384 tamen,
2778 4320 2834 4373 et
2863 4331 3000 4372 mox
3032 4334 3135 4369 esse
3144 4334 3164 4381 ,-
3199 4319 3324 4372 tum
3347 4320 3432 4370 vi-

1836 4397 1991 4447 deam
2014 4410 2116 4462 pro
2136 4396 2380 4446 videram
2404 4394 2558 4459 legit.

1898 4469 2211 4521 gVoculam
2250 4473 2310 4517 ut
2353 4470 2523 4520 vetus
2566 4464 2740 4518 editio
2773 4468 2829 4517 et
2865 4462 3292 4516 Guarnerianus
3314 4474 3428 4516 ms.

136 4542 622 4636 gor‘i‘tacus_‘notat.
649 4542 1042 4636 (lm‘terumbut
1064 4555 1187 4636 non
1213 4541 1375 4594 facile
1399 4541 1733 4623 crediderim
1764 4562 1822 4636 D
1842 4540 2155 4636 sufﬁciunt.

135 4612 362 4675 Ruﬁno,
379 4612 524 4663 nihil
538 4626 653 4664 non
672 4614 978 4666 intentanti
993 4615 1053 4665 in
1064 4615 1493 4678 Hieronymum,
1509 4613 1737 4679 insigne

137 4682 284 4735 illud
308 4684 375 4735 de
405 4684 645 4736 Melania
670 4686 1067 4737 testimonium
1091 4686 1276 4748 durat,
1301 4690 1475 4749 atque
1498 4686 1558 4737 in
1593 4697 1732 4735 mss.

137 4755 422 4818 editisque
439 4757 699 4808 Chronici
711 4757 1004 4810 codicibus
1017 4758 1319 4822 reperitur:
1338 4757 1511 4807 Melan
1521 4758 1579 4807 ia
1594 4757 1738 4806 nobi-

140 4827 351 4877 lissima
364 4828 652 4878 mulierum
666 4830 1060 4891 Romanarum,
1074 4835 1119 4880 et
1142 4830 1445 4880 Marcellini
1457 4848 1486 4895 q
1496 4830 1737 4879 uondam

145 4900 388 4951 Consulis
411 4900 549 4963 ﬁlia,
576 4902 758 4966 unico,
780 4903 1016 4952 Prcetore
1045 4908 1171 4952 tunc
1202 4903 1435 4962 Urbano,
1451 4902 1564 4967 ﬁlio
1589 4903 1738 4951 dere-

142 4970 281 5032 licto,
310 4972 700 5038 Jerosolymam
724 4975 1020 5038 navigavit,
1043 4974 1134 5024 ubi
1159 4979 1308 5025 tanto
1331 4976 1739 5039 virtutumprae-

142 5045 395 5109 cipueque
441 5045 771 5095 humilitatis
791 5047 901 5109 fuit
930 5047 1212 5108 miraculo,
1239 5053 1297 5096 ut
1326 5047 1517 5097 Theclae
1540 5062 1737 5097 nomen

143 5118 410 5181 acceperit.
437 5117 665 5170 Videsis
697 5118 768 5170 de
792 5122 949 5171 recta
971 5118 1147 5183 hujus
1174 5119 1414 5171 lectione
1438 5119 1561 5184 loci,
1585 5131 1738 5184 pras-

143 5191 230 5239 ter
263 5200 393 5251 quae
416 5188 691 5241 adnotata
708 5190 877 5242 nobis
902 5194 1040 5242 sunt
1063 5189 1135 5241 ad
1161 5190 1521 5252 Chronicum,
1547 5190 1740 5243 Ruﬁni

142 5259 329 5311 Vitam
351 5260 496 5313 libro
530 5266 586 5313 et
610 5274 734 5326 cap.
760 5261 809 5316 1.
837 5275 999 5315 num.
1032 5261 1082 5315 5.

206 5340 224 5362 ⁸
256 5332 433 5384 Vetus
462 5333 617 5397 edit,
649 5332 893 5384 Adhibui
925 5335 1121 5384 iterum
1165 5333 1356 5399 decem,
1388 5338 1450 5387 ut
1477 5339 1535 5387 et
1563 5335 1740 5387 Guar-

145 5416 341 5454 nerian
361 5418 465 5455 IIIS.

208 5474 230 5503 ἀ
263 5474 487 5537 Eadem,
521 5476 627 5525 sive
651 5476 845 5527 iterum
875 5479 1189 5528 venenarios
1204 5495 1221 5539 ;
1243 5478 1322 5531 ita
1341 5478 1495 5542 apud
1518 5477 1741 5530 Tertul-

146 5546 354 5598 lianum
398 5561 629 5612 quoque
666 5549 736 5601 de
767 5549 1043 5601 Pudicltia
1073 5564 1192 5615 cap.
1220 5552 1286 5602 V.
1320 5550 1419 5603 Pro
1443 5551 1740 5600 venerariis

150 5619 241 5671 alii
264 5622 577 5672 venenarios
598 5623 797 5687 legunt
822 5638 834 5674 :
859 5625 1171 5688 utrumque
1185 5626 1378 5677 autem
1392 5636 1605 5676 nomen
1615 5636 1740 5688 per-

152 5690 281 5744 ditas
304 5692 451 5754 ﬁdei,
476 5699 535 5746 et
563 5694 929 5748 conscientia
953 5695 1216 5748 homines
1238 5699 1415 5749 notat.
1448 5697 1552 5747 Ms.
1569 5697 1741 5748 Guar-

154 5765 363 5887 ieritan.
384 5766 525 5820 illud
537 5768 771 5834 quidem
781 5768 997 5822 iterum.
1012 5769 1187 5833 addit,
1210 5769 1528 5820 Vcnerarios
1546 5773 1741 5823 tamen

210 5849 264 5887 εει
293 5874 305 5887 .

177 5836 305 5902 egit.

1901 4615 1923 4644 ἰ
1953 4613 2099 4666 Olim
2133 4623 2316 4677 quum
2350 4608 2477 4662 illas
2509 4606 2786 4660 Homilias
2810 4607 2973 4659 Tom.
3000 4607 3120 4658 VII.
3156 4605 3436 4672 Hierony-

1834 4685 2159 4738 mianorum
2188 4684 2439 4748 Operum
2483 4679 2833 4744 excepimus,
2871 4692 2937 4732 ac
2968 4677 3431 4744 recognovimus,

1834 4757 2013 4822 hujus
2042 4757 2349 4809 additionis
2365 4767 2438 4806 ne
2455 4752 2767 4818 vestigium
2782 4751 3017 4816 quidem
3029 4752 3184 4804 nacti
3203 4764 3426 4803 sumus.

1836 4830 2217 4891 Quamobrem
2254 4825 2580 4880 verosimile
2617 4826 2809 4877 visum
2833 4828 2940 4889 est,
2960 4824 3243 4889 ejusmodi
3262 4825 3436 4877 verba

1836 4901 2016 4953 fuisse
2032 4900 2401 4964 postmodum
2427 4912 2501 4953 ex
2526 4896 2990 4962 Hieronymianis
3005 4895 3434 4962 exemplaribus

1836 4971 2064 5025 sublata
2074 4972 2147 5023 ad
2158 4970 2556 5027 declinandam
2575 4969 2853 5021 invidiam
2872 4983 2884 5019 :
2898 4981 3033 5020 nam
3049 4968 3257 5020 falsum
3275 4971 3437 5019 tanta

1836 5043 2183 5096 conﬁdentia
2209 5043 2467 5109 potuisse
2491 5043 2767 5095 Ruﬁnum
2796 5040 3007 5093 aemulo
3031 5053 3136 5092 suo
3169 5039 3431 5103 objicere,

1840 5118 2070 5179 tamque
2090 5116 2452 5180 impudenter
2483 5112 2830 5167 calumniam
2855 5115 3098 5174 struere,
3128 5122 3298 5162 nemo
3323 5109 3434 5162 sibi

1833 5188 1894 5239 in
1908 5188 2169 5239 animum
2192 5186 2444 5238 inducat.

1899 5261 1911 5291 ί
1936 5261 1999 5311 In
2023 5273 2153 5319 ms.,
2188 5258 2329 5307 idem
2351 5257 2642 5322 culpas.....
2680 5256 2824 5306 unde
2854 5256 2964 5320 ipse
2996 5253 3227 5318 carperis,
3266 5257 3324 5307 et
3349 5252 3434 5306 in-

1836 5332 2029 5395 ferius,
2052 5330 2142 5380 sed
2163 5331 2299 5394 quia
2321 5331 2381 5379 in
2403 5331 2512 5391 fine
2534 5328 2720 5379 minus
2747 5326 3102 5390 mdiﬁcabant,
3128 5328 3236 5378 etc.

1897 5405 2001 5456 iln
2036 5402 2366 5455 recensione
2401 5400 2981 5464 Hieronymianorum
3006 5399 3271 5462 Operum,
3299 5407 3433 5460 qum

1837 5479 2011 5531 Tomo
2026 5478 2101 5527 IV
2129 5474 2499 5527 continentur
2520 5473 2734 5525 hancce
2753 5470 3130 5522 Homiliarum
3146 5468 3206 5520 in
3222 5468 3432 5521 Isaiam

1836 5546 2629 5613 Latinaminterpretationcm
2654 5543 3003 5606 Hieronymo
3024 5542 3431 5613 abdujicavimus

1837 5636 1904 5676 ac
1926 5622 2127 5675 multis
2160 5620 2222 5672 in
2243 5631 2371 5672 eam
2405 5630 2525 5670 rem
2554 5615 2909 5683 argumentis
2934 5612 3337 5667 contendimus
3370 5612 3431 5664 in

1839 5694 2191 5748 Praefatione.
2216 5692 2384 5757 Fugit
2406 5703 2540 5743 vero
2568 5692 2710 5741 tunc
2732 5700 2840 5740 nos
2870 5686 3024 5738 istud
3048 5684 3240 5737 Ruﬁni
3262 5684 3433 5738 lucu-

1833 5766 2223 5821 lentissimum
2237 5762 2653 5825 testimonium,
2671 5774 2786 5826 quo
2800 5759 2991 5812 locum
3011 5758 3201 5823 ipsum
3213 5762 3271 5811 et
3286 5760 3434 5808 verba

1839 5851 1912 5891 ex
1941 5836 2388 5903 Hieronymiana
2406 5832 2504 5888 illa
2525 5834 2790 5889 versione
2812 5830 3043 5899 profert,
3063 5834 3238 5897 atque
3248 5841 3436 5886 exemo
