3900 6396
520 372 626 430 607

1558 372 1803 427 RUFINI
1837 367 2330 430 AQUILEIENSIS
2363 365 2800 417 PRESBYTERI

3746 364 3834 421 608

512 485 736 539 retulit.
759 488 845 539 Ita
866 491 930 539 tu
941 485 1298 546 transtulisti,
1319 484 1603 550 adjiciens
1615 496 1690 535 ex
1710 486 1783 546 te,
1810 482 1962 546 quod
1986 493 2120 533 sen-
2138 480 2195 557 Α
2223 478 2587 543 eandemque
2614 476 2990 530 sententiam.
3028 477 3147 541 Ego
3169 474 3279 529 hoc
3300 488 3410 529 nec
3431 480 3589 543 peto,
3613 488 3726 531 nec
3749 491 3834 533 ur-

516 588 648 627 sum
671 576 919 629 auctoris
943 576 1013 628 ad
1030 575 1450 628 clementiorem
1473 574 1720 626 traheret
1743 572 2122 624 intellectum.

517 666 620 716 Ais
642 665 797 717 enim
823 677 883 715 :a
907 674 925 693 ·
948 668 1087 727 Quae
1114 668 1251 716 sunt
1274 665 1387 716 ista
1411 664 1525 716 duo
1557 662 1854 727 Seraphim
1878 665 1903 711 ‘l
1935 662 2123 714 Domi-

517 767 631 806 nus
659 766 825 805 meus
842 755 1011 805 Jesus
1033 753 1294 805 Christus
1309 758 1367 805 et
1392 753 1636 817 Spiritus
1662 754 1925 803 Sanctus.
1942 752 2047 801 »Et
2062 766 2120 798 ex

516 846 616 895 tuo
628 842 918 906 addidisti,
930 857 958 891 ι
970 844 1086 894 Nec
1096 848 1263 907 putes
1275 843 1569 895 Trinitatis
1581 841 1858 893 dissidere
1871 848 2120 903 naturam,

517 932 565 985 si
587 931 890 983 nominum
902 934 1209 984 servantur
1220 932 1425 985 oiﬂcia.
1444 949 1471 981 ι)
1495 934 1634 985 Haec
1652 937 1708 983 et
1726 944 1832 995 ego
1841 932 1903 982 in
1928 943 2127 994 quam-

513 1021 773 1086 plurimis
822 1021 953 1085 feci,
983 1020 1004 1051 ⁵
1049 1027 1107 1074 et
1146 1029 1242 1074 aut
1284 1022 1572 1086 desecavi,
1615 1028 1715 1074 aut
1738 1022 1809 1073 ad
1837 1021 2123 1072 saniorem

511 1111 947 1176 intelligentiam
974 1111 1275 1165 declinavi.
1300 1114 1407 1165 Pro
1430 1112 1521 1164 his
1531 1112 1800 1177 mejubes
1822 1124 1988 1175 agere
2011 1122 2125 1175 poe-

512 1201 832 1253 nitentiam.
860 1203 987 1254 Non
1011 1203 1149 1267 puto
1175 1202 1285 1255 hoc
1308 1205 1366 1255 te
1388 1202 1617 1255 sentire.
1648 1202 1812 1264 Quod
1838 1201 1887 1252 si
1910 1213 2010 1265 pro
2030 1200 2123 1252 his

514 1302 708 1354 neque
739 1290 856 1353 tibi,
891 1303 1079 1355 neque
1104 1291 1245 1343 mihi
1288 1291 1694 1357 paenitendum
1721 1294 1829 1355 est,
1870 1304 1971 1355 pro
1996 1290 2123 1354 qui-

511 1379 628 1432 bus
649 1392 744 1433 me
766 1380 892 1432 aliis
913 1380 1128 1433 invitas
1160 1381 1234 1433 ad
1271 1380 1669 1445 penitentiam
1688 1384 1715 1432 ‘I

574 1467 661 1523 28.
711 1468 931 1533 Scripta
974 1482 1105 1521 mea
1152 1469 1314 1524 nulla
1335 1475 1592 1534 exstant,
1636 1470 1697 1520 in
1741 1470 1949 1533 quibus
1974 1481 2129 1521 error

511 1570 679 1611 meus
722 1558 930 1623 aliquis
975 1559 1348 1623 corrigendus
1384 1560 1477 1613 sit.
1507 1561 1631 1612 Tua
1653 1565 1884 1613 exstant
1922 1559 2124 1624 multa,

514 1660 666 1712 quae,
692 1653 758 1701 ut
779 1648 965 1710 video,
990 1662 1010 1684 ο
1033 1663 1190 1701 nunc
1216 1649 1537 1702 secundum
1571 1650 1917 1702 sententiam
1963 1651 2123 1701 tuam

510 1737 786 1789 universa
805 1737 1134 1791 damnanda
1154 1740 1309 1790 sunt.
1333 1740 1654 1803 Exceperas
1684 1739 1790 1790 tibi
1813 1740 2120 1791 Commen-

2223 583 2345 633 geo,
2374 569 2508 621 licet
2536 568 2630 621 ille
2650 580 2882 620 mecum
2914 567 3199 620 hostiliter
3217 570 3376 631 agat;
3407 568 3530 629 sed,
3554 573 3628 621 ut
3652 568 3828 625 video.

2220 648 2478 723 ipse'sibi
2504 659 2633 721 hoc,
2655 664 2869 711 temere
2881 657 3022 709 alios
3040 657 3501 721 condemnando,
3527 659 3831 722 conquirit.

2284 748 2371 803 20.
2398 749 2612 799 Verum
2638 752 2702 799 ut
2725 748 2933 799 iterum
2960 752 3151 799 tecum
3176 759 3250 798 ex
3266 748 3383 799 tuis
3401 748 3598 799 verbis
3615 748 3831 811 loquar.

2222 839 2346 903 ipse
2385 838 2589 889 scribis
2622 839 2679 888 in
2716 838 2848 889 istis
2885 838 3199 889 lnvectivis
3224 838 3338 889 tuis
3363 837 3559 902 (Epist.
3586 836 3724 901 84.),
3751 851 3831 889 me

2222 928 2691 992 interpretatione
2725 940 2857 979 mea
2877 926 2987 979 hoc
3012 927 3358 992 ostendisse,
3383 927 3542 991 quod
3567 940 3685 991 ego
3712 929 3830 991 qui-

2224 1018 2355 1068 dem
2376 1029 2569 1068 essem
2593 1015 2930 1077 catholicus,
2959 1016 3233 1080 Origenes
3256 1021 3471 1081 autem,
3491 1029 3675 1080 quem
3690 1018 3833 1065 inter-

2225 1109 2511 1173 pretabar,
2556 1107 2891 1159 haereticus.
2929 1106 3033 1157 Ais
3081 1106 3237 1159 enim
3264 1120 3277 1158 :
3303 1122 3332 1154 (ι
3373 1108 3497 1159 Hoc
3521 1112 3616 1159 est
3648 1107 3829 1158 dicere

2225 1198 2362 1261 quia
2385 1210 2488 1262 ego
2514 1210 2640 1248 sum
2659 1197 2890 1260 quidem
2921 1196 3255 1258 catholicus,
3274 1197 3382 1249 iste
3405 1200 3629 1259 autem,
3664 1210 3828 1260 quem

2225 1287 2588 1351 interpretor,
2616 1287 2946 1339 hmreticus.
2976 1305 3002 1329 ››
3028 1286 3129 1337 Ais
3153 1286 3324 1347 enim,
3342 1286 3449 1338 hoc
3472 1286 3590 1351 legi
3617 1286 3657 1335 τ.
3673 1288 3749 1347 Si,
3772 1294 3826 1339 ut

2224 1377 2384 1441 dicis,
2410 1377 2519 1428 hoc
2544 1381 2665 1429 toto
2688 1389 2859 1441 opere
2890 1389 3019 1428 meo
3048 1375 3294 1439 ostendi,
3320 1376 3475 1440 quod
3497 1390 3609 1440 ego
3635 1377 3828 1428 catho-

2221 1467 2369 1519 licus
2405 1480 2556 1528 sum,
2581 1468 2639 1519 et
2662 1467 2937 1529 Origenes
2959 1466 3289 1529 hmreticus,
3306 1466 3441 1530 quid
3460 1466 3663 1518 adhuc
3679 1466 3825 1518 aliud

2223 1558 2539 1622 quaeritur?
2555 1559 2758 1609 Nonne
2785 1560 2971 1608 totum
2993 1556 3137 1621 agis,
3154 1560 3211 1608 et
3227 1555 3388 1608 illum
3414 1555 3763 1610 haereticum
3785 1560 3823 1606 e1

2220 1661 2314 1700 me
2338 1646 2682 1700 catholicum
2719 1646 2830 1697 dici
2862 1645 2965 1711 [AL
2985 1646 3193 1711 dicam]
3212 1651 3235 1695 Ρ
3266 1646 3320 1698 Si
3335 1645 3445 1697 hoc
3468 1646 3697 1698 dixisse
3721 1660 3819 1708 me,

2221 1742 2279 1790 et
2307 1738 2416 1789 hoc
2438 1742 2557 1788 toto
2579 1749 2747 1801 opere
2770 1748 2897 1788 meo
2923 1735 3066 1787 satis
3096 1736 3282 1799 egisse
3300 1737 3552 1797 testaris,
3580 1749 3721 1800 qua:
3743 1739 3819 1784 tibi

510 1826 687 1878 tarios
709 1826 767 1877 in
792 1826 1107 1891 Epistolam
1128 1827 1202 1879 ad
1225 1827 1522 1892 Ephesios,
1548 1828 1609 1879 in
1638 1829 1847 1892 quibus
1870 1833 1926 1880 te
1954 1831 2115 1892 puta-
2136 1806 2190 1883 B
2216 1827 2336 1891 jam
2361 1826 2749 1879 accusationis
2766 1837 2975 1877 caussa
2992 1826 3309 1889 superfuit?
3324 1827 3444 1887 Quo
3468 1826 3816 1890 profecittua

511 1926 679 1967 veras
708 1914 812 1978 [Αι.
840 1916 1102 1980 putabas]
1142 1915 1355 1979 aliquid
1388 1917 1747 1971 emendatius
1770 1917 2109 1993 condidisse.

511 2005 698 2057 Etiam
718 2005 843 2070 ipse
865 2007 1035 2071 [Forte
1066 2006 1163 2072 ibi]
1204 2006 1417 2070 vidisti,
1452 2020 1625 2071 quam
1639 2007 1854 2060 similes
1866 2022 1966 2073 per
1987 2022 2111 2061 om-

507 2095 605 2147 nia
619 2107 746 2148 esse
764 2096 1022 2160 Origenis
1040 2097 1311 2149 sensibus
1327 2097 1549 2149 inventi
1568 2102 1721 2162 sunt,
1739 2099 1853 2150 imo
1871 2099 1930 2163 [A
1944 2098 1977 2150 ι.
1993 2101 2108 2164 uno]

507 2185 703 2249 etplus
726 2186 962 2250 aliquid,
988 2199 1161 2250 quam
1185 2187 1295 2239 hoc
1307 2188 1459 2251 quod
1482 2187 1741 2240 damnari
1758 2201 1825 2239 ex
1835 2189 2111 2253 postulas,

505 2273 819 2325 continere.
852 2275 921 2325 Et
948 2273 1061 2325 nisi
1090 2274 1213 2338 ipse
1251 2275 1322 2326 de
1344 2274 1435 2327 his
1461 2275 1582 2339 jam
1622 2277 1724 2328 tibi
1757 2276 2112 2329 exclusisses

502 2362 863 2426 poenitentiae
887 2362 1237 2428 facultatem,
1255 2364 1473 2426 dicens,
1498 2380 1527 2412 α
1542 2366 1839 2419 Revolvite
1857 2370 2115 2417 Commen-

507 2451 682 2505 tarios
693 2465 855 2505 meos
884 2452 946 2504 in
972 2453 1285 2516 Epistolam
1303 2455 1379 2506 ad
1402 2454 1698 2519 Ephesios,
1724 2456 1924 2509 etinde
1940 2470 2113 2521 agno-

507 2541 700 2602 scetis,
747 2542 1042 2604 quomodo
1078 2544 1350 2607 Origenis
1382 2544 1750 2608 dogmatibus
1772 2546 2113 2599 adversatus

502 2642 653 2681 sum.
679 2649 706 2673 ››
731 2628 905 2697 383
937 2632 1236 2685 Fortassis
1259 2633 1809 2687 vellesiterumetde
1824 2636 1916 2688 his
1939 2638 2116 2701 poeni-

505 2723 640 2784 tere,
663 2724 722 2771 et
743 2719 802 2772 in
823 2719 952 2771 istis
985 2720 1368 2774 condemnare
1390 2724 1776 2789 temetipsum,
1804 2725 1954 2778 sicut
1976 2731 2032 2778 et
2055 2728 2115 2779 in

504 2808 752 2861 caneris.
800 2810 1017 2861 Tamen
1052 2815 1338 2873 quantum
1380 2811 1442 2863 in
1470 2825 1566 2865 me
1595 2818 1703 2877 est,
1735 2815 1983 2868 concedo
2007 2829 2113 2880 ego

504 2898 607 2950 tibi
639 2901 699 2950 et
741 2910 842 2964 pro
865 2898 958 2951 his
1003 2900 1310 2964 paenitere:
1351 2903 1451 2954 sed
1491 2904 1546 2954 et
1572 2916 1673 2967 pro
1696 2904 1963 2956 omnibus
1999 2918 2115 2958 non

504 2988 706 3043 solum.
745 3002 876 3052 quae
900 2988 1131 3043 locutus
1165 3003 1247 3053 es,
1278 2991 1379 3043 sed
1413 2998 1469 3045 et
1492 3006 1615 3057 qnae
1636 2994 1935 3047 locuturus
1959 3009 2037 3059 es,
2066 3003 2113 3054 si

499 3089 638 3142 agas
678 3077 1096 3143 paenitentiam,
1149 3080 1296 3133 bene
1336 3081 1492 3134 facis.
1540 3085 1772 3135 Certum
1816 3090 1906 3137 est
1934 3086 2107 3149 enim,

2210 1917 2324 1969 ista
2346 1927 2362 1954 κ
2385 1917 2446 1968 in
2468 1915 2882 1968 nosInvectioP
2911 1914 2968 1966 Si
2989 1915 3292 1978 Origenem
3321 1915 3678 1968 haereticum
3702 1928 3817 1968 esse

2213 2006 2465 2068 ostendi,
2492 2008 2549 2058 et
2570 2019 2664 2058 me
2691 2003 3057 2066 catholicum,
3074 2009 3226 2057 recte
3243 2006 3364 2069 feci,
3389 2018 3465 2057 an
3488 2018 3612 2059 non
3636 2006 3817 2058 recte?

2213 2097 2268 2148 Si
2298 2101 2470 2161 recte,
2497 2108 2598 2147 cur
2612 2095 2685 2147 ad
2710 2097 2936 2161 culpam
2962 2101 3017 2148 et
3032 2095 3482 2159 accusationem,
3507 2108 3650 2159 quae
3677 2100 3815 2147 recte

2210 2191 2375 2248 gesta
2400 2189 2555 2249 sunt,
2570 2199 2745 2239 vocas
2759 2187 2849 2237 ἰθΞὶ
2872 2199 2988 2238 non
3013 2190 3353 2248 estrectum,
3374 2185 3689 2250 Origenem
3706 2186 3816 2237 1129-

2210 2276 2452 2328 reticum
2468 2276 2596 2337 dici,
2624 2288 2727 2327 cur
2750 2289 2844 2329 me
2870 2276 2979 2328 hoc
2993 2276 3226 2328 nomine
3246 2276 3306 2326 in
3323 2276 3423 2339 jus
3453 2288 3638 2328 vocas
3654 2278 3680 2326 ‘3
3697 2279 3810 2334 Quid

2211 2379 2358 2430 opus
2382 2366 2491 2418 fuit
2515 2370 2568 2417 te
2591 2365 3478 2435 interpretari384malitiosius
3514 2365 3624 2430 [ΑΙ.
3653 2366 3811 2417 ωειΙί-

2214 2457 2377 2520 tiose]
2403 2468 2471 2508 ea
2494 2468 2627 2519 quae
2653 2456 2972 2508 secundum
2989 2461 3151 2508 tuum
3165 2455 3576 2520 interpretandi
3588 2468 3804 2508 morem

2210 2549 2434 2598 fuerant
2480 2546 2777 2611 translata,
2828 2546 2964 2598 licet
3003 2545 3290 2598 incultiori
3324 2558 3590 2598 sermone
3613 2548 3643 2596 ‘?
3666 2546 3805 2610 Quid

2210 2640 2360 2688 certe
2389 2649 2532 2701 opus
2550 2640 2671 2688 erat
2684 2636 2973 2688 auditores
2998 2641 3130 2687 tuos
3153 2635 3415 2688 illudere:
3445 2640 3502 2687 et
3523 2635 3643 2687 illis
3658 2635 3802 2688 aliud

2210 2726 2598 2791 opinantibus,
2624 2727 2679 2777 te
2702 2725 2859 2777 aliud
2876 2738 3041 2790 agere
3057 2729 3082 2776 ?
3097 2724 3180 2779 Illi
3196 2726 3348 2777 enim
3370 2725 3479 2777 hoc
3496 2727 3803 2785 existimant,

2210 2818 2362 2881 quod
2381 2823 2444 2869 tu
2462 2818 2773 2870 adversum
2784 2830 2882 2870 eos
2898 2830 3055 2883 agas,
3074 2817 3172 2881 qui
3189 2817 3493 2882 Origenem
3503 2819 3802 2867 catholicum

2211 2906 2555 2966 defendunt;
2580 2912 2643 2958 tu
2668 2920 2803 2959 vero
2820 2906 2948 2959 illos
2971 2907 3182 2972 arguis,
3202 2909 3257 2959 et
3279 2920 3542 2971 accusas,
3569 2908 3678 2971 qui
3692 2908 3804 2960 hee-

2210 2996 2454 3049 reticum
2499 2996 2662 3048 illum
2714 2997 3109 3061 designarunt.
3156 2998 3388 3061 Propter
3413 2996 3524 3050 hoc
3549 2998 3698 3051 forte
3721 3010 3801 3050 me

2208 3087 2491 3139 invitabas
2520 3087 2593 3138 ad
2616 3087 3017 3152 paenitentiam
3043 3090 3069 3138 ‘2
3092 3100 3210 3139 non
3242 3087 3667 3141 intellexeram.
3699 3091 3802 3141 Ve-

500 3168 656 3232 quod
682 3169 1018 3233 paenitenda
1041 3175 1181 3223 sunt
1202 3170 1417 3224 'cuncta
1439 3185 1569 3236 qua:
1603 3174 1920 3239 scripseris,
1946 3148 2108 3238 Quod
2133 3148 2180 3219 (ἶ
2210 3181 2517 3230 runtamen
2542 3148 2705 3241 sci—to,
2719 3191 2813 3230 me
2831 3191 2904 3229 ne
2920 3178 2990 3230 de
3005 3178 3112 3230 hoc
3129 3179 3365 3243 quidem
3383 3180 3798 3243 paenitudinem

500 3257 550 3308 si
575 3257 711 3311 hinc
731 3271 825 3311 me
847 3259 1054 3323 aliquis
1079 3260 1431 3325 culpandum
1453 3267 1636 3327 putat,
1663 3276 1838 3326 quare
1874 3268 2106 3318 omnino

498 3346 717 3410 aliquid
739 3347 810 3401 de
840 3348 1082 3413 Origene
1102 3350 1507 3415 interpretatus
1531 3352 1720 3416 sum,“
1765 3354 1812 3404 si
1848 3355 1959 3406 hoc
1990 3355 2107 3407 cul-

499 3440 688 3499 patur,
713 3448 819 3500 ego
842 3437 901 3489 in
929 3437 1039 3491 hoc
1069 3451 1235 3504 opere
1255 3443 1589 3504 postremus
1614 3454 1762 3503 sum,
1790 3447 1845 3495 et
1867 3456 2107 3497 necesse

498 3527 605 3589 est,
630 3529 697 3578 ut
712 3526 881 3591 culpa
899 3539 932 3579 a
952 3528 1153 3592 primis
1175 3528 1426 3593 incipiat.
1442 3533 1510 3582 Et
1534 3534 1728 3584 tamen
1749 3545 1920 3585 nemo
1945 3547 2103 3586 com-

495 3614 747 3666 missum
769 3616 952 3680 punit,
988 3617 1160 3681 quod,
1195 3631 1266 3670 ne
1289 3619 1685 3673 admitteretur
1711 3621 1814 3686 [Αι.
1841 3624 2105 3677 commit-

498 3704 755 3770 teretur],
786 3709 923 3758 ante
958 3718 1076 3758 non
1109 3708 1307 3761 vetuit.
1340 3709 1542 3774 Licuit,
1581 3710 1838 3764 fecimus.
1881 3713 1937 3764 Si
1971 3714 2105 3778 quid

502 3793 768 3858 prohibet
821 3795 937 3861 lex,
993 3796 1282 3850 observari
1336 3798 1399 3851 in
1445 3802 1740 3864 posterum
1786 3803 1946 3855 solet.
1996 3805 2104 3857 Sed

495 3895 515 3919 ο
543 3883 807 3937 damnari
829 3885 971 3938 dicit
991 3887 1123 3950 quis
1140 3887 1345 3941 debere
1365 3902 1497 3943 cum
1510 3893 1740 3944 auctore
1779 3907 1882 3945 suo
1907 3894 2101 3947 libros.

501 3975 609 4027 Sed
635 3975 774 4039 quid
792 3976 1036 4029 facimus
1061 3977 1253 4031 deisto
1275 3984 1523 4045 auctore,
1538 3981 1640 4045 qui
1663 3982 1863 4035 eadem
1889 3985 2100 4047 scribit,

499 4063 651 4117 sicut
674 4066 940 4129 superius
968 4067 1298 4132 plenissime
1312 4070 1575 4123 ostendi?
1589 4071 1840 4125 Similem
1858 4074 2104 4140 excipiat

498 4234 592 4300 p10
630 4236 1092 4311 es_se_vult._Quae
1116 4243 1307 4291 tamen
1332 4253 1464 4292 cum
1488 4241 1724 4295 minime
1744 4244 1985 4307 reperire
2009 4246 2101 4311 sit,

499 4319 612 4372 quo
636 4307 910 4359 nimirum
935 4309 1058 4361 loco
1082 4311 1360 4363 contineri
1382 4312 1737 4378 debuissent,
1765 4316 1823 4367 in
1847 4318 1991 4381 ejus,
2014 4307 2102 4370 in;

510 4391 702 4442 quam,
726 4381 991 4433 Homiliae
1016 4388 1311 4447 contextu,
1338 4397 1466 4447 quae
1490 4387 1552 4437 de
1590 4387 1800 4437 Visione
1821 4390 1915 4437 Dei
1939 4395 1983 4439 et
2008 4391 2102 4439 Se-

502 4453 725 4516 raphim
750 4453 1097 4518 inscribitur,
1124 4459 1251 4507 visa
1275 4457 1518 4509 fortasse
1544 4464 1680 4511 tunc
1706 4461 1913 4513 fuerint.
1936 4464 2103 4515 nobis

497 4526 601 4576 abs
618 4526 826 4578 Ruﬁno
839 4531 1186 4593 memoriter,
1207 4530 1329 4582 etin
1347 4544 1472 4583 eam
1492 4534 1718 4595 quidem
1735 4538 2100 4599 sententiam,

492 4608 610 4671 non
647 4599 929 4671 κᾳτᾴγλέξιν
957 4604 1128 4662 atque
1163 4582 1284 4662 ipso
1328 4582 1394 4654 es
1421 4582 2102 4671 codice,
2128 4582 2185 4654 Ι)

490 4666 728 4747 recitari.
758 4670 920 4747 Nunc
936 4672 1209 4747 quoniam
1231 4675 1764 4747 animadvertimus,
1790 4666 2088 4744 peregrino

492 4737 727 4816 quidem
765 4738 831 4816 _in
857 4739 1003 4816 loco,
1028 4744 1151 4816 __sed
1178 4745 1377 4795 eadem
1403 4752 1594 4798 tamen
1620 4737 1760 4811 ipsa
1781 4737 1953 4803 verba
1977 4751 2087 4816 legi

491 4809 739 4884 liomi‘lia
765 4811 914 4884 I._in
966 4813 1110 4865 Edit.
1157 4818 1353 4869 nostra
1399 4819 1485 4869 col
1531 4809 1923 4884 1'105(Patrol.
1960 4809 2084 4873 ιονῆ.

489 4882 682 4943 XXIV,
750 4882 1032 4956 001.905).
1101 4887 1268 4950 paulo
1321 4893 1455 4953 post
1494 4882 1765 4956 medium,
1827 4896 2089 4948 videmur

490 4967 698 5007 caussa
721 4955 939 5018 cadere,
965 4970 1072 5009 nec
1095 4971 1266 5022 posse
1288 4961 1566 5026 reliquum
1591 4955 1773 5018 facere
1810 4967 1982 5019 dubio
2012 4968 2088 5020 lo-

488 5039 639 5102 cum,
665 5027 807 5091 quin
829 5041 957 5102 eam
977 5029 1502 5096 interpretationem
1520 5036 1904 5102 Hieronymus
1921 5040 2086 5091 ador-

484 5099 650 5176 narit.
682 5102 757 5176 At
780 5113 917 5153 vero
945 5101 1093 5153 hanc
1119 5108 1267 5156 tacet
1293 5108 1344 5157 S.
1376 5108 1499 5172 ipse
1523 5111 1685 5161 Pater
1714 5099 1772 5161 in
1798 5112 2084 5176 Catalogo,

485 5172 584 5248 ubi
630 5172 886 5248 reliquas
931 5178 1124 5227 tamen
1153 5178 1448 5243 Homilias,
1494 5181 1554 5232 in
1584 5184 1889 5234 Jeremiam
1926 5172 2084 5248 puta,

487 5242 836 5317 Ezechielem
860 5249 917 5297 et
965 5248 1194 5313 Lucam,
1223 5262 1368 5313 quas
1415 5242 1486 5303 ex
1516 5253 1775 5317 Origenis
1806 5242 2002 5306 Graeco
2027 5242 2085 5306 in

485 5314 754 5391 hatinum
780 5319 1091 5391 transtulit,
1130 5321 1460 5386 singulatim
1482 5314 1754 5376 recenset.
1777 5329 1890 5378 Aut
1912 5328 2086 5391 igitur

486 5385 683 5439 fucum
697 5388 821 5441 fieri
835 5391 941 5442 sibi
957 5404 1165 5456 passus
1179 5385 1267 5445 est
1278 5396 1541 5456 Ruﬁnus,
1569 5399 1624 5447 et
1650 5396 1827 5448 falsus
1852 5385 2085 5451 est~ani-

484 5460 583 5524 mi,
610 5461 711 5523 qui
731 5462 982 5515 alienum
1006 5465 1210 5516 fmtum
1234 5480 1334 5531 pro
1368 5468 1812 5532 Hieronymiano
1841 5470 2043 5521 habuit
2066 5487 2078 5523 :

483 5534 602 5605 aut,
642 5533 794 5596 quod
841 5534 953 5586 fere
996 5538 1229 5601 propius
1275 5539 1347 5589 ad
1392 5539 1563 5590 ﬁdem
1598 5540 1837 5603 videtur,
1873 5544 1925 5593 S.
1961 5543 2085 5605 ipse

482 5604 692 5656 Doctor
702 5618 831 5656 eum
844 5608 1182 5671 repudiavit,
1198 5612 1455 5662 nondum
1471 5612 1708 5663 fortasse
1723 5614 1862 5663 satis
1875 5604 2093 5664 elabere-

485 5675 626 5736 tum,
652 5689 757 5727 nec
783 5690 843 5727 se
868 5683 1026 5742 patre
1052 5680 1292 5743 dignum
1326 5698 1338 5733 :
1366 5688 1517 5734 certe
1544 5683 1601 5733 in
1630 5697 1862 5735 suorum
1892 5686 2084 5738 haberi

484 5748 875 5826 censu-noluit.
889 5750 1449 5826 Yidesislfrzeration.
1464 5760 1719 5807 nostram
1732 5756 1791 5807 in
1816 5759 1973 5809 Tom.
1989 5761 2081 5810 IV.

546 5814 567 5844 δ
591 5814 748 5869 Alias
794 5820 898 5878 Qui
926 5826 1090 5881 sunt;
1116 5823 1242 5884 Ms.,
1278 5826 1417 5884 Quia
1441 5832 1567 5876 sunt
1592 5829 1711 5892 ipsa
1733 5829 1856 5893 duo,
1884 5836 1990 5884 etc.
2022 5834 2086 5885 In

2207 3281 2423 3332 gerere,
2462 3268 2604 3332 quin
2634 3268 2821 3319 dicam
2853 3281 2973 3321 non
2997 3269 3205 3333 omnia,
3239 3281 3371 3333 quae
3401 3269 3461 3320 in
3492 3268 3662 3321 libris
3686 3270 3801 3331 ejus

2208 3358 2584 3410 inveniuntur
2598 3362 2868 3421 tanquam
2882 3358 3160 3410 catholica
3171 3370 3299 3410 esse
3308 3360 3675 3423 suscipienda.
3693 3363 3799 3416 Quae

2208 3450 2403 3500 utrum
2419 3461 2524 3499 sua
2550 3449 2686 3512 sint,
2710 3453 2773 3500 ut
2796 3448 2959 3512 dicis,
2994 3461 3069 3500 an
3094 3449 3166 3500 ab
3200 3449 3324 3500 aliis
3348 3449 3581 3516 inserta,
3606 3456 3679 3503 ut
3704 3462 3798 3503 nos

2206 3543 2502 3603 putamus,
2527 3539 2684 3591 Deus
2704 3538 2929 3591 viderit.
2951 3540 3001 3590 A
3019 3538 3185 3590 nobis
3207 3538 3437 3591 interim
3455 3540 3556 3591 ubi
3579 3541 3660 3592 ad
3678 3538 3796 3591 Ildei

2206 3627 2505 3691 fastigium
2534 3632 2593 3681 et
2614 3628 2917 3681 veritatem
2954 3633 3192 3680 ventum
3213 3628 3401 3693 fuerit,
3430 3634 3794 3694 respuuntur.

2206 3720 2292 3771 Tu
2312 3723 2506 3770 tamen
2529 3718 2637 3783 dic,
2663 3718 2801 3783 quid
2819 3720 3082 3784 exposcis
3097 3731 3132 3771 a
3148 3719 3340 3771 nobis:
3372 3719 3714 3773 hazreticum
3731 3722 3796 3767 vis

2206 3814 2273 3861 ut
2287 3809 2553 3861 dicamus
2567 3794 2870 3875 Orige'nem
2887 3814 2911 3861 Ρ
2925 3811 3047 3862 Hoc
3063 3810 3265 3862 fecisse
3279 3822 3408 3875 nos,
3424 3809 3447 3839 ³³
3467 3810 3688 3876 culpas.
3713 3812 3791 3860 Sed

2206 3898 2592 3952 catholicum?
2638 3901 2744 3952 Pro
2766 3900 2877 3952 hoc
2908 3912 3016 3953 nos
3041 3913 3296 3953 accusas.
3325 3900 3581 3966 Desigua
3614 3900 3792 3953 mani-

2206 3989 2432 4052 festius,
2465 3989 2602 4054 quid
2634 3989 2796 4054 velis,
2840 3990 2890 4041 si
2930 3992 3125 4042 tamen
3151 3996 3314 4055 potes
3340 3990 3554 4055 aliquid
3595 3991 3793 4044 horum

2202 4079 2463 4131 medium
2486 4079 2763 4149 invenire,
2787 4080 2939 4143 quod
2964 4080 3128 4132 velis.
3146 4080 3247 4132 Isti
3270 4086 3409 4133 sunt
3430 4093 3636 4134 omnes
3655 4081 3793 4135 sales

2202 4251 2381 4304 veteri
2428 4251 2582 4315 edit,
2625 4252 2768 4311 Quia
2792 4252 2898 4301 ista
2930 4253 3037 4302 duo
3064 4253 3353 4316 Seraphim
3376 4252 3644 4304 Dominus
3679 4257 3790 4305 sunt

2202 4325 2354 4375 Jesus
2382 4324 2644 4386 Christus,
2672 4327 2775 4374 etc.
2805 4325 2949 4375 Tum
2972 4325 3032 4375 in
3056 4324 3238 4389 ipsius
3262 4325 3527 4378 Homiliaa
3550 4326 3789 4380 editione

2202 4396 2551 4447 Gonebrardi
2566 4408 2632 4447 ac
2648 4398 2843 4447 nostra
2863 4397 3327 4448 Christusnomen
3339 4398 3624 4462 reticetur,
3649 4405 3789 4448 altero

2202 4471 2394 4519 autem
2419 4470 2489 4518 ab
2535 4467 2645 4519 hoc
2677 4481 2851 4520 versu
2893 4468 3123 4518 deserere
3168 4470 3375 4533 legitur
3402 4483 3503 4533 pro
3523 4471 3786 4521 dissidere.

2204 4542 2409 4595 Recole
2430 4542 2849 4606 praecedentem
2865 4541 3126 4606 proxime
3142 4542 3592 4606 adnotatoinem,
3612 4550 3672 4596 et
3686 4556 3788 4608 ger-

2204 4628 2436 4667 manam
2454 4617 2505 4667 S.
2527 4615 2708 4665 Patris
2720 4614 3185 4679 explanationem
3201 4615 3308 4668 loci
3325 4617 3386 4668 in
3401 4617 3573 4681 Epist.
3594 4617 3787 4675 XVIII,

2187 4688 2261 4739 ad
2293 4689 2629 4749 Damasum,
2655 4692 2769 4741 etc.

2250 4759 2270 4787 δ
2295 4761 2421 4820 Ms“
2450 4759 2583 4811 (alia
2606 4764 2790 4808 autem
2818 4759 3067 4819 resecavi,
3096 4764 3209 4820 aut,
3245 4764 3352 4812 etc.

2251 4840 2268 4860 °
2294 4831 2450 4882 Idem
2496 4844 2605 4883 ms.
2634 4847 2783 4881 nunc
2809 4832 3077 4884 voculam
3104 4836 3275 4897 tacet,
3303 4836 3361 4885 et
3384 4832 3653 4884 damnata
3673 4836 3786 4883 sunt

2186 4902 2325 4965 legit
2357 4916 2459 4967 pro
2481 4903 2820 4967 damnanda,
2847 4909 2956 4956 etc.

2249 4974 2271 5002 δ
2292 4975 2450 5026 Dixit
2474 4976 2533 5026 in
2558 4976 2835 5040 Apologia
2849 4976 2922 5028 ad
2953 4976 3261 5029 Anastasiu
3281 4989 3340 5028 m
3361 4989 3523 5028 num.
3550 4976 3602 5030 7.
3624 4977 3685 5028 Si
3698 4974 3789 5026 eul-

2185 5048 2407 5111 pacnlz'ir,
2443 5048 2539 5111 qui
2562 5054 2684 5097 anle.
2718 5048 3019 5111 jussionem
3059 5050 3316 5111 fecerunt,
3356 5050 3515 5113 culpa
3537 5049 3780 5115 aprimis

2185 5117 2432 5182 ingipial.
2470 5122 2539 5170 Et
2574 5119 2767 5169 statim
2795 5124 2993 5172 antea:
3032 5120 3093 5170 Si
3118 5121 3342 5185 jubelur
3378 5136 3444 5170 ne
3485 5120 3779 5185 ﬁat,jussio

2185 5189 2452 5240 observari
2480 5192 2603 5239 solet
2632 5191 2693 5239 in
2724 5196 3015 5255 posterum.

2246 5264 2503 5325 cAntea,
2542 5263 2826 5312 damnare.
2885 5263 3058 5315 Paulo
3104 5262 3342 5316 inferius
3389 5275 3496 5316 ms.
3549 5264 3782 5313 Similem

2186 5333 2411 5397 excipiet
2461 5335 2790 5397 eandemque
2840 5335 3193 5386 sententiam.
3244 5336 3358 5399 Ego
3405 5335 3501 5384 hoc
3527 5351 3643 5385 non
3668 5339 3771 5400 opto

2183 5419 2353 5469 neque
2386 5421 2564 5469 urgeo.
2912 5434 2917 5439 -

2249 5477 2267 5510 ί
2290 5478 2424 5528 Plus
2448 5478 3005 5540 habetGuarnerian,
3031 5492 3140 5530 ms.
3164 5482 3337 5543 atque
3361 5479 3543 5541 aliter,
3566 5480 3661 5529 hoc
3674 5476 3773 5542 legi,

2185 5555 2244 5597 ut
2270 5549 2418 5597 dicis.
2455 5549 2515 5598 Si
2545 5555 2646 5599 loro
2672 5565 2827 5613 Opere
2858 5566 2973 5599 meo
2998 5552 3203 5600 ostendi
3227 5552 3339 5611 hoc,
3366 5552 3530 5615 quod,
3559 5554 3663 5603 etc.

2249 5630 2264 5657 ε
2290 5621 2446 5670 Idem
2473 5635 2605 5671 cum
2632 5628 2824 5674 vetere
2848 5622 3004 5685 edit.,
3034 5627 3129 5670 tua
3153 5624 3256 5672 ista
3279 5624 3456 5671 omnis
3480 5624 3717 5672 Inveclio.

2247 5688 2269 5717 ’³
2312 5692 2649 5743 Amavimus
2696 5694 2831 5744 hinc
2879 5694 3243 5746 concinniorc
3324 5708 3499 5744 sensu
3545 5690 3769 5753 negandi

2184 5762 2539 5826 particulam,
2566 5778 2743 5827 quam
2770 5778 2957 5828 neque
2988 5768 3153 5818 vetus
3179 5766 3385 5828 editio,‘
3399 5778 3589 5830 neque
3615 5769 3769 5817 Guar-

2193 5835 2409 5887 nerian.
2434 5848 2542 5887 ms.
2571 5841 2912 5900 agnoscunt.
