3900 6392
56 384 175 440 609

1215 377 1591 429 APOLOGIIE
1625 372 1835 425 LIBER
1869 370 2253 425 SECUNDUS.

3278 377 3385 436 6‘10

54 497 151 549 tui
187 496 263 549 de
294 492 626 558 Alexandri,
652 497 711 546 et
731 489 1046 557 Porphyrii,
1069 490 1127 541 et
1147 488 1329 554 ipsius
1358 486 1684 541 Aristotelis
1706 495 1759 569 Α
1787 496 1917 537 esse
1934 484 2329 550 compositam.
2356 486 2520 540 Nunc
2539 498 2678 541 vero
2707 488 2915 554 sciens,
2938 489 3075 553 quia
3095 490 3145 542 si
3160 492 3391 553 legantur

52 585 338 638 acumine
368 583 718 648 congregati.
762 582 903 633 Haec
942 584 1030 631 est
1053 578 1242 631 omnis
1276 577 1373 629 illa
1389 576 1683 641 jactantia,

62 688 190 740 qua
211 680 271 727 te
305 687 340 727 a
366 674 551 739 prima
584 675 753 725 aetate
784 682 973 733 usque
998 668 1071 719 ad
1096 672 1388 719 senectam
1413 666 1471 718 in
1496 668 1689 718 Gram-

62 765 422 817 maticorum
460 766 517 814 et
552 761 865 813 Rhetorum
892 762 949 811 et
976 757 1453 821 Philosophorum
1481 755 1689 807 scholis

61 866 138 905 ac
155 851 484 917 disciplinis
507 850 786 915 praedicas
804 861 933 900 esse
950 852 1260 910 versatum,
1275 851 1341 898 ut
1356 846 1689 911 procederes

66 944 386 1008 Origenem
414 940 891 1007 pronuntiaturus
928 937 1283 999 haireticum,
1309 941 1367 988 et
1388 936 1447 987 in
1473 948 1539 987 ea
1566 935 1691 1000 ipsa

66 1033 358 1097 oratione,
381 1044 497 1096 qua
511 1029 740 1082 inillum
757 1029 979 1081 ferebas
1005 1026 1370 1089 sententiam,
1390 1037 1691 1077 accusares

68 1135 217 1176 eum
238 1134 414 1187 quem
425 1121 744 1183 asserebas,
760 1117 914 1183 quod
930 1117 1093 1169 illum
1109 1117 1447 1169 haereticum
1464 1117 1694 1177 desigua_

72 1214 171 1265 rit.
186 1212 336 1264 Vide
356 1211 491 1276 quia
513 1222 808 1274 nusquam
837 1221 975 1260 cura
996 1208 1254 1263 veritatis
1276 1221 1347 1260 ac
1370 1208 1521 1271 fidei,
1546 1220 1693 1259 nus-

77 1315 266 1368 quam
303 1300 592 1366 religionis
624 1312 691 1351 ac
721 1298 925 1364 judicii
963 1297 1386 1362 contemplatio,
1440 1297 1540 1348 sed
1571 1294 1692 1349 sola

80 1392 242 1445 male
256 1390 529 1456 loquendi
545 1394 600 1442 et
617 1388 904 1441 lacerandi
921 1388 1141 1450 fratres,
1160 1388 1399 1439 exercita
1420 1386 1525 1451 [.41.
1544 1400 1689 1435 exer-

77 1482 282 1547 citata]
319 1481 496 1534 libido
538 1484 803 1534 versatur
824 1480 886 1531 in
907 1478 1122 1543 lingua,
1164 1479 1286 1530 sola
1307 1477 1368 1529 in
1391 1476 1559 1528 corde
1581 1475 1692 1528 hu-

64 1584 249 1625 mana
272 1570 580 1635 contentio,
612 1570 734 1622 sola
763 1568 986 1622 invidia
1019 1573 1075 1621 et
1110 1566 1259 1620 livor
1288 1567 1350 1619 in
1372 1571 1567 1619 mente
1592 1580 1605 1616 :
1631 1565 1691 1617 in

64 1667 305 1715 tantum
315 1666 383 1714 ut
397 1674 530 1713 cum
543 1660 806 1713 odiorum
819 1659 919 1712 tibi
936 1670 1143 1711 caussa
1159 1670 1280 1710 non
1298 1659 1453 1709 esset
1473 1655 1579 1720 [Αι.
1604 1658 1695 1705 ad-

65 1752 274 1819 esset],
290 1752 763 1817 cognominatum
787 1754 843 1801 te
866 1763 901 1801 a
931 1762 1024 1801 me
1046 1750 1281 1800 fratrem
1306 1751 1364 1800 et
1384 1747 1689 1820 collegam,

1787 586 1872 637 ea,
1891 586 2023 638 qua:
2038 575 2423 641 reprehendis,
2436 581 2575 629 nota
2597 578 3019 641 retorquebitur
3041 579 3104 632 in
3118 592 3271 645 eum,
3291 581 3390 645 qui

1787 664 1980 728 culpat
2025 664 2258 729 injuste,
2295 679 2363 718 ea
2400 667 2651 730 quidem,
2690 680 2822 730 quae
2845 669 3240 735 reprehendis,
3273 682 3392 722 non

1788 754 2006 816 profers
2034 769 2045 805 :
2074 759 2173 806 tua
2195 758 2386 807 autem
2401 756 2494 807 illa
2505 757 2765 809 censoria
2775 757 2999 821 virgula
3022 763 3079 809 et
3101 760 3393 823 arroganti

1787 844 2123 897 auctoritate
2148 845 2420 907 decernis,
2447 845 2545 897 Ille
2566 851 2826 898 arceatur
2848 859 2883 898 a
2901 846 3277 912 bibliothecis,
3305 851 3392 898 ille

1788 933 2124 997 recipiatur:
2148 938 2206 985 et
2223 933 2431 986 iterum
2456 933 2888 1003 iste386ipse,
2917 936 3015 1000 qui
3036 936 3207 989 hodie
3231 950 3393 990 rece-

1791 1026 1925 1086 ptus
1941 1028 2049 1087 est,
2080 1022 2329 1075 crastino
2355 1023 2404 1074 si
2424 1036 2556 1075 eum
2579 1024 2726 1076 alius
2746 1024 2954 1088 aliquis
2974 1030 3182 1089 praeter
3192 1041 3271 1074 me
3286 1028 3395 1075 lau-

1790 1111 2029 1173 daverit,
2044 1121 2062 1141 °
2078 1112 2354 1178 ejiciatur,
2380 1118 2438 1166 et
2461 1126 2596 1165 cum
2616 1113 2712 1165 illo
2726 1114 2850 1178 ipse
2870 1114 2969 1177 qui
2983 1113 3257 1167 laudavit.
3283 1115 3391 1168 Hic

1790 1205 1982 1253 autem
2015 1201 2335 1264 cathqlicus
2364 1202 2662 1265 habeatur,
2685 1204 2857 1255 etiam
2895 1203 2945 1254 si
2973 1203 3283 1268 aliquando
3311 1204 3394 1259 vi-

1791 1291 1994 1343 deatur
2023 1304 2278 1344 errasse:
2305 1292 2385 1344 illi
2429 1293 2636 1346 erroris
2673 1292 2844 1345 venia
2865 1304 2984 1346 non
3007 1292 3194 1357 detur,
3219 1294 3393 1346 etiam

1792 1380 1840 1431 si
1868 1393 1935 1433 ea
1970 1380 2139 1443 dicat,
2187 1394 2322 1446 quas
2351 1394 2458 1447 ego
2503 1381 2642 1444 dixi,
2681 1386 2738 1434 et
2780 1394 2967 1446 neque
2988 1382 3395 1447 interpretetur

1791 1470 1922 1534 quis
1939 1484 2091 1528 eum,
2108 1483 2298 1536 neque
2319 1472 2490 1536 legat,
2513 1484 2586 1524 ne
2611 1471 2746 1535 quis
2760 1484 2892 1524 mea
2901 1472 3054 1525 furta
3065 1476 3391 1537 cognoscat.

1791 1560 1898 1611 Hic
1907 1560 2214 1613 haereticus
2230 1562 2483 1626 quidem,
2502 1562 2604 1614 sed
2619 1562 2896 1626 magister
2913 1575 3080 1615 meus
3099 1567 3207 1615 est.
3225 1564 3296 1613 Et
3311 1563 3396 1611 hic

1790 1648 2175 1703 licetJudaaus
2200 1651 2291 1709 sit,
2318 1656 2376 1703 et
2404 1652 2476 1703 de
2500 1653 2803 1716 Synagoga
2825 1652 3053 1704 Satanas
3070 1651 3395 1704 conductus

1789 1740 1962 1793 verba
1985 1740 2198 1793 vendat
2216 1740 2289 1792 ad
2315 1740 2582 1805 pretium,
2602 1744 2792 1793 tamen
2814 1740 3089 1806 magister
3104 1752 3270 1791 meus
3286 1743 3395 1801 est,

61 1844 205 1895 licet
227 1841 682 1907 cumpraeconio,
700 1839 1066 1903 indignanter
1097 1838 1402 1901 acciperes.
1441 1839 1682 1900 Ignosce
1706 1827 1759 1901 B
1790 1832 1846 1880 ει
1888 1829 2226 1893 Ρνωῖθῐδᾶῐιιι·
2278 1829 2570 1888 omnibus,
2631 1829 2765 1893 quia
2807 1828 2961 1893 apud
3002 1828 3162 1893 ipsos
3208 1826 3397 1880 solum

67 1934 236 1997 mihi,
263 1932 420 1997 quod
442 1931 770 1984 nesciebam
796 1932 849 1982 te
896 1926 1301 1993 ἀκατονόμαστον
1346 1926 1690 1990 (innomina—

70 2024 273 2087 bilem)
301 2023 432 2087 dici,
456 2025 512 2074 et
547 2019 1064 2084 incompellabilem
1086 2017 1390 2071 nominari.
1425 2017 1598 2068 Miror
1622 2022 1689 2064 ta-

69 2126 230 2178 men,
267 2112 423 2177 quod
439 2124 507 2164 ea
530 2124 620 2163 me
650 2110 1033 2163 condemnare
1058 2108 1359 2172 deposcas,
1386 2118 1520 2170 quae
1542 2118 1577 2157 a
1595 2118 1689 2157 me

69 2205 275 2257 notata
302 2202 689 2266 conquereris.

161 2292 337 2363 385
365 2291 452 2348 30.
467 2292 555 2344 Ad
570 2291 725 2343 illam
745 2303 882 2342 sane
898 2287 1277 2341 incusationis
1295 2287 1421 2351 ejus
1445 2286 1686 2350 partem,

72 2385 439 2449 superfluum
453 2391 470 2410 ·
492 2382 720 2435 videtur
742 2380 838 2433 vel
865 2377 1213 2442 respondere
1228 2375 1463 2439 aliquid,
1490 2373 1588 2424 ubi
1598 2373 1688 2437 pie

70 2477 131 2529 et
154 2473 423 2538 religiose
458 2473 610 2525 dicta
635 2470 900 2535 Martyris
938 2466 1237 2532 Pamphili,
1273 2469 1375 2517 aut
1410 2464 1555 2516 falsa
1575 2462 1688 2514 dici

70 2563 223 2626 vult,
248 2567 351 2615 aut
370 2562 545 2615 etiam
569 2562 617 2612 si
643 2573 779 2613 vera
791 2559 922 2623 sint,
942 2555 1266 2621 spernenda
1292 2552 1562 2606 decernit.
1586 2550 1689 2603 Cui

68 2655 197 2718 jam
214 2654 325 2706 iste
341 2652 593 2705 deferat?
622 2651 713 2702 cui
735 2650 859 2714 jam
886 2650 1081 2713 parcat
1096 2649 1120 2696 ‘2
1136 2656 1337 2697 omnes
1365 2642 1519 2707 apud
1534 2644 1687 2690 istum

76 2744 263 2797 Graeci
297 2742 605 2807 Scriptores
637 2739 863 2804 antiqui
890 2734 1277 2789 Ecclesiastici
1312 2735 1679 2785 erraverunt.

76 2832 306 2886 Latinis
322 2842 458 2883 vero
471 2828 759 2894 quomodo
776 2827 1028 2890 deroget,
1051 2822 1340 2887 quomodo
1365 2824 1560 2885 carpat
1578 2819 1688 2870 sin-

75 2922 273 2989 gulos,
297 2920 393 2975 vel
421 2924 701 2982 veterum,
726 2918 820 2971 vel
841 2926 1147 2977 novorum,
1175 2913 1407 2965 diversa
1433 2912 1561 2975 ejus
1588 2907 1689 2973 qui

76 3014 223 3079 legit
245 3010 555 3078 Opuscula,
578 3009 956 3074 recognoscit.
997 3005 1105 3058 Sed
1127 3017 1282 3056 nunc
1307 3015 1383 3055 ne
1403 3003 1687 3064 martyres

76 3104 317 3170 quidem
327 3102 481 3168 apud
504 3114 636 3153 eum
658 3100 869 3152 habere
886 3100 1132 3162 possunt
1142 3093 1358 3157 aliquid
1375 3093 1681 3141 reverentiae.

1795 1918 1899 1982 [Αἱ.
1928 1918 2103 1982 solos]
2149 1919 2568 1997 Scripturarum
2620 1918 2835 1972 veritas
2879 1923 3188 1984 permanet.
3214 1917 3271 1968 Si
3292 1916 3398 1969 tibi

1787 2008 1945 2059 istud
1967 2009 2324 2061 auctoritatis
2346 2008 2618 2062 universa
2641 2008 2852 2073 pariter
2870 2007 3225 2073 injuuxisset
3236 2008 3399 2056 Eccle-

1790 2096 1891 2159 sia,
1909 2100 1967 2150 et
1982 2098 2309 2162 exigeretur
2331 2103 2459 2163 ate,
2484 2102 2546 2151 ut
2564 2098 2635 2151 de
2656 2096 2901 2162 singulis
2923 2096 3017 2150 vel
3039 2096 3111 2148 de
3122 2095 3397 2149 omnibus

1783 2186 2096 2252 Judicares,
2118 2200 2311 2240 nonne
2330 2200 2506 2252 grave
2525 2190 2583 2240 et
2604 2186 2992 2252 periculosum
3007 2198 3175 2249 onus,
3197 2197 3272 2237 ne
3294 2184 3396 2236 tibi

1786 2275 2197 2341 imponeretur,
2228 2289 2504 2330 excusare
2526 2277 3019 2328 debueraS?Nunc
3032 2274 3244 2329 veroin
3267 2277 3399 2325 tan-

1787 2369 1913 2419 tum
1933 2367 2267 2431 quotidiana
2289 2366 2599 2431 derogandi
2634 2366 3004 2419 meditatione
3028 2364 3394 2430 profecimus,

1786 2457 1992 2520 utjam
2033 2470 2139 2509 nec
2189 2457 2535 2521 Martyribus
2581 2467 2906 2520 parcamus.
2955 2454 3066 2507 Sed
3089 2464 3395 2519 ponamus,

1789 2546 1943 2610 quod
1966 2559 2083 2599 non
2106 2548 2183 2598 sit
2206 2546 2474 2611 Martyris
2485 2544 2717 2598 libellus
2732 2544 2862 2606 iste,
2882 2543 2984 2596 sed
2997 2544 3397 2608 cujuscunque

1787 2638 1961 2690 unius
1995 2638 2066 2690 de
2100 2637 2368 2703 Ecclesia,
2404 2636 2665 2701 nunquid
2710 2636 2834 2688 suis
2878 2634 3072 2689 verbis
3115 2646 3263 2686 usus
3287 2636 3394 2697 est,

1788 2728 2051 2792 quisquis
2073 2727 2167 2779 ille
2198 2731 2288 2779 est
2313 2727 2580 2791 Scriptor,
2602 2730 2666 2778 ut
2678 2725 2901 2778 meritis
2916 2723 2938 2754 ⁶¹
2962 2722 3284 2777 cedendum
3308 2721 3397 2775 vi-

1787 2817 1989 2869 deatur
2002 2818 2254 2870 auctoris
2266 2818 2380 2869 PDe
2401 2816 2538 2879 ipsis
2554 2815 2815 2880 Origenis
2832 2813 3227 2868 voluminibus
3252 2812 3397 2875 ponit

1787 2907 2066 2972 exempla,
2086 2909 2143 2959 et
2172 2907 2307 2971 quid
2332 2907 2404 2959 de
2433 2906 2676 2971 singulis
2701 2904 2928 2968 sentiat,
2954 2916 3072 2956 non
3095 2902 3185 2955 sui
3206 2900 3398 2954 defen-

1786 2997 1931 3050 soris
1962 2995 2280 3060 verbis,sed
2296 2995 2423 3059 ejus
2436 2994 2640 3060 ipsius,
2664 2995 2762 3058 qui
2783 2993 3178 3055 accusabatur,
3204 2994 3397 3043 osten-

1787 3086 1889 3138 dit.
1920 3088 1990 3138 Et
2019 3087 2167 3139 sicut
2186 3085 2499 3137 adversum
2521 3088 2579 3136 te
2603 3083 2794 3145 modo,
2826 3081 3011 3137 multo
3034 3080 3183 3133 meis
3205 3078 3401 3133 verbis
3487 3088 3492 3093 '

77 3160 229 3259 hicn,
256 3160 463 3259 inquit,
487 3191 656 3244 credo
679 3190 815 3254 quia
847 3160 952 3253 [Ᾱι.
980 3186 1154 3251 quod]
1180 3182 1443 3248 Martyris
1461 3182 1689 3234 sit.Hoc
1717 3160 1766 3235 C
1792 3174 2223 3229 vehementiora
2247 3179 2387 3226 sunt
2405 3178 2504 3226 tua
2528 3175 2767 3238 scripta:
2792 3172 2873 3224 ita
2893 3170 3056 3223 illum
3078 3183 3199 3223 non
3226 3181 3405 3222 excu-

72 3287 125 3337 si
164 3284 413 3337 velimus
438 3282 509 3335 de
534 3282 807 3335 omnibus
844 3278 1199 3342 Scriptorum
1233 3274 1425 3326 dicere
1469 3269 1677 3324 libellis

75 3388 215 3442 quas
238 3375 348 3427 erit
362 3374 420 3424 in
438 3371 686 3436 singulis
702 3335 1008 3435 probatio-‘2
1036 3367 1092 3418 Si
1117 3366 1326 3428 dicam,
1345 3375 1467 3416 non
1494 3366 1589 3413 est
1603 3335 1705 3442 ve_1

76 3478 230 3528 rum,
247 3464 385 3528 quia
405 3464 759 3516 Stromatum
775 3459 905 3511 libri
921 3470 1068 3522 quos
1095 3456 1258 3519 dicis,
1277 3453 1540 3518 Origenis
1553 3437 1692 3500 sunt‘

75 3556 240 3609 unde
270 3554 458 3621 ipsius
486 3565 614 3606 esse
648 3552 965 3616 probantur
998 3548 1105 3612 [AL
1131 3542 1545 3611 probabuntur]
1574 3544 1702 3595 ‘IEx

72 3653 443 3707 caeterorum,
490 3642 696 3707 inquit,
735 3639 1127 3695 similitudine.
1160 3636 1268 3688 Sed
1293 3636 1444 3687 sicut
1466 3633 1576 3695 ille,
1603 3630 1702 3697 qui

72 3745 133 3791 in
169 3737 458 3801 scriptura
472 3733 717 3797 alicujus
734 3732 949 3785 falsum
968 3729 1155 3782 facere
1174 3726 1315 3779 vult.
1346 3736 1557 3776 manus
1576 3723 1702 3787 ejus

72 3830 369 3881 imitatur:
409 3825 490 3877 ita
526 3829 583 3876 et
606 3823 706 3888 qui
745 3834 851 3874 sua
884 3822 1038 3872 dicta
1072 3819 1182 3871 sub
1206 3815 1443 3868 alterius
1466 3813 1702 3867 nomine

73 3919 205 3974 vult
249 3918 520 3980 inserere,
567 3913 765 3966 stilum
811 3912 939 3964 sine
970 3909 1143 3961 dubio
1176 3906 1502 3959 imitabitur
1523 3905 1652 3967 ejus
1683 3933 1698 3960 ,

75 4012 253 4076 cujus
270 4011 558 4061 etnomen
573 4002 795 4058 ascivit.
814 4000 1039 4054 Deinde
1062 4002 1129 4051 ut
1151 3996 1361 4059 omnia,
1384 4006 1517 4059 quae
1528 3993 1706 4054 justis‘

78 4104 231 4155 sime
252 4095 716 4165 [Al.justissima]
745 4094 857 4146 dici
879 4095 1143 4159 possunt,
1161 4087 1461 4141 brevitatis
1488 4095 1701 4137 caussa

78 4196 444 4257 praeteream,
464 4188 513 4239 si
534 4188 596 4239 in
620 4190 848 4239 tantum
866 4183 1097 4238 volebas
1113 4178 1323 4231 audere
1345 4177 1449 4242 [AL
1468 4172 1676 4238 audiri]
1690 4229 1703 4254 ’

80 4283 478 4345 utMartyrem
505 4277 964 4343 reprehenderes,
990 4274 1142 4326 dicta
1159 4273 1304 4338 ipsa,
1320 4282 1453 4336 quae
1480 4269 1583 4322 tibi
1617 4270 1706 4321 vi—

82 4374 380 4426 debantur
407 4367 894 4436 reprehensibilia,
931 4367 992 4418 in
1027 4364 1286 4417 medium
1317 4362 1573 4427 proferre
1606 4359 1706 4414 de.

1800 3266 1981 3318 santis
2004 3264 2333 3330 auctoritas,
2366 3263 2467 3316 sed
2502 3274 2608 3315 sua
2631 3262 2785 3315 dicta
2817 3260 3151 3314 defendunt.
3181 3261 3252 3312 Et
3271 3258 3403 3310 ideo

1800 3356 2093 3422 superflua
2117 3356 2206 3406 est
2227 3354 2297 3407 de
2316 3358 2550 3406 auctore
2577 3352 2843 3418 quaestio,
2868 3352 2969 3404 ubi
2987 3349 3245 3404 defensio
3276 3346 3408 3401 talis

1801 3453 1908 3510 est,
1942 3462 2074 3513 quae
2097 3451 2383 3501 assertore
2406 3456 2524 3497 non
2548 3448 2731 3508 egeat.

1862 3539 1949 3595 3i.
2002 3540 2110 3593 Sed
2143 3538 2217 3590 ad
2259 3537 2399 3589 illud
2431 3537 2555 3601 jam
2575 3532 3001 3598 nequissimum
3020 3528 3404 3582 incusationis

1800 3630 1928 3693 ejus
1944 3631 2115 3694 caput
2137 3631 2194 3681 et
2214 3624 2739 3680 invidiosissimum
2760 3620 3114 3677 veniendum
3130 3624 3238 3684 est,
3250 3626 3269 3648 ο
3284 3619 3403 3672 imo

1799 3732 1918 3772 non
1940 3704 2315 3781 invidiosum,
2353 3714 2456 3768 sed
2476 3714 2760 3768 invidum.
2788 3712 2883 3765 Ait
2913 3711 3084 3774 enim,
3108 3709 3248 3771 Quis
3270 3720 3409 3773 pru-

1801 3809 2082 3861 dentium.
2099 3806 2191 3861 vel
2207 3807 2340 3871 quis
2365 3808 2707 3857 Sanctorum
2729 3801 2966 3867 aggredi
2984 3799 3242 3853 voluitin
3263 3797 3409 3850 Lati-

1800 3911 1944 3951 num
1968 3902 2210 3960 vertere,
2243 3895 2399 3960 quod
2426 3897 2487 3946 tu
2511 3905 2695 3945 ausus
2731 3904 2794 3943 es
2828 3893 2851 3937 ?
2883 3891 3001 3953 Ego
3030 3888 3173 3952 ipse,
3194 3886 3407 3949 inquit,

1803 3986 1988 4052 saepef
2011 3988 2247 4051 rogatus
2264 3997 2301 4037 a
2322 3982 2538 4045 multis,
2565 3993 2685 4033 non
2704 3978 2832 4031 feci.
2860 3979 2931 4028 Et
2960 3974 3194 4040 quidem
3215 3973 3409 4026 Sancti

1802 4090 1980 4143 quare
2007 4077 2118 4130 hoc
2155 4088 2276 4129 non
2308 4073 2564 4135 fecerint,
2605 4069 2787 4122 facilis
2813 4065 3110 4120 excusatio
3133 4065 3242 4116 est.
3279 4064 3406 4115 Non

1803 4170 1957 4221 enim
1982 4166 2276 4230 continuo,
2302 4164 2400 4229 qui
2422 4164 2668 4214 Sanctus
2683 4166 2741 4214 et
2759 4158 3011 4226 prudens
3035 4160 3126 4209 est
3148 4154 3406 4216 Latinus,

1806 4260 1979 4331 387
2013 4261 2184 4315 etiam
2206 4256 2422 4321 linguae
2446 4254 2661 4306 Graeca)
2679 4250 2940 4304 notitiam
2957 4244 3307 4300 sufﬁcienter
3316 4242 3410 4294 ha-

1804 4354 1921 4406 bet.
1955 4354 2073 4405 Nec
2113 4345 2401 4402 sanctitati
2424 4344 2552 4408 ejus
2581 4340 2914 4399 detrahitur,
2939 4335 3223 4390 cuideest
3248 4343 3411 4397 pere-

82 4467 316 4528 bueras,
335 4464 391 4515 et
415 4419 548 4514 tunc
560 4419 965 4525 unusquisque
979 4456 1297 4522 legentium
1312 4419 1557 4508 vidisset
1585 4450 1695 4517 [Αι.
1723 4442 1782 4516 Ι)
1810 4442 1996 4509 grinaa
2027 4440 2244 4504 linguas
2274 4436 2496 4490 notitia.
2529 4435 2647 4486 Aut
2665 4432 2875 4484 iterum
2916 4438 3036 4480 non
3056 4422 3331 4528 continuo
3360 4419 3412 4471 si

86 4556 343 4621 videns],
381 4553 612 4618 quidibi
633 4556 785 4605 esset
799 4550 1133 4614 absurdum,
1153 4546 1292 4612 quid
1317 4554 1701 4607 consequens,

85 4647 233 4712 quid
259 4645 544 4710 iniquum,
570 4643 710 4708 quid
734 4644 884 4695 certe
913 4644 1112 4694 contra
1132 4636 1495 4703 Apostolicas
1529 4645 1705 4697 regu-

81 4739 196 4799 las,
214 4736 354 4790 bsed
368 4722 597 4789 tantum
621 4734 817 4787 nescio
841 4731 979 4796 quid
1002 4730 1330 4795 impietatis,
1360 4737 1463 4791 pro
1479 4735 1615 4789 quo,
1636 4726 1702 4774 ut

88 4827 259 4890 dicis,
287 4825 594 4891 expiando,
638 4822 982 4888 sanguinem
1015 4832 1191 4873 suum
1226 4815 1434 4870 fuderit
1466 4814 1697 4877 Martyr.

91 4922 230 4984 Ipsa
250 4916 351 4969 illa
364 4917 543 4970 verba
565 4915 615 4967 si
644 4914 1008 4979 legeret,jam
1032 4924 1151 4963 non
1176 4913 1291 4972 tua,
1319 4906 1423 4960 sed
1442 4917 1545 4957 sua
1573 4915 1704 4955 sen-

92 5009 300 5072 tentia,
320 5011 423 5061 aut
447 5019 669 5060 errasse
692 5006 1019 5068 Martyrem,
1036 5004 1136 5053 aut
1161 4999 1395 5053 nomine
1419 4993 1702 5059 Martyris,

90 5098 417 5154 absurdam
430 5097 731 5163 etimpiam
754 5093 1235 5158 conscriptionem
1256 5090 1327 5142 ab
1350 5087 1464 5141 alio
1494 5084 1707 5138 diceret

156 5275 180 5304 δ
219 5272 590 5325 Guarnerian.
627 5283 759 5336 ms.,
792 5269 1055 5328 videatur,
1083 5267 1138 5317 et
1168 5276 1324 5325 mox,
1371 5260 1463 5336 ubi
1493 5257 1708 5336 pictatis

91 5353 137 5397 et
165 5345 451 5408 religionis
480 5345 640 5405 dicta,
666 5348 723 5394 et
742 5331 952 5391 etiamsi
975 5355 1117 5400 vera,
1147 5334 1449 5401 spernenda
1472 5331 1709 5383 decernis

97 5420 208 5472 Cui
235 5420 361 5483 jam
386 5419 479 5466 iste
514 5419 771 5466 honorem
791 5414 1010 5477 deferat,
1036 5416 1082 5461 et
1104 5412 1192 5460 cui
1225 5412 1414 5473 parcat
1437 5410 1461 5458 εἲ

160 5492 184 5521 δ
204 5478 275 5542 In
309 5490 513 5542 eodem
542 5502 673 5549 ms.,
696 5487 785 5538 sed
809 5493 1023 5550 tamem,
1068 5483 1325 5536 nondum
1371 5479 1511 5531 satis
1544 5478 1707 5550 bene.

95 5566 308 5618 Ferme
340 5569 537 5615 autem
564 5548 775 5615 rectius
806 5548 1042 5612 habebit
1075 5556 1305 5608 inferior
1332 5555 1638 5605 contextus
1662 5548 1711 5599 si

97 5638 171 5687 sel
210 5649 315 5701 pro
351 5636 441 5685 sed
476 5636 653 5700 legas.
695 5636 826 5686 Mox
858 5645 960 5698 pro
989 5628 1281 5695 impietatis
1326 5629 1496 5679 vetus
1538 5622 1710 5676 editio

99 5710 284 5763 habet
306 5709 684 5774 interpretatis,
714 5706 880 5760 male.
1102 5767 1111 5771 _

164 5792 185 5814 ⁶
209 5783 338 5850 Ms.,
376 5766 610 5850 ejicietrr
631 5795 647 5847 ;
670 5766 816 5845 tum,
844 5781 958 5846 ipse
993 5767 1560 5850 qui'laudabitrMex,
1591 5773 1637 5820 et
1664 5766 1713 5818 si

95 5857 162 5908 in
208 5844 516 5925 atiqiadntis
544 5844 791 5912 videatur
803 5844 1030 5917 errasse,
1064 5864 1169 5918 pro
1191 5845 1405 5903 etiamsi
1436 5844 1701 5911 aliquan-

1807 4531 2109 4586 scientiam
2129 4529 2257 4593 quis
2282 4528 2458 4579 habet
2486 4523 2671 4577 Graeci
2694 4518 2993 4581 sermonis,
3019 4515 3191 4568 etiam
3213 4510 3412 4567 volun-

1804 4627 1980 4679 tatem
2002 4616 2413 4685 interpretandi
2438 4615 2630 4667 habet.
2655 4614 2774 4665 Aut
2794 4608 2967 4662 etiam
2990 4606 3039 4659 si
3059 4605 3255 4668 habet,
3289 4613 3412 4654 non

1801 4714 1996 4769 statim
2017 4707 2412 4763 discutiendus
2432 4709 2521 4758 est
2543 4702 2656 4766 ille,
2685 4701 2786 4766 qui
2796 4712 2982 4765 pauca
3000 4694 3412 4760 interpretatus

1801 4809 1905 4869 est,
1932 4814 2109 4868 quare
2145 4812 2263 4852 non
2287 4798 2467 4864 plura,
2505 4799 2606 4847 aut
2632 4806 2736 4846 cur
2754 4803 2873 4844 non
2908 4790 3022 4854 illa,
3046 4786 3284 4840 sedilia.
3318 4782 3414 4835 Li-

1802 4897 1995 4949 bertas
2022 4898 2113 4948 est
2135 4891 2287 4945 enim
2310 4889 2371 4941 in
2404 4882 2806 4953 hujuscemodi
2832 4893 3013 4947 opere,
3039 4882 3098 4931 et
3127 4880 3218 4930 est
3239 4874 3332 4929 vel
3353 4874 3415 4926 in

1803 4986 2035 5040 arbitrio
2061 4981 2379 5046 scribentis,
2425 4978 2519 5033 vel
2548 4978 2607 5029 in
2636 4973 2914 5028 desiderio
2935 4966 3324 5036 deposcentis;
3352 4967 3412 5018 et

1806 5083 1998 5131 tamen
2021 5077 2092 5129 de
2118 5077 2318 5128 sancto
2344 5069 2559 5124 Hilario
2582 5067 2738 5131 dicit,
2767 5068 2823 5118 et
2844 5064 2915 5116 de
2941 5061 3140 5114 sancto
3166 5054 3413 5109 Victori-

1808 5250 1894 5351 do“,
1922 5254 2121 5372 gtgnuo
2158 5328 2291 5381 ms.,
2331 5312 2539 5363 meritis
2576 5307 2916 5381 credendum,
2951 5315 3064 5381 pro
3094 5297 3408 5381 cedentium,

1810 5395 1986 5447 ferme
2010 5388 2236 5442 rectius.
2253 5372 2387 5439 Mox
2403 5384 2573 5436 etiam
2584 5379 2899 5445 defensori'is
2922 5374 3090 5426 verbis
3112 5372 3288 5424 habet
3308 5380 3411 5434 pro

1811 5464 2123 5531 defensoris,
2149 5464 2257 5513 etc.

1873 5513 1891 5567 ί
1911 5513 2182 5598 Pericopa
2208 5530 2411 5582 ist.th
2425 5525 2752 5598 verborum,
2768 5522 2889 5598 imo
2908 5533 3022 5568 non
3056 5513 3407 5598 invidiosum,

1811 5611 1900 5662 sed
1916 5585 2191 5668 ἶγῖὗῖέιὶιήι,
2206 5604 2262 5655 in
2274 5614 2380 5654 ms.
2395 5597 2768 5668 desideratur.
2784 5591 3025 5668 Videtur
3047 5588 3221 5668 etiam
3243 5585 3411 5637 docto

1810 5685 1935 5740 viro
1950 5683 2012 5734 in
2032 5663 2256 5734 textum
2288 5688 2362 5728 ex
2382 5677 2520 5726 nota
2551 5669 2625 5722 ad
2647 5665 2776 5720 libri
2798 5676 2956 5740 oram
2978 5663 3221 5740 intrusa.

1874 5728 2222 5810 Filia}:
2246 5761 2378 5815 saepe
2399 5740 2753 5801 adverbium.
2779 5736 3023 5792 Leviora
3050 5731 3271 5801 passim
3293 5728 3408 5783 dis-

1814 5828 2173 5886 simulamus.
