3900 6438
502 374 599 433 611

1525 371 1769 424 RUFINI
1810 369 2302 432 AQUILEIENSIS
2337 368 2771 424 PRESBYTERI

3712 366 3823 422 612

501 502 608 543 no:
637 500 884 554 quorum
903 487 1148 542 alterum
1164 485 1490 551 interpretis
1514 484 1681 537 titulo
1699 482 1843 536 nihil
1865 483 2099 536 omnino
2126 484 2180 558 Α
2210 484 2384 537 situm
2420 482 2612 536 Sancti
2643 481 2883 547 Spiritus
2914 479 3220 546 compilare
3239 482 3263 529 7
3285 481 3375 534 An
3391 492 3514 534 non
3533 481 3627 534 est
3651 494 3824 534 com-

503 579 748 632 arbitror
774 578 1136 632 transtulisse
1168 576 1237 627 de
1268 576 1466 628 Graco
1492 589 1505 626 :
1530 574 1774 626 alterum
1797 572 1922 638 ipse
1946 573 2103 635 dicit,

501 668 792 721 Heliodori
814 667 1116 732 cujusdam
1132 664 1450 730 Presbyteri
1464 676 1637 716 usum
1650 664 1908 726 scientia,
1927 670 1980 712 ut
1990 679 2103 724 qua

499 758 594 811 ille
630 758 738 809 sibi
761 756 1017 808 hauriret
1039 768 1113 807 ex
1130 754 1287 806 fonte
1312 756 1662 817 Gracorum,
1687 752 1808 816 ipse
1820 752 2021 803 Latino
2039 764 2105 803 ea

498 858 762 900 sermone
784 845 1082 909 digereret,
1108 857 1209 909 pro
1234 857 1300 896 eo
1330 844 1484 908 quod
1509 852 1527 872 ·
1558 847 1659 894 aut
1681 840 1826 894 nihil
1857 846 1959 894 aut
1996 844 2102 893 Pa-

494 949 624 989 rum
659 938 854 988 Grace
887 939 1104 987 nosset.
1118 934 1205 986 Illi
1223 946 1359 999 ergo
1376 947 1480 986 cur
1490 933 1614 986 hac
1628 945 1747 984 non
1765 932 2022 995 fecerint,
2049 935 2106 983 et

493 1024 671 1079 facilis
700 1030 758 1078 et
779 1025 1089 1078 manifesta
1108 1029 1192 1077 est
1211 1024 1534 1076 excusatio:
1566 1022 1638 1075 de
1660 1027 1713 1074 te
1731 1034 1869 1074 sane
1890 1022 2107 1073 miran-

488 1114 629 1167 dum
652 1119 747 1167 est
776 1127 955 1179 quare
977 1114 1089 1167 hoc
1112 1114 1331 1167 feceris.
1347 1113 1494 1176 Quid
1512 1112 1663 1165 enim
1685 1111 1872 1176 magis
1894 1111 2104 1179 audax,

490 1204 587 1259 vel
622 1204 762 1269 quid
791 1203 1046 1269 amplius
1068 1203 1457 1265 temerarium,
1483 1201 1661 1254 libros
1682 1202 1825 1252 istos
1848 1201 2112 1265 interpre-

492 1293 600 1347 tari
614 1293 901 1359 Origenis,
921 1305 1169 1358 quorum
1189 1293 1310 1357 jam
1334 1304 1480 1356 pene
1501 1303 1735 1343 omnem
1748 1292 2103 1340 continentiam

492 1383 554 1436 in
579 1383 711 1436 aliis
733 1382 897 1435 libris
924 1383 1273 1447 scripseras?
1298 1394 1544 1445 quorum
1578 1381 1772 1437 omnia
1792 1382 1911 1444 jam
1937 1379 2107 1437 dicta,

494 1484 634 1537 qua
680 1472 1153 1538 reprehensiban
1182 1484 1339 1524 nunc
1366 1471 1528 1536 dicis,
1553 1472 1664 1522 sub
1688 1469 1898 1535 proprii
1920 1469 2109 1521 nomi-

493 1563 587 1615 nis
616 1575 885 1615 sermone
908 1560 1232 1627 protuleras
1253 1563 1280 1612 ‘2

553 1648 643 1707 32.
684 1653 777 1704 An
815 1657 882 1704 ut
911 1651 1240 1704 divinarum
1278 1649 1699 1714 Scripturarum
1737 1648 1935 1709 libros,
1960 1660 2107 1712 quos

491 1739 569 1794 ad
592 1740 995 1806 plenissimum
1012 1740 1147 1791 fidei
1163 1741 1621 1791 lnstrumentum
1638 1737 1905 1789 Ecclesiis
1922 1738 2106 1789 Christi

2206 574 2386 639 pilare
2419 587 2552 626 cum
2588 572 2855 637 quadam
2889 571 3121 636 quidem
3148 571 3549 635 immutantur,
3575 578 3633 624 et
3660 585 3824 624 error

2202 664 2412 715 dicitur
2426 662 2668 727 corrigi?
2682 664 2823 713 Nam
2845 662 3033 713 omnis
3052 660 3146 711 illa
3165 661 3402 713 historia
3427 661 3497 713 de
3523 663 3821 724 Susanna,

2204 766 2337 817 qua
2350 753 2633 804 castitatis
2650 751 2977 816 exemplum
3007 751 3297 815 prabebat
3313 751 3582 803 Ecclesiis
3597 752 3642 801 D
3688 750 3730 813 i,
3749 752 3821 802 ab

2202 843 2315 895 isto
2344 844 2607 895 abscissa
2621 848 2712 894 est
2728 844 2785 894 et
2799 843 3020 906 abjecta
3038 846 3211 906 atque
3242 841 3588 906 posthabita.
3615 841 3823 893 Trium

2204 945 2513 998 puerorum
2538 932 2812 997 hymnus,
2826 932 2926 996 qui
2945 934 3195 984 maxime
3207 932 3411 984 diebus
3425 934 3751 980 solemnibus
3767 934 3820 979 in

2207 1024 2454 1075 Ecclesia
2476 1023 2581 1089 [AL
2600 1022 2887 1087 Ecclesiis]
2908 1023 3263 1083 Deicanitur,
3278 1023 3472 1073 abisto
3493 1035 3525 1074 e
3547 1022 3679 1075 loco
3713 1034 3821 1074 suo

2206 1114 2442 1179 penitus
2465 1125 2665 1165 erasus
2695 1112 2798 1177 [AL
2824 1112 3088 1176 abrasus]
3119 1114 3224 1165 est.
3243 1111 3457 1175 thuid
3469 1124 3570 1176 per
3586 1111 3823 1177 singula

2207 1215 2594 1256 commemoro
2618 1202 2690 1254 de
2733 1200 2843 1265 his,
2891 1214 3136 1265 quorum
3178 1200 3664 1266 comprehendere
3703 1214 3820 1252 nu-

2206 1305 2430 1345 merum
2448 1304 2674 1356 nequeo
2689 1294 2715 1342 ‘2
2727 1293 2809 1343 De
2825 1303 2936 1355 quo
2949 1297 3014 1343 ut
3024 1291 3285 1343 omittam
3297 1290 3434 1343 illud
3451 1290 3660 1353 dicere,
3678 1293 3820 1352 quod

2207 1382 2579 1447 Septuaginta
2591 1381 2837 1433 duorum
2856 1382 3110 1433 virorum
3126 1394 3223 1445 per
3236 1381 3465 1432 cellulas
3484 1383 3822 1442 interpretan-

2208 1472 2352 1524 tium
2363 1484 2539 1522 unam
2552 1474 2609 1522 et
2621 1482 2938 1522 consonam
2955 1482 3173 1529 vocem,
3186 1468 3570 1521 dubitandum
3590 1484 3696 1517 non
3724 1476 3817 1529 est,

2209 1560 2451 1625 Spiritus
2463 1560 2656 1612 Sancti
2677 1559 3048 1624 inspiratione
3062 1560 3339 1624 prolatam
3350 1571 3386 1620 ο,
3400 1561 3578 1622 etmaj
3588 1559 3708 1610 oris
3726 1558 3745 1592 ί
3760 1558 3820 1609 id

2207 1649 2414 1701 debere
2426 1663 2554 1701 esse
2570 1650 2946 1711 auctoritatis,
2965 1662 3137 1713 quam
3151 1648 3208 1700 id
3230 1649 3384 1713 quod
3397 1650 3469 1700 ab
3495 1661 3613 1700 uno
3630 1648 3821 1700 homi-

2206 1752 2297 1802 ne,
2321 1739 2429 1791 sibi
2441 1740 2688 1791 Barraba
2698 1739 3009 1804 aspirante,
3021 1737 3363 1791 translatum
3375 1740 3483 1790 est.
3498 1738 3571 1788 Ut
3586 1753 3707 1799 ergo
3724 1740 3818 1787 hoc

492 1830 758 1895 Apostoli
779 1829 1164 1894 tradiderunt,
1177 1841 1333 1881 nova
1355 1841 1512 1881 nunc
1524 1831 1625 1880 eta
1646 1828 1868 1880 Judais
1882 1830 2103 1878 mutata
2126 1816 2180 1890 B
2214 1830 2318 1895 [AL
2343 1828 2489 1892 hac]
2505 1828 2784 1891 omittam,
2806 1828 2937 1880 vide
2953 1828 3090 1892 quid
3124 1828 3388 1890 dicimus,
3406 1828 3567 1880 verbi
3582 1839 3816 1879 caussa.

490 1916 967 1983 interpretatione
1002 1922 1259 1970 mutares
1284 1922 1309 1969 ει
1345 1916 1493 1980 Quid
1534 1917 1635 1968 tibi
1660 1929 1732 1968 ex
1773 1916 1865 1967 his
1889 1916 2115 1967 duabus
2214 1923 2417 1973 Petrus
2429 1922 2704 1972 Romana
2720 1919 2992 1971 Ecclesia
3011 1931 3111 1983 per
3132 1918 3335 1982 viginti
3353 1923 3410 1970 et
3439 1923 3690 1982 quatuor
3714 1930 3820 1969 an-

492 2007 723 2060 caussis
746 2007 931 2073 magis
956 2007 1224 2060 videatur
1244 2006 1510 2059 illicitum
1525 2008 1551 2057 ?
1576 2007 1721 2057 Nam
1745 2005 2003 2069 Origenis
2027 2004 2129 2071 di-_

486 2100 581 2149 cta
608 2096 650 2161 ⁸³,
687 2097 812 2150 sive
844 2097 1092 2162 placent,
1131 2100 1197 2149 ut
1241 2096 1493 2149 hominis
1540 2095 1695 2147 dicta
1716 2094 1960 2159 placent,
1987 2095 2112 2147 sive

491 2185 815 2251 displicent,
841 2191 906 2238 ut
931 2186 1184 2239 hominis
1205 2186 1349 2238 falsa
1372 2186 1525 2238 dicta
1540 2185 1705 2237 facile
1726 2189 2109 2236 contemnun—

486 2279 599 2327 tur.
622 2278 743 2328 Ista
770 2289 911 2328 vero,
933 2288 1067 2340 qua
1094 2289 1252 2328 nunc
1283 2282 1346 2328 tu
1367 2276 1777 2340 interpretaris,
1802 2277 1857 2326 et
1880 2288 1980 2339 per
2005 2276 2110 2325 Ec-

488 2365 698 2418 clesias
722 2370 781 2418 et
812 2366 1180 2426 monasteria,
1213 2378 1316 2429 per
1339 2365 1547 2430 oppida
1575 2369 1635 2416 et
1656 2365 1890 2417 castella
1920 2367 2109 2416 trans-

486 2454 691 2519 mittis,
716 2455 1005 2520 quomodo
1028 2455 1422 2519 suscipiemus
1443 2457 1470 2505 ‘I
1492 2459 1771 2518 tanquam
1792 2453 2006 2515 divina,
2034 2466 2111 2506 an

486 2543 767 2607 tanquam
788 2541 1079 2597 humana?
1095 2546 1166 2596 Et
1192 2543 1331 2607 quid
1355 2544 1616 2606 facimus,
1637 2542 1794 2607 quod
1821 2555 1952 2607 qua
1974 2544 2109 2595 Pro-

487 2630 795 2697 phetarum
823 2632 917 2685 vel
944 2631 1369 2697 Legislatorum
1416 2632 1752 2685 nominibus
1789 2632 2107 2691 titulantur,

414 2706 423 2714 ’
484 2721 706 2773 veriora
723 2720 853 2774 hac
874 2722 980 2772 abs
1016 2726 1089 2784 te,
1117 2734 1293 2786 quam
1317 2721 1422 2773 illa
1450 2733 1584 2785 qua
1610 2722 1871 2785 Apostoli
1905 2721 2111 2786 proba-

485 2812 713 2870 verunt,
729 2810 1127 2862 atﬂrmantur?
1140 2811 1304 2862 lstud
1318 2810 1713 2870 commissum,
1728 2810 1836 2872 dic,
1855 2812 2107 2872 quomodo

491 2898 906 2962 emendabitur,
944 2898 1120 2968 388
1157 2899 1276 2953 imo
1317 2899 1481 2951 nefas
1507 2898 1614 2965 [AL
1643 2900 1770 2949 add.
1806 2899 1933 2963 hoc]
1958 2912 2104 2963 quo-

487 2988 660 3041 modo
677 2988 1008 3050 expiabitur
1031 2993 1057 3041 ‘I
1084 2989 1139 3042 Si
1156 2990 1313 3042 enim
1334 2990 1393 3042 in
1419 2990 1765 3055 explicanda
1781 2990 1883 3053 [AL
1910 2990 2108 3048 expla-

489 3078 699 3142 nanda]
717 3078 843 3145 lege
867 3078 1087 3144 aliquid
1110 3078 1275 3132 aliter
1298 3080 1575 3143 sensisse,
1598 3079 1923 3131 damnabile
1948 3080 2101 3144 apud

2210 2023 2317 2062 nos
2336 2000 2559 2072 praefuit
2577 2023 2589 2059 :
2618 2007 2999 2060 dubitandum
3010 2020 3129 2060 non
3144 2010 3248 2071 est,
3261 2008 3401 2071 quin
3419 2008 3568 2059 sicut
3583 2011 3816 2071 catera,

2212 2095 2388 2167 389
2422 2110 2552 2163 qua
2593 2097 2667 2149 ad
2717 2097 3157 2149 instructionem
3203 2097 3499 2161 pertinent,
3547 2096 3724 2147 etiam
3754 2096 3819 2147 li-

2210 2189 2445 2241 brorum
2469 2189 2856 2238 Instrumenta
2882 2186 3149 2238 Ecclesia
3181 2185 3303 2250 ipse
3336 2184 3647 2250 tradiderit,
3682 2197 3817 2249 qua

2210 2278 2412 2342 utique
2432 2280 2553 2341 jam
2571 2282 2727 2339 tunc,
2747 2276 2871 2340 ipso
2890 2275 3122 2328 sedente
3143 2277 3198 2327 et
3212 2275 3471 2339 docente,
3490 2276 3818 2327 recitaban-

2209 2371 2303 2420 tur
2358 2366 2504 2429 Quid
2542 2379 2674 2430 ergo
2699 2370 2724 2417 ?
2754 2366 2989 2430 Decepit
3024 2366 3227 2417 Petrus
3263 2364 3572 2429 Apostolus
3608 2364 3815 2415 Christi

2211 2457 2542 2516 Ecclesiam,
2569 2460 2627 2508 et
2648 2455 2821 2507 libros
2845 2455 2895 2507 ei
2917 2454 3092 2507 falsos
3116 2459 3172 2506 et
3196 2453 3341 2505 nihil
3359 2454 3615 2506 veritatis
3640 2454 3818 2505 conti~

2208 2552 2413 2599 nentes
2432 2545 2681 2608 tradidit,
2698 2550 2757 2597 et
2772 2558 2901 2596 cum
2917 2544 3104 2608 sciret,
3122 2542 3276 2607 quod
3293 2556 3491 2596 verum
3511 2548 3601 2595 est
3615 2543 3813 2595 haberi

2209 2636 2364 2702 apud
2386 2635 2641 2697 Judaos,
2658 2634 2812 2699 apud
2825 2634 3175 2702 Christianos
3188 2632 3415 2685 volebat
3432 2632 3631 2684 haberi
3658 2632 3813 2697 quod

2208 2700 2418 2777 falsum
2446 2727 2569 2777 est?
2595 2724 2705 2775 Sed
2728 2723 2970 2775 fortasse
2994 2700 3149 2783 dicit,
3174 2722 3307 2786 quia
3331 2722 3451 2774 sine
3487 2721 3670 2774 literis
3696 2725 3812 2773 erat

2208 2817 2427 2879 Petrus,
2452 2819 2509 2866 et
2530 2814 2745 2865 sciebat
2772 2812 3023 2877 quidem,
3055 2811 3390 2865 Judaorum
3421 2810 3597 2863 libros
3627 2812 3812 2876 magis

2208 2918 2335 2957 esse
2362 2917 2548 2968 veros,
2584 2915 2760 2969 quam
2798 2903 2962 2964 istos,
3000 2901 3100 2966 qui
3129 2905 3290 2953 erant
3322 2901 3382 2953 in
3406 2900 3683 2953 Ecclesia:
3712 2900 3810 2952 sed

2206 2994 2565 3059 interpretari
2610 3007 2729 3045 non
2766 2997 2986 3058 poterat
3007 2997 3238 3057 propter
3272 2990 3551 3042 sermonis
3583 2990 3810 3051 imperi-

2201 3086 2357 3138 tiam.
2383 3087 2452 3136 Et
2484 3083 2663 3147 quid?
2687 3082 2839 3134 Nihil
2860 3084 2922 3134 in
2945 3083 3056 3133 isto
3079 3082 3285 3147 agebat
3300 3081 3467 3145 ignea
3488 3080 3688 3145 lingua
3711 3092 3805 3144 per

488 3173 544 3223 te
567 3168 822 3223 ducitur:
867 3171 1056 3234 ipsam
1102 3170 1291 3236 legem
1320 3174 1642 3236 pervertere
1664 3170 1724 3221 in
1744 3169 1899 3223 aliud
1923 3184 2097 3234 quam
2125 3191 2173 3266 ρ
2206 3175 2479 3240 Spiritum
2493 3179 2763 3226 sanctum
2781 3172 3005 3226 calitus
3032 3171 3205 3223 data?
3229 3173 3353 3223 Non
3376 3183 3514 3235 ergo
3531 3171 3800 3223 omnibus

482 3260 746 3325 Apostoli
778 3260 1149 3327 tradiderunt,
1177 3262 1406 3325 quoties
1423 3260 2093 3322 damnabilejudicanduin

483 3353 610 3402 est?
631 3350 742 3402 Cur
763 3363 883 3402 non
904 3351 1092 3417 magis
1130 3363 1226 3416 pro
1249 3350 1427 3415 hujus
1448 3351 1576 3403 ausi
1596 3352 1914 3403 temeritate
1937 3350 2093 3402 dica-

482 3451 617 3491 mus
643 3451 690 3490 :-
710 3440 848 3501 Quis
870 3452 944 3491 ex
977 3445 1062 3493 tot
1096 3444 1154 3492 et
1190 3441 1370 3492 tantis
1394 3440 1777 3505 prudentibus
1796 3446 1853 3493 et
1877 3441 2095 3492 sanctis

483 3528 641 3590 viris,
674 3529 774 3593 qui
805 3533 939 3582 ante
970 3534 1027 3583 te
1066 3530 1300 3582 fuerunt
1332 3531 1405 3582 ad
1441 3530 1596 3583 istud
1631 3543 1777 3596 opus
1801 3544 1982 3583 ausus
2019 3532 2096 3582 sit

481 3631 723 3671 manum
754 3618 980 3671 mittere
1007 3623 1030 3670 Ρ
1059 3619 1198 3682 Quis
1239 3620 1637 3684 prasumserit
1680 3633 1873 3672 sacras
1899 3619 2095 3673 Sancti

485 3708 727 3774 Spiritus
763 3721 937 3762 voces
987 3710 1044 3761 et
1071 3708 1267 3761 divina
1291 3708 1605 3762 Volumina
1625 3713 1939 3762 temerare?
1955 3712 2093 3773 Quis

482 3802 693 3863 prater
726 3804 781 3852 te
814 3798 1012 3852 divino
1036 3799 1262 3851 muneri
1288 3803 1347 3851 et
1389 3800 1795 3865 Apostolorum
1847 3801 2095 3855 haredi-

481 3888 585 3941 tati
607 3901 819 3941 manus
842 3888 1098 3942 intulerit
1118 3889 1222 3955 [AL
1249 3889 1463 3955 intulit]
1494 3894 1518 3941 ἒ

542 3977 630 4034 33.
657 3981 728 4031 Et
764 3979 1000 4043 quidem
1033 3992 1167 4032 cum
1208 3980 1415 4046 ingens
1445 3981 1607 4047 copia
1628 3981 1808 4034 fuisse
1838 3996 1910 4034 ex
1930 3982 2093 4035 initio

477 4067 535 4120 in
555 4069 828 4121 Ecclesiis
872 4069 993 4131 Dei,
1021 4074 1078 4122 et
1130 4070 1426 4135 pracipue
1467 4070 1839 4136 Jerosolymis
1870 4085 2091 4134 eorum,

476 4158 575 4224 qui
597 4171 670 4210 ex
693 4159 1129 4212 circumcisione
1163 4160 1543 4222 crediderant,
1568 4161 1860 4225 referatur,
1884 4162 1946 4215 in
1968 4163 2095 4227 qui-

478 4248 591 4300 bus
606 4248 805 4313 utique
828 4249 1042 4313 lingua
1059 4250 1368 4314 utriusque
1380 4250 1690 4315 perfectam
1714 4252 1893 4305 fuisse
1914 4254 2090 4307 scien-

477 4338 636 4403 tiam,
681 4343 739 4391 et
779 4337 922 4403 legis
968 4339 1229 4404 peritiam
1275 4340 1650 4405 probabilem,
1698 4339 2088 4398 administrati

474 4427 846 4494 pontiﬁcatus
872 4430 1121 4480 testatur
1141 4429 1413 4481 officium.
1437 4430 1574 4493 Quis
1594 4444 1726 4497 ergo
1743 4432 1804 4484 in
1828 4433 1941 4485 ista
1963 4446 2087 4486 eru-

2200 3266 2413 3330 linguis
2437 3265 2820 3329 loquebantur
2844 3261 3103 3328 Apostoli
3130 3266 3153 3313 .°

2256 3356 2337 3411 34.
2373 3355 2483 3408 Sed
2514 3364 2531 3392 ε
2562 3354 2963 3416 concedamus,
2990 3352 3128 3417 quia
3152 3364 3271 3404 non
3312 3350 3565 3417 potuerit
3606 3352 3801 3402 Petrus

2193 3444 2507 3510 Apostolus
2518 3444 2703 3496 facere
2719 3443 2872 3507 quod
2893 3443 2986 3495 hic
3010 3442 3182 3494 modo
3200 3441 3328 3492 fecit
3346 3455 3357 3491 :
3382 3440 3453 3492 de
3475 3441 3649 3492 Paulo
3666 3439 3797 3504 quid

2192 3535 2438 3587 dicimus
2453 3538 2478 3585 ‘I
2497 3536 2650 3585 Num
2687 3538 2743 3586 et
2766 3531 2977 3585 Paulus
3009 3532 3133 3584 sine
3153 3531 3330 3584 literis
3354 3530 3501 3582 fuit?
3517 3531 3795 3582 Hebraus

2193 3638 2264 3678 ex
2285 3626 2566 3686 Hebrais,
2582 3622 2904 3675 secundum
2927 3622 3116 3687 legem
3132 3622 3474 3684 Pharisaus,
3491 3622 3700 3669 edoctus
3720 3636 3794 3669 se-

2192 3728 2296 3768 cus
2320 3714 2496 3779 pedes
2520 3713 2867 3773 Gamalielis,
2893 3712 2990 3776 qui
3016 3712 3187 3764 etiam
3211 3715 3268 3763 et
3284 3711 3406 3775 ipse
3430 3711 3632 3762 Roma
3658 3711 3793 3775 posi-

2191 3809 2307 3869 tus,
2327 3806 2373 3857 si
2393 3804 2531 3869 quid
2563 3806 2727 3856 Petro
2759 3802 3055 3867 defuisset,
3078 3805 3248 3867 putas
3264 3813 3382 3853 non
3403 3800 3590 3865 potuit
3613 3801 3789 3853 adim-

2190 3895 2339 3961 plere
2356 3900 2380 3947 Ρ
2403 3894 2699 3958 Quomodo
2712 3906 2846 3958 ergo
2870 3892 2987 3955 isti,
3005 3892 3102 3956 qui
3119 3890 3531 3957 pracipiebant
3545 3890 3786 3956 discipu-

2187 3985 2258 4038 lis
2282 3990 2347 4039 ut
2378 3984 2740 4037 attenderent
2775 3981 3026 4044 lectioni,
3066 3979 3400 4033 emendatas
3430 3979 3511 4031 eis
3542 3984 3600 4032 et
3626 3991 3783 4032 veras

2187 4091 2308 4131 non
2330 4078 2544 4130 dabant
2558 4077 2833 4129 lectiones
2849 4089 2862 4139 ;
2880 4079 2938 4127 et
2955 4074 3052 4139 qui
3070 4073 3407 4139 pracipiunt
3429 4083 3501 4123 ne
3532 4070 3783 4123 attenda-

2187 4180 2321 4219 mus
2341 4166 2596 4219 Judaicis
2614 4166 2819 4219 fabulis
2833 4170 2889 4217 et
2904 4162 3271 4230 genealogiis,
3288 4174 3417 4226 qna
3435 4160 3779 4225 quastiones

2188 4258 2371 4320 magis
2393 4261 2692 4321 prastant,
2706 4268 2876 4321 quam
2892 4253 3356 4307 adiﬁcationem:
3384 4254 3443 4304 et
3462 4251 3670 4302 iterum
3696 4262 3779 4301 ca-

2187 4361 2323 4401 vere
2346 4361 2454 4399 nos
2486 4348 2711 4412 jubent,
2746 4352 2805 4399 et
2832 4346 3137 4399 observare
3172 4342 3419 4394 maxime
3444 4354 3562 4404 eos,
3589 4340 3690 4404 qui
3711 4353 3775 4393 ex

2188 4438 2623 4493 circumcisione
2649 4437 2823 4490 sunt:
2845 4434 3132 4499 quomodo
3155 4445 3273 4484 non
3294 4430 3668 4497 pervidebant
3684 4443 3773 4494 per

475 4516 725 4570 ditorum
748 4518 1002 4572 virorum
1014 4518 1036 4547 ⁶¹
1055 4519 1217 4584 copia
1226 4532 1407 4571 ausus
1420 4524 1509 4572 est
1523 4522 1849 4575 lnstrumen
1859 4528 1979 4575 tum
1996 4523 2083 4575 di-

2197 4530 2465 4597 spiritum,
2493 4528 2513 4557 ¹³
2531 4527 2682 4593 quod
2694 4527 2953 4579 futurum
2968 4528 3119 4577 esset
3137 4528 3364 4587 tempus
3382 4524 3509 4587 post
3533 4524 3771 4582 quadrin-

475 4605 693 4671 vinum,
713 4608 869 4673 quod
879 4610 1140 4674 Apostoli
1155 4610 1422 4664 Ecclesiis
1436 4610 1816 4676 tradiderunt,
1835 4618 1893 4666 et
1905 4613 2081 4678 depo-

537 4782 555 4806 ι
589 4779 775 4849 Atque
802 4775 933 4830 heic
970 4783 1120 4832 tacet
1148 4792 1255 4832 ms.
1283 4787 1410 4847 aut;
1447 4784 1570 4835 tum
1597 4797 1695 4833 cur
1718 4783 1815 4833 hoc
1844 4783 2079 4849 prafert

472 4854 574 4914 pro
598 4848 721 4911 hac,
738 4848 992 4914 denique
1014 4850 1193 4903 altero
1217 4854 1289 4904 ab
1322 4854 1432 4906 hoc
1455 4867 1630 4907 versu
1654 4855 1784 4920 plus
1810 4848 1986 4909 habet
2014 4857 2076 4907 de

472 4925 517 4971 te
542 4935 674 4970 sane
697 4921 848 4971 valde
868 4923 1193 4973 mirandum
1214 4931 1302 4978 est.

532 4991 555 5021 ”
582 4992 822 5045 Brevius
844 4994 903 5049 in
928 4995 1210 5052 ms.,Nam
1237 4998 1487 5062 Origenis
1520 4999 1681 5063 dicta,
1716 5000 1823 5049 sive
1844 5000 2070 5065 placent,

468 5063 575 5114 sive
594 5065 890 5130 displicent,
919 5074 973 5116 ut
1010 5069 1249 5119 hominis
1282 5070 1427 5120 dicta
1448 5070 1608 5133 facile
1632 5063 2069 5126 contemnuntur.

472 5138 539 5188 Et
566 5137 734 5200 paulo
780 5144 925 5201 post,
965 5154 1063 5204 per
1097 5140 1319 5205 oppida,
1367 5156 1463 5204 per
1490 5142 1701 5191 castella
1727 5146 2068 5207 transmittis,

468 5209 738 5273 quomodo
757 5212 1108 5275 suscipiemus
1134 5218 1401 5275 tanquam
1418 5212 1610 5262 divina
1623 5216 1649 5263 ?
1662 5215 1796 5277 quid
1816 5216 2068 5280 facimus,

467 5296 585 5345 qua
603 5282 1035 5345 prophetarum..
1047 5323 1059 5334 .
1073 5284 1386 5347 titulantur,
1404 5286 1547 5348 quod
1561 5289 1790 5349 veriora,
1805 5292 1909 5338 etc.
1925 5291 2072 5351 Apo-

464 5352 584 5402 stoli
627 5354 1079 5419 approbaverunt.
1129 5360 1269 5417 Qua
1313 5355 1457 5409 vitia
1498 5357 1557 5408 in
1584 5357 1674 5409 his
1697 5364 1857 5411 erant
1879 5360 2071 5413 mani-

467 5423 612 5476 festa
640 5427 1024 5489 praterimus.

528 5507 546 5569 ἡ
569 5497 702 5549 Plus
726 5499 902 5552 habet
922 5514 1049 5564 ms.,
1074 5500 1339 5564 dicamus,
1365 5502 1498 5568 quia
1528 5503 1650 5569 quis
1680 5506 1787 5557 etc.

527 5568 549 5597 ⁸
572 5571 869 5624 Interserit
892 5585 1000 5624 ms.
1027 5578 1200 5624 tanta.

526 5648 546 5670 ο
572 5641 754 5694 Vetus
792 5643 947 5696 edit..
986 5646 1290 5710 probatam.
1335 5647 1416 5699 De
1449 5646 1747 5711 repudiata
1788 5647 2066 5703 Susanna

463 5714 1083 5800 historia_,_Hymn_oque
1107 5728 1280 5800 trium
1290 5740 1620 5794 puerorum,
1645 5732 1774 5793 etc.,
1792 5744 1903 5779 non
1920 5730 2067 5795 quod

463 5794 577 5856 ipso
594 5794 826 5858 sentiret,
849 5798 939 5850 sed
965 5801 1101 5865 quid
1121 5799 1300 5854 Judai
1317 5807 1508 5855 contra
1527 5814 1626 5853 nos
1647 5801 1817 5854 dicere
1839 5794 2062 5870 soleant,

2180 4626 2388 4687 gentos
2408 4621 2523 4673 fere
2541 4632 2744 4683 annos,
2758 4616 2991 4683 quando
3007 4614 3276 4676 Ecclesia,
3295 4612 3520 4678 cognito
3537 4624 3600 4664 eo
3618 4610 3767 4675 quod

2176 4792 2513 4860 exposuisse
2532 4805 2592 4844 se
2604 4790 2898 4857 profitetur
2926 4790 2990 4860 S.
3007 4789 3216 4839 Doctor
3231 4783 3471 4860 Apolog.
3499 4781 3590 4834 lib.
3618 4782 3689 4860 I_I.
3705 4796 3762 4860 _n.

2176 4853 2273 4922 33.-
2306 4866 2584 4916 Fabulam
2605 4853 2788 4928 porro
2833 4859 3166 4913 cellularum
3203 4856 3500 4910 verissime
3522 4853 3763 4919 explodit

2176 4937 2463 4992 sexcentis
2486 4935 2643 4997 locis,
2676 4947 2823 4999 quos
2846 4945 2953 4985 nec
2977 4935 3146 4984 vacat
3166 4928 3430 4981 indicari:
3456 4938 3760 4990 numquam

2174 5015 2367 5063 tamen
2381 5008 2661 5061 versionis
2680 5008 3053 5071 Septuaginta
3064 5002 3257 5055 viralis
3269 5004 3451 5050 authen
3459 5002 3645 5071 ticitati,
3664 5002 3704 5047 si
3713 5013 3757 5045 ve

2171 5080 2493 5134 auctoritati
2506 5070 2769 5143 derogat,
2779 5078 2878 5129 sed
2903 5089 3029 5128 eam
3045 5080 3217 5140 negat
3237 5072 3514 5124 divinitus
3536 5070 3756 5143 inspira-

2171 5159 2291 5206 tam
2318 5168 2329 5204 :
2354 5157 2504 5204 certe
2528 5142 2785 5215 pluribus
2802 5149 3029 5201 mendis
3054 5148 3420 5211 depravatam
3437 5142 3699 5195 ostendit.

2233 5226 2253 5260 ί
2279 5226 2496 5276 Reticet
2525 5214 2891 5274 Guarnerian.
2931 5234 3039 5272 ms.
3066 5220 3124 5269 id
3154 5214 3749 5275 voculamzcatera,in

2170 5297 2380 5362 quibus
2396 5295 2634 5346 inferius
2648 5307 2803 5359 sape
2825 5292 3108 5355 dissentit,
3129 5291 3263 5342 vitio
3276 5292 3414 5340 sunt
3424 5288 3743 5362 amanuensis.

2232 5369 2632 5420 ‘Guarnerian.
2664 5358 3147 5433 ms.,concedimus
3164 5367 3316 5421 :tum
3340 5359 3486 5425 quod
3516 5359 3598 5433 hic
3614 5358 3741 5433 fecit,

2165 5442 2384 5505 absque
2414 5442 2587 5491 modo.
2620 5442 2689 5491 Et
2727 5431 2896 5504 paulo
2930 5441 3080 5503 post,
3120 5436 3168 5486 si
3203 5434 3337 5501 quid
3360 5433 3515 5483 Petro
3539 5431 3741 5493 defuisse

2161 5521 2345 5578 putas,
2371 5529 2484 5564 non
2510 5514 2685 5578 potuit
2716 5512 3027 5576 adimplere.

2226 5585 2249 5615 δ
2276 5586 2411 5637 Plus
2436 5577 2608 5637 habet
2633 5599 2761 5645 ms.,
2798 5600 2894 5650 per
2918 5583 3187 5648 Spiritum
3222 5579 3502 5637 Sanctum,
3527 5577 3581 5650 et
3600 5585 3734 5650 mox,

2163 5660 2373 5723 cognito
2397 5659 2542 5723 quod
2576 5659 2642 5709 ab
2661 5644 2919 5724 Apot'otis,
2954 5644 3059 5708 etc.
3098 5655 3372 5719 Origenes
3394 5652 3453 5703 in
3477 5648 3649 5713 Epist.
3673 5644 3734 5724 ad

2162 5717 2494 5783 Africanum
2511 5745 2568 5783 n.
2600 5732 2651 5787 4.
2692 5717 2912 5795 Tempus
2928 5735 3000 5780 est
3015 5717 3267 5802 igitur,—si
3292 5726 3399 5775 haec
3424 5734 3643 5802 nos'non
3668 5717 3732 5802 tu:

2161 5807 2286 5867 tant,
2298 5802 2559 5870 abrogare
2581 5818 2698 5871 qua:
2724 5804 2786 5856 ir.
2808 5790 3316 5868 Ecclesia—feruntur
3332 5791 3673 5862 mmptaria,
3694 5790 3729 5840 εἰ
