3900 6392
58 342 181 400 613

1203 347 1584 401 APOLOGIE
1616 345 1828 399 LIBER
1864 345 2249 403 SECUNDUS.

3279 353 3388 413 6M

47 457 134 509 ab
160 456 465 522 Apostolis
481 468 601 510 non
616 456 726 509 sibi
741 461 897 511 esset
916 457 1129 511 tradita
1140 460 1351 513 veritas
1368 461 1583 515 vetoris
1598 462 1682 513 In-
1709 465 1766 539 Α
1782 473 1881 525 per
1903 462 2100 514 orbem
2114 467 2414 530 terrarum,
2427 465 2550 519 sive
2565 477 2765 518 eorum
2777 464 2879 531 qui
2892 464 2952 518 in
2975 477 3209 531 corpore
3226 471 3384 525 sunt,

55 548 406 613 strumenti,
440 547 662 612 legatos
686 548 936 601 mitteret
969 548 1042 601 ad
1073 549 1234 614 istos,
1261 564 1408 615 quos
1440 552 1521 603 illi
1544 557 1682 604 tunc

51 638 582 691 Circumcisionem
604 639 908 702 vocabant,
928 640 1242 693 obsecrans
1267 646 1325 693 et
1341 654 1587 694 exorans
1614 648 1680 695 ut

56 728 177 781 sibi
211 729 287 781 de
310 729 569 792 veritate,
594 741 724 793 qua
746 729 898 794 apud
922 730 1078 794 ipsos
1104 740 1121 760 ·
1142 735 1250 796 est,
1267 730 1481 795 aliquid
1510 732 1682 796 largi-

38 824 278 871 rentur
291 824 315 870 Ρ
342 821 444 871 Per
458 823 606 871 totos
631 818 774 871 istos
789 819 1243 885 quadringentos
1260 834 1443 873 annos
1459 834 1682 874 errasse

59 922 154 973 se,
169 915 233 962 et
245 912 546 975 ignorasse
556 908 711 973 quod
730 922 929 962 verum
955 910 1327 974 est,fateretur
1341 914 1366 962 ‘2
1381 911 1683 964 Adscitam

62 1020 135 1060 se
174 1008 415 1073 quidem
446 1004 620 1076 390
640 1020 770 1060 esse
794 1021 866 1060 ex
877 1008 1155 1061 Gentibus
1167 1022 1443 1075 sponsam
1458 1010 1681 1062 Christo

58 1120 171 1171 per
205 1107 520 1172 Apostolos
546 1121 558 1159 :
589 1106 692 1159 sed
719 1118 838 1159 non
858 1108 932 1159 ab
956 1107 1039 1160 eis
1060 1107 1212 1161 veris
1235 1108 1545 1161 monilibus
1582 1121 1684 1161 ex-

57 1199 373 1248 ornatam:
399 1200 637 1260 putasse
650 1208 711 1249 se
722 1195 941 1260 lapides
958 1209 1088 1250 esse
1109 1197 1568 1262 pretiosos,nunc
1579 1210 1683 1251 au-

62 1289 199 1337 tem
221 1284 691 1350 deprehendisse,
706 1285 862 1349 quod
876 1298 995 1338 non
1007 1291 1145 1338 sunt
1156 1299 1309 1339 vera
1320 1290 1427 1336 ista
1450 1303 1678 1352 gemma,

57 1387 225 1439 quas
245 1376 357 1427 sibi
380 1376 637 1441 Apostoli
661 1376 871 1428 Christi
894 1377 1319 1441 imposuerant:
1347 1378 1682 1431 erubescere

63 1479 137 1518 se
165 1466 243 1517 ad
272 1466 567 1530 publicum
582 1467 903 1531 procedere,
923 1466 1083 1518 falsis
1106 1473 1165 1520 et
1186 1480 1305 1519 non
1328 1468 1479 1520 veris
1490 1467 1685 1532 lapidi—

62 1557 190 1608 bus
222 1556 577 1620 adornatam,
610 1562 668 1609 et
690 1556 818 1609 ideo
842 1571 1041 1622 rogare
1064 1571 1145 1621 se,
1173 1560 1238 1610 ut
1258 1557 1349 1610 vel
1375 1560 1683 1610 Barrabam

62 1645 248 1698 illum
273 1658 445 1709 quem
456 1646 783 1711 aliquando,
800 1651 867 1698 ut
883 1646 1106 1699 Christo
1119 1648 1378 1708 nuberet,
1391 1648 1685 1712 spreverat

64 1736 318 1788 mittant
334 1736 407 1787 ad
431 1749 493 1788 se
518 1736 615 1800 qui
635 1736 822 1801 possit
845 1749 980 1788 cum
993 1749 1107 1789 uno
1133 1736 1313 1789 electo
1336 1749 1409 1789 ex
1433 1736 1554 1788 suis
1568 1736 1686 1789 viro

1782 550 1905 602 sive
1928 564 2126 604 eorum
2150 554 2249 618 qui
2279 554 2353 607 ad
2390 555 2687 609 Dominum
2732 559 3124 621 perrexerunt,
3157 557 3277 609 sive
3304 555 3387 608 illi

1781 641 1964 693 sancti
1980 644 2341 696 Conl'essores
2359 644 2607 709 fuerunt,
2616 659 2719 699 seu
2731 646 2907 698 etiam
2918 646 3102 698 sancti
3118 649 3352 708 Martyres
3366 686 3379 710 ,

1780 732 2108 797 quicunque
2120 735 2415 798 Hymnum
2426 736 2601 788 trium
2616 750 2924 802 puerorum
2936 737 2995 788 in
3010 738 3264 790 Ecclesia
3277 739 3382 789 Do—

1780 819 1923 870 mini
1946 820 2292 883 cecinerunt,
2326 836 2528 876 omnes
2554 828 2904 889 erraverunt,
2927 829 2984 876 et
3004 824 3147 876 falsa
3163 824 3388 877 cecine-

1777 912 1933 960 runt.
1957 909 2124 961 Modo
2137 923 2272 975 ergo
2287 912 2455 963 nobis
2473 918 2603 976 post
2617 911 3062 977 quadringentos
3077 924 3265 965 annos
3281 913 3386 966 Le-

1779 997 1870 1062 gis
1894 999 2107 1051 veritas
2130 1004 2323 1064 empta
2339 1001 2519 1065 pretio
2538 1001 2610 1053 de
2628 1003 2931 1067 Synagoga
2950 1003 3224 1067 procedit.
3244 1003 3384 1054 Post

1780 1100 2027 1152 eaquam
2061 1089 2253 1142 senuit
2289 1090 2564 1157 mundus,
2589 1095 2647 1144 et
2667 1094 3045 1157 perurgentur
3078 1096 3290 1145 cuncta
3310 1091 3381 1143 ad

1778 1177 1974 1241 tinem,
2000 1178 2318 1232 scribamus
2344 1180 2515 1233 etiam
2553 1180 2613 1233 in
2639 1194 2658 1216 ο
2703 1181 2980 1246 sepulcris
3012 1185 3288 1245 veterum,
3319 1184 3389 1234 ut

1782 1267 1967 1321 sciant
1987 1270 2044 1320 et
2063 1268 2173 1333 ipsi
2201 1270 2299 1333 qui
2322 1270 2415 1322 hic
2437 1270 2598 1323 aliter
2618 1271 2894 1336 legerant,
2931 1272 3253 1335 quiaJonas
3266 1283 3386 1323 non

1780 1357 1986 1410 habuit
2006 1360 2208 1411 umbra
2219 1361 2552 1421 cucurbita,
2568 1360 2669 1413 sed
2690 1361 2940 1425 hedera;
2958 1360 3239 1413 etiterum
3250 1372 3386 1412 cum

1781 1448 2023 1500 voluerit
2044 1448 2355 1513 legislator,
2368 1462 2476 1502 nec
2492 1450 2737 1515 hedera,
2764 1451 2865 1503 sed
2882 1450 3116 1503 alterius
3129 1449 3386 1515 virgulti.

1843 1536 1929 1592 36.
1969 1539 2078 1590 Sed
2116 1543 2172 1590 et
2210 1541 2508 1604 Origenes,
2543 1541 2751 1604 inquit,
2796 1540 3106 1593 asteriscos
3134 1539 3288 1602 fecit,
3312 1551 3388 1592 ex

1783 1627 2153 1680 translatione
2165 1629 2571 1682 Theodotionis
2586 1642 2916 1694 assumens,
2946 1634 3009 1681 ut
3021 1631 3390 1693 componeret

1786 1717 2100 1782 volumina,
2127 1731 2256 1783 qua
2286 1718 2644 1784 appellantur
2667 1718 2939 1784 Hexapla.
2959 1721 3029 1771 Et
3048 1718 3185 1783 quid
3199 1718 3396 1783 Orige-

62 1830 420 1879 ornamenta
431 1826 539 1878 sibi
554 1838 858 1891 vera,,qua
877 1826 1679 1892 Apostolinonprastiterant,
1711 1843 1765 1918 B
1790 1820 1927 1860 nem
1953 1809 2165 1918 jstu‘m,
2203 1809 2435 1918 Eli-laliin
2461 1809 2573 1918 libi
2602 1808 2619 1837 '
2641 1807 2843 1918 Placet.
2862 1807 3391 1918 οοὲἀθξηξιῦοξάιιηῖν

61 1929 348 1982 reparare
372 1920 396 1967 ἷ³

133 2004 230 2061 35.
270 2005 421 2068 Quid
443 2019 578 2071 ergo
600 2005 810 2058 mirum
830 2006 992 2071 est,si
1011 2018 1105 2058 me
1123 2005 1433 2058 minimum
1467 2010 1525 2059 et
1558 2006 1686 2058 nul-

59 2098 196 2150 lius
211 2096 439 2148 numeri
460 2096 755 2147 hominem
776 2095 999 2157 laceret,
1020 2096 1070 2149 si
1083 2096 1455 2148 Ambrosium
1470 2103 1616 2161 secet,
1642 2097 1687 2145 si

63 2186 385 2250 Hilarium,
405 2186 454 2237 si
481 2185 860 2251 Lactantium,
878 2186 927 2237 si
951 2186 1260 2251 Didymum
1282 2186 1688 2251 reprehendat?

65 2279 199 2330 Nec
242 2276 498 2329 multum
544 2274 733 2329 dolere
769 2276 840 2328 de
874 2276 1084 2341 injuria
1106 2289 1235 2328 mea
1257 2276 1457 2340 debeo,
1491 2288 1594 2341 pro
1618 2287 1685 2327 eo

65 2367 241 2432 quod
266 2379 415 2431 opus
428 2379 621 2418 meum
636 2368 759 2431 ipse
783 2366 1142 2431 interpretari
1164 2367 1355 2418 denuo
1374 2378 1686 2431 aggressus

68 2462 189 2523 est,
216 2469 355 2508 cum
372 2469 461 2509 me
485 2458 857 2522 Septuaginta
878 2457 1282 2521 interpretibus
1294 2457 1354 2508 in
1368 2456 1476 2508 hac
1491 2468 1688 2520 aqua-

66 2548 235 2604 verit
245 2545 629 2599 contumelia.
645 2546 752 2599 Sed
770 2546 977 2600 etillud
990 2547 1278 2611 quomodo
1293 2546 1687 2611 accipiendum

67 2644 187 2693 est.
221 2640 519 2701 Quantum
542 2637 858 2690 accessisse
880 2636 953 2689 ad
973 2636 1429 2689 incredulitatem
1454 2635 1561 2688 ex“
1576 2635 1687 2688 hoc

63 2729 233 2781 facto
269 2726 589 2778 Gentilibus
631 2727 973 2779 astimatis?
1018 2728 1145 2779 Non
1188 2727 1341 2778 enim
1373 2725 1555 2778 latent
1586 2737 1685 2777 eos

65 2830 213 2884 qua
228 2816 390 2882 apud
404 2830 511 2869 nos
525 2821 797 2882 aguntur.
814 2818 1070 2869 Scientes
1087 2829 1221 2881 ergo
1234 2816 1421 2881 legem
1435 2821 1689 2868 nostram

65 2921 238 2961 nunc
264 2906 633 2959 emendatam
656 2906 749 2959 vel
774 2911 1074 2971 mutatam,
1098 2918 1294 2958 nonne
1317 2905 1518 2957 dicunt
1532 2905 1687 2970 apud

66 2997 447 3062 semetipsos,
474 3000 663 3049 errant
684 2997 799 3057 isti,
824 3009 931 3049 nec
956 3000 1047 3048 est
1068 2996 1223 3060 apud
1241 3009 1340 3048 eos
1352 2994 1566 3059 aliquid
1588 3007 1689 3047 ve-

66 3090 273 3143 ritatis
292 3091 317 3137 ?
350 3089 497 3139 Ecce
529 3087 638 3152 ipsi
672 3100 806 3139 cum
835 3086 1057 3153 volunt,
1074 3087 1229 3152 leges
1247 3099 1383 3138 suas
1395 3086 1690 3150 corrigunt

1792 1898 2022 1962 quando
2045 1897 2231 1963 placet
2257 1898 2583 1951 imitantum
2608 1898 2898 1963 producis.
2930 1897 3254 1949 Verisimile
3280 1901 3390 1959 est,

1785 1994 1852 2040 ut
1873 1988 2121 2040 eundem
2149 1992 2215 2040 tu
2243 1993 2301 2039 et
2316 1988 2673 2041 defensorem
2689 1987 2969 2041 adhibeas
2985 1991 3044 2040 et
3054 1999 3239 2040 reum.
3266 1987 3390 2038 Au-

1786 2083 1999 2132 ctorem
2024 2078 2157 2130 facti
2182 2078 2266 2131 tui
2286 2078 2496 2130 habere
2517 2082 2683 2143 potes
2708 2090 2858 2142 eum,
2887 2090 3061 2143 quem
3086 2082 3143 2130 et
3167 2077 3390 2142 primus

1783 2169 1909 2234 ipse
1931 2169 2298 2233 condemnas,
2311 2173 2369 2220 et
2389 2168 2463 2220 ad
2473 2166 3010 2221 eondemnationem
3023 2167 3152 2232 ejus
3170 2166 3391 2231 Episto-

1784 2258 1856 2310 lis
1870 2259 1985 2311 tuis
2002 2261 2327 2311 Romanum
2338 2257 2497 2321 cogis
2513 2263 2778 2310 senatum
2792 2257 2975 2309 ?Ante
2989 2256 3101 2309 hoc
3111 2256 3390 2318 providam

1790 2357 1895 2422 [Αι.
1931 2356 2247 2422 prohibere]
2281 2356 2582 2408 debueras.
2618 2357 2796 2407 Nemo
2834 2354 3081 2407 succidit
3103 2354 3386 2415 arborem,

1786 2447 1878 2499 cui
1899 2446 2067 2499 inniti
2090 2450 2274 2511 parat:
2290 2458 2461 2498 nemo
2476 2445 2537 2497 in
2559 2458 2667 2497 sua
2681 2456 2887 2497 caussa
2907 2443 3079 2495 ﬁdem
3099 2444 3255 2508 ejust
3281 2442 3391 2493 im-

1786 2536 1987 2602 plorat,
2020 2537 2191 2601 cujus
2231 2536 2354 2601 ipse
2391 2535 2657 2600 reprobat
2698 2534 2891 2586 iidem.
2928 2533 3060 2587 Sive
3107 2532 3218 2585 hoc
3250 2531 3392 2584 fecit

1786 2615 2082 2691 Origenes,
2114 2626 2237 2679 sive
2268 2638 2389 2677 non
2431 2625 2578 2689 fecit,
2617 2624 2755 2688 quid
2783 2623 2857 2676 ad
2893 2625 2993 2677 te?
3033 2622 3090 2673 Si
3126 2622 3200 2674 ad
3235 2621 3390 2674 illius

1787 2716 2119 2781 exemplum
2137 2714 2384 2780 judicari
2403 2714 2509 2777 vis,
2527 2715 2714 2778 relege
2724 2712 3037 2766 sententias
3049 2714 3199 2776 tuas,
3211 2717 3258 2760 et
3273 2712 3390 2761 vide

1788 2807 1926 2871 quid
1951 2806 2183 2858 dixeris.
2208 2807 2331 2858 Hoc
2352 2817 2472 2856 non
2494 2808 2600 2868 est,
2626 2802 2648 2833 ¹³
2668 2802 2882 2867 inquis,
2901 2814 2963 2854 se
2983 2813 3263 2867 purgare:
3286 2799 3391 2853 sed

1789 2896 1976 2948 socios
2006 2894 2262 2946 criminis
2285 2905 2560 2958 quarere.
2587 2892 2715 2944 Noli
2736 2904 2873 2955 ergo
2895 2895 2955 2942 et
2978 2895 3043 2942 tu
3066 2890 3256 2942 socios
3282 2887 3392 2941 cri-

1769 2986 1963 3052 minis
1996 2997 2268 3049 quarere,
2303 2983 2405 3035 sed
2433 2981 2831 3048 purgationem
2853 2979 2985 3031 facti
3003 2978 3251 3043 require.
3276 2979 3392 3030 Ve-

1789 3078 2113 3130 runtamem
2137 3074 2439 3127 videamus
2474 3073 2572 3136 qui
2604 3070 2714 3123 tale
2745 3070 2920 3122 etiam
2954 3080 3089 3121 reus
3121 3072 3179 3120 et
3200 3068 3214 3098 ¹
3235 3068 3395 3120 actor

67 3185 129 3234 et
143 3177 731 3232 emendant.Certum
748 3182 837 3230 est
848 3183 1042 3230 autem
1054 3190 1298 3230 errorem
1315 3175 1685 3242 pracessisse
1714 3172 1763 3248 ρ
1792 3165 1966 3219 simul
1998 3166 2273 3229 Origenes
2297 3162 2511 3245 fecerit.
2562 3163 2681 3225 Ego
2703 3159 2854 3211 illius
2869 3171 2976 3211 nec
2997 3166 3179 3210 unum
3196 3155 3392 3210 locum

64 3270 172 3324 ubi
205 3267 541 3322 emendatio
584 3269 896 3320 subsecuta
942 3270 1049 3333 est,
1091 3280 1196 3319 nec
1219 3267 1479 3319 divinum
1505 3264 1688 3317 videri

0 3364 1 3369 ‘
66 3372 273 3427 posse,
288 3357 448 3423 quod
463 3359 534 3409 ab
551 3358 783 3410 homine
800 3362 1074 3410 mutatur.
1101 3358 1222 3409 Hoc
1236 3356 1401 3408 nobis
1417 3354 1689 3421 prastitit

0 3456 1 3459 ‘
64 3456 171 3503 tua
182 3451 309 3501 ista
323 3449 504 3500 nimia
518 3448 796 3512 sapientia
806 3486 820 3513 ,
837 3452 903 3500 ut
915 3460 1120 3500 omnes
1134 3459 1152 3482 °
1162 3446 1500 3511 insipientes
1515 3445 1687 3497 etiam

0 3558 1 3575 ³
64 3554 100 3595 a
123 3539 464 3595 Gentilibus
484 3539 828 3604 judicemur.
857 3538 998 3592 Nolo
1025 3538 1380 3604 sapientiam,
1400 3548 1573 3601 quam
1591 3537 1690 3588 Pe-

69 3635 202 3684 trus
236 3634 304 3682 et
340 3630 552 3681 Paulus
594 3641 712 3685 non
738 3628 972 3681 docuit:
1000 3628 1131 3681 nolo
1172 3626 1485 3687 veriiatem,
1514 3634 1690 3688 quam

66 3718 354 3787 Apostoli
390 3731 510 3772 non
538 3720 940 3784 probaverunt.
985 3719 1108 3770 Tua
1148 3719 1326 3771 verba
1358 3720 1517 3780 sunt,
1555 3716 1691 3767 Post

67 3810 540 3877 quadringentos
554 3822 739 3861 annos
750 3822 866 3860 non
877 3808 1083 3860 debere
1097 3807 1386 3872 simplices
1402 3808 1691 3855 Latinorum

68 3915 249 3955 aures
272 3911 449 3952 nova
471 3899 751 3952 doctrina
775 3911 914 3952 voce
959 3898 1193 3962 pulsari.
1223 3896 1390 3949 Modo
1420 3900 1483 3948 tu
1507 3895 1686 3947 dicis:

0 4030 1 4033 η
69 3992 290 4047 Omnis
318 3990 420 4054 qui
448 3991 688 4056 putabat
709 3989 732 4019 δ
760 3990 1086 4042 Susannam
1121 3986 1318 4051 nuptis
1345 3992 1403 4038 et
1428 3985 1691 4050 innuptis

0 4122 9 4135 η
69 4081 422 4146 exemplum
456 4080 746 4146 pudicitia
768 4080 1128 4145 prastitisse,
1167 4075 1397 4132 erravit.
1446 4077 1568 4128 Non
1603 4076 1694 4127 est

69 4185 317 4229 verum.
338 4173 408 4223 Et
422 4172 610 4224 omnis
619 4172 714 4237 qui
732 4172 989 4237 putabat,
1009 4169 1165 4237 quod
1180 4182 1325 4235 puer
1338 4168 1390 4237 3
1401 4165 1453 4238 9
1469 4167 1488 4236 |
1516 4170 1692 4218 Daniel

68 4267 305 4332 Spiritu
330 4267 538 4318 Sancto
554 4265 723 4318 fuerit
745 4265 1015 4331 repletus,
1045 4268 1102 4317 et
1130 4263 1380 4329 arguerit
1401 4261 1694 4314 adulteros

0 4394 1 4399 η
72 4370 280 4436 senes,
314 4356 561 4409 erravit:
598 4369 721 4409 non
743 4358 863 4409 erat
896 4368 1118 4410 verum.
1157 4356 1227 4407 Et
1260 4352 1451 4407 omnis
1475 4352 1694 4402 Ecclesia

1789 3262 1847 3314 et
1879 3254 2186 3320 Scripturis
2211 3240 2520 3306 divinis-de
2552 3250 2832 3313 Hebrais,
2845 3248 3080 3302 invenio
3092 3249 3390 3297 translatum

1789 3348 1842 3418 3
1851 3346 1904 3418 9
1916 3347 1964 3415 2
1991 3349 2030 3398 Ε
2040 3352 2059 3398 t
2069 3344 2358 3410 quomodo
2368 3342 2586 3394 factum
2602 3343 2769 3393 tuum
2779 3342 2837 3392 et
2851 3337 3005 3391 illius
3017 3336 3202 3390 simile
3217 3336 3387 3387 videri

1787 3442 1978 3504 potest
1990 3440 2017 3488 ἢ
2039 3438 2336 3501 Apostata
2358 3432 2594 3497 quidem
2609 3435 2668 3483 et
2680 3429 2870 3482 Judai
2884 3426 3238 3493 interpretati
3250 3426 3393 3478 sunt

1787 3540 1872 3587 ea,
1895 3539 2144 3593 quorum
2166 3523 2404 3576 lectione
2414 3525 2443 3574 J
2449 3521 2602 3575 udai
2618 3519 2871 3573 maxime
2885 3521 3145 3571 utuntur.
3166 3518 3236 3568 Et
3254 3514 3391 3581 quia

1788 3618 2116 3683 frequenter
2153 3616 2203 3667 si
2244 3612 2560 3679 disputatio
2594 3610 2916 3672 accidisset,
2957 3607 3049 3661 vel
3077 3607 3389 3659 immutata

1789 3719 1917 3760 esse
1939 3707 2250 3770 aliquanta,
2292 3704 2385 3771 vel
2408 3702 2633 3767 deesse,
2667 3700 2759 3754 vel
2780 3698 3074 3752 abundare
3091 3697 3154 3749 in
3174 3694 3394 3749 nostris

1789 3795 2093 3861 Scripturis
2137 3793 2598 3858 mentiebantur,
2644 3789 2830 3843 voluit
2863 3788 3137 3853 Origenes
3180 3783 3394 3838 nostris

1790 3884 2110 3949 ostendere,
2137 3883 2324 3947 qualis
2348 3881 2502 3945 apud
2525 3880 2761 3932 Judaos
2790 3878 3212 3941 Scripturarum
3225 3872 3395 3925 lectio

1792 3979 2083 4030 teneretur
2106 3978 2164 4026 et
2183 3973 2241 4025 in
2273 3971 2515 4037 propriis
2539 3967 2763 4035 paginis
2779 3966 2870 4021 vel
2897 3962 3253 4023 columnellis
3276 3960 3397 4014 edi-

1790 4067 1979 4120 tiones
2002 4075 2202 4117 eorum
2229 4060 2486 4126 singulas
2509 4070 2767 4124 quasque
2778 4054 3101 4120 descripsit,
3114 4057 3172 4106 et
3183 4063 3250 4104 ea
3263 4062 3394 4113 qua

1791 4156 1946 4223 apud
1969 4154 2097 4207 illos
2115 4155 2253 4206 sunt
2266 4150 2460 4204 addita
2470 4149 2561 4203 vel
2577 4150 2865 4213 decerpta,
2877 4145 3049 4198 certis
3065 4143 3398 4209 quibusque

1793 4247 1975 4313 signis
1989 4245 2221 4307 additis,
2237 4242 2311 4296 ad
2328 4240 2747 4295 versiculorum
2762 4237 2949 4304 capita
2971 4233 3314 4300 designavit,
3339 4237 3399 4285 et

1793 4337 1857 4391 in
1895 4337 2086 4390 alieno
2117 4346 2235 4388 non
2264 4345 2370 4386 suo
2406 4344 2593 4399 opere,
2620 4342 2759 4384 suas
2792 4322 3193 4382 tantummodo
3224 4325 3395 4377 notas

0 4550 4 4579 r
64 4524 356 4591 fratribus
379 4523 484 4588 lege
514 4525 819 4589 praecipere,
864 4529 922 4574 ut
945 4523 1158 4589 objectis
1186 4537 1319 4588 quos
1339 4534 1499 4587 penes
1520 4535 1573 4570 se
1598 4521 1689 4569 ha-

1794 4509 1949 4576 plum
1968 4505 2288 4591 praestitisse,
2314 4504 2536 4591 absque
2552 4499 2844 4591 pudicitiae.

0 4640 1 4647 η
70 4602 224 4660 bent,
234 4596 605 4658 sacrisLibris,
620 4597 898 4647 adulando
910 4597 1114 4647 Judais
1124 4594 1507 4662 persuadeant,
1528 4599 1582 4642 ut
1596 4607 1692 4641 nos

0 4670 1 4673 “
64 4686 273 4737 puros,
300 4674 348 4718 et
371 4670 468 4733 qui
502 4669 648 4719 nihil
673 4670 904 4719 habeant
927 4669 1188 4734 ﬁgmenti,
1215 4666 1557 4731 impertiant,
1584 4668 1691 4717 etc.

70 4744 185 4795 Sed
216 4741 607 4804 objectionem
630 4742 1077 4807 prudentissime
1094 4741 1324 4791 Hieron.
1340 4738 1495 4790 cavit
1510 4737 1690 4801 Epist.

0 4838 3 4847 ν
75 4815 205 4870 106.
249 4813 328 4865 ad
357 4815 637 4866 Sunniam
661 4820 718 4867 et
742 4815 1046 4867 Fretelam:
1082 4812 1392 4863 Sciendum.
1420 4810 1520 4870 ait,
1557 4807 1695 4875 quid

0 4884 3 4919 ῖ
69 4886 363 4937 Hebraica
401 4888 595 4936 veritas
619 4886 826 4938 habeat.
854 4886 965 4936 Hoc
986 4886 1134 4934 enim
1160 4882 1307 4948 quod
1331 4882 1696 4946 Septuaginta

0 4958 3 4993 λ
70 4960 403 5022 interpretes
423 4959 815 5008 transtulerunt
834 4963 1053 5022 prapter
1078 4962 1382 5006 vetustatem
1406 4951 1696 5003 decantan-

0 5042 3 5061 ί
71 5032 225 5082 dum
249 5036 344 5092 est,
366 5035 412 5078 et
424 5030 560 5080 illud
570 5030 636 5080 ab
658 5030 884 5081 eruditis
901 5029 1180 5079 sciendum
1197 5032 1419 5094 propter
1440 5024 1697 5075 notitiam

0 5118 1 5137 ³
74 5104 536 5168 Scripturarum.

140 5186 162 5207 ·
186 5178 268 5228 In
304 5186 438 5235 ms.,
469 5174 591 5225 solet
621 5190 741 5236 esse,
775 5180 833 5228 et
864 5174 1157 5240 largiretur
1181 5171 1399 5224 minore
1432 5180 1693 5222 numero.

138 5249 163 5279 δ
191 5247 381 5299 Tacet
422 5259 536 5299 ms.
575 5249 853 5308 verba,e2:
904 5249 1001 5298 hoc
1044 5246 1200 5309 facto.
1250 5246 1319 5295 Et
1361 5255 1499 5294 mox
1540 5240 1694 5304 legit,

0 5328 3 5353 ῖ
71 5322 328 5373 Scientes
369 5321 518 5368 enim
561 5319 723 5384 legem
754 5325 997 5369 nostram
1022 5319 1179 5368 modo
1209 5314 1549 5366 emendatam
1577 5327 1697 5376 esse,

72 5395 176 5455 vel,
207 5398 323 5443 etc.
355 5392 536 5443 Vetus
565 5404 792 5456 quoque
814 5392 1004 5452 editio,
1029 5389 1186 5440 modo
1209 5387 1568 5439 emendatam.
1602 5384 1702 5437 Vi-

76 5467 245 5517 tiose
260 5468 397 5527 post
424 5464 725 5515 Erasmum
744 5463 1111 5515 Martianaus
1126 5462 1341 5526 Legerat
1368 5474 1483 5508 non
1517 5471 1702 5506 emen-

76 5539 307 5600 datam,
342 5548 443 5599 pro
462 5548 575 5600 quo
598 5548 707 5587 nos
730 5536 867 5588 olim
890 5550 1039 5584 nunc
1063 5532 1446 5598 reposuimus.

143 5623 164 5645 ο
193 5597 498 5671 Μᾶώιὶᾶηᾷ
524 5609 966 5672 typothetarum,
1006 5608 1070 5658 ut
1092 5597 1340 5667 videtur,
1375 5597 1699 5661 oscitantia,

80 5681 433 5748 incipientes.
448 5680 604 5732 Infra
625 5678 910 5745 ejusmodi
924 5680 1067 5732 alios
1092 5689 1310 5730 errores
1327 5675 1701 5739 castigamus.

1856 4593 1876 4616 ο
1898 4567 2119 4631 Passim
2131 4567 2371 4629 obvium
2387 4578 2478 4626 est
2492 4574 2554 4623 in
2571 4576 2832 4624 veterum
2842 4567 3298 4620 Christianorum
3318 4576 3403 4618 se-

1793 4651 2048 4719 pulchris
2072 4647 2399 4713 symbolum
2422 4647 2589 4697 Jona
2614 4640 3047 4719 sub_cucurbita
3060 4638 3401 4719 dormientis

1793 4710 1962 4790 opere
1988 4710 2314 4787 anaglypho
2336 4715 2844 4790 expressum.p_H_oc
2865 4717 3062 4766 autem
3092 4724 3221 4790 esse
3232 4710 3400 4790 arpi-

1795 4782 1930 4859 tror,
1956 4782 2313 4860 quod'scalpi
2336 4782 2497 4842 aliter
2520 4793 2578 4842 et
2605 4787 2778 4860 scribi
2801 4790 3056 4851 oportere
3080 4784 3218 4836 dicit
3232 4782 3401 4860 Rull-

1794 4854 1929 4928 nus,
1966 4854 2025 4919 et
2060 4854 2431 4917 monerentur
2465 4858 2769 4923 etmortui,
2794 4870 2911 4910 non
2944 4860 3054 4909 sub
3078 4854 3397 4909 cucurbita

1795 4942 2018 5004 umbra,
2065 4937 2166 4990 sed
2189 4936 2439 4999 hedera,
2474 4938 2541 4986 ut
2576 4935 2630 4987 S.
2663 4934 2870 4983 Doctor
2899 4929 3172 5004 reposuit,
3194 4929 3402 5004 Jonam

1795 4997 2101 5078 quievisse.
2144 5010 2363 5061 Vitiose
2398 4997 2820 5059 Guarnerianus
2847 5014 2980 5066 ms.,
3012 4999 3309 5051 scribamus
3341 4997 3405 5045 in

1796 5083 2102 5137 scripturis.
2916 5084 2923 5091 “

1858 5099 2164 5207 ῑιὶξέῗῖξέεθ
2187 5152 2401 5213 verius,
2427 5149 2651 5216 quando
2673 5147 2768 5198 tibi
2789 5160 2903 5196 non
2921 5142 3110 5210 placet,
3147 5139 3399 5190 condem-

1801 5228 2261 5353 "171333113?an
2270 5308 2336 5346 us
2357 5293 2632 5358 explorat;
2653 5297 2779 5344 tum
2801 5288 2980 5341 altero
2998 5288 3071 5340 ab
3091 5286 3203 5337 hoc
3217 5293 3393 5337 versu

1801 5374 1935 5441 quid
1958 5373 2030 5422 ad
2053 5375 2114 5430 te,
2140 5370 2186 5419 si
2216 5367 2363 5418 illius
2387 5364 2648 5441 exemplo,
2679 5368 2786 5441 etc.

1863 5447 1884 5476 ¹¹
1908 5446 2081 5504 Idem,
2098 5425 2173 5494 Iut
2196 5444 2254 5492 et
2278 5445 2438 5490 vetus
2454 5425 2646 5497 editio,
2668 5449 2719 5484 se
2735 5431 3042 5497 defendere;
3069 5438 3204 5481 mox
3217 5425 3395 5479 etiam

1800 5520 1892 5572 ille
1911 5516 2182 5581 requirere
2220 5525 2319 5577 pro
2344 5510 2575 5573 require.

1863 5593 1876 5623 ί
1908 5574 2075 5641 Falso
2097 5574 2551 5652 post—Frasmum
2575 5577 2942 5652 Martianaus
2977 5577 3024 5652 et
3058 5574 3246 5622 auctor
3263 5607 3277 5633 ,
3302 5579 3406 5633 pro

1806 5668 1972 5727 actor,
2009 5664 2071 5711 ut
2099 5646 2222 5711 "ms.
2252 5668 2319 5708 ac
2340 5658 2507 5708 vetus
2534 5648 2669 5705 edit.
2694 5646 3022 5712 emendant,
3049 5651 3405 5711 quamquam

686 5727 1520 5817 etiinnuptis
1534 5742 1709 5797 eam
1806 5733 1966 5791 hand
1993 5733 2141 5787 bene
2162 5727 2323 5784 add"!
2343 5738 2455 5780 ωε·
2478 5736 2629 5776 θυαε·
