  <div class='ocr_page' id='page_1' title='image "/cluster/home/n/w/nwhite01/storage/ocr_20150623/21/umn.319510024773153/311.png"; bbox 0 0 3900 6388; ppageno 0'>
   <div class='ocr_carea' id='block_1_1' title="bbox 536 368 642 426">
    <p class='ocr_par' dir='ltr' id='par_1_1' title="bbox 536 368 642 426">
     <span class='ocr_line' id='line_1_1' title="bbox 536 368 642 426; baseline 0 -1"><span class='ocrx_word' id='word_1_1' title='bbox 536 368 642 426; x_wconf 80' lang='grc'>615</span> 
     </span>
    </p>
   </div>
   <div class='ocr_carea' id='block_1_2' title="bbox 1554 363 2814 427">
    <p class='ocr_par' dir='ltr' id='par_1_2' title="bbox 1554 363 2814 427">
     <span class='ocr_line' id='line_1_2' title="bbox 1554 363 2814 427; baseline -0.004 -9"><span class='ocrx_word' id='word_1_2' title='bbox 1554 367 1798 419; x_wconf 83' lang='lat' dir='ltr'>RUFINI</span> <span class='ocrx_word' id='word_1_3' title='bbox 1844 364 2337 427; x_wconf 83' lang='lat' dir='ltr'>AQUILEIENSIS</span> <span class='ocrx_word' id='word_1_4' title='bbox 2370 363 2814 417; x_wconf 85' lang='lat' dir='ltr'>PRESBYTERI</span> 
     </span>
    </p>
   </div>
   <div class='ocr_carea' id='block_1_3' title="bbox 3737 358 3829 411">
    <p class='ocr_par' dir='ltr' id='par_1_3' title="bbox 3737 358 3829 411">
     <span class='ocr_line' id='line_1_3' title="bbox 3737 358 3829 411; baseline -0.022 0"><span class='ocrx_word' id='word_1_5' title='bbox 3737 358 3829 411; x_wconf 80' lang='grc'>616</span> 
     </span>
    </p>
   </div>
   <div class='ocr_carea' id='block_1_4' title="bbox 536 472 3829 556">
    <p class='ocr_par' dir='ltr' id='par_1_4' title="bbox 536 472 3829 556">
     <span class='ocr_line' id='line_1_4' title="bbox 536 472 3829 556; baseline -0.005 -20"><span class='ocrx_word' id='word_1_6' title='bbox 536 484 665 536; x_wconf 81' lang='lat' dir='ltr'>ﬁxit</span> <span class='ocrx_word' id='word_1_7' title='bbox 689 501 700 533; x_wconf 87' lang='lat'><strong>:</strong></span> <span class='ocrx_word' id='word_1_8' title='bbox 727 484 792 536; x_wconf 83' lang='lat' dir='ltr'>ut</span> <span class='ocrx_word' id='word_1_9' title='bbox 811 484 1087 536; x_wconf 83' lang='lat' dir='ltr'>sciremus</span> <span class='ocrx_word' id='word_1_10' title='bbox 1104 494 1222 535; x_wconf 92' lang='lat' dir='ltr'>non</span> <span class='ocrx_word' id='word_1_11' title='bbox 1246 481 1401 546; x_wconf 92' lang='lat' dir='ltr'>quod</span> <span class='ocrx_word' id='word_1_12' title='bbox 1422 481 1607 539; x_wconf 87' lang='lat' dir='ltr'>nobis,</span> <span class='ocrx_word' id='word_1_13' title='bbox 1634 480 1735 531; x_wconf 86' lang='lat' dir='ltr'>sed</span> <span class='ocrx_word' id='word_1_14' title='bbox 1762 478 1896 542; x_wconf 84' lang='lat' dir='ltr'>quid</span> <span class='ocrx_word' id='word_1_15' title='bbox 1908 480 1939 530; x_wconf 90' lang='lat' dir='ltr'><strong>J</strong></span> <span class='ocrx_word' id='word_1_16' title='bbox 1947 479 2128 530; x_wconf 79' lang='lat' dir='ltr'>udais</span> <span class='ocrx_word' id='word_1_17' title='bbox 2152 484 2207 556; x_wconf 78' lang='grc' dir='ltr'><strong>Α</strong></span> <span class='ocrx_word' id='word_1_18' title='bbox 2236 480 2359 542; x_wconf 73' lang='lat' dir='ltr'>quis</span> <span class='ocrx_word' id='word_1_19' title='bbox 2380 478 2550 540; x_wconf 78' lang='lat' dir='ltr'>frater</span> <span class='ocrx_word' id='word_1_20' title='bbox 2573 480 2871 541; x_wconf 70' lang='lat' dir='ltr'>praeventus</span> <span class='ocrx_word' id='word_1_21' title='bbox 2895 473 3061 537; x_wconf 80' lang='lat' dir='ltr'>fuerit</span> <span class='ocrx_word' id='word_1_22' title='bbox 3096 473 3157 521; x_wconf 84' lang='lat' dir='ltr'>in</span> <span class='ocrx_word' id='word_1_23' title='bbox 3182 472 3369 537; x_wconf 83' lang='lat' dir='ltr'>aliquo</span> <span class='ocrx_word' id='word_1_24' title='bbox 3393 473 3605 533; x_wconf 80' lang='lat' dir='ltr'>delicto,</span> <span class='ocrx_word' id='word_1_25' title='bbox 3632 487 3723 523; x_wconf 84' lang='lat' dir='ltr'>vos</span> <span class='ocrx_word' id='word_1_26' title='bbox 3744 475 3829 535; x_wconf 82' lang='lat' dir='ltr'>qui</span> 
     </span>
    </p>
   </div>
   <div class='ocr_carea' id='block_1_5' title="bbox 535 566 2128 632">
    <p class='ocr_par' dir='ltr' id='par_1_5' title="bbox 535 566 2128 632">
     <span class='ocr_line' id='line_1_5' title="bbox 535 566 2128 632; baseline -0.004 -7"><span class='ocrx_word' id='word_1_27' title='bbox 535 573 848 625; x_wconf 91' lang='lat' dir='ltr'>adversum</span> <span class='ocrx_word' id='word_1_28' title='bbox 857 584 969 624; x_wconf 88' lang='lat' dir='ltr'>non</span> <span class='ocrx_word' id='word_1_29' title='bbox 986 570 1356 632; x_wconf 74' lang='lat' dir='ltr'>certantibus,</span> <span class='ocrx_word' id='word_1_30' title='bbox 1373 573 1474 621; x_wconf 92' lang='lat' dir='ltr'>aut</span> <span class='ocrx_word' id='word_1_31' title='bbox 1486 568 1704 630; x_wconf 88' lang='lat' dir='ltr'>deesse,</span> <span class='ocrx_word' id='word_1_32' title='bbox 1721 566 2128 619; x_wconf 88' lang='lat' dir='ltr'>autabundare</span> 
     </span>
    </p>
   </div>
   <div class='ocr_carea' id='block_1_6' title="bbox 539 656 2134 722">
    <p class='ocr_par' dir='ltr' id='par_1_6' title="bbox 539 656 2134 722">
     <span class='ocr_line' id='line_1_6' title="bbox 539 656 2134 722; baseline -0.004 -9"><span class='ocrx_word' id='word_1_33' title='bbox 539 661 841 714; x_wconf 84' lang='lat' dir='ltr'>videretur.</span> <span class='ocrx_word' id='word_1_34' title='bbox 882 659 1044 721; x_wconf 89' lang='lat' dir='ltr'>Quod</span> <span class='ocrx_word' id='word_1_35' title='bbox 1090 659 1199 710; x_wconf 87' lang='lat' dir='ltr'>tale</span> <span class='ocrx_word' id='word_1_36' title='bbox 1248 663 1421 721; x_wconf 90' lang='lat' dir='ltr'>esset,</span> <span class='ocrx_word' id='word_1_37' title='bbox 1454 657 1623 722; x_wconf 82' lang='lat' dir='ltr'>quale</span> <span class='ocrx_word' id='word_1_38' title='bbox 1657 657 1707 708; x_wconf 89' lang='lat' dir='ltr'><strong>si</strong></span> <span class='ocrx_word' id='word_1_39' title='bbox 1741 656 1871 720; x_wconf 87' lang='lat' dir='ltr'>quis</span> <span class='ocrx_word' id='word_1_40' title='bbox 1900 659 2134 720; x_wconf 89' lang='lat' dir='ltr'>accepto</span> 
     </span>
    </p>
   </div>
   <div class='ocr_carea' id='block_1_7' title="bbox 537 746 2138 812">
    <p class='ocr_par' dir='ltr' id='par_1_7' title="bbox 537 746 2138 812">
     <span class='ocr_line' id='line_1_7' title="bbox 537 746 2138 812; baseline -0.003 -11"><span class='ocrx_word' id='word_1_41' title='bbox 537 749 854 812; x_wconf 89' lang='lat' dir='ltr'>Breviculo,</span> <span class='ocrx_word' id='word_1_42' title='bbox 866 748 924 798; x_wconf 91' lang='lat' dir='ltr'>in</span> <span class='ocrx_word' id='word_1_43' title='bbox 937 761 1052 806; x_wconf 85' lang='lat' dir='ltr'>quo</span> <span class='ocrx_word' id='word_1_44' title='bbox 1074 748 1322 799; x_wconf 76' lang='lat' dir='ltr'>militum</span> <span class='ocrx_word' id='word_1_45' title='bbox 1334 748 1570 799; x_wconf 92' lang='lat' dir='ltr'>nomina</span> <span class='ocrx_word' id='word_1_46' title='bbox 1586 746 1973 807; x_wconf 79' lang='lat' dir='ltr'>continentur,</span> <span class='ocrx_word' id='word_1_47' title='bbox 1998 747 2138 796; x_wconf 88' lang='lat' dir='ltr'>nita-</span> 
     </span>
    </p>
   </div>
   <div class='ocr_carea' id='block_1_8' title="bbox 536 834 2136 901">
    <p class='ocr_par' dir='ltr' id='par_1_8' title="bbox 536 834 2136 901">
     <span class='ocr_line' id='line_1_8' title="bbox 536 834 2136 901; baseline -0.004 -11"><span class='ocrx_word' id='word_1_48' title='bbox 536 838 1141 901; x_wconf 72' lang='lat' dir='ltr'>turinspicere,quanti</span> <span class='ocrx_word' id='word_1_49' title='bbox 1154 850 1225 889; x_wconf 80' lang='lat' dir='ltr'>ex</span> <span class='ocrx_word' id='word_1_50' title='bbox 1241 836 1523 889; x_wconf 72' lang='lat' dir='ltr'>militibus</span> <span class='ocrx_word' id='word_1_51' title='bbox 1542 835 2055 901; x_wconf 89' lang='lat' dir='ltr'>supersint,quanti</span> <span class='ocrx_word' id='word_1_52' title='bbox 2076 834 2136 884; x_wconf 91' lang='lat' dir='ltr'>in</span> 
     </span>
    </p>
   </div>
   <div class='ocr_carea' id='block_1_9' title="bbox 536 924 2135 991">
    <p class='ocr_par' dir='ltr' id='par_1_9' title="bbox 536 924 2135 991">
     <span class='ocr_line' id='line_1_9' title="bbox 536 924 2135 991; baseline -0.004 -12"><span class='ocrx_word' id='word_1_53' title='bbox 536 928 684 979; x_wconf 90' lang='lat' dir='ltr'>bello</span> <span class='ocrx_word' id='word_1_54' title='bbox 709 926 1045 990; x_wconf 88' lang='lat' dir='ltr'>ceciderint;</span> <span class='ocrx_word' id='word_1_55' title='bbox 1071 933 1129 978; x_wconf 91' lang='lat' dir='ltr'>et</span> <span class='ocrx_word' id='word_1_56' title='bbox 1161 926 1460 991; x_wconf 88' lang='lat' dir='ltr'>requirens</span> <span class='ocrx_word' id='word_1_57' title='bbox 1486 926 1586 990; x_wconf 87' lang='lat' dir='ltr'>qui</span> <span class='ocrx_word' id='word_1_58' title='bbox 1609 926 1890 989; x_wconf 88' lang='lat' dir='ltr'>inspicere</span> <span class='ocrx_word' id='word_1_59' title='bbox 1917 924 2135 974; x_wconf 88' lang='lat' dir='ltr'>missus</span> 
     </span>
    </p>
   </div>
   <div class='ocr_carea' id='block_1_10' title="bbox 534 1014 2134 1080">
    <p class='ocr_par' dir='ltr' id='par_1_10' title="bbox 534 1014 2134 1080">
     <span class='ocr_line' id='line_1_10' title="bbox 534 1014 2134 1080; baseline -0.003 -12"><span class='ocrx_word' id='word_1_60' title='bbox 534 1020 640 1080; x_wconf 89' lang='lat' dir='ltr'>est,</span> <span class='ocrx_word' id='word_1_61' title='bbox 686 1016 972 1080; x_wconf 83' lang='lat' dir='ltr'>propriam</span> <span class='ocrx_word' id='word_1_62' title='bbox 1016 1020 1232 1078; x_wconf 87' lang='lat' dir='ltr'>notam,</span> <span class='ocrx_word' id='word_1_63' title='bbox 1286 1016 1444 1069; x_wconf 84' lang='lat' dir='ltr'>verbi</span> <span class='ocrx_word' id='word_1_64' title='bbox 1484 1028 1709 1077; x_wconf 81' lang='lat' dir='ltr'>caussa,</span> <span class='ocrx_word' id='word_1_65' title='bbox 1747 1016 1813 1066; x_wconf 92' lang='lat' dir='ltr'>ut</span> <span class='ocrx_word' id='word_1_66' title='bbox 1835 1014 1946 1064; x_wconf 90' lang='lat' dir='ltr'>dici</span> <span class='ocrx_word' id='word_1_67' title='bbox 1972 1014 2134 1077; x_wconf 89' lang='lat' dir='ltr'>solet,</span> 
     </span>
    </p>
   </div>
   <div class='ocr_carea' id='block_1_11' title="bbox 535 1102 2139 1170">
    <p class='ocr_par' dir='ltr' id='par_1_11' title="bbox 535 1102 2139 1170">
     <span class='ocr_line' id='line_1_11' title="bbox 535 1102 2139 1170; baseline -0.001 -13"><span class='ocrx_word' id='word_1_68' title='bbox 535 1115 552 1134; x_wconf 90' lang='grc'><strong>·</strong></span> <span class='ocrx_word' id='word_1_69' title='bbox 576 1102 636 1157; x_wconf 86' lang='grc' dir='ltr'>Θ’</span> <span class='ocrx_word' id='word_1_70' title='bbox 656 1104 729 1156; x_wconf 89' lang='lat' dir='ltr'>ad</span> <span class='ocrx_word' id='word_1_71' title='bbox 752 1105 1212 1170; x_wconf 89' lang='lat' dir='ltr'>uniuscujusque</span> <span class='ocrx_word' id='word_1_72' title='bbox 1235 1104 1493 1157; x_wconf 87' lang='lat' dir='ltr'>defuncti</span> <span class='ocrx_word' id='word_1_73' title='bbox 1509 1117 1721 1157; x_wconf 90' lang='lat' dir='ltr'>nomen</span> <span class='ocrx_word' id='word_1_74' title='bbox 1743 1104 2052 1167; x_wconf 89' lang='lat' dir='ltr'>adscribat,</span> <span class='ocrx_word' id='word_1_75' title='bbox 2082 1108 2139 1155; x_wconf 88' lang='lat' dir='ltr'>et</span> 
     </span>
    </p>
   </div>
   <div class='ocr_carea' id='block_1_12' title="bbox 534 1192 2139 1260">
    <p class='ocr_par' dir='ltr' id='par_1_12' title="bbox 534 1192 2139 1260">
     <span class='ocr_line' id='line_1_12' title="bbox 534 1192 2139 1260; baseline -0.002 -13"><span class='ocrx_word' id='word_1_76' title='bbox 534 1195 759 1260; x_wconf 88' lang='lat' dir='ltr'>propria</span> <span class='ocrx_word' id='word_1_77' title='bbox 779 1208 983 1247; x_wconf 89' lang='lat' dir='ltr'>rursus</span> <span class='ocrx_word' id='word_1_78' title='bbox 1006 1197 1141 1248; x_wconf 87' lang='lat' dir='ltr'>nota</span> <span class='ocrx_word' id='word_1_79' title='bbox 1158 1195 1520 1260; x_wconf 86' lang='lat' dir='ltr'>superstitem</span> <span class='ocrx_word' id='word_1_80' title='bbox 1550 1196 1754 1259; x_wconf 82' lang='lat' dir='ltr'>signet.</span> <span class='ocrx_word' id='word_1_81' title='bbox 1769 1193 2035 1256; x_wconf 86' lang='lat' dir='ltr'>Nunquid</span> <span class='ocrx_word' id='word_1_82' title='bbox 2059 1192 2139 1246; x_wconf 87' lang='lat' dir='ltr'>vi-</span> 
     </span>
    </p>
   </div>
   <div class='ocr_carea' id='block_1_13' title="bbox 535 1283 2139 1348">
    <p class='ocr_par' dir='ltr' id='par_1_13' title="bbox 535 1283 2139 1348">
     <span class='ocr_line' id='line_1_13' title="bbox 535 1283 2139 1348; baseline -0.002 -12"><span class='ocrx_word' id='word_1_83' title='bbox 535 1283 853 1347; x_wconf 90' lang='lat' dir='ltr'>debituris,</span> <span class='ocrx_word' id='word_1_84' title='bbox 878 1284 980 1348; x_wconf 91' lang='lat' dir='ltr'>qui</span> <span class='ocrx_word' id='word_1_85' title='bbox 994 1287 1193 1337; x_wconf 91' lang='lat' dir='ltr'>notam</span> <span class='ocrx_word' id='word_1_86' title='bbox 1208 1284 1283 1337; x_wconf 87' lang='lat' dir='ltr'>ad</span> <span class='ocrx_word' id='word_1_87' title='bbox 1305 1284 1405 1336; x_wconf 90' lang='lat' dir='ltr'>def</span> <span class='ocrx_word' id='word_1_88' title='bbox 1406 1285 1562 1337; x_wconf 90' lang='lat' dir='ltr'>uncti</span> <span class='ocrx_word' id='word_1_89' title='bbox 1574 1296 1790 1337; x_wconf 90' lang='lat' dir='ltr'>nomen</span> <span class='ocrx_word' id='word_1_90' title='bbox 1803 1284 2056 1348; x_wconf 88' lang='lat' dir='ltr'>apponit,</span> <span class='ocrx_word' id='word_1_91' title='bbox 2082 1287 2139 1334; x_wconf 91' lang='lat' dir='ltr'>et</span> 
     </span>
    </p>
   </div>
   <div class='ocr_carea' id='block_1_14' title="bbox 533 1372 2138 1437">
    <p class='ocr_par' dir='ltr' id='par_1_14' title="bbox 533 1372 2138 1437">
     <span class='ocr_line' id='line_1_14' title="bbox 533 1372 2138 1437; baseline 0.001 -15"><span class='ocrx_word' id='word_1_92' title='bbox 533 1372 760 1436; x_wconf 88' lang='lat' dir='ltr'>propria</span> <span class='ocrx_word' id='word_1_93' title='bbox 774 1384 1012 1424; x_wconf 88' lang='lat' dir='ltr'>rursum</span> <span class='ocrx_word' id='word_1_94' title='bbox 1025 1376 1164 1424; x_wconf 87' lang='lat' dir='ltr'>nota</span> <span class='ocrx_word' id='word_1_95' title='bbox 1179 1372 1551 1437; x_wconf 88' lang='lat' dir='ltr'>superstitem</span> <span class='ocrx_word' id='word_1_96' title='bbox 1573 1372 1947 1437; x_wconf 89' lang='lat' dir='ltr'>signat,quod</span> <span class='ocrx_word' id='word_1_97' title='bbox 1960 1372 2138 1436; x_wconf 87' lang='lat' dir='ltr'>egerit</span> 
     </span>
    </p>
   </div>
   <div class='ocr_carea' id='block_1_15' title="bbox 533 1459 2137 1527">
    <p class='ocr_par' dir='ltr' id='par_1_15' title="bbox 533 1459 2137 1527">
     <span class='ocr_line' id='line_1_15' title="bbox 533 1459 2137 1527; baseline 0.001 -15"><span class='ocrx_word' id='word_1_98' title='bbox 533 1459 748 1524; x_wconf 87' lang='lat' dir='ltr'>aliquid</span> <span class='ocrx_word' id='word_1_99' title='bbox 771 1464 837 1513; x_wconf 89' lang='lat' dir='ltr'>ut</span> <span class='ocrx_word' id='word_1_100' title='bbox 860 1461 953 1514; x_wconf 86' lang='lat' dir='ltr'>vel</span> <span class='ocrx_word' id='word_1_101' title='bbox 975 1461 1069 1514; x_wconf 89' lang='lat' dir='ltr'>hic</span> <span class='ocrx_word' id='word_1_102' title='bbox 1091 1461 1366 1527; x_wconf 88' lang='lat' dir='ltr'>defuncti,</span> <span class='ocrx_word' id='word_1_103' title='bbox 1383 1462 1477 1515; x_wconf 90' lang='lat' dir='ltr'>vel</span> <span class='ocrx_word' id='word_1_104' title='bbox 1486 1461 1577 1514; x_wconf 90' lang='lat' dir='ltr'>ille</span> <span class='ocrx_word' id='word_1_105' title='bbox 1594 1462 1850 1515; x_wconf 84' lang='lat' dir='ltr'>viventis</span> <span class='ocrx_word' id='word_1_106' title='bbox 1868 1475 2137 1513; x_wconf 88' lang='lat' dir='ltr'>caussam</span> 
     </span>
    </p>
   </div>
   <div class='ocr_carea' id='block_1_16' title="bbox 535 1550 2138 1617">
    <p class='ocr_par' dir='ltr' id='par_1_16' title="bbox 535 1550 2138 1617">
     <span class='ocr_line' id='line_1_16' title="bbox 535 1550 2138 1617; baseline 0.001 -16"><span class='ocrx_word' id='word_1_107' title='bbox 535 1550 860 1614; x_wconf 81' lang='lat' dir='ltr'>acciperet?</span> <span class='ocrx_word' id='word_1_108' title='bbox 882 1550 992 1602; x_wconf 90' lang='lat' dir='ltr'>Sed</span> <span class='ocrx_word' id='word_1_109' title='bbox 1017 1552 1169 1615; x_wconf 90' lang='lat' dir='ltr'>quod</span> <span class='ocrx_word' id='word_1_110' title='bbox 1195 1564 1295 1604; x_wconf 91' lang='lat' dir='ltr'>eos</span> <span class='ocrx_word' id='word_1_111' title='bbox 1318 1552 1419 1616; x_wconf 91' lang='lat' dir='ltr'>qui</span> <span class='ocrx_word' id='word_1_112' title='bbox 1440 1553 1513 1604; x_wconf 89' lang='lat' dir='ltr'>ab</span> <span class='ocrx_word' id='word_1_113' title='bbox 1537 1551 1664 1604; x_wconf 88' lang='lat' dir='ltr'>aliis</span> <span class='ocrx_word' id='word_1_114' title='bbox 1686 1552 1895 1604; x_wconf 87' lang='lat' dir='ltr'>fuerint</span> <span class='ocrx_word' id='word_1_115' title='bbox 1912 1564 2138 1617; x_wconf 89' lang='lat' dir='ltr'>perem-</span> 
     </span>
    </p>
   </div>
   <div class='ocr_carea' id='block_1_17' title="bbox 531 1638 2138 1706">
    <p class='ocr_par' dir='ltr' id='par_1_17' title="bbox 531 1638 2138 1706">
     <span class='ocr_line' id='line_1_17' title="bbox 531 1638 2138 1706; baseline 0.001 -15"><span class='ocrx_word' id='word_1_116' title='bbox 531 1638 632 1703; x_wconf 86' lang='lat' dir='ltr'>pti,</span> <span class='ocrx_word' id='word_1_117' title='bbox 668 1639 781 1692; x_wconf 89' lang='lat' dir='ltr'>iste</span> <span class='ocrx_word' id='word_1_118' title='bbox 810 1641 1200 1692; x_wconf 90' lang='lat' dir='ltr'>annotationis</span> <span class='ocrx_word' id='word_1_119' title='bbox 1224 1641 1245 1670; x_wconf 70' lang='lat'><strong><em>&quot;</em></strong></span> <span class='ocrx_word' id='word_1_120' title='bbox 1278 1640 1609 1706; x_wconf 75' lang='lat' dir='ltr'>designavit</span> <span class='ocrx_word' id='word_1_121' title='bbox 1627 1641 1869 1693; x_wconf 88' lang='lat' dir='ltr'>indiciis.</span> <span class='ocrx_word' id='word_1_122' title='bbox 1895 1644 1981 1693; x_wconf 83' lang='lat' dir='ltr'>Ita</span> <span class='ocrx_word' id='word_1_123' title='bbox 2004 1654 2138 1705; x_wconf 83' lang='lat' dir='ltr'>ergo</span> 
     </span>
    </p>
   </div>
   <div class='ocr_carea' id='block_1_18' title="bbox 533 1727 2140 1794">
    <p class='ocr_par' dir='ltr' id='par_1_18' title="bbox 533 1727 2140 1794">
     <span class='ocr_line' id='line_1_18' title="bbox 533 1727 2140 1794; baseline 0.001 -15"><span class='ocrx_word' id='word_1_124' title='bbox 533 1727 669 1779; x_wconf 87' lang='lat' dir='ltr'>fecit</span> <span class='ocrx_word' id='word_1_125' title='bbox 710 1731 767 1780; x_wconf 89' lang='lat' dir='ltr'>et</span> <span class='ocrx_word' id='word_1_126' title='bbox 803 1727 914 1789; x_wconf 90' lang='lat' dir='ltr'>ille,</span> <span class='ocrx_word' id='word_1_127' title='bbox 953 1741 1025 1781; x_wconf 91' lang='lat' dir='ltr'>ea</span> <span class='ocrx_word' id='word_1_128' title='bbox 1059 1741 1193 1793; x_wconf 86' lang='lat' dir='ltr'>qua</span> <span class='ocrx_word' id='word_1_129' title='bbox 1230 1742 1332 1794; x_wconf 90' lang='lat' dir='ltr'>per</span> <span class='ocrx_word' id='word_1_130' title='bbox 1364 1729 1507 1782; x_wconf 87' lang='lat' dir='ltr'>alios</span> <span class='ocrx_word' id='word_1_131' title='bbox 1530 1732 1874 1793; x_wconf 82' lang='lat' dir='ltr'>Interpretes</span> <span class='ocrx_word' id='word_1_132' title='bbox 1898 1730 2018 1783; x_wconf 88' lang='lat' dir='ltr'>sive</span> <span class='ocrx_word' id='word_1_133' title='bbox 2040 1743 2140 1794; x_wconf 91' lang='lat' dir='ltr'>pe-</span> 
     </span>
    </p>
   </div>
   <div class='ocr_carea' id='block_1_19' title="bbox 2234 562 3831 631">
    <p class='ocr_par' dir='ltr' id='par_1_19' title="bbox 2234 562 3831 631">
     <span class='ocr_line' id='line_1_19' title="bbox 2234 562 3831 631; baseline -0.003 -16"><span class='ocrx_word' id='word_1_134' title='bbox 2234 567 2541 631; x_wconf 81' lang='lat' dir='ltr'>spirituales</span> <span class='ocrx_word' id='word_1_135' title='bbox 2556 565 2955 626; x_wconf 81' lang='lat' dir='ltr'>cstis,instruitc</span> <span class='ocrx_word' id='word_1_136' title='bbox 2967 562 3282 627; x_wconf 82' lang='lat' dir='ltr'>hujusmodi</span> <span class='ocrx_word' id='word_1_137' title='bbox 3298 562 3357 611; x_wconf 85' lang='lat' dir='ltr'>in</span> <span class='ocrx_word' id='word_1_138' title='bbox 3374 563 3577 627; x_wconf 82' lang='lat' dir='ltr'>spiritu</span> <span class='ocrx_word' id='word_1_139' title='bbox 3598 578 3831 610; x_wconf 77' lang='lat' dir='ltr'>mansuc-</span> 
     </span>
    </p>
   </div>
   <div class='ocr_carea' id='block_1_20' title="bbox 2236 652 3830 720">
    <p class='ocr_par' dir='ltr' id='par_1_20' title="bbox 2236 652 3830 720">
     <span class='ocr_line' id='line_1_20' title="bbox 2236 652 3830 720; baseline -0.001 -16"><span class='ocrx_word' id='word_1_140' title='bbox 2236 656 2442 704; x_wconf 80' lang='lat' dir='ltr'>tudinis</span> <span class='ocrx_word' id='word_1_141' title='bbox 2491 656 2680 720; x_wconf 82' lang='lat' dir='ltr'>(Galat.</span> <span class='ocrx_word' id='word_1_142' title='bbox 2731 654 2780 708; x_wconf 91' lang='grc'>6.</span> <span class='ocrx_word' id='word_1_143' title='bbox 2825 654 2915 717; x_wconf 89' lang='grc'>1.),</span> <span class='ocrx_word' id='word_1_144' title='bbox 2951 654 3027 704; x_wconf 76' lang='grc' dir='ltr'>ἱιί</span> <span class='ocrx_word' id='word_1_145' title='bbox 3061 652 3442 713; x_wconf 71' lang='lat' dir='ltr'>elierbuisses,</span> <span class='ocrx_word' id='word_1_146' title='bbox 3488 658 3555 704; x_wconf 92' lang='lat' dir='ltr'>ut</span> <span class='ocrx_word' id='word_1_147' title='bbox 3588 652 3648 703; x_wconf 91' lang='lat' dir='ltr'>in</span> <span class='ocrx_word' id='word_1_148' title='bbox 3684 652 3830 703; x_wconf 91' lang='lat' dir='ltr'>nullo</span> 
     </span>
    </p>
   </div>
   <div class='ocr_carea' id='block_1_21' title="bbox 2236 742 3832 809">
    <p class='ocr_par' dir='ltr' id='par_1_21' title="bbox 2236 742 3832 809">
     <span class='ocr_line' id='line_1_21' title="bbox 2236 742 3832 809; baseline -0.003 -13"><span class='ocrx_word' id='word_1_149' title='bbox 2236 758 2471 809; x_wconf 87' lang='lat' dir='ltr'>prorsus</span> <span class='ocrx_word' id='word_1_150' title='bbox 2501 744 2771 809; x_wconf 84' lang='lat' dir='ltr'>spiritalis</span> <span class='ocrx_word' id='word_1_151' title='bbox 2795 743 3173 795; x_wconf 88' lang='lat' dir='ltr'>institutionis</span> <span class='ocrx_word' id='word_1_152' title='bbox 3198 742 3455 794; x_wconf 87' lang='lat' dir='ltr'>ordinem</span> <span class='ocrx_word' id='word_1_153' title='bbox 3478 742 3832 794; x_wconf 80' lang='lat' dir='ltr'>custodires?</span> 
     </span>
    </p>
   </div>
   <div class='ocr_carea' id='block_1_22' title="bbox 2234 832 3829 896">
    <p class='ocr_par' dir='ltr' id='par_1_22' title="bbox 2234 832 3829 896">
     <span class='ocr_line' id='line_1_22' title="bbox 2234 832 3829 896; baseline -0.002 -13"><span class='ocrx_word' id='word_1_154' title='bbox 2234 835 2387 884; x_wconf 91' lang='lat' dir='ltr'>Pone</span> <span class='ocrx_word' id='word_1_155' title='bbox 2425 834 2576 885; x_wconf 90' lang='lat' dir='ltr'>enim</span> <span class='ocrx_word' id='word_1_156' title='bbox 2610 832 2824 896; x_wconf 85' lang='lat' dir='ltr'>aliquid</span> <span class='ocrx_word' id='word_1_157' title='bbox 2858 844 2952 884; x_wconf 92' lang='lat' dir='ltr'>me</span> <span class='ocrx_word' id='word_1_158' title='bbox 2991 832 3288 896; x_wconf 89' lang='lat' dir='ltr'>scripsisse</span> <span class='ocrx_word' id='word_1_159' title='bbox 3312 832 3829 885; x_wconf 87' lang='lat' dir='ltr'>contumeliosum:</span> 
     </span>
    </p>
   </div>
   <div class='ocr_carea' id='block_1_23' title="bbox 2235 921 3831 987">
    <p class='ocr_par' dir='ltr' id='par_1_23' title="bbox 2235 921 3831 987">
     <span class='ocr_line' id='line_1_23' title="bbox 2235 921 3831 987; baseline -0.001 -14"><span class='ocrx_word' id='word_1_160' title='bbox 2235 936 2385 987; x_wconf 89' lang='lat' dir='ltr'>pone</span> <span class='ocrx_word' id='word_1_161' title='bbox 2409 923 2561 985; x_wconf 91' lang='lat' dir='ltr'>quod</span> <span class='ocrx_word' id='word_1_162' title='bbox 2601 923 2700 973; x_wconf 87' lang='lat' dir='ltr'>tibi</span> <span class='ocrx_word' id='word_1_163' title='bbox 2724 923 2847 973; x_wconf 92' lang='lat' dir='ltr'>viro</span> <span class='ocrx_word' id='word_1_164' title='bbox 2863 934 3111 973; x_wconf 85' lang='lat' dir='ltr'>summa</span> <span class='ocrx_word' id='word_1_165' title='bbox 3137 922 3481 986; x_wconf 85' lang='lat' dir='ltr'>eloquentia</span> <span class='ocrx_word' id='word_1_166' title='bbox 3504 928 3562 973; x_wconf 89' lang='lat' dir='ltr'>et</span> <span class='ocrx_word' id='word_1_167' title='bbox 3600 921 3758 972; x_wconf 80' lang='lat' dir='ltr'>fratri</span> <span class='ocrx_word' id='word_1_168' title='bbox 3782 923 3831 971; x_wconf 88' lang='lat' dir='ltr'>et</span> 
     </span>
    </p>
   </div>
   <div class='ocr_carea' id='block_1_24' title="bbox 2236 1011 3833 1077">
    <p class='ocr_par' dir='ltr' id='par_1_24' title="bbox 2236 1011 3833 1077">
     <span class='ocr_line' id='line_1_24' title="bbox 2236 1011 3833 1077; baseline -0.001 -14"><span class='ocrx_word' id='word_1_169' title='bbox 2236 1013 2471 1076; x_wconf 90' lang='lat' dir='ltr'>collega</span> <span class='ocrx_word' id='word_1_170' title='bbox 2501 1012 2659 1076; x_wconf 91' lang='lat' dir='ltr'>mihi,</span> <span class='ocrx_word' id='word_1_171' title='bbox 2696 1024 2828 1076; x_wconf 85' lang='lat' dir='ltr'>qua</span> <span class='ocrx_word' id='word_1_172' title='bbox 2871 1012 3215 1063; x_wconf 89' lang='lat' dir='ltr'>imitandum</span> <span class='ocrx_word' id='word_1_173' title='bbox 3247 1012 3308 1063; x_wconf 89' lang='lat' dir='ltr'>in</span> <span class='ocrx_word' id='word_1_174' title='bbox 3337 1012 3639 1077; x_wconf 86' lang='lat' dir='ltr'>disciplina</span> <span class='ocrx_word' id='word_1_175' title='bbox 3663 1011 3833 1062; x_wconf 89' lang='lat' dir='ltr'>inter-</span> 
     </span>
    </p>
   </div>
   <div class='ocr_carea' id='block_1_25' title="bbox 2237 1100 3831 1166">
    <p class='ocr_par' dir='ltr' id='par_1_25' title="bbox 2237 1100 3831 1166">
     <span class='ocr_line' id='line_1_25' title="bbox 2237 1100 3831 1166; baseline -0.002 -13"><span class='ocrx_word' id='word_1_176' title='bbox 2237 1102 2500 1166; x_wconf 87' lang='lat' dir='ltr'>pretandi</span> <span class='ocrx_word' id='word_1_177' title='bbox 2523 1101 2659 1159; x_wconf 81' lang='lat' dir='ltr'>dixi,</span> <span class='ocrx_word' id='word_1_178' title='bbox 2684 1100 2954 1164; x_wconf 88' lang='lat' dir='ltr'>injuriam</span> <span class='ocrx_word' id='word_1_179' title='bbox 2980 1101 3236 1161; x_wconf 85' lang='lat' dir='ltr'>fecerim;</span> <span class='ocrx_word' id='word_1_180' title='bbox 3259 1104 3454 1154; x_wconf 89' lang='lat' dir='ltr'>tamen</span> <span class='ocrx_word' id='word_1_181' title='bbox 3487 1106 3621 1165; x_wconf 91' lang='lat' dir='ltr'>post</span> <span class='ocrx_word' id='word_1_182' title='bbox 3638 1113 3831 1165; x_wconf 86' lang='lat' dir='ltr'>pacem</span> 
     </span>
    </p>
   </div>
   <div class='ocr_carea' id='block_1_26' title="bbox 2234 1191 3836 1255">
    <p class='ocr_par' dir='ltr' id='par_1_26' title="bbox 2234 1191 3836 1255">
     <span class='ocr_line' id='line_1_26' title="bbox 2234 1191 3836 1255; baseline -0.002 -12"><span class='ocrx_word' id='word_1_183' title='bbox 2234 1192 2390 1243; x_wconf 88' lang='lat' dir='ltr'>illam</span> <span class='ocrx_word' id='word_1_184' title='bbox 2422 1193 2444 1221; x_wconf 77' lang='lat'>&quot;</span> <span class='ocrx_word' id='word_1_185' title='bbox 2480 1204 2708 1243; x_wconf 89' lang='lat' dir='ltr'>summo</span> <span class='ocrx_word' id='word_1_186' title='bbox 2741 1193 2842 1244; x_wconf 87' lang='lat' dir='ltr'>vix</span> <span class='ocrx_word' id='word_1_187' title='bbox 2875 1191 3085 1243; x_wconf 90' lang='lat' dir='ltr'>sudore</span> <span class='ocrx_word' id='word_1_188' title='bbox 3121 1196 3460 1255; x_wconf 85' lang='lat' dir='ltr'>reparatam,</span> <span class='ocrx_word' id='word_1_189' title='bbox 3498 1191 3627 1243; x_wconf 90' lang='lat' dir='ltr'>hac</span> <span class='ocrx_word' id='word_1_190' title='bbox 3658 1192 3836 1255; x_wconf 86' lang='lat' dir='ltr'>prima</span> 
     </span>
    </p>
   </div>
   <div class='ocr_carea' id='block_1_27' title="bbox 2235 1280 3833 1345">
    <p class='ocr_par' dir='ltr' id='par_1_27' title="bbox 2235 1280 3833 1345">
     <span class='ocr_line' id='line_1_27' title="bbox 2235 1280 3833 1345; baseline -0.001 -12"><span class='ocrx_word' id='word_1_191' title='bbox 2235 1281 2426 1333; x_wconf 89' lang='lat' dir='ltr'>adhuc</span> <span class='ocrx_word' id='word_1_192' title='bbox 2458 1281 2530 1334; x_wconf 89' lang='lat' dir='ltr'>de</span> <span class='ocrx_word' id='word_1_193' title='bbox 2566 1281 2712 1333; x_wconf 87' lang='lat' dir='ltr'>meis</span> <span class='ocrx_word' id='word_1_194' title='bbox 2749 1281 2978 1345; x_wconf 89' lang='lat' dir='ltr'>injuriis</span> <span class='ocrx_word' id='word_1_195' title='bbox 3023 1280 3250 1344; x_wconf 87' lang='lat' dir='ltr'>querela</span> <span class='ocrx_word' id='word_1_196' title='bbox 3280 1281 3354 1332; x_wconf 90' lang='lat' dir='ltr'>ad</span> <span class='ocrx_word' id='word_1_197' title='bbox 3392 1285 3448 1333; x_wconf 92' lang='lat' dir='ltr'>te</span> <span class='ocrx_word' id='word_1_198' title='bbox 3483 1287 3833 1345; x_wconf 84' lang='lat' dir='ltr'>pervenerat.</span> 
     </span>
    </p>
   </div>
   <div class='ocr_carea' id='block_1_28' title="bbox 2237 1369 3837 1434">
    <p class='ocr_par' dir='ltr' id='par_1_28' title="bbox 2237 1369 3837 1434">
     <span class='ocr_line' id='line_1_28' title="bbox 2237 1369 3837 1434; baseline -0.001 -11"><span class='ocrx_word' id='word_1_199' title='bbox 2237 1370 2345 1423; x_wconf 91' lang='lat' dir='ltr'>Sed</span> <span class='ocrx_word' id='word_1_200' title='bbox 2365 1376 2423 1423; x_wconf 91' lang='lat' dir='ltr'>et</span> <span class='ocrx_word' id='word_1_201' title='bbox 2444 1371 2601 1423; x_wconf 87' lang='lat' dir='ltr'>illam</span> <span class='ocrx_word' id='word_1_202' title='bbox 2619 1375 2781 1423; x_wconf 89' lang='lat' dir='ltr'>tuam</span> <span class='ocrx_word' id='word_1_203' title='bbox 2803 1382 3089 1434; x_wconf 89' lang='lat' dir='ltr'>ponamus</span> <span class='ocrx_word' id='word_1_204' title='bbox 3115 1370 3403 1433; x_wconf 87' lang='lat' dir='ltr'>injuriam,</span> <span class='ocrx_word' id='word_1_205' title='bbox 3429 1369 3657 1434; x_wconf 90' lang='lat' dir='ltr'>quodin</span> <span class='ocrx_word' id='word_1_206' title='bbox 3670 1370 3837 1422; x_wconf 88' lang='lat' dir='ltr'>inter-</span> 
     </span>
    </p>
   </div>
   <div class='ocr_carea' id='block_1_29' title="bbox 2236 1458 3838 1526">
    <p class='ocr_par' dir='ltr' id='par_1_29' title="bbox 2236 1458 3838 1526">
     <span class='ocr_line' id='line_1_29' title="bbox 2236 1458 3838 1526; baseline -0.001 -14"><span class='ocrx_word' id='word_1_207' title='bbox 2236 1460 2512 1526; x_wconf 89' lang='lat' dir='ltr'>pretando</span> <span class='ocrx_word' id='word_1_208' title='bbox 2536 1460 2841 1525; x_wconf 86' lang='lat' dir='ltr'>Origenem</span> <span class='ocrx_word' id='word_1_209' title='bbox 2871 1464 2928 1512; x_wconf 91' lang='lat' dir='ltr'>te</span> <span class='ocrx_word' id='word_1_210' title='bbox 2951 1460 3212 1511; x_wconf 87' lang='lat' dir='ltr'>imitatus</span> <span class='ocrx_word' id='word_1_211' title='bbox 3239 1460 3299 1523; x_wconf 86' lang='lat' dir='ltr'>[A</span> <span class='ocrx_word' id='word_1_212' title='bbox 3309 1459 3342 1511; x_wconf 85' lang='lat' dir='ltr'>t.</span> <span class='ocrx_word' id='word_1_213' title='bbox 3356 1459 3633 1524; x_wconf 87' lang='lat' dir='ltr'>imitans],</span> <span class='ocrx_word' id='word_1_214' title='bbox 3649 1458 3838 1524; x_wconf 85' lang='lat' dir='ltr'>aliqua</span> 
     </span>
    </p>
   </div>
   <div class='ocr_carea' id='block_1_30' title="bbox 2237 1549 3838 1616">
    <p class='ocr_par' dir='ltr' id='par_1_30' title="bbox 2237 1549 3838 1616">
     <span class='ocr_line' id='line_1_30' title="bbox 2237 1549 3838 1616; baseline -0.001 -14"><span class='ocrx_word' id='word_1_215' title='bbox 2237 1550 2627 1616; x_wconf 87' lang='lat' dir='ltr'>praterierim,</span> <span class='ocrx_word' id='word_1_216' title='bbox 2665 1562 2797 1614; x_wconf 87' lang='lat' dir='ltr'>qua</span> <span class='ocrx_word' id='word_1_217' title='bbox 2821 1550 2965 1601; x_wconf 88' lang='lat' dir='ltr'>mihi</span> <span class='ocrx_word' id='word_1_218' title='bbox 2987 1550 3179 1601; x_wconf 86' lang='lat' dir='ltr'>minus</span> <span class='ocrx_word' id='word_1_219' title='bbox 3205 1549 3603 1602; x_wconf 85' lang='lat' dir='ltr'>adificationis</span> <span class='ocrx_word' id='word_1_220' title='bbox 3634 1549 3696 1600; x_wconf 91' lang='lat' dir='ltr'>in</span> <span class='ocrx_word' id='word_1_221' title='bbox 3728 1549 3838 1601; x_wconf 84' lang='lat' dir='ltr'>fide</span> 
     </span>
    </p>
   </div>
   <div class='ocr_carea' id='block_1_31' title="bbox 2237 1639 3839 1704">
    <p class='ocr_par' dir='ltr' id='par_1_31' title="bbox 2237 1639 3839 1704">
     <span class='ocr_line' id='line_1_31' title="bbox 2237 1639 3839 1704; baseline -0.001 -12"><span class='ocrx_word' id='word_1_222' title='bbox 2237 1641 2447 1692; x_wconf 89' lang='lat' dir='ltr'>habere</span> <span class='ocrx_word' id='word_1_223' title='bbox 2471 1640 2834 1693; x_wconf 83' lang='lat' dir='ltr'>videbantur.</span> <span class='ocrx_word' id='word_1_224' title='bbox 2859 1639 3191 1703; x_wconf 85' lang='lat' dir='ltr'>Culpandus</span> <span class='ocrx_word' id='word_1_225' title='bbox 3207 1652 3310 1704; x_wconf 91' lang='lat' dir='ltr'>pro</span> <span class='ocrx_word' id='word_1_226' title='bbox 3332 1639 3442 1692; x_wconf 93' lang='lat' dir='ltr'>hoc</span> <span class='ocrx_word' id='word_1_227' title='bbox 3462 1651 3617 1691; x_wconf 87' lang='lat' dir='ltr'>eram</span> <span class='ocrx_word' id='word_1_228' title='bbox 3639 1639 3839 1691; x_wconf 86' lang='lat' dir='ltr'>fortas-</span> 
     </span>
    </p>
   </div>
   <div class='ocr_carea' id='block_1_32' title="bbox 2240 1728 3839 1795">
    <p class='ocr_par' dir='ltr' id='par_1_32' title="bbox 2240 1728 3839 1795">
     <span class='ocr_line' id='line_1_32' title="bbox 2240 1728 3839 1795; baseline 0 -14"><span class='ocrx_word' id='word_1_229' title='bbox 2240 1731 2340 1795; x_wconf 91' lang='lat' dir='ltr'>sis,</span> <span class='ocrx_word' id='word_1_230' title='bbox 2364 1734 2422 1782; x_wconf 90' lang='lat' dir='ltr'>et</span> <span class='ocrx_word' id='word_1_231' title='bbox 2450 1730 2846 1782; x_wconf 88' lang='lat' dir='ltr'>emendandus</span> <span class='ocrx_word' id='word_1_232' title='bbox 2865 1733 2888 1779; x_wconf 76' lang='grc' dir='ltr'><em>Ρ</em></span> <span class='ocrx_word' id='word_1_233' title='bbox 2924 1729 3160 1793; x_wconf 89' lang='lat' dir='ltr'>Scripta,</span> <span class='ocrx_word' id='word_1_234' title='bbox 3199 1734 3267 1781; x_wconf 91' lang='lat' dir='ltr'>ut</span> <span class='ocrx_word' id='word_1_235' title='bbox 3290 1729 3392 1791; x_wconf 88' lang='lat' dir='ltr'>ais,</span> <span class='ocrx_word' id='word_1_236' title='bbox 3424 1729 3498 1781; x_wconf 88' lang='lat' dir='ltr'>ad</span> <span class='ocrx_word' id='word_1_237' title='bbox 3520 1734 3576 1781; x_wconf 89' lang='lat' dir='ltr'>te</span> <span class='ocrx_word' id='word_1_238' title='bbox 3600 1728 3839 1781; x_wconf 83' lang='lat' dir='ltr'>fratrum</span> 
     </span>
    </p>
   </div>
   <div class='ocr_carea' id='block_1_33' title="bbox 532 1804 3837 1897">
    <p class='ocr_par' dir='ltr' id='par_1_33' title="bbox 532 1804 3837 1897">
     <span class='ocr_line' id='line_1_33' title="bbox 532 1804 3837 1897; baseline 0.002 -31"><span class='ocrx_word' id='word_1_239' title='bbox 532 1820 755 1880; x_wconf 87' lang='lat' dir='ltr'>rempta</span> <span class='ocrx_word' id='word_1_240' title='bbox 769 1816 1013 1878; x_wconf 85' lang='lat' dir='ltr'>fuerant,</span> <span class='ocrx_word' id='word_1_241' title='bbox 1039 1831 1142 1869; x_wconf 90' lang='lat' dir='ltr'>seu</span> <span class='ocrx_word' id='word_1_242' title='bbox 1166 1819 1338 1870; x_wconf 91' lang='lat' dir='ltr'>etiam</span> <span class='ocrx_word' id='word_1_243' title='bbox 1349 1821 1734 1897; x_wconf 81' lang='lat' dir='ltr'>abundantius</span> <span class='ocrx_word' id='word_1_244' title='bbox 1750 1820 1985 1884; x_wconf 86' lang='lat' dir='ltr'>prolata,</span> <span class='ocrx_word' id='word_1_245' title='bbox 2003 1832 2130 1883; x_wconf 85' lang='lat' dir='ltr'>pro-</span> <span class='ocrx_word' id='word_1_246' title='bbox 2161 1804 2215 1877; x_wconf 90' lang='lat' dir='ltr'><strong>B</strong></span> <span class='ocrx_word' id='word_1_247' title='bbox 2240 1820 2422 1872; x_wconf 90' lang='lat' dir='ltr'>missa</span> <span class='ocrx_word' id='word_1_248' title='bbox 2445 1825 2598 1884; x_wconf 88' lang='lat' dir='ltr'>sunt,</span> <span class='ocrx_word' id='word_1_249' title='bbox 2634 1820 3068 1885; x_wconf 90' lang='lat' dir='ltr'>deposcentium</span> <span class='ocrx_word' id='word_1_250' title='bbox 3087 1819 3284 1883; x_wconf 86' lang='lat' dir='ltr'>culpas</span> <span class='ocrx_word' id='word_1_251' title='bbox 3308 1819 3635 1884; x_wconf 87' lang='lat' dir='ltr'>interpretis</span> <span class='ocrx_word' id='word_1_252' title='bbox 3655 1820 3837 1883; x_wconf 86' lang='lat' dir='ltr'>argui.</span> 
     </span>
    </p>
   </div>
   <div class='ocr_carea' id='block_1_34' title="bbox 534 1904 2139 1973">
    <p class='ocr_par' dir='ltr' id='par_1_34' title="bbox 534 1904 2139 1973">
     <span class='ocr_line' id='line_1_34' title="bbox 534 1904 2139 1973; baseline 0.002 -18"><span class='ocrx_word' id='word_1_253' title='bbox 534 1904 676 1970; x_wconf 90' lang='lat' dir='ltr'>priis</span> <span class='ocrx_word' id='word_1_254' title='bbox 707 1906 1061 1969; x_wconf 91' lang='lat' dir='ltr'>quibusdam</span> <span class='ocrx_word' id='word_1_255' title='bbox 1097 1909 1299 1973; x_wconf 83' lang='lat' dir='ltr'>signis,</span> <span class='ocrx_word' id='word_1_256' title='bbox 1332 1909 1395 1959; x_wconf 91' lang='lat' dir='ltr'>id</span> <span class='ocrx_word' id='word_1_257' title='bbox 1411 1914 1517 1970; x_wconf 91' lang='lat' dir='ltr'>est,</span> <span class='ocrx_word' id='word_1_258' title='bbox 1542 1910 1801 1961; x_wconf 89' lang='lat' dir='ltr'>asterisci</span> <span class='ocrx_word' id='word_1_259' title='bbox 1826 1915 1883 1961; x_wconf 90' lang='lat' dir='ltr'>et.</span> <span class='ocrx_word' id='word_1_260' title='bbox 1904 1909 2139 1961; x_wconf 89' lang='lat' dir='ltr'>obelisci</span> 
     </span>
    </p>
   </div>
   <div class='ocr_carea' id='block_1_35' title="bbox 531 1994 2139 2063">
    <p class='ocr_par' dir='ltr' id='par_1_35' title="bbox 531 1994 2139 2063">
     <span class='ocr_line' id='line_1_35' title="bbox 531 1994 2139 2063; baseline 0.004 -18"><span class='ocrx_word' id='word_1_261' title='bbox 531 1994 751 2047; x_wconf 92' lang='lat' dir='ltr'>notulis</span> <span class='ocrx_word' id='word_1_262' title='bbox 774 1995 1409 2060; x_wconf 88' lang='lat' dir='ltr'>designavit.Caterum</span> <span class='ocrx_word' id='word_1_263' title='bbox 1432 2011 1621 2063; x_wconf 91' lang='lat' dir='ltr'>neque</span> <span class='ocrx_word' id='word_1_264' title='bbox 1642 2000 1884 2051; x_wconf 87' lang='lat' dir='ltr'>verbum</span> <span class='ocrx_word' id='word_1_265' title='bbox 1906 2000 2139 2062; x_wconf 89' lang='lat' dir='ltr'>aliquod</span> 
     </span>
    </p>
   </div>
   <div class='ocr_carea' id='block_1_36' title="bbox 535 2083 2139 2154">
    <p class='ocr_par' dir='ltr' id='par_1_36' title="bbox 535 2083 2139 2154">
     <span class='ocr_line' id='line_1_36' title="bbox 535 2083 2139 2154; baseline 0.004 -18"><span class='ocrx_word' id='word_1_266' title='bbox 535 2083 609 2136; x_wconf 91' lang='lat' dir='ltr'>de</span> <span class='ocrx_word' id='word_1_267' title='bbox 655 2097 762 2137; x_wconf 92' lang='lat' dir='ltr'>suo</span> <span class='ocrx_word' id='word_1_268' title='bbox 791 2098 973 2137; x_wconf 91' lang='lat' dir='ltr'>unum</span> <span class='ocrx_word' id='word_1_269' title='bbox 1012 2086 1216 2139; x_wconf 90' lang='lat' dir='ltr'>saltem</span> <span class='ocrx_word' id='word_1_270' title='bbox 1255 2088 1515 2152; x_wconf 90' lang='lat' dir='ltr'>inseruit,</span> <span class='ocrx_word' id='word_1_271' title='bbox 1552 2101 1743 2154; x_wconf 92' lang='lat' dir='ltr'>neque</span> <span class='ocrx_word' id='word_1_272' title='bbox 1767 2100 1784 2118; x_wconf 70' lang='grc' dir='ltr'>ε</span> <span class='ocrx_word' id='word_1_273' title='bbox 1807 2095 2139 2142; x_wconf 92' lang='lat' dir='ltr'>nostrorum</span> 
     </span>
    </p>
   </div>
   <div class='ocr_carea' id='block_1_37' title="bbox 534 2174 2141 2243">
    <p class='ocr_par' dir='ltr' id='par_1_37' title="bbox 534 2174 2141 2243">
     <span class='ocr_line' id='line_1_37' title="bbox 534 2174 2141 2243; baseline 0.005 -18"><span class='ocrx_word' id='word_1_274' title='bbox 534 2174 1019 2239; x_wconf 83' lang='lat' dir='ltr'>exemplariorum</span> <span class='ocrx_word' id='word_1_275' title='bbox 1031 2176 1205 2229; x_wconf 79' lang='lat' dir='ltr'>ﬁdem</span> <span class='ocrx_word' id='word_1_276' title='bbox 1221 2177 1357 2230; x_wconf 87' lang='lat' dir='ltr'>fecit</span> <span class='ocrx_word' id='word_1_277' title='bbox 1371 2178 1431 2230; x_wconf 92' lang='lat' dir='ltr'>in</span> <span class='ocrx_word' id='word_1_278' title='bbox 1442 2179 1635 2243; x_wconf 89' lang='lat' dir='ltr'>aliquo</span> <span class='ocrx_word' id='word_1_279' title='bbox 1648 2179 1938 2232; x_wconf 84' lang='lat' dir='ltr'>vacillare:</span> <span class='ocrx_word' id='word_1_280' title='bbox 1956 2180 2056 2232; x_wconf 90' lang='lat' dir='ltr'>sed</span> <span class='ocrx_word' id='word_1_281' title='bbox 2074 2193 2141 2233; x_wconf 88' lang='lat' dir='ltr'>ea</span> 
     </span>
    </p>
   </div>
   <div class='ocr_carea' id='block_1_38' title="bbox 533 2264 2142 2331">
    <p class='ocr_par' dir='ltr' id='par_1_38' title="bbox 533 2264 2142 2331">
     <span class='ocr_line' id='line_1_38' title="bbox 533 2264 2142 2331; baseline 0.002 -16"><span class='ocrx_word' id='word_1_282' title='bbox 533 2274 667 2327; x_wconf 82' lang='lat' dir='ltr'>qua</span> <span class='ocrx_word' id='word_1_283' title='bbox 676 2264 870 2316; x_wconf 91' lang='lat' dir='ltr'>minus</span> <span class='ocrx_word' id='word_1_284' title='bbox 885 2265 1229 2319; x_wconf 89' lang='lat' dir='ltr'>videbantur</span> <span class='ocrx_word' id='word_1_285' title='bbox 1241 2268 1561 2319; x_wconf 88' lang='lat' dir='ltr'>secundum</span> <span class='ocrx_word' id='word_1_286' title='bbox 1575 2282 1809 2321; x_wconf 90' lang='lat' dir='ltr'>cursum</span> <span class='ocrx_word' id='word_1_287' title='bbox 1823 2271 1978 2318; x_wconf 83' lang='lat' dir='ltr'>litera</span> <span class='ocrx_word' id='word_1_288' title='bbox 1991 2273 2142 2331; x_wconf 84' lang='lat' dir='ltr'>plana</span> 
     </span>
    </p>
   </div>
   <div class='ocr_carea' id='block_1_39' title="bbox 534 2353 2144 2422">
    <p class='ocr_par' dir='ltr' id='par_1_39' title="bbox 534 2353 2144 2422">
     <span class='ocr_line' id='line_1_39' title="bbox 534 2353 2144 2422; baseline 0.002 -18"><span class='ocrx_word' id='word_1_289' title='bbox 534 2356 594 2405; x_wconf 88' lang='lat' dir='ltr'>et</span> <span class='ocrx_word' id='word_1_290' title='bbox 619 2353 830 2417; x_wconf 89' lang='lat' dir='ltr'>lucida,</span> <span class='ocrx_word' id='word_1_291' title='bbox 857 2355 1130 2419; x_wconf 78' lang='lat' dir='ltr'>spiritalis</span> <span class='ocrx_word' id='word_1_292' title='bbox 1141 2357 1535 2422; x_wconf 88' lang='lat' dir='ltr'>intelligentia</span> <span class='ocrx_word' id='word_1_293' title='bbox 1550 2359 1805 2411; x_wconf 88' lang='lat' dir='ltr'>ostendit</span> <span class='ocrx_word' id='word_1_294' title='bbox 1820 2360 2028 2411; x_wconf 88' lang='lat' dir='ltr'>referta</span> <span class='ocrx_word' id='word_1_295' title='bbox 2040 2376 2144 2422; x_wconf 77' lang='lat' dir='ltr'>my-</span> 
     </span>
    </p>
   </div>
   <div class='ocr_carea' id='block_1_40' title="bbox 538 2443 2144 2514">
    <p class='ocr_par' dir='ltr' id='par_1_40' title="bbox 538 2443 2144 2514">
     <span class='ocr_line' id='line_1_40' title="bbox 538 2443 2144 2514; baseline 0.006 -21"><span class='ocrx_word' id='word_1_296' title='bbox 538 2443 750 2495; x_wconf 90' lang='lat' dir='ltr'>steriis.</span> <span class='ocrx_word' id='word_1_297' title='bbox 776 2445 925 2506; x_wconf 90' lang='lat' dir='ltr'>Quid</span> <span class='ocrx_word' id='word_1_298' title='bbox 940 2446 1045 2497; x_wconf 90' lang='lat' dir='ltr'>tibi</span> <span class='ocrx_word' id='word_1_299' title='bbox 1063 2459 1197 2510; x_wconf 89' lang='lat' dir='ltr'>ergo</span> <span class='ocrx_word' id='word_1_300' title='bbox 1209 2447 1471 2511; x_wconf 87' lang='lat' dir='ltr'>Origenis</span> <span class='ocrx_word' id='word_1_301' title='bbox 1487 2449 1705 2501; x_wconf 89' lang='lat' dir='ltr'>factum</span> <span class='ocrx_word' id='word_1_302' title='bbox 1722 2449 1813 2501; x_wconf 70' lang='lat' dir='ltr'>din</span> <span class='ocrx_word' id='word_1_303' title='bbox 1828 2449 1938 2501; x_wconf 93' lang='lat' dir='ltr'>hoc</span> <span class='ocrx_word' id='word_1_304' title='bbox 1953 2454 2144 2514; x_wconf 90' lang='lat' dir='ltr'>potest</span> 
     </span>
    </p>
   </div>
   <div class='ocr_carea' id='block_1_41' title="bbox 535 2527 2146 2602">
    <p class='ocr_par' dir='ltr' id='par_1_41' title="bbox 535 2527 2146 2602">
     <span class='ocr_line' id='line_1_41' title="bbox 535 2527 2146 2602; baseline 0.002 -17"><span class='ocrx_word' id='word_1_305' title='bbox 535 2527 712 2599; x_wconf 83' lang='lat'>393</span> <span class='ocrx_word' id='word_1_306' title='bbox 740 2536 1018 2596; x_wconf 82' lang='lat' dir='ltr'>prastare</span> <span class='ocrx_word' id='word_1_307' title='bbox 1043 2535 1248 2600; x_wconf 89' lang='lat' dir='ltr'>solatii,</span> <span class='ocrx_word' id='word_1_308' title='bbox 1278 2538 1448 2601; x_wconf 87' lang='lat' dir='ltr'>cujus</span> <span class='ocrx_word' id='word_1_309' title='bbox 1480 2550 1667 2601; x_wconf 91' lang='lat' dir='ltr'>neque</span> <span class='ocrx_word' id='word_1_310' title='bbox 1682 2551 1829 2602; x_wconf 92' lang='lat' dir='ltr'>opus</span> <span class='ocrx_word' id='word_1_311' title='bbox 1842 2539 2026 2591; x_wconf 89' lang='lat' dir='ltr'>simile</span> <span class='ocrx_word' id='word_1_312' title='bbox 2041 2539 2146 2591; x_wconf 90' lang='lat' dir='ltr'>ali-</span> 
     </span>
    </p>
   </div>
   <div class='ocr_carea' id='block_1_42' title="bbox 535 2621 2145 2690">
    <p class='ocr_par' dir='ltr' id='par_1_42' title="bbox 535 2621 2145 2690">
     <span class='ocr_line' id='line_1_42' title="bbox 535 2621 2145 2690; baseline 0.005 -18"><span class='ocrx_word' id='word_1_313' title='bbox 535 2621 692 2685; x_wconf 90' lang='lat' dir='ltr'>quod</span> <span class='ocrx_word' id='word_1_314' title='bbox 734 2622 1040 2675; x_wconf 88' lang='lat' dir='ltr'>ostendere</span> <span class='ocrx_word' id='word_1_315' title='bbox 1064 2628 1244 2687; x_wconf 87' lang='lat' dir='ltr'>potes,</span> <span class='ocrx_word' id='word_1_316' title='bbox 1270 2626 1408 2677; x_wconf 89' lang='lat' dir='ltr'>etin</span> <span class='ocrx_word' id='word_1_317' title='bbox 1428 2638 1543 2690; x_wconf 93' lang='lat' dir='ltr'>quo</span> <span class='ocrx_word' id='word_1_318' title='bbox 1568 2630 1796 2679; x_wconf 83' lang='lat' dir='ltr'>tantum</span> <span class='ocrx_word' id='word_1_319' title='bbox 1818 2627 2060 2689; x_wconf 86' lang='lat' dir='ltr'>laboras,</span> <span class='ocrx_word' id='word_1_320' title='bbox 2080 2634 2145 2681; x_wconf 90' lang='lat' dir='ltr'>ut</span> 
     </span>
    </p>
   </div>
   <div class='ocr_carea' id='block_1_43' title="bbox 534 2709 2143 2777">
    <p class='ocr_par' dir='ltr' id='par_1_43' title="bbox 534 2709 2143 2777">
     <span class='ocr_line' id='line_1_43' title="bbox 534 2709 2143 2777; baseline 0.006 -16"><span class='ocrx_word' id='word_1_321' title='bbox 534 2709 701 2761; x_wconf 88' lang='lat' dir='ltr'>litera</span> <span class='ocrx_word' id='word_1_322' title='bbox 734 2711 960 2763; x_wconf 85' lang='lat' dir='ltr'>occidat</span> <span class='ocrx_word' id='word_1_323' title='bbox 991 2720 1480 2777; x_wconf 89' lang='lat' dir='ltr'>consequentem:</span> <span class='ocrx_word' id='word_1_324' title='bbox 1510 2716 1652 2767; x_wconf 91' lang='lat' dir='ltr'>dum</span> <span class='ocrx_word' id='word_1_325' title='bbox 1688 2716 1781 2769; x_wconf 89' lang='lat' dir='ltr'>ille</span> <span class='ocrx_word' id='word_1_326' title='bbox 1811 2730 1841 2769; x_wconf 92' lang='lat' dir='ltr'>e</span> <span class='ocrx_word' id='word_1_327' title='bbox 1865 2718 2143 2770; x_wconf 87' lang='lat' dir='ltr'>contrario</span> 
     </span>
    </p>
   </div>
   <div class='ocr_carea' id='block_1_44' title="bbox 537 2799 2149 2870">
    <p class='ocr_par' dir='ltr' id='par_1_44' title="bbox 537 2799 2149 2870">
     <span class='ocr_line' id='line_1_44' title="bbox 537 2799 2149 2870; baseline 0.006 -19"><span class='ocrx_word' id='word_1_328' title='bbox 537 2799 777 2864; x_wconf 88' lang='lat' dir='ltr'>spiritus</span> <span class='ocrx_word' id='word_1_329' title='bbox 820 2801 1176 2856; x_wconf 81' lang='lat' dir='ltr'>vivificantis</span> <span class='ocrx_word' id='word_1_330' title='bbox 1208 2817 1337 2857; x_wconf 86' lang='lat' dir='ltr'>esse</span> <span class='ocrx_word' id='word_1_331' title='bbox 1372 2807 1613 2858; x_wconf 90' lang='lat' dir='ltr'>conatur</span> <span class='ocrx_word' id='word_1_332' title='bbox 1644 2807 1748 2870; x_wconf 84' lang='grc' dir='ltr'>[Αι.</span> <span class='ocrx_word' id='word_1_333' title='bbox 1776 2809 2033 2870; x_wconf 88' lang='lat' dir='ltr'>conetur]</span> <span class='ocrx_word' id='word_1_334' title='bbox 2060 2821 2149 2860; x_wconf 89' lang='lat' dir='ltr'>as-</span> 
     </span>
    </p>
   </div>
   <div class='ocr_carea' id='block_1_45' title="bbox 530 2892 1561 2942">
    <p class='ocr_par' dir='ltr' id='par_1_45' title="bbox 530 2892 1561 2942">
     <span class='ocr_line' id='line_1_45' title="bbox 530 2892 1561 2942; baseline -0.005 0"><span class='ocrx_word' id='word_1_335' title='bbox 530 2892 715 2942; x_wconf 86' lang='lat' dir='ltr'>sertor</span> <span class='ocrx_word' id='word_1_336' title='bbox 735 2893 758 2938; x_wconf 75' lang='lat'>‘2</span> <span class='ocrx_word' id='word_1_337' title='bbox 1555 2915 1561 2920; x_wconf 92' lang='lat'><strong><em>-</em></strong></span> 
     </span>
    </p>
   </div>
   <div class='ocr_carea' id='block_1_46' title="bbox 590 2978 2143 3053">
    <p class='ocr_par' dir='ltr' id='par_1_46' title="bbox 590 2978 2143 3053">
     <span class='ocr_line' id='line_1_46' title="bbox 590 2978 2143 3053; baseline 0.005 -20"><span class='ocrx_word' id='word_1_338' title='bbox 590 2978 678 3033; x_wconf 87' lang='lat'>37.</span> <span class='ocrx_word' id='word_1_339' title='bbox 710 2981 899 3032; x_wconf 89' lang='lat' dir='ltr'>Tuum</span> <span class='ocrx_word' id='word_1_340' title='bbox 924 2991 943 3011; x_wconf 88' lang='lat'><strong><em>°</em></strong></span> <span class='ocrx_word' id='word_1_341' title='bbox 973 2982 1173 3049; x_wconf 84' lang='lat' dir='ltr'>igitur,</span> <span class='ocrx_word' id='word_1_342' title='bbox 1197 2983 1388 3047; x_wconf 89' lang='lat' dir='ltr'>frater,</span> <span class='ocrx_word' id='word_1_343' title='bbox 1413 2990 1581 3038; x_wconf 89' lang='lat' dir='ltr'>tuum</span> <span class='ocrx_word' id='word_1_344' title='bbox 1605 2986 1764 3039; x_wconf 88' lang='lat' dir='ltr'>istud</span> <span class='ocrx_word' id='word_1_345' title='bbox 1787 2987 2143 3053; x_wconf 87' lang='lat' dir='ltr'>factum,nec</span> 
     </span>
    </p>
   </div>
   <div class='ocr_carea' id='block_1_47' title="bbox 524 3072 2137 3141">
    <p class='ocr_par' dir='ltr' id='par_1_47' title="bbox 524 3072 2137 3141">
     <span class='ocr_line' id='line_1_47' title="bbox 524 3072 2137 3141; baseline 0.005 -21"><span class='ocrx_word' id='word_1_346' title='bbox 524 3080 874 3134; x_wconf 77' lang='lat' dir='ltr'>quamquam</span> <span class='ocrx_word' id='word_1_347' title='bbox 890 3074 948 3124; x_wconf 86' lang='lat' dir='ltr'>te</span> <span class='ocrx_word' id='word_1_348' title='bbox 980 3072 1041 3123; x_wconf 88' lang='lat' dir='ltr'>in</span> <span class='ocrx_word' id='word_1_349' title='bbox 1068 3072 1178 3125; x_wconf 90' lang='lat' dir='ltr'>hoc</span> <span class='ocrx_word' id='word_1_350' title='bbox 1190 3074 1463 3126; x_wconf 89' lang='lat' dir='ltr'>comitem</span> <span class='ocrx_word' id='word_1_351' title='bbox 1480 3074 1571 3128; x_wconf 90' lang='lat' dir='ltr'>vel</span> <span class='ocrx_word' id='word_1_352' title='bbox 1587 3076 1895 3141; x_wconf 65' lang='lat' dir='ltr'>sociumgin</span> <span class='ocrx_word' id='word_1_353' title='bbox 1917 3081 2137 3128; x_wconf 82' lang='lat' dir='ltr'>Ecclesia</span> 
     </span>
    </p>
   </div>
   <div class='ocr_carea' id='block_1_48' title="bbox 2238 1906 3836 1978">
    <p class='ocr_par' dir='ltr' id='par_1_48' title="bbox 2238 1906 3836 1978">
     <span class='ocr_line' id='line_1_48' title="bbox 2238 1906 3836 1978; baseline -0.002 -16"><span class='ocrx_word' id='word_1_354' title='bbox 2238 1911 2384 1974; x_wconf 80' lang='lat' dir='ltr'>Quid</span> <span class='ocrx_word' id='word_1_355' title='bbox 2430 1913 2492 1962; x_wconf 92' lang='lat' dir='ltr'>tu</span> <span class='ocrx_word' id='word_1_356' title='bbox 2543 1906 2719 1978; x_wconf 73' lang='lat'>394</span> <span class='ocrx_word' id='word_1_357' title='bbox 2754 1910 2845 1962; x_wconf 88' lang='lat' dir='ltr'>vir</span> <span class='ocrx_word' id='word_1_358' title='bbox 2871 1908 3142 1974; x_wconf 81' lang='lat' dir='ltr'>spiritalis</span> <span class='ocrx_word' id='word_1_359' title='bbox 3176 1909 3334 1973; x_wconf 85' lang='lat' dir='ltr'>agis?</span> <span class='ocrx_word' id='word_1_360' title='bbox 3363 1908 3501 1972; x_wconf 90' lang='lat' dir='ltr'>quid</span> <span class='ocrx_word' id='word_1_361' title='bbox 3538 1907 3741 1960; x_wconf 84' lang='lat' dir='ltr'>forma</span> <span class='ocrx_word' id='word_1_362' title='bbox 3783 1918 3836 1965; x_wconf 85' lang='lat' dir='ltr'>et</span> 
     </span>
    </p>
   </div>
   <div class='ocr_carea' id='block_1_49' title="bbox 2236 1998 3836 2065">
    <p class='ocr_par' dir='ltr' id='par_1_49' title="bbox 2236 1998 3836 2065">
     <span class='ocr_line' id='line_1_49' title="bbox 2236 1998 3836 2065; baseline -0.004 -12"><span class='ocrx_word' id='word_1_363' title='bbox 2236 2000 2483 2065; x_wconf 79' lang='lat' dir='ltr'>exempli</span> <span class='ocrx_word' id='word_1_364' title='bbox 2514 2000 2575 2051; x_wconf 89' lang='lat' dir='ltr'>in</span> <span class='ocrx_word' id='word_1_365' title='bbox 2606 2000 2815 2051; x_wconf 77' lang='lat' dir='ltr'>rebusi</span> <span class='ocrx_word' id='word_1_366' title='bbox 2849 1999 3058 2050; x_wconf 76' lang='lat' dir='ltr'>talibus</span> <span class='ocrx_word' id='word_1_367' title='bbox 3090 1998 3313 2050; x_wconf 78' lang='lat' dir='ltr'>cateris</span> <span class='ocrx_word' id='word_1_368' title='bbox 3348 1998 3610 2062; x_wconf 82' lang='lat' dir='ltr'>prabes?</span> <span class='ocrx_word' id='word_1_369' title='bbox 3630 1998 3836 2049; x_wconf 87' lang='lat' dir='ltr'>Fratris</span> 
     </span>
    </p>
   </div>
   <div class='ocr_carea' id='block_1_50' title="bbox 2238 2086 3839 2154">
    <p class='ocr_par' dir='ltr' id='par_1_50' title="bbox 2238 2086 3839 2154">
     <span class='ocr_line' id='line_1_50' title="bbox 2238 2086 3839 2154; baseline -0.004 -11"><span class='ocrx_word' id='word_1_370' title='bbox 2238 2090 2652 2154; x_wconf 89' lang='lat' dir='ltr'>turpitudinem</span> <span class='ocrx_word' id='word_1_371' title='bbox 2668 2100 2785 2141; x_wconf 92' lang='lat' dir='ltr'>non</span> <span class='ocrx_word' id='word_1_372' title='bbox 2811 2088 2998 2140; x_wconf 91' lang='lat' dir='ltr'>solum</span> <span class='ocrx_word' id='word_1_373' title='bbox 3020 2086 3299 2139; x_wconf 90' lang='lat' dir='ltr'>nudatam</span> <span class='ocrx_word' id='word_1_374' title='bbox 3321 2087 3413 2139; x_wconf 90' lang='lat' dir='ltr'>his</span> <span class='ocrx_word' id='word_1_375' title='bbox 3430 2087 3529 2151; x_wconf 90' lang='lat' dir='ltr'>qui</span> <span class='ocrx_word' id='word_1_376' title='bbox 3542 2086 3685 2138; x_wconf 88' lang='lat' dir='ltr'>foris</span> <span class='ocrx_word' id='word_1_377' title='bbox 3708 2091 3839 2137; x_wconf 86' lang='lat' dir='ltr'>sunt</span> 
     </span>
    </p>
   </div>
   <div class='ocr_carea' id='block_1_51' title="bbox 2238 2176 3840 2244">
    <p class='ocr_par' dir='ltr' id='par_1_51' title="bbox 2238 2176 3840 2244">
     <span class='ocr_line' id='line_1_51' title="bbox 2238 2176 3840 2244; baseline -0.004 -11"><span class='ocrx_word' id='word_1_378' title='bbox 2238 2180 2494 2244; x_wconf 88' lang='lat' dir='ltr'>nuntias,</span> <span class='ocrx_word' id='word_1_379' title='bbox 2528 2178 2628 2231; x_wconf 89' lang='lat' dir='ltr'>sed</span> <span class='ocrx_word' id='word_1_380' title='bbox 2655 2182 2712 2231; x_wconf 89' lang='lat' dir='ltr'>et</span> <span class='ocrx_word' id='word_1_381' title='bbox 2736 2179 2964 2230; x_wconf 89' lang='lat' dir='ltr'>obtecta</span> <span class='ocrx_word' id='word_1_382' title='bbox 2986 2177 3269 2229; x_wconf 87' lang='lat' dir='ltr'>denudas.</span> <span class='ocrx_word' id='word_1_383' title='bbox 3302 2178 3455 2229; x_wconf 91' lang='lat' dir='ltr'>Pone</span> <span class='ocrx_word' id='word_1_384' title='bbox 3481 2176 3618 2240; x_wconf 90' lang='lat' dir='ltr'>quia</span> <span class='ocrx_word' id='word_1_385' title='bbox 3633 2189 3752 2229; x_wconf 91' lang='lat' dir='ltr'>non</span> <span class='ocrx_word' id='word_1_386' title='bbox 3785 2180 3840 2228; x_wconf 85' lang='lat' dir='ltr'>te</span> 
     </span>
    </p>
   </div>
   <div class='ocr_carea' id='block_1_52' title="bbox 2238 2265 3837 2332">
    <p class='ocr_par' dir='ltr' id='par_1_52' title="bbox 2238 2265 3837 2332">
     <span class='ocr_line' id='line_1_52' title="bbox 2238 2265 3837 2332; baseline -0.003 -11"><span class='ocrx_word' id='word_1_387' title='bbox 2238 2269 2515 2332; x_wconf 90' lang='lat' dir='ltr'>imitatus,</span> <span class='ocrx_word' id='word_1_388' title='bbox 2550 2267 2660 2319; x_wconf 91' lang='lat' dir='ltr'>hoc</span> <span class='ocrx_word' id='word_1_389' title='bbox 2691 2267 2815 2329; x_wconf 82' lang='lat' dir='ltr'>feci,</span> <span class='ocrx_word' id='word_1_390' title='bbox 2843 2266 2943 2319; x_wconf 89' lang='lat' dir='ltr'>sed</span> <span class='ocrx_word' id='word_1_391' title='bbox 2968 2267 3215 2319; x_wconf 87' lang='lat' dir='ltr'>ebrietas</span> <span class='ocrx_word' id='word_1_392' title='bbox 3248 2265 3438 2329; x_wconf 89' lang='lat' dir='ltr'>aliqua</span> <span class='ocrx_word' id='word_1_393' title='bbox 3466 2273 3476 2303; x_wconf 76' lang='grc' dir='ltr'><strong><em>ι</em></strong></span> <span class='ocrx_word' id='word_1_394' title='bbox 3500 2266 3837 2331; x_wconf 90' lang='lat' dir='ltr'>subrepens,</span> 
     </span>
    </p>
   </div>
   <div class='ocr_carea' id='block_1_53' title="bbox 2240 2355 3841 2419">
    <p class='ocr_par' dir='ltr' id='par_1_53' title="bbox 2240 2355 3841 2419">
     <span class='ocr_line' id='line_1_53' title="bbox 2240 2355 3841 2419; baseline -0.002 -9"><span class='ocrx_word' id='word_1_395' title='bbox 2240 2359 2390 2410; x_wconf 87' lang='lat' dir='ltr'>sicut</span> <span class='ocrx_word' id='word_1_396' title='bbox 2429 2357 2773 2409; x_wconf 83' lang='lat' dir='ltr'>Patriarcha</span> <span class='ocrx_word' id='word_1_397' title='bbox 2810 2356 2961 2417; x_wconf 87' lang='lat' dir='ltr'>fecit,</span> <span class='ocrx_word' id='word_1_398' title='bbox 2979 2355 3284 2407; x_wconf 88' lang='lat' dir='ltr'>nudaverit</span> <span class='ocrx_word' id='word_1_399' title='bbox 3309 2355 3723 2419; x_wconf 90' lang='lat' dir='ltr'>turpitudinem</span> <span class='ocrx_word' id='word_1_400' title='bbox 3743 2367 3841 2407; x_wconf 54' lang='lat' dir='ltr'>no-</span> 
     </span>
    </p>
   </div>
   <div class='ocr_carea' id='block_1_54' title="bbox 2242 2426 3840 2511">
    <p class='ocr_par' dir='ltr' id='par_1_54' title="bbox 2242 2426 3840 2511">
     <span class='ocr_line' id='line_1_54' title="bbox 2242 2426 3840 2511; baseline -0.004 -10"><span class='ocrx_word' id='word_1_401' title='bbox 2242 2452 2446 2501; x_wconf 89' lang='lat' dir='ltr'>stram:</span> <span class='ocrx_word' id='word_1_402' title='bbox 2465 2447 2729 2511; x_wconf 90' lang='lat' dir='ltr'>nunquid</span> <span class='ocrx_word' id='word_1_403' title='bbox 2755 2446 3211 2499; x_wconf 88' lang='lat' dir='ltr'>maledictionem</span> <span class='ocrx_word' id='word_1_404' title='bbox 3234 2426 3584 2497; x_wconf 72' lang='lat' dir='ltr'>consecutus</span> <span class='ocrx_word' id='word_1_405' title='bbox 3604 2446 3769 2503; x_wconf 88' lang='lat' dir='ltr'>fores,</span> <span class='ocrx_word' id='word_1_406' title='bbox 3792 2445 3840 2495; x_wconf 87' lang='lat' dir='ltr'>si</span> 
     </span>
    </p>
   </div>
   <div class='ocr_carea' id='block_1_55' title="bbox 2241 2534 3842 2600">
    <p class='ocr_par' dir='ltr' id='par_1_55' title="bbox 2241 2534 3842 2600">
     <span class='ocr_line' id='line_1_55' title="bbox 2241 2534 3842 2600; baseline -0.004 -9"><span class='ocrx_word' id='word_1_407' title='bbox 2241 2541 2523 2591; x_wconf 90' lang='lat' dir='ltr'>obversus</span> <span class='ocrx_word' id='word_1_408' title='bbox 2548 2536 2845 2600; x_wconf 89' lang='lat' dir='ltr'>incedens,</span> <span class='ocrx_word' id='word_1_409' title='bbox 2869 2534 2983 2589; x_wconf 88' lang='lat' dir='ltr'>levi</span> <span class='ocrx_word' id='word_1_410' title='bbox 3006 2535 3232 2600; x_wconf 87' lang='lat' dir='ltr'>palliolo</span> <span class='ocrx_word' id='word_1_411' title='bbox 3258 2534 3519 2599; x_wconf 88' lang='lat' dir='ltr'>rescripti</span> <span class='ocrx_word' id='word_1_412' title='bbox 3545 2535 3634 2586; x_wconf 91' lang='lat' dir='ltr'>tui</span> <span class='ocrx_word' id='word_1_413' title='bbox 3657 2538 3842 2586; x_wconf 90' lang='lat' dir='ltr'>conte-</span> 
     </span>
    </p>
   </div>
   <div class='ocr_carea' id='block_1_56' title="bbox 2241 2624 3841 2692">
    <p class='ocr_par' dir='ltr' id='par_1_56' title="bbox 2241 2624 3841 2692">
     <span class='ocr_line' id='line_1_56' title="bbox 2241 2624 3841 2692; baseline -0.004 -12"><span class='ocrx_word' id='word_1_414' title='bbox 2241 2630 2435 2680; x_wconf 83' lang='lat' dir='ltr'>xisses</span> <span class='ocrx_word' id='word_1_415' title='bbox 2459 2626 2829 2692; x_wconf 90' lang='lat' dir='ltr'>opprobrium</span> <span class='ocrx_word' id='word_1_416' title='bbox 2844 2629 3128 2689; x_wconf 90' lang='lat' dir='ltr'>nostrum,</span> <span class='ocrx_word' id='word_1_417' title='bbox 3155 2628 3213 2676; x_wconf 91' lang='lat' dir='ltr'>et</span> <span class='ocrx_word' id='word_1_418' title='bbox 3242 2624 3289 2675; x_wconf 90' lang='lat' dir='ltr'>si</span> <span class='ocrx_word' id='word_1_419' title='bbox 3315 2624 3569 2676; x_wconf 88' lang='lat' dir='ltr'>velasset</span> <span class='ocrx_word' id='word_1_420' title='bbox 3593 2624 3841 2688; x_wconf 83' lang='lat' dir='ltr'>Epistola</span> 
     </span>
    </p>
   </div>
   <div class='ocr_carea' id='block_1_57' title="bbox 2243 2714 3722 2783">
    <p class='ocr_par' dir='ltr' id='par_1_57' title="bbox 2243 2714 3722 2783">
     <span class='ocr_line' id='line_1_57' title="bbox 2243 2714 3722 2783; baseline -0.005 -12"><span class='ocrx_word' id='word_1_421' title='bbox 2243 2718 2555 2783; x_wconf 87' lang='lat' dir='ltr'>vigilantis,</span> <span class='ocrx_word' id='word_1_422' title='bbox 2587 2729 2749 2781; x_wconf 88' lang='lat' dir='ltr'>qaem</span> <span class='ocrx_word' id='word_1_423' title='bbox 2775 2716 2942 2768; x_wconf 87' lang='lat' dir='ltr'>stilus</span> <span class='ocrx_word' id='word_1_424' title='bbox 2971 2715 3292 2768; x_wconf 89' lang='lat' dir='ltr'>nudaverat</span> <span class='ocrx_word' id='word_1_425' title='bbox 3320 2714 3722 2766; x_wconf 80' lang='lat' dir='ltr'>dormitantis?</span> 
     </span>
    </p>
   </div>
   <div class='ocr_carea' id='block_1_58' title="bbox 2305 2803 3837 2869">
    <p class='ocr_par' dir='ltr' id='par_1_58' title="bbox 2305 2803 3837 2869">
     <span class='ocr_line' id='line_1_58' title="bbox 2305 2803 3837 2869; baseline -0.005 -8"><span class='ocrx_word' id='word_1_426' title='bbox 2305 2806 2391 2862; x_wconf 87' lang='lat'>38.</span> <span class='ocrx_word' id='word_1_427' title='bbox 2432 2807 2542 2859; x_wconf 90' lang='lat' dir='ltr'>Sed</span> <span class='ocrx_word' id='word_1_428' title='bbox 2575 2806 2729 2858; x_wconf 91' lang='lat' dir='ltr'>aliud</span> <span class='ocrx_word' id='word_1_429' title='bbox 2764 2805 3077 2857; x_wconf 88' lang='lat' dir='ltr'>rescribere</span> <span class='ocrx_word' id='word_1_430' title='bbox 3104 2817 3223 2856; x_wconf 90' lang='lat' dir='ltr'>non</span> <span class='ocrx_word' id='word_1_431' title='bbox 3238 2808 3495 2869; x_wconf 88' lang='lat' dir='ltr'>poteram</span> <span class='ocrx_word' id='word_1_432' title='bbox 3515 2803 3629 2868; x_wconf 90' lang='lat' dir='ltr'>his,</span> <span class='ocrx_word' id='word_1_433' title='bbox 3646 2804 3745 2867; x_wconf 90' lang='lat' dir='ltr'>qui</span> <span class='ocrx_word' id='word_1_434' title='bbox 3770 2803 3837 2854; x_wconf 89' lang='lat' dir='ltr'>ad</span> 
     </span>
    </p>
   </div>
   <div class='ocr_carea' id='block_1_59' title="bbox 2243 2893 3845 2961">
    <p class='ocr_par' dir='ltr' id='par_1_59' title="bbox 2243 2893 3845 2961">
     <span class='ocr_line' id='line_1_59' title="bbox 2243 2893 3845 2961; baseline -0.004 -12"><span class='ocrx_word' id='word_1_435' title='bbox 2243 2910 2335 2949; x_wconf 90' lang='lat' dir='ltr'>me</span> <span class='ocrx_word' id='word_1_436' title='bbox 2359 2897 2530 2949; x_wconf 89' lang='lat' dir='ltr'>talem</span> <span class='ocrx_word' id='word_1_437' title='bbox 2548 2896 2863 2961; x_wconf 89' lang='lat' dir='ltr'>Epistolam</span> <span class='ocrx_word' id='word_1_438' title='bbox 2886 2896 3186 2957; x_wconf 89' lang='lat' dir='ltr'>miserant,</span> <span class='ocrx_word' id='word_1_439' title='bbox 3211 2899 3277 2945; x_wconf 92' lang='lat' dir='ltr'>ut</span> <span class='ocrx_word' id='word_1_440' title='bbox 3299 2894 3411 2945; x_wconf 88' lang='lat' dir='ltr'>nisi</span> <span class='ocrx_word' id='word_1_441' title='bbox 3435 2894 3514 2945; x_wconf 88' lang='lat' dir='ltr'>ita</span> <span class='ocrx_word' id='word_1_442' title='bbox 3526 2893 3845 2957; x_wconf 89' lang='lat' dir='ltr'>rescripsis-</span> 
     </span>
    </p>
   </div>
   <div class='ocr_carea' id='block_1_60' title="bbox 2245 2983 3844 3051">
    <p class='ocr_par' dir='ltr' id='par_1_60' title="bbox 2245 2983 3844 3051">
     <span class='ocr_line' id='line_1_60' title="bbox 2245 2983 3844 3051; baseline -0.003 -12"><span class='ocrx_word' id='word_1_443' title='bbox 2245 3000 2389 3051; x_wconf 91' lang='lat' dir='ltr'>sem,</span> <span class='ocrx_word' id='word_1_444' title='bbox 2404 2990 2507 3039; x_wconf 91' lang='lat' dir='ltr'>aut</span> <span class='ocrx_word' id='word_1_445' title='bbox 2523 2987 2999 3049; x_wconf 87' lang='lat' dir='ltr'>reinterpretatus</span> <span class='ocrx_word' id='word_1_446' title='bbox 3014 2985 3073 3048; x_wconf 85' lang='grc' dir='ltr'>[Α</span> <span class='ocrx_word' id='word_1_447' title='bbox 3085 2983 3551 3048; x_wconf 74' lang='lat' dir='ltr'>Linterpretatus]</span> <span class='ocrx_word' id='word_1_448' title='bbox 3570 2995 3764 3035; x_wconf 88' lang='lat' dir='ltr'>essem</span> <span class='ocrx_word' id='word_1_449' title='bbox 3779 2995 3844 3034; x_wconf 89' lang='lat' dir='ltr'>ea</span> 
     </span>
    </p>
   </div>
   <div class='ocr_carea' id='block_1_61' title="bbox 2235 3073 3839 3140">
    <p class='ocr_par' dir='ltr' id='par_1_61' title="bbox 2235 3073 3839 3140">
     <span class='ocr_line' id='line_1_61' title="bbox 2235 3073 3839 3140; baseline -0.002 -11"><span class='ocrx_word' id='word_1_450' title='bbox 2235 3078 2308 3129; x_wconf 90' lang='lat' dir='ltr'>ad</span> <span class='ocrx_word' id='word_1_451' title='bbox 2325 3078 2584 3140; x_wconf 90' lang='lat' dir='ltr'>verbum,</span> <span class='ocrx_word' id='word_1_452' title='bbox 2598 3087 2731 3139; x_wconf 86' lang='lat' dir='ltr'>qua</span> <span class='ocrx_word' id='word_1_453' title='bbox 2747 3077 2809 3126; x_wconf 91' lang='lat' dir='ltr'>tu</span> <span class='ocrx_word' id='word_1_454' title='bbox 2825 3087 2887 3126; x_wconf 87' lang='lat' dir='ltr'>es</span> <span class='ocrx_word' id='word_1_455' title='bbox 2908 3075 3318 3138; x_wconf 86' lang='lat' dir='ltr'>interpretatus</span> <span class='ocrx_word' id='word_1_456' title='bbox 3329 3073 3402 3125; x_wconf 91' lang='lat' dir='ltr'>ad</span> <span class='ocrx_word' id='word_1_457' title='bbox 3418 3086 3655 3126; x_wconf 88' lang='lat' dir='ltr'>sensum</span> <span class='ocrx_word' id='word_1_458' title='bbox 3672 3074 3839 3126; x_wconf 88' lang='lat' dir='ltr'>etiam</span> 
     </span>
    </p>
   </div>
   <div class='ocr_carea' id='block_1_62' title="bbox 525 3158 3841 3252">
    <p class='ocr_par' dir='ltr' id='par_1_62' title="bbox 525 3158 3841 3252">
     <span class='ocr_line' id='line_1_62' title="bbox 525 3158 3841 3252; baseline 0.002 -42"><span class='ocrx_word' id='word_1_459' title='bbox 525 3158 818 3221; x_wconf 88' lang='lat' dir='ltr'>habuisse,</span> <span class='ocrx_word' id='word_1_460' title='bbox 844 3166 1066 3214; x_wconf 89' lang='lat' dir='ltr'>certum</span> <span class='ocrx_word' id='word_1_461' title='bbox 1090 3168 1180 3215; x_wconf 89' lang='lat' dir='ltr'>est</span> <span class='ocrx_word' id='word_1_462' title='bbox 1204 3178 1217 3215; x_wconf 87' lang='lat'><strong>:</strong></span> <span class='ocrx_word' id='word_1_463' title='bbox 1244 3164 1357 3216; x_wconf 91' lang='lat' dir='ltr'>nisi</span> <span class='ocrx_word' id='word_1_464' title='bbox 1379 3164 1559 3217; x_wconf 91' lang='lat' dir='ltr'>istum</span> <span class='ocrx_word' id='word_1_465' title='bbox 1578 3167 1786 3228; x_wconf 90' lang='lat' dir='ltr'>solum,</span> <span class='ocrx_word' id='word_1_466' title='bbox 1823 3180 1995 3231; x_wconf 90' lang='lat' dir='ltr'>quem</span> <span class='ocrx_word' id='word_1_467' title='bbox 2025 3168 2141 3221; x_wconf 89' lang='lat' dir='ltr'>fre-</span> <span class='ocrx_word' id='word_1_468' title='bbox 2167 3178 2216 3252; x_wconf 76' lang='lat' dir='ltr'><strong>C</strong></span> <span class='ocrx_word' id='word_1_469' title='bbox 2244 3182 2349 3233; x_wconf 89' lang='lat' dir='ltr'>ego</span> <span class='ocrx_word' id='word_1_470' title='bbox 2372 3167 2674 3231; x_wconf 86' lang='lat' dir='ltr'>Origenem</span> <span class='ocrx_word' id='word_1_471' title='bbox 2699 3165 2861 3229; x_wconf 88' lang='lat' dir='ltr'>sequi</span> <span class='ocrx_word' id='word_1_472' title='bbox 2883 3165 3124 3218; x_wconf 89' lang='lat' dir='ltr'>viderer.</span> <span class='ocrx_word' id='word_1_473' title='bbox 3150 3164 3418 3218; x_wconf 88' lang='lat' dir='ltr'>Nondum</span> <span class='ocrx_word' id='word_1_474' title='bbox 3452 3164 3580 3217; x_wconf 92' lang='lat' dir='ltr'>dico</span> <span class='ocrx_word' id='word_1_475' title='bbox 3611 3176 3746 3229; x_wconf 86' lang='lat' dir='ltr'>qua</span> <span class='ocrx_word' id='word_1_476' title='bbox 3770 3165 3841 3217; x_wconf 87' lang='lat' dir='ltr'>sit</span> 
     </span>
    </p>
   </div>
   <div class='ocr_carea' id='block_1_63' title="bbox 521 3251 2143 3318">
    <p class='ocr_par' dir='ltr' id='par_1_63' title="bbox 521 3251 2143 3318">
     <span class='ocr_line' id='line_1_63' title="bbox 521 3251 2143 3318; baseline 0.007 -21"><span class='ocrx_word' id='word_1_477' title='bbox 521 3251 764 3310; x_wconf 81' lang='lat' dir='ltr'>quenter</span> <span class='ocrx_word' id='word_1_478' title='bbox 796 3260 1224 3302; x_wconf 88' lang='lat' dir='ltr'>commemoras</span> <span class='ocrx_word' id='word_1_479' title='bbox 1260 3251 1368 3315; x_wconf 77' lang='grc' dir='ltr'>[Αι.</span> <span class='ocrx_word' id='word_1_480' title='bbox 1394 3254 1925 3318; x_wconf 89' lang='lat' dir='ltr'>commemorabas],</span> <span class='ocrx_word' id='word_1_481' title='bbox 1952 3256 2143 3311; x_wconf 87' lang='lat' dir='ltr'>Barra.</span> 
     </span>
    </p>
   </div>
   <div class='ocr_carea' id='block_1_64' title="bbox 523 3336 2149 3406">
    <p class='ocr_par' dir='ltr' id='par_1_64' title="bbox 523 3336 2149 3406">
     <span class='ocr_line' id='line_1_64' title="bbox 523 3336 2149 3406; baseline 0.006 -19"><span class='ocrx_word' id='word_1_482' title='bbox 523 3336 675 3388; x_wconf 88' lang='lat' dir='ltr'>bam.</span> <span class='ocrx_word' id='word_1_483' title='bbox 703 3336 843 3397; x_wconf 91' lang='lat' dir='ltr'>Quis</span> <span class='ocrx_word' id='word_1_484' title='bbox 873 3338 1029 3389; x_wconf 89' lang='lat' dir='ltr'>enim</span> <span class='ocrx_word' id='word_1_485' title='bbox 1068 3338 1218 3391; x_wconf 89' lang='lat' dir='ltr'>alius</span> <span class='ocrx_word' id='word_1_486' title='bbox 1247 3340 1496 3393; x_wconf 88' lang='lat' dir='ltr'>auderet</span> <span class='ocrx_word' id='word_1_487' title='bbox 1524 3343 1598 3393; x_wconf 90' lang='lat' dir='ltr'>ab</span> <span class='ocrx_word' id='word_1_488' title='bbox 1622 3344 1916 3406; x_wconf 85' lang='lat' dir='ltr'>Apostolis</span> <span class='ocrx_word' id='word_1_489' title='bbox 1942 3345 2149 3399; x_wconf 89' lang='lat' dir='ltr'>tradita</span> 
     </span>
    </p>
   </div>
   <div class='ocr_carea' id='block_1_65' title="bbox 523 3425 2143 3499">
    <p class='ocr_par' dir='ltr' id='par_1_65' title="bbox 523 3425 2143 3499">
     <span class='ocr_line' id='line_1_65' title="bbox 523 3425 2143 3499; baseline 0.007 -23"><span class='ocrx_word' id='word_1_490' title='bbox 523 3425 794 3479; x_wconf 84' lang='lat' dir='ltr'>Ecclesia</span> <span class='ocrx_word' id='word_1_491' title='bbox 815 3428 1206 3482; x_wconf 86' lang='lat' dir='ltr'>instrumenta.</span> <span class='ocrx_word' id='word_1_492' title='bbox 1223 3434 1525 3496; x_wconf 88' lang='lat' dir='ltr'>temerare,</span> <span class='ocrx_word' id='word_1_493' title='bbox 1549 3432 1664 3484; x_wconf 88' lang='lat' dir='ltr'>nisi</span> <span class='ocrx_word' id='word_1_494' title='bbox 1680 3433 1961 3486; x_wconf 87' lang='lat' dir='ltr'>Judaicus</span> <span class='ocrx_word' id='word_1_495' title='bbox 1984 3436 2143 3499; x_wconf 84' lang='lat' dir='ltr'>spiri-</span> 
     </span>
    </p>
   </div>
   <div class='ocr_carea' id='block_1_66' title="bbox 528 3514 2139 3589">
    <p class='ocr_par' dir='ltr' id='par_1_66' title="bbox 528 3514 2139 3589">
     <span class='ocr_line' id='line_1_66' title="bbox 528 3514 2139 3589; baseline 0.009 -23"><span class='ocrx_word' id='word_1_496' title='bbox 528 3518 657 3567; x_wconf 83' lang='lat' dir='ltr'>tus?</span> <span class='ocrx_word' id='word_1_497' title='bbox 679 3514 765 3567; x_wconf 90' lang='lat' dir='ltr'>Illi</span> <span class='ocrx_word' id='word_1_498' title='bbox 790 3522 867 3582; x_wconf 88' lang='lat' dir='ltr'>te,</span> <span class='ocrx_word' id='word_1_499' title='bbox 892 3530 926 3569; x_wconf 97' lang='lat' dir='ltr'>o</span> <span class='ocrx_word' id='word_1_500' title='bbox 949 3519 1031 3569; x_wconf 92' lang='lat' dir='ltr'>mi</span> <span class='ocrx_word' id='word_1_501' title='bbox 1054 3519 1242 3581; x_wconf 87' lang='lat' dir='ltr'>frater,</span> <span class='ocrx_word' id='word_1_502' title='bbox 1286 3524 1595 3584; x_wconf 87' lang='lat' dir='ltr'>antequam</span> <span class='ocrx_word' id='word_1_503' title='bbox 1624 3522 1897 3583; x_wconf 87' lang='lat' dir='ltr'>a_Judais</span> <span class='ocrx_word' id='word_1_504' title='bbox 1918 3536 2139 3589; x_wconf 88' lang='lat' dir='ltr'>capere.</span> 
     </span>
    </p>
   </div>
   <div class='ocr_carea' id='block_1_67' title="bbox 528 3603 2141 3676">
    <p class='ocr_par' dir='ltr' id='par_1_67' title="bbox 528 3603 2141 3676">
     <span class='ocr_line' id='line_1_67' title="bbox 528 3603 2141 3676; baseline 0.008 -21"><span class='ocrx_word' id='word_1_505' title='bbox 528 3603 625 3665; x_wconf 90' lang='lat' dir='ltr'>ris,</span> <span class='ocrx_word' id='word_1_506' title='bbox 651 3605 964 3667; x_wconf 87' lang='lat' dir='ltr'>carissime,</span> <span class='ocrx_word' id='word_1_507' title='bbox 989 3606 1072 3658; x_wconf 81' lang='lat' dir='ltr'>illi</span> <span class='ocrx_word' id='word_1_508' title='bbox 1094 3612 1151 3661; x_wconf 88' lang='lat' dir='ltr'>te</span> <span class='ocrx_word' id='word_1_509' title='bbox 1174 3608 1235 3660; x_wconf 91' lang='lat' dir='ltr'>in</span> <span class='ocrx_word' id='word_1_510' title='bbox 1257 3607 1385 3662; x_wconf 85' lang='lat' dir='ltr'>hac</span> <span class='ocrx_word' id='word_1_511' title='bbox 1410 3610 1563 3662; x_wconf 90' lang='lat' dir='ltr'>mala</span> <span class='ocrx_word' id='word_1_512' title='bbox 1586 3611 1963 3676; x_wconf 76' lang='lat' dir='ltr'>praecipitant.</span> <span class='ocrx_word' id='word_1_513' title='bbox 1984 3614 2071 3667; x_wconf 91' lang='lat' dir='ltr'>Illi</span> <span class='ocrx_word' id='word_1_514' title='bbox 2087 3618 2141 3668; x_wconf 92' lang='lat' dir='ltr'>te</span> 
     </span>
    </p>
   </div>
   <div class='ocr_carea' id='block_1_68' title="bbox 524 3690 2141 3766">
    <p class='ocr_par' dir='ltr' id='par_1_68' title="bbox 524 3690 2141 3766">
     <span class='ocr_line' id='line_1_68' title="bbox 524 3690 2141 3766; baseline 0.008 -22"><span class='ocrx_word' id='word_1_515' title='bbox 524 3690 734 3745; x_wconf 87' lang='lat' dir='ltr'>libellis</span> <span class='ocrx_word' id='word_1_516' title='bbox 750 3694 941 3761; x_wconf 88' lang='lat' dir='ltr'>editis,</span> <span class='ocrx_word' id='word_1_517' title='bbox 966 3700 1137 3749; x_wconf 87' lang='lat' dir='ltr'>notas</span> <span class='ocrx_word' id='word_1_518' title='bbox 1161 3698 1420 3763; x_wconf 85' lang='lat' dir='ltr'>infligere</span> <span class='ocrx_word' id='word_1_519' title='bbox 1448 3700 1813 3766; x_wconf 88' lang='lat' dir='ltr'>Christianis,</span> <span class='ocrx_word' id='word_1_520' title='bbox 1834 3702 1914 3754; x_wconf 91' lang='lat' dir='ltr'>illi</span> <span class='ocrx_word' id='word_1_521' title='bbox 1946 3706 2001 3757; x_wconf 91' lang='lat' dir='ltr'>te</span> <span class='ocrx_word' id='word_1_522' title='bbox 2033 3718 2141 3757; x_wconf 92' lang='lat' dir='ltr'>nec</span> 
     </span>
    </p>
   </div>
   <div class='ocr_carea' id='block_1_69' title="bbox 524 3784 2138 3853">
    <p class='ocr_par' dir='ltr' id='par_1_69' title="bbox 524 3784 2138 3853">
     <span class='ocr_line' id='line_1_69' title="bbox 524 3784 2138 3853; baseline 0.007 -19"><span class='ocrx_word' id='word_1_523' title='bbox 524 3784 869 3849; x_wconf 84' lang='lat' dir='ltr'>Martyribus</span> <span class='ocrx_word' id='word_1_524' title='bbox 893 3799 1132 3851; x_wconf 89' lang='lat' dir='ltr'>parcere</span> <span class='ocrx_word' id='word_1_525' title='bbox 1147 3788 1384 3853; x_wconf 87' lang='lat' dir='ltr'>faciunt,</span> <span class='ocrx_word' id='word_1_526' title='bbox 1404 3794 1461 3843; x_wconf 90' lang='lat' dir='ltr'>et</span> <span class='ocrx_word' id='word_1_527' title='bbox 1483 3790 1553 3843; x_wconf 88' lang='lat' dir='ltr'>de</span> <span class='ocrx_word' id='word_1_528' title='bbox 1566 3792 2138 3845; x_wconf 86' lang='lat' dir='ltr'>omniChristianorum</span> 
     </span>
    </p>
   </div>
   <div class='ocr_carea' id='block_1_70' title="bbox 523 3873 2142 3948">
    <p class='ocr_par' dir='ltr' id='par_1_70' title="bbox 523 3873 2142 3948">
     <span class='ocr_line' id='line_1_70' title="bbox 523 3873 2142 3948; baseline 0.009 -24"><span class='ocrx_word' id='word_1_529' title='bbox 523 3873 720 3926; x_wconf 87' lang='lat' dir='ltr'>ordine</span> <span class='ocrx_word' id='word_1_530' title='bbox 741 3876 917 3929; x_wconf 85' lang='lat' dir='ltr'>fanda</span> <span class='ocrx_word' id='word_1_531' title='bbox 928 3881 1071 3942; x_wconf 89' lang='lat' dir='ltr'>atqu</span> <span class='ocrx_word' id='word_1_532' title='bbox 1101 3891 1132 3930; x_wconf 90' lang='lat' dir='ltr'>e</span> <span class='ocrx_word' id='word_1_533' title='bbox 1154 3880 1399 3931; x_wconf 89' lang='lat' dir='ltr'>nefanda</span> <span class='ocrx_word' id='word_1_534' title='bbox 1414 3882 1772 3935; x_wconf 89' lang='lat' dir='ltr'>conscribere</span> <span class='ocrx_word' id='word_1_535' title='bbox 1796 3885 1899 3948; x_wconf 80' lang='grc' dir='ltr'>[Αἰ.</span> <span class='ocrx_word' id='word_1_536' title='bbox 1927 3887 2142 3938; x_wconf 88' lang='lat' dir='ltr'>scribe-</span> 
     </span>
    </p>
   </div>
   <div class='ocr_carea' id='block_1_71' title="bbox 518 3962 2142 4040">
    <p class='ocr_par' dir='ltr' id='par_1_71' title="bbox 518 3962 2142 4040">
     <span class='ocr_line' id='line_1_71' title="bbox 518 3962 2142 4040; baseline 0.006 -25"><span class='ocrx_word' id='word_1_537' title='bbox 518 3962 621 4028; x_wconf 89' lang='lat' dir='ltr'>re],</span> <span class='ocrx_word' id='word_1_538' title='bbox 640 3966 871 4018; x_wconf 89' lang='lat' dir='ltr'>turbare</span> <span class='ocrx_word' id='word_1_539' title='bbox 882 3980 1087 4032; x_wconf 90' lang='lat' dir='ltr'>pacem</span> <span class='ocrx_word' id='word_1_540' title='bbox 1102 3975 1385 4035; x_wconf 88' lang='lat' dir='ltr'>nostram,</span> <span class='ocrx_word' id='word_1_541' title='bbox 1402 3972 1674 4026; x_wconf 88' lang='lat' dir='ltr'>scandala</span> <span class='ocrx_word' id='word_1_542' title='bbox 1686 3974 1956 4028; x_wconf 86' lang='lat' dir='ltr'>Ecclesia</span> <span class='ocrx_word' id='word_1_543' title='bbox 1972 3989 2142 4040; x_wconf 88' lang='lat' dir='ltr'>gene.</span> 
     </span>
    </p>
   </div>
   <div class='ocr_carea' id='block_1_72' title="bbox 519 4054 2135 4134">
    <p class='ocr_par' dir='ltr' id='par_1_72' title="bbox 519 4054 2135 4134">
     <span class='ocr_line' id='line_1_72' title="bbox 519 4054 2135 4134; baseline 0.01 -30"><span class='ocrx_word' id='word_1_544' title='bbox 519 4064 664 4106; x_wconf 86' lang='lat' dir='ltr'>rare.</span> <span class='ocrx_word' id='word_1_545' title='bbox 710 4054 798 4107; x_wconf 92' lang='lat' dir='ltr'>Illi</span> <span class='ocrx_word' id='word_1_546' title='bbox 822 4057 995 4110; x_wconf 88' lang='lat' dir='ltr'>etiam</span> <span class='ocrx_word' id='word_1_547' title='bbox 1027 4058 1350 4113; x_wconf 88' lang='lat' dir='ltr'>adversum</span> <span class='ocrx_word' id='word_1_548' title='bbox 1399 4062 1671 4128; x_wconf 86' lang='lat' dir='ltr'>teipsum,</span> <span class='ocrx_word' id='word_1_549' title='bbox 1707 4068 1764 4117; x_wconf 90' lang='lat' dir='ltr'>et</span> <span class='ocrx_word' id='word_1_550' title='bbox 1784 4066 1994 4130; x_wconf 90' lang='lat' dir='ltr'>scripta</span> <span class='ocrx_word' id='word_1_551' title='bbox 2018 4071 2135 4134; x_wconf 89' lang='lat' dir='ltr'>tua,</span> 
     </span>
    </p>
   </div>
   <div class='ocr_carea' id='block_1_73' title="bbox 525 4141 2138 4218">
    <p class='ocr_par' dir='ltr' id='par_1_73' title="bbox 525 4141 2138 4218">
     <span class='ocr_line' id='line_1_73' title="bbox 525 4141 2138 4218; baseline 0.007 -23"><span class='ocrx_word' id='word_1_552' title='bbox 525 4141 545 4176; x_wconf 70' lang='grc' dir='ltr'><strong><em>ε</em></strong></span> <span class='ocrx_word' id='word_1_553' title='bbox 577 4145 744 4207; x_wconf 89' lang='lat' dir='ltr'>quasi</span> <span class='ocrx_word' id='word_1_554' title='bbox 767 4158 901 4209; x_wconf 88' lang='lat' dir='ltr'>qua</span> <span class='ocrx_word' id='word_1_555' title='bbox 922 4148 1279 4203; x_wconf 88' lang='lat' dir='ltr'>Christianus</span> <span class='ocrx_word' id='word_1_556' title='bbox 1290 4151 1602 4215; x_wconf 89' lang='lat' dir='ltr'>aliquando</span> <span class='ocrx_word' id='word_1_557' title='bbox 1617 4154 1847 4207; x_wconf 90' lang='lat' dir='ltr'>locutus</span> <span class='ocrx_word' id='word_1_558' title='bbox 1865 4158 1936 4205; x_wconf 85' lang='lat' dir='ltr'>sis</span> <span class='ocrx_word' id='word_1_559' title='bbox 1951 4153 2138 4218; x_wconf 76' lang='lat' dir='ltr'>cogunt</span> 
     </span>
    </p>
   </div>
   <div class='ocr_carea' id='block_1_74' title="bbox 521 4231 2135 4306">
    <p class='ocr_par' dir='ltr' id='par_1_74' title="bbox 521 4231 2135 4306">
     <span class='ocr_line' id='line_1_74' title="bbox 521 4231 2135 4306; baseline 0.009 -22"><span class='ocrx_word' id='word_1_560' title='bbox 521 4231 665 4286; x_wconf 87' lang='lat' dir='ltr'>ferre</span> <span class='ocrx_word' id='word_1_561' title='bbox 690 4238 1052 4289; x_wconf 88' lang='lat' dir='ltr'>sententiam.</span> <span class='ocrx_word' id='word_1_562' title='bbox 1074 4240 1143 4291; x_wconf 88' lang='lat' dir='ltr'>Et</span> <span class='ocrx_word' id='word_1_563' title='bbox 1163 4240 1291 4293; x_wconf 90' lang='lat' dir='ltr'>ideo</span> <span class='ocrx_word' id='word_1_564' title='bbox 1308 4241 1409 4293; x_wconf 87' lang='lat' dir='ltr'>tibi</span> <span class='ocrx_word' id='word_1_565' title='bbox 1427 4254 1633 4295; x_wconf 90' lang='lat' dir='ltr'>omnes</span> <span class='ocrx_word' id='word_1_566' title='bbox 1651 4244 1975 4306; x_wconf 89' lang='lat' dir='ltr'>sordemus,</span> <span class='ocrx_word' id='word_1_567' title='bbox 1994 4247 2135 4299; x_wconf 91' lang='lat' dir='ltr'>dum</span> 
     </span>
    </p>
   </div>
   <div class='ocr_carea' id='block_1_75' title="bbox 521 4321 2131 4399">
    <p class='ocr_par' dir='ltr' id='par_1_75' title="bbox 521 4321 2131 4399">
     <span class='ocr_line' id='line_1_75' title="bbox 521 4321 2131 4399; baseline 0.009 -25"><span class='ocrx_word' id='word_1_568' title='bbox 521 4321 601 4374; x_wconf 88' lang='lat' dir='ltr'>illi</span> <span class='ocrx_word' id='word_1_569' title='bbox 622 4325 890 4388; x_wconf 90' lang='lat' dir='ltr'>pessimis</span> <span class='ocrx_word' id='word_1_570' title='bbox 904 4328 1027 4379; x_wconf 90' lang='lat' dir='ltr'>suis</span> <span class='ocrx_word' id='word_1_571' title='bbox 1044 4329 1263 4381; x_wconf 89' lang='lat' dir='ltr'>artibus</span> <span class='ocrx_word' id='word_1_572' title='bbox 1289 4339 1305 4367; x_wconf 80' lang='grc' dir='ltr'>ι</span> <span class='ocrx_word' id='word_1_573' title='bbox 1330 4331 1435 4383; x_wconf 89' lang='lat' dir='ltr'>tibi</span> <span class='ocrx_word' id='word_1_574' title='bbox 1462 4332 1711 4385; x_wconf 87' lang='lat' dir='ltr'>nimium</span> <span class='ocrx_word' id='word_1_575' title='bbox 1722 4334 1971 4399; x_wconf 89' lang='lat' dir='ltr'>placent.</span> <span class='ocrx_word' id='word_1_576' title='bbox 1985 4338 2131 4389; x_wconf 91' lang='lat' dir='ltr'>Nam</span> 
     </span>
    </p>
   </div>
   <div class='ocr_carea' id='block_1_76' title="bbox 521 4415 2130 4491">
    <p class='ocr_par' dir='ltr' id='par_1_76' title="bbox 521 4415 2130 4491">
     <span class='ocr_line' id='line_1_76' title="bbox 521 4415 2130 4491; baseline 0.008 -26"><span class='ocrx_word' id='word_1_577' title='bbox 521 4415 809 4477; x_wconf 90' lang='lat' dir='ltr'>quomodo</span> <span class='ocrx_word' id='word_1_578' title='bbox 822 4417 872 4468; x_wconf 91' lang='lat' dir='ltr'>si</span> <span class='ocrx_word' id='word_1_579' title='bbox 890 4422 950 4470; x_wconf 92' lang='lat' dir='ltr'>tu</span> <span class='ocrx_word' id='word_1_580' title='bbox 970 4418 1129 4471; x_wconf 88' lang='lat' dir='ltr'>Pauli</span> <span class='ocrx_word' id='word_1_581' title='bbox 1150 4419 1329 4473; x_wconf 90' lang='lat' dir='ltr'>literis</span> <span class='ocrx_word' id='word_1_582' title='bbox 1354 4423 1771 4491; x_wconf 88' lang='lat' dir='ltr'>acquiesceres,</span> <span class='ocrx_word' id='word_1_583' title='bbox 1794 4427 2006 4481; x_wconf 88' lang='lat' dir='ltr'>dicenti</span> <span class='ocrx_word' id='word_1_584' title='bbox 2031 4443 2043 4480; x_wconf 91' lang='lat'><strong>:</strong></span> <span class='ocrx_word' id='word_1_585' title='bbox 2071 4428 2130 4479; x_wconf 79' lang='lat' dir='ltr'>Si</span> 
     </span>
    </p>
   </div>
   <div class='ocr_carea' id='block_1_77' title="bbox 2148 4518 2203 4591">
    <p class='ocr_par' dir='ltr' id='par_1_77' title="bbox 2148 4518 2203 4591">
     <span class='ocr_line' id='line_1_77' title="bbox 2148 4518 2203 4591; baseline 0 0"><span class='ocrx_word' id='word_1_586' title='bbox 2148 4518 2203 4591; x_wconf 91' lang='lat' dir='ltr'><strong>D</strong></span> 
     </span>
    </p>
   </div>
   <div class='ocr_carea' id='block_1_78' title="bbox 585 4586 2125 4666">
    <p class='ocr_par' dir='ltr' id='par_1_78' title="bbox 585 4586 2125 4666">
     <span class='ocr_line' id='line_1_78' title="bbox 585 4586 2125 4666; baseline 0.01 -31"><span class='ocrx_word' id='word_1_587' title='bbox 585 4592 603 4612; x_wconf 89' lang='grc'><strong>·</strong></span> <span class='ocrx_word' id='word_1_588' title='bbox 630 4587 710 4637; x_wconf 91' lang='lat' dir='ltr'>Ea</span> <span class='ocrx_word' id='word_1_589' title='bbox 731 4586 999 4666; x_wconf 81' lang='lat' dir='ltr'>videlicet</span> <span class='ocrx_word' id='word_1_590' title='bbox 1010 4588 1928 4666; x_wconf 83' lang='lat' dir='ltr'>solemniincondemnationibus</span> <span class='ocrx_word' id='word_1_591' title='bbox 1942 4596 2125 4665; x_wconf 86' lang='lat' dir='ltr'>litera,</span> 
     </span>
    </p>
   </div>
   <div class='ocr_carea' id='block_1_79' title="bbox 523 4661 2125 4733">
    <p class='ocr_par' dir='ltr' id='par_1_79' title="bbox 523 4661 2125 4733">
     <span class='ocr_line' id='line_1_79' title="bbox 523 4661 2125 4733; baseline 0.014 -29"><span class='ocrx_word' id='word_1_592' title='bbox 523 4666 654 4733; x_wconf 80' lang='lat' dir='ltr'>qua</span> <span class='ocrx_word' id='word_1_593' title='bbox 684 4661 990 4733; x_wconf 83' lang='lat' dir='ltr'>primaest</span> <span class='ocrx_word' id='word_1_594' title='bbox 1019 4661 1080 4713; x_wconf 86' lang='lat' dir='ltr'>in</span> <span class='ocrx_word' id='word_1_595' title='bbox 1112 4664 1343 4716; x_wconf 88' lang='lat' dir='ltr'>nomine</span> <span class='ocrx_word' id='word_1_596' title='bbox 1375 4667 1599 4733; x_wconf 84' lang='grc' dir='ltr'>Θάνατος,</span> <span class='ocrx_word' id='word_1_597' title='bbox 1628 4684 1789 4730; x_wconf 86' lang='lat' dir='ltr'>mors,</span> <span class='ocrx_word' id='word_1_598' title='bbox 1812 4683 1918 4723; x_wconf 89' lang='lat' dir='ltr'>seu</span> <span class='ocrx_word' id='word_1_599' title='bbox 1949 4661 2125 4726; x_wconf 86' lang='lat' dir='ltr'>verbo</span> 
     </span>
    </p>
   </div>
   <div class='ocr_carea' id='block_1_80' title="bbox 522 4726 2125 4797">
    <p class='ocr_par' dir='ltr' id='par_1_80' title="bbox 522 4726 2125 4797">
     <span class='ocr_line' id='line_1_80' title="bbox 522 4726 2125 4797; baseline 0.014 -21"><span class='ocrx_word' id='word_1_600' title='bbox 522 4727 637 4777; x_wconf 76' lang='grc' dir='ltr'><strong>θάνε</strong></span> <span class='ocrx_word' id='word_1_601' title='bbox 659 4740 759 4791; x_wconf 90' lang='lat' dir='ltr'>pro</span> <span class='ocrx_word' id='word_1_602' title='bbox 793 4726 1033 4783; x_wconf 79' lang='grc' dir='ltr'>ἀπέθανεν</span> <span class='ocrx_word' id='word_1_603' title='bbox 1058 4744 1304 4787; x_wconf 82' lang='lat' dir='ltr'>mortuus</span> <span class='ocrx_word' id='word_1_604' title='bbox 1331 4743 1419 4790; x_wconf 83' lang='lat' dir='ltr'>est.</span> <span class='ocrx_word' id='word_1_605' title='bbox 1447 4741 1552 4792; x_wconf 84' lang='lat' dir='ltr'>Ms.</span> <span class='ocrx_word' id='word_1_606' title='bbox 1579 4726 1951 4795; x_wconf 78' lang='lat' dir='ltr'>Guarnerian.</span> <span class='ocrx_word' id='word_1_607' title='bbox 1971 4745 2125 4797; x_wconf 91' lang='lat' dir='ltr'>Lati-</span> 
     </span>
    </p>
   </div>
   <div class='ocr_carea' id='block_1_81' title="bbox 521 4797 1144 4857">
    <p class='ocr_par' dir='ltr' id='par_1_81' title="bbox 521 4797 1144 4857">
     <span class='ocr_line' id='line_1_81' title="bbox 521 4797 1144 4857; baseline 0.01 -9"><span class='ocrx_word' id='word_1_608' title='bbox 521 4799 615 4848; x_wconf 90' lang='lat' dir='ltr'>nis</span> <span class='ocrx_word' id='word_1_609' title='bbox 635 4797 816 4850; x_wconf 89' lang='lat' dir='ltr'>literis</span> <span class='ocrx_word' id='word_1_610' title='bbox 841 4806 943 4851; x_wconf 80' lang='lat' dir='ltr'>tcta</span> <span class='ocrx_word' id='word_1_611' title='bbox 966 4803 1144 4857; x_wconf 79' lang='lat' dir='ltr'>effert.</span> 
     </span>
    </p>
   </div>
   <div class='ocr_carea' id='block_1_82' title="bbox 585 4868 2125 4955">
    <p class='ocr_par' dir='ltr' id='par_1_82' title="bbox 585 4868 2125 4955">
     <span class='ocr_line' id='line_1_82' title="bbox 585 4868 2125 4955; baseline 0.016 -36"><span class='ocrx_word' id='word_1_612' title='bbox 585 4868 607 4897; x_wconf 77' lang='grc' dir='ltr'>ι’</span> <span class='ocrx_word' id='word_1_613' title='bbox 632 4870 809 4955; x_wconf 76' lang='lat' dir='ltr'>Addit</span> <span class='ocrx_word' id='word_1_614' title='bbox 829 4885 939 4955; x_wconf 79' lang='lat' dir='ltr'>ms.</span> <span class='ocrx_word' id='word_1_615' title='bbox 966 4875 1334 4932; x_wconf 87' lang='lat' dir='ltr'>Guarnerian.</span> <span class='ocrx_word' id='word_1_616' title='bbox 1360 4894 1494 4943; x_wconf 74' lang='lat' dir='ltr'>suae;</span> <span class='ocrx_word' id='word_1_617' title='bbox 1518 4886 1688 4949; x_wconf 88' lang='lat' dir='ltr'>paulo</span> <span class='ocrx_word' id='word_1_618' title='bbox 1702 4889 2007 4951; x_wconf 81' lang='lat' dir='ltr'>postctiam</span> <span class='ocrx_word' id='word_1_619' title='bbox 2023 4900 2125 4955; x_wconf 92' lang='lat' dir='ltr'>pro</span> 
     </span>
    </p>
   </div>
   <div class='ocr_carea' id='block_1_83' title="bbox 514 4942 942 5009">
    <p class='ocr_par' dir='ltr' id='par_1_83' title="bbox 514 4942 942 5009">
     <span class='ocr_line' id='line_1_83' title="bbox 514 4942 942 5009; baseline 0.012 -19"><span class='ocrx_word' id='word_1_620' title='bbox 514 4942 763 5005; x_wconf 79' lang='lat' dir='ltr'>propr-iis</span> <span class='ocrx_word' id='word_1_621' title='bbox 785 4942 942 5009; x_wconf 84' lang='lat' dir='ltr'>legit.</span> 
     </span>
    </p>
   </div>
   <div class='ocr_carea' id='block_1_84' title="bbox 563 5014 2127 5098">
    <p class='ocr_par' dir='ltr' id='par_1_84' title="bbox 563 5014 2127 5098">
     <span class='ocr_line' id='line_1_84' title="bbox 563 5014 2127 5098; baseline 0.012 -32"><span class='ocrx_word' id='word_1_622' title='bbox 626 5014 786 5098; x_wconf 78' lang='lat' dir='ltr'>Idem</span> <span class='ocrx_word' id='word_1_623' title='bbox 806 5030 941 5098; x_wconf 81' lang='lat' dir='ltr'>cum</span> <span class='ocrx_word' id='word_1_624' title='bbox 957 5022 1150 5098; x_wconf 82' lang='lat' dir='ltr'>vetere</span> <span class='ocrx_word' id='word_1_625' title='bbox 1160 5021 1436 5098; x_wconf 72' lang='lat' dir='ltr'>editione,</span> <span class='ocrx_word' id='word_1_626' title='bbox 1462 5042 1632 5093; x_wconf 83' lang='lat' dir='ltr'>neque</span> <span class='ocrx_word' id='word_1_627' title='bbox 1644 5031 1839 5081; x_wconf 72' lang='lat' dir='ltr'>nostris</span> <span class='ocrx_word' id='word_1_628' title='bbox 1851 5034 2127 5098; x_wconf 72' lang='lat' dir='ltr'>exempta-</span> 
     </span>
    </p>
   </div>
   <div class='ocr_carea' id='block_1_85' title="bbox 518 5085 1496 5160">
    <p class='ocr_par' dir='ltr' id='par_1_85' title="bbox 518 5085 1496 5160">
     <span class='ocr_line' id='line_1_85' title="bbox 518 5085 1496 5160; baseline 0.015 -27"><span class='ocrx_word' id='word_1_629' title='bbox 518 5085 687 5160; x_wconf 72' lang='lat' dir='ltr'>ribus,</span> <span class='ocrx_word' id='word_1_630' title='bbox 713 5092 837 5141; x_wconf 83' lang='lat' dir='ltr'>tum</span> <span class='ocrx_word' id='word_1_631' title='bbox 859 5090 1031 5155; x_wconf 70' lang='lat' dir='ltr'>plana</span> <span class='ocrx_word' id='word_1_632' title='bbox 1054 5093 1131 5143; x_wconf 78' lang='lat' dir='ltr'>vel</span> <span class='ocrx_word' id='word_1_633' title='bbox 1154 5094 1356 5160; x_wconf 77' lang='lat' dir='ltr'>lucida,</span> <span class='ocrx_word' id='word_1_634' title='bbox 1392 5085 1496 5150; x_wconf 87' lang='lat' dir='ltr'>etc.</span> 
     </span>
    </p>
   </div>
   <div class='ocr_carea' id='block_1_86' title="bbox 579 5159 2123 5232">
    <p class='ocr_par' dir='ltr' id='par_1_86' title="bbox 579 5159 2123 5232">
     <span class='ocr_line' id='line_1_86' title="bbox 579 5159 2123 5232; baseline 0.013 -22"><span class='ocrx_word' id='word_1_635' title='bbox 579 5159 602 5189; x_wconf 69' lang='grc' dir='ltr'>ιι</span> <span class='ocrx_word' id='word_1_636' title='bbox 627 5162 798 5215; x_wconf 89' lang='lat' dir='ltr'>Tacet</span> <span class='ocrx_word' id='word_1_637' title='bbox 820 5175 932 5214; x_wconf 91' lang='lat' dir='ltr'>ms.</span> <span class='ocrx_word' id='word_1_638' title='bbox 957 5165 1194 5217; x_wconf 90' lang='lat' dir='ltr'>voculas</span> <span class='ocrx_word' id='word_1_639' title='bbox 1218 5168 1277 5216; x_wconf 86' lang='lat' dir='ltr'>in</span> <span class='ocrx_word' id='word_1_640' title='bbox 1297 5159 1408 5221; x_wconf 79' lang='lat' dir='ltr'>hcc.</span> <span class='ocrx_word' id='word_1_641' title='bbox 1427 5172 1591 5232; x_wconf 87' lang='lat' dir='ltr'>Quod</span> <span class='ocrx_word' id='word_1_642' title='bbox 1606 5174 1684 5226; x_wconf 92' lang='lat' dir='ltr'>ait</span> <span class='ocrx_word' id='word_1_643' title='bbox 1707 5175 1963 5228; x_wconf 86' lang='lat' dir='ltr'>Rullnus</span> <span class='ocrx_word' id='word_1_644' title='bbox 1978 5177 2123 5229; x_wconf 85' lang='lat' dir='ltr'>nihil</span> 
     </span>
    </p>
   </div>
   <div class='ocr_carea' id='block_1_87' title="bbox 516 5232 2123 5312">
    <p class='ocr_par' dir='ltr' id='par_1_87' title="bbox 516 5232 2123 5312">
     <span class='ocr_line' id='line_1_87' title="bbox 516 5232 2123 5312; baseline 0.012 -28"><span class='ocrx_word' id='word_1_645' title='bbox 516 5232 624 5285; x_wconf 88' lang='lat' dir='ltr'>tale</span> <span class='ocrx_word' id='word_1_646' title='bbox 644 5236 750 5286; x_wconf 92' lang='lat' dir='ltr'>abs</span> <span class='ocrx_word' id='word_1_647' title='bbox 776 5237 1124 5302; x_wconf 86' lang='lat' dir='ltr'>Hieronymo</span> <span class='ocrx_word' id='word_1_648' title='bbox 1141 5240 1516 5307; x_wconf 88' lang='lat' dir='ltr'>elaboratum,</span> <span class='ocrx_word' id='word_1_649' title='bbox 1536 5258 1655 5297; x_wconf 93' lang='lat' dir='ltr'>non</span> <span class='ocrx_word' id='word_1_650' title='bbox 1668 5261 1854 5312; x_wconf 90' lang='lat' dir='ltr'>usque</span> <span class='ocrx_word' id='word_1_651' title='bbox 1869 5251 2013 5303; x_wconf 89' lang='lat' dir='ltr'>adeo</span> <span class='ocrx_word' id='word_1_652' title='bbox 2032 5265 2123 5303; x_wconf 47' lang='lat' dir='ltr'>ve.</span> 
     </span>
    </p>
   </div>
   <div class='ocr_carea' id='block_1_88' title="bbox 512 5313 2121 5385">
    <p class='ocr_par' dir='ltr' id='par_1_88' title="bbox 512 5313 2121 5385">
     <span class='ocr_line' id='line_1_88' title="bbox 512 5313 2121 5385; baseline 0.012 -28"><span class='ocrx_word' id='word_1_653' title='bbox 512 5319 645 5385; x_wconf 71' lang='lat' dir='ltr'>rum</span> <span class='ocrx_word' id='word_1_654' title='bbox 670 5313 777 5367; x_wconf 86' lang='lat' dir='ltr'>est,</span> <span class='ocrx_word' id='word_1_655' title='bbox 791 5322 928 5385; x_wconf 91' lang='lat' dir='ltr'>nam</span> <span class='ocrx_word' id='word_1_656' title='bbox 945 5313 1280 5365; x_wconf 89' lang='lat' dir='ltr'>Psalterium</span> <span class='ocrx_word' id='word_1_657' title='bbox 1294 5329 1427 5367; x_wconf 91' lang='lat' dir='ltr'>cum</span> <span class='ocrx_word' id='word_1_658' title='bbox 1443 5320 1622 5370; x_wconf 90' lang='lat' dir='ltr'>obelis</span> <span class='ocrx_word' id='word_1_659' title='bbox 1636 5326 1809 5385; x_wconf 89' lang='lat' dir='ltr'>atque</span> <span class='ocrx_word' id='word_1_660' title='bbox 1828 5326 2121 5377; x_wconf 88' lang='lat' dir='ltr'>asteriscis</span> 
     </span>
    </p>
   </div>
   <div class='ocr_carea' id='block_1_89' title="bbox 518 5381 2123 5463">
    <p class='ocr_par' dir='ltr' id='par_1_89' title="bbox 518 5381 2123 5463">
     <span class='ocr_line' id='line_1_89' title="bbox 518 5381 2123 5463; baseline 0.012 -31"><span class='ocrx_word' id='word_1_661' title='bbox 518 5381 647 5463; x_wconf 82' lang='lat' dir='ltr'>Jobi</span> <span class='ocrx_word' id='word_1_662' title='bbox 666 5395 893 5448; x_wconf 90' lang='lat' dir='ltr'>quoque</span> <span class='ocrx_word' id='word_1_663' title='bbox 911 5384 1257 5463; x_wconf 87' lang='lat' dir='ltr'>liber,atque</span> <span class='ocrx_word' id='word_1_664' title='bbox 1281 5389 1390 5441; x_wconf 88' lang='lat' dir='ltr'>alia</span> <span class='ocrx_word' id='word_1_665' title='bbox 1413 5392 1681 5454; x_wconf 85' lang='lat' dir='ltr'>quadam</span> <span class='ocrx_word' id='word_1_666' title='bbox 1704 5381 2123 5462; x_wconf 72' lang='lat' dir='ltr'>ejusmodiope-</span> 
     </span>
    </p>
   </div>
   <div class='ocr_carea' id='block_1_90' title="bbox 517 5462 2119 5531">
    <p class='ocr_par' dir='ltr' id='par_1_90' title="bbox 517 5462 2119 5531">
     <span class='ocr_line' id='line_1_90' title="bbox 517 5462 2119 5531; baseline 0.011 -25"><span class='ocrx_word' id='word_1_667' title='bbox 517 5462 597 5531; x_wconf 64' lang='lat' dir='ltr'>ris</span> <span class='ocrx_word' id='word_1_668' title='bbox 632 5464 964 5531; x_wconf 83' lang='lat' dir='ltr'>supersunt,</span> <span class='ocrx_word' id='word_1_669' title='bbox 1002 5462 1067 5512; x_wconf 87' lang='lat' dir='ltr'>nt</span> <span class='ocrx_word' id='word_1_670' title='bbox 1098 5462 1206 5513; x_wconf 88' lang='lat' dir='ltr'>alia</span> <span class='ocrx_word' id='word_1_671' title='bbox 1226 5464 1507 5530; x_wconf 88' lang='lat' dir='ltr'>omittam,</span> <span class='ocrx_word' id='word_1_672' title='bbox 1535 5479 1669 5531; x_wconf 85' lang='lat' dir='ltr'>qua</span> <span class='ocrx_word' id='word_1_673' title='bbox 1692 5467 2119 5523; x_wconf 85' lang='lat' dir='ltr'>interciderunt.</span> 
     </span>
    </p>
   </div>
   <div class='ocr_carea' id='block_1_91' title="bbox 520 5529 2123 5610">
    <p class='ocr_par' dir='ltr' id='par_1_91' title="bbox 520 5529 2123 5610">
     <span class='ocr_line' id='line_1_91' title="bbox 520 5529 2123 5610; baseline 0.012 -32"><span class='ocrx_word' id='word_1_674' title='bbox 520 5529 692 5610; x_wconf 60' lang='lat' dir='ltr'>Paul?</span> <span class='ocrx_word' id='word_1_675' title='bbox 720 5538 850 5610; x_wconf 79' lang='lat' dir='ltr'>post</span> <span class='ocrx_word' id='word_1_676' title='bbox 872 5546 983 5585; x_wconf 90' lang='lat' dir='ltr'>ms.</span> <span class='ocrx_word' id='word_1_677' title='bbox 1009 5538 1459 5610; x_wconf 82' lang='lat' dir='ltr'>conscqucntiam,</span> <span class='ocrx_word' id='word_1_678' title='bbox 1476 5529 1579 5605; x_wconf 69' lang='lat' dir='ltr'>pro</span> <span class='ocrx_word' id='word_1_679' title='bbox 1603 5557 1787 5609; x_wconf 85' lang='lat' dir='ltr'>conseq</span> <span class='ocrx_word' id='word_1_680' title='bbox 1798 5550 2023 5609; x_wconf 84' lang='lat' dir='ltr'>ucntem,</span> <span class='ocrx_word' id='word_1_681' title='bbox 2050 5545 2123 5597; x_wconf 92' lang='lat' dir='ltr'>le-</span> 
     </span>
    </p>
   </div>
   <div class='ocr_carea' id='block_1_92' title="bbox 522 5602 1745 5671">
    <p class='ocr_par' dir='ltr' id='par_1_92' title="bbox 522 5602 1745 5671">
     <span class='ocr_line' id='line_1_92' title="bbox 522 5602 1745 5671; baseline 0.011 -19"><span class='ocrx_word' id='word_1_682' title='bbox 522 5602 623 5663; x_wconf 87' lang='lat' dir='ltr'>git,</span> <span class='ocrx_word' id='word_1_683' title='bbox 646 5602 890 5658; x_wconf 90' lang='lat' dir='ltr'>fortasse</span> <span class='ocrx_word' id='word_1_684' title='bbox 923 5608 1155 5671; x_wconf 89' lang='lat' dir='ltr'>rectius,</span> <span class='ocrx_word' id='word_1_685' title='bbox 1181 5609 1291 5661; x_wconf 89' lang='lat' dir='ltr'>alio</span> <span class='ocrx_word' id='word_1_686' title='bbox 1320 5602 1517 5664; x_wconf 78' lang='lat' dir='ltr'>tamen</span> <span class='ocrx_word' id='word_1_687' title='bbox 1550 5626 1745 5668; x_wconf 88' lang='lat' dir='ltr'>sensu.</span> 
     </span>
    </p>
   </div>
   <div class='ocr_carea' id='block_1_93' title="bbox 588 5678 2122 5755">
    <p class='ocr_par' dir='ltr' id='par_1_93' title="bbox 588 5678 2122 5755">
     <span class='ocr_line' id='line_1_93' title="bbox 588 5678 2122 5755; baseline 0.01 -28"><span class='ocrx_word' id='word_1_688' title='bbox 588 5684 605 5703; x_wconf 75' lang='grc' dir='ltr'><strong>ε</strong></span> <span class='ocrx_word' id='word_1_689' title='bbox 629 5678 816 5755; x_wconf 81' lang='lat' dir='ltr'>Vetus</span> <span class='ocrx_word' id='word_1_690' title='bbox 834 5681 1025 5747; x_wconf 89' lang='lat' dir='ltr'>editio,</span> <span class='ocrx_word' id='word_1_691' title='bbox 1064 5684 1140 5734; x_wconf 88' lang='lat' dir='ltr'>Tu</span> <span class='ocrx_word' id='word_1_692' title='bbox 1178 5685 1348 5750; x_wconf 81' lang='lat' dir='ltr'>igitur</span> <span class='ocrx_word' id='word_1_693' title='bbox 1368 5686 1535 5749; x_wconf 79' lang='lat' dir='ltr'>faber.</span> <span class='ocrx_word' id='word_1_694' title='bbox 1564 5690 1635 5740; x_wconf 88' lang='lat' dir='ltr'>Et</span> <span class='ocrx_word' id='word_1_695' title='bbox 1663 5690 1737 5739; x_wconf 88' lang='lat' dir='ltr'>Tu</span> <span class='ocrx_word' id='word_1_696' title='bbox 1763 5689 1996 5753; x_wconf 89' lang='lat' dir='ltr'>quidem</span> <span class='ocrx_word' id='word_1_697' title='bbox 2021 5703 2122 5755; x_wconf 88' lang='lat' dir='ltr'>pro</span> 
     </span>
    </p>
   </div>
   <div class='ocr_carea' id='block_1_94' title="bbox 533 5744 2121 5830">
    <p class='ocr_par' dir='ltr' id='par_1_94' title="bbox 533 5744 2121 5830">
     <span class='ocr_line' id='line_1_94' title="bbox 533 5744 2121 5830; baseline 0.015 -37"><span class='ocrx_word' id='word_1_698' title='bbox 533 5744 706 5798; x_wconf 87' lang='lat' dir='ltr'>Tuum</span> <span class='ocrx_word' id='word_1_699' title='bbox 736 5752 920 5815; x_wconf 87' lang='lat' dir='ltr'>priore</span> <span class='ocrx_word' id='word_1_700' title='bbox 940 5744 1066 5809; x_wconf 86' lang='lat' dir='ltr'>loco</span> <span class='ocrx_word' id='word_1_701' title='bbox 1098 5744 1328 5823; x_wconf 65' lang='lat' dir='ltr'>prafert</span> <span class='ocrx_word' id='word_1_702' title='bbox 1349 5744 1405 5816; x_wconf 81' lang='lat' dir='ltr'>et</span> <span class='ocrx_word' id='word_1_703' title='bbox 1431 5775 1564 5828; x_wconf 89' lang='lat' dir='ltr'>ms.,</span> <span class='ocrx_word' id='word_1_704' title='bbox 1590 5765 1760 5830; x_wconf 90' lang='lat' dir='ltr'>cujus</span> <span class='ocrx_word' id='word_1_705' title='bbox 1780 5744 2121 5817; x_wconf 75' lang='lat' dir='ltr'>auctoritate</span> 
     </span>
    </p>
   </div>
   <div class='ocr_carea' id='block_1_95' title="bbox 2244 3255 3841 3322">
    <p class='ocr_par' dir='ltr' id='par_1_95' title="bbox 2244 3255 3841 3322">
     <span class='ocr_line' id='line_1_95' title="bbox 2244 3255 3841 3322; baseline -0.001 -13"><span class='ocrx_word' id='word_1_706' title='bbox 2244 3259 2339 3309; x_wconf 89' lang='lat' dir='ltr'>illa</span> <span class='ocrx_word' id='word_1_707' title='bbox 2352 3262 2454 3310; x_wconf 90' lang='lat' dir='ltr'>aut</span> <span class='ocrx_word' id='word_1_708' title='bbox 2484 3257 2667 3322; x_wconf 88' lang='lat' dir='ltr'>qualis</span> <span class='ocrx_word' id='word_1_709' title='bbox 2685 3255 2958 3317; x_wconf 86' lang='lat' dir='ltr'>Epistola:</span> <span class='ocrx_word' id='word_1_710' title='bbox 2985 3259 3179 3307; x_wconf 83' lang='lat' dir='ltr'>tamen</span> <span class='ocrx_word' id='word_1_711' title='bbox 3205 3255 3475 3320; x_wconf 89' lang='lat' dir='ltr'>quoniam</span> <span class='ocrx_word' id='word_1_712' title='bbox 3500 3255 3606 3307; x_wconf 90' lang='lat' dir='ltr'>viri</span> <span class='ocrx_word' id='word_1_713' title='bbox 3630 3255 3841 3308; x_wconf 91' lang='lat' dir='ltr'>nobilis</span> 
     </span>
    </p>
   </div>
   <div class='ocr_carea' id='block_1_96' title="bbox 2242 3343 3837 3410">
    <p class='ocr_par' dir='ltr' id='par_1_96' title="bbox 2242 3343 3837 3410">
     <span class='ocr_line' id='line_1_96' title="bbox 2242 3343 3837 3410; baseline 0 -11"><span class='ocrx_word' id='word_1_714' title='bbox 2242 3347 2592 3401; x_wconf 85' lang='lat' dir='ltr'>Pammachii</span> <span class='ocrx_word' id='word_1_715' title='bbox 2605 3347 2860 3398; x_wconf 91' lang='lat' dir='ltr'>continet</span> <span class='ocrx_word' id='word_1_716' title='bbox 2875 3357 3105 3409; x_wconf 91' lang='lat' dir='ltr'>nomen,</span> <span class='ocrx_word' id='word_1_717' title='bbox 3118 3343 3254 3409; x_wconf 89' lang='lat' dir='ltr'>quid</span> <span class='ocrx_word' id='word_1_718' title='bbox 3270 3344 3476 3397; x_wconf 89' lang='lat' dir='ltr'>fuisset</span> <span class='ocrx_word' id='word_1_719' title='bbox 3497 3345 3837 3410; x_wconf 88' lang='lat' dir='ltr'>absurdum,</span> 
     </span>
    </p>
   </div>
   <div class='ocr_carea' id='block_1_97' title="bbox 2243 3435 3836 3500">
    <p class='ocr_par' dir='ltr' id='par_1_97' title="bbox 2243 3435 3836 3500">
     <span class='ocr_line' id='line_1_97' title="bbox 2243 3435 3836 3500; baseline -0.001 -11"><span class='ocrx_word' id='word_1_720' title='bbox 2243 3439 2292 3489; x_wconf 88' lang='lat' dir='ltr'>si</span> <span class='ocrx_word' id='word_1_721' title='bbox 2316 3438 2367 3489; x_wconf 89' lang='lat' dir='ltr'>ei</span> <span class='ocrx_word' id='word_1_722' title='bbox 2390 3437 2503 3490; x_wconf 90' lang='lat' dir='ltr'>tale</span> <span class='ocrx_word' id='word_1_723' title='bbox 2523 3436 2739 3500; x_wconf 90' lang='lat' dir='ltr'>aliquid</span> <span class='ocrx_word' id='word_1_724' title='bbox 2767 3435 3166 3500; x_wconf 89' lang='lat' dir='ltr'>respondisses</span> <span class='ocrx_word' id='word_1_725' title='bbox 3182 3437 3208 3485; x_wconf 71' lang='lat'>‘2</span> <span class='ocrx_word' id='word_1_726' title='bbox 3234 3436 3448 3499; x_wconf 84' lang='lat' dir='ltr'>Frater,</span> <span class='ocrx_word' id='word_1_727' title='bbox 3483 3447 3602 3487; x_wconf 93' lang='lat' dir='ltr'>non</span> <span class='ocrx_word' id='word_1_728' title='bbox 3640 3435 3725 3486; x_wconf 90' lang='lat' dir='ltr'>esi</span> <span class='ocrx_word' id='word_1_729' title='bbox 3751 3440 3836 3488; x_wconf 88' lang='lat' dir='ltr'>te-</span> 
     </span>
    </p>
   </div>
   <div class='ocr_carea' id='block_1_98' title="bbox 2240 3524 3839 3599">
    <p class='ocr_par' dir='ltr' id='par_1_98' title="bbox 2240 3524 3839 3599">
     <span class='ocr_line' id='line_1_98' title="bbox 2240 3524 3839 3599; baseline -0.001 -21"><span class='ocrx_word' id='word_1_730' title='bbox 2240 3539 2395 3599; x_wconf 83' lang='lat' dir='ltr'>mere</span> <span class='ocrx_word' id='word_1_731' title='bbox 2420 3526 2489 3578; x_wconf 87' lang='lat' dir='ltr'>de</span> <span class='ocrx_word' id='word_1_732' title='bbox 2511 3525 2744 3578; x_wconf 88' lang='lat' dir='ltr'>alterius</span> <span class='ocrx_word' id='word_1_733' title='bbox 2766 3524 3346 3589; x_wconf 88' lang='lat' dir='ltr'>operejudlcandum.</span> <span class='ocrx_word' id='word_1_734' title='bbox 3380 3525 3524 3576; x_wconf 88' lang='lat' dir='ltr'>Nam</span> <span class='ocrx_word' id='word_1_735' title='bbox 3548 3527 3605 3576; x_wconf 88' lang='lat' dir='ltr'>et</span> <span class='ocrx_word' id='word_1_736' title='bbox 3629 3529 3697 3576; x_wconf 89' lang='lat' dir='ltr'>tu</span> <span class='ocrx_word' id='word_1_737' title='bbox 3717 3526 3839 3589; x_wconf 91' lang='lat' dir='ltr'>ipse</span> 
     </span>
    </p>
   </div>
   <div class='ocr_carea' id='block_1_99' title="bbox 2240 3613 3842 3680">
    <p class='ocr_par' dir='ltr' id='par_1_99' title="bbox 2240 3613 3842 3680">
     <span class='ocr_line' id='line_1_99' title="bbox 2240 3613 3842 3680; baseline -0.001 -12"><span class='ocrx_word' id='word_1_738' title='bbox 2240 3616 2395 3668; x_wconf 90' lang='lat' dir='ltr'>nosti</span> <span class='ocrx_word' id='word_1_739' title='bbox 2407 3616 2544 3680; x_wconf 91' lang='lat' dir='ltr'>quid</span> <span class='ocrx_word' id='word_1_740' title='bbox 2553 3615 2773 3679; x_wconf 86' lang='lat' dir='ltr'>feceris,</span> <span class='ocrx_word' id='word_1_741' title='bbox 2783 3614 3012 3680; x_wconf 90' lang='lat' dir='ltr'>quando</span> <span class='ocrx_word' id='word_1_742' title='bbox 3022 3614 3333 3667; x_wconf 88' lang='lat' dir='ltr'>adversum</span> <span class='ocrx_word' id='word_1_743' title='bbox 3344 3616 3371 3665; x_wconf 85' lang='lat' dir='ltr'><strong><em>J</em></strong></span> <span class='ocrx_word' id='word_1_744' title='bbox 3379 3613 3721 3667; x_wconf 88' lang='lat' dir='ltr'>ovlnianum</span> <span class='ocrx_word' id='word_1_745' title='bbox 3736 3615 3842 3666; x_wconf 87' lang='lat' dir='ltr'>Ro-</span> 
     </span>
    </p>
   </div>
   <div class='ocr_carea' id='block_1_100' title="bbox 2239 3703 3839 3769">
    <p class='ocr_par' dir='ltr' id='par_1_100' title="bbox 2239 3703 3839 3769">
     <span class='ocr_line' id='line_1_100' title="bbox 2239 3703 3839 3769; baseline -0.001 -12"><span class='ocrx_word' id='word_1_746' title='bbox 2239 3719 2397 3758; x_wconf 87' lang='lat' dir='ltr'>mam</span> <span class='ocrx_word' id='word_1_747' title='bbox 2434 3706 2567 3757; x_wconf 92' lang='lat' dir='ltr'>misi</span> <span class='ocrx_word' id='word_1_748' title='bbox 2599 3706 2821 3757; x_wconf 90' lang='lat' dir='ltr'>libellos</span> <span class='ocrx_word' id='word_1_749' title='bbox 2846 3719 2860 3757; x_wconf 88' lang='lat'><strong>:</strong></span> <span class='ocrx_word' id='word_1_750' title='bbox 2899 3717 3034 3757; x_wconf 92' lang='lat' dir='ltr'>cum</span> <span class='ocrx_word' id='word_1_751' title='bbox 3056 3716 3157 3757; x_wconf 91' lang='lat' dir='ltr'>eos</span> <span class='ocrx_word' id='word_1_752' title='bbox 3188 3704 3419 3768; x_wconf 89' lang='lat' dir='ltr'>quidam</span> <span class='ocrx_word' id='word_1_753' title='bbox 3449 3703 3551 3769; x_wconf 74' lang='lat' dir='ltr'>[AL</span> <span class='ocrx_word' id='word_1_754' title='bbox 3581 3704 3839 3769; x_wconf 89' lang='lat' dir='ltr'>quidem]</span> 
     </span>
    </p>
   </div>
   <div class='ocr_carea' id='block_1_101' title="bbox 2238 3794 3842 3861">
    <p class='ocr_par' dir='ltr' id='par_1_101' title="bbox 2238 3794 3842 3861">
     <span class='ocr_line' id='line_1_101' title="bbox 2238 3794 3842 3861; baseline -0.002 -12"><span class='ocrx_word' id='word_1_755' title='bbox 2238 3798 2401 3849; x_wconf 87' lang='lat' dir='ltr'>aliter</span> <span class='ocrx_word' id='word_1_756' title='bbox 2427 3796 2822 3861; x_wconf 87' lang='lat' dir='ltr'>intelligerent,</span> <span class='ocrx_word' id='word_1_757' title='bbox 2848 3807 3024 3859; x_wconf 90' lang='lat' dir='ltr'>quam</span> <span class='ocrx_word' id='word_1_758' title='bbox 3046 3807 3153 3860; x_wconf 84' lang='lat' dir='ltr'>ego</span> <span class='ocrx_word' id='word_1_759' title='bbox 3175 3807 3267 3846; x_wconf 91' lang='lat' dir='ltr'>me</span> <span class='ocrx_word' id='word_1_760' title='bbox 3286 3794 3538 3847; x_wconf 89' lang='lat' dir='ltr'>dictasse</span> <span class='ocrx_word' id='word_1_761' title='bbox 3552 3794 3842 3846; x_wconf 89' lang='lat' dir='ltr'>memine-</span> 
     </span>
    </p>
   </div>
   <div class='ocr_carea' id='block_1_102' title="bbox 2238 3884 3842 3950">
    <p class='ocr_par' dir='ltr' id='par_1_102' title="bbox 2238 3884 3842 3950">
     <span class='ocr_line' id='line_1_102' title="bbox 2238 3884 3842 3950; baseline -0.002 -11"><span class='ocrx_word' id='word_1_762' title='bbox 2238 3900 2379 3939; x_wconf 92' lang='lat' dir='ltr'>ram.</span> <span class='ocrx_word' id='word_1_763' title='bbox 2403 3888 2603 3938; x_wconf 88' lang='lat' dir='ltr'>Nonne</span> <span class='ocrx_word' id='word_1_764' title='bbox 2618 3898 2753 3938; x_wconf 92' lang='lat' dir='ltr'>cum</span> <span class='ocrx_word' id='word_1_765' title='bbox 2771 3887 2893 3950; x_wconf 89' lang='lat' dir='ltr'>jam</span> <span class='ocrx_word' id='word_1_766' title='bbox 2906 3898 2940 3937; x_wconf 90' lang='lat' dir='ltr'>a</span> <span class='ocrx_word' id='word_1_767' title='bbox 2950 3884 3232 3950; x_wconf 89' lang='lat' dir='ltr'>plurumis</span> <span class='ocrx_word' id='word_1_768' title='bbox 3247 3884 3650 3949; x_wconf 87' lang='lat' dir='ltr'>legerentur,et</span> <span class='ocrx_word' id='word_1_769' title='bbox 3663 3884 3842 3936; x_wconf 80' lang='lat' dir='ltr'>otfen-</span> 
     </span>
    </p>
   </div>
   <div class='ocr_carea' id='block_1_103' title="bbox 2238 3974 3837 4042">
    <p class='ocr_par' dir='ltr' id='par_1_103' title="bbox 2238 3974 3837 4042">
     <span class='ocr_line' id='line_1_103' title="bbox 2238 3974 3837 4042; baseline -0.001 -13"><span class='ocrx_word' id='word_1_770' title='bbox 2238 3978 2511 4029; x_wconf 90' lang='lat' dir='ltr'>derentur</span> <span class='ocrx_word' id='word_1_771' title='bbox 2552 3989 2697 4042; x_wconf 87' lang='lat' dir='ltr'>pene</span> <span class='ocrx_word' id='word_1_772' title='bbox 2729 3988 2948 4038; x_wconf 89' lang='lat' dir='ltr'>omnes,</span> <span class='ocrx_word' id='word_1_773' title='bbox 2980 3988 3113 4027; x_wconf 90' lang='lat' dir='ltr'>cum</span> <span class='ocrx_word' id='word_1_774' title='bbox 3136 3976 3346 4039; x_wconf 89' lang='lat' dir='ltr'>quibus</span> <span class='ocrx_word' id='word_1_775' title='bbox 3370 3974 3543 4027; x_wconf 90' lang='lat' dir='ltr'>etiam</span> <span class='ocrx_word' id='word_1_776' title='bbox 3566 3974 3586 4003; x_wconf 78' lang='grc' dir='ltr'>¹ι</span> <span class='ocrx_word' id='word_1_777' title='bbox 3615 3978 3679 4026; x_wconf 93' lang='lat' dir='ltr'>tu</span> <span class='ocrx_word' id='word_1_778' title='bbox 3711 3975 3837 4038; x_wconf 89' lang='lat' dir='ltr'>ipse</span> 
     </span>
    </p>
   </div>
   <div class='ocr_carea' id='block_1_104' title="bbox 2238 4064 3840 4132">
    <p class='ocr_par' dir='ltr' id='par_1_104' title="bbox 2238 4064 3840 4132">
     <span class='ocr_line' id='line_1_104' title="bbox 2238 4064 3840 4132; baseline -0.002 -13"><span class='ocrx_word' id='word_1_779' title='bbox 2238 4080 2367 4120; x_wconf 90' lang='lat' dir='ltr'>esse</span> <span class='ocrx_word' id='word_1_780' title='bbox 2390 4068 2700 4132; x_wconf 88' lang='lat' dir='ltr'>putabaris,</span> <span class='ocrx_word' id='word_1_781' title='bbox 2737 4065 3083 4131; x_wconf 80' lang='lat' dir='ltr'>exemplaria</span> <span class='ocrx_word' id='word_1_782' title='bbox 3100 4066 3222 4129; x_wconf 89' lang='lat' dir='ltr'>jam</span> <span class='ocrx_word' id='word_1_783' title='bbox 3243 4065 3313 4117; x_wconf 90' lang='lat' dir='ltr'>de</span> <span class='ocrx_word' id='word_1_784' title='bbox 3339 4064 3606 4128; x_wconf 88' lang='lat' dir='ltr'>foro,jam</span> <span class='ocrx_word' id='word_1_785' title='bbox 3634 4064 3707 4116; x_wconf 89' lang='lat' dir='ltr'>de</span> <span class='ocrx_word' id='word_1_786' title='bbox 3729 4077 3840 4128; x_wconf 87' lang='lat' dir='ltr'>pu-</span> 
     </span>
    </p>
   </div>
   <div class='ocr_carea' id='block_1_105' title="bbox 2236 4153 3837 4219">
    <p class='ocr_par' dir='ltr' id='par_1_105' title="bbox 2236 4153 3837 4219">
     <span class='ocr_line' id='line_1_105' title="bbox 2236 4153 3837 4219; baseline -0.002 -10"><span class='ocrx_word' id='word_1_787' title='bbox 2236 4157 2382 4210; x_wconf 92' lang='lat' dir='ltr'>blico</span> <span class='ocrx_word' id='word_1_788' title='bbox 2411 4156 2765 4219; x_wconf 82' lang='lat' dir='ltr'>subtraxisti,</span> <span class='ocrx_word' id='word_1_789' title='bbox 2790 4161 2849 4208; x_wconf 92' lang='lat' dir='ltr'>et</span> <span class='ocrx_word' id='word_1_790' title='bbox 2863 4156 2989 4208; x_wconf 84' lang='lat' dir='ltr'>hac</span> <span class='ocrx_word' id='word_1_791' title='bbox 3018 4167 3137 4207; x_wconf 91' lang='lat' dir='ltr'>non</span> <span class='ocrx_word' id='word_1_792' title='bbox 3151 4155 3223 4207; x_wconf 91' lang='lat' dir='ltr'>ad</span> <span class='ocrx_word' id='word_1_793' title='bbox 3239 4154 3492 4219; x_wconf 89' lang='lat' dir='ltr'>aliquem</span> <span class='ocrx_word' id='word_1_794' title='bbox 3511 4153 3712 4218; x_wconf 88' lang='lat' dir='ltr'>alium,</span> <span class='ocrx_word' id='word_1_795' title='bbox 3732 4153 3837 4205; x_wconf 84' lang='lat' dir='ltr'>sed</span> 
     </span>
    </p>
   </div>
   <div class='ocr_carea' id='block_1_106' title="bbox 2235 4242 3838 4310">
    <p class='ocr_par' dir='ltr' id='par_1_106' title="bbox 2235 4242 3838 4310">
     <span class='ocr_line' id='line_1_106' title="bbox 2235 4242 3838 4310; baseline -0.002 -11"><span class='ocrx_word' id='word_1_796' title='bbox 2235 4246 2309 4299; x_wconf 89' lang='lat' dir='ltr'>ad</span> <span class='ocrx_word' id='word_1_797' title='bbox 2332 4259 2425 4299; x_wconf 91' lang='lat' dir='ltr'>me</span> <span class='ocrx_word' id='word_1_798' title='bbox 2439 4246 2721 4310; x_wconf 88' lang='lat' dir='ltr'>remisisti,</span> <span class='ocrx_word' id='word_1_799' title='bbox 2743 4257 3012 4297; x_wconf 90' lang='lat' dir='ltr'>caussam</span> <span class='ocrx_word' id='word_1_800' title='bbox 3025 4244 3250 4309; x_wconf 89' lang='lat' dir='ltr'>pariter,</span> <span class='ocrx_word' id='word_1_801' title='bbox 3268 4245 3404 4309; x_wconf 89' lang='lat' dir='ltr'>quia</span> <span class='ocrx_word' id='word_1_802' title='bbox 3418 4242 3584 4296; x_wconf 90' lang='lat' dir='ltr'>multi</span> <span class='ocrx_word' id='word_1_803' title='bbox 3601 4243 3838 4295; x_wconf 89' lang='lat' dir='ltr'>scanda-</span> 
     </span>
    </p>
   </div>
   <div class='ocr_carea' id='block_1_107' title="bbox 2233 4334 3836 4401">
    <p class='ocr_par' dir='ltr' id='par_1_107' title="bbox 2233 4334 3836 4401">
     <span class='ocr_line' id='line_1_107' title="bbox 2233 4334 3836 4401; baseline -0.002 -12"><span class='ocrx_word' id='word_1_804' title='bbox 2233 4337 2350 4389; x_wconf 89' lang='lat' dir='ltr'>lum</span> <span class='ocrx_word' id='word_1_805' title='bbox 2372 4337 2488 4401; x_wconf 89' lang='lat' dir='ltr'>pati</span> <span class='ocrx_word' id='word_1_806' title='bbox 2511 4336 2872 4400; x_wconf 89' lang='lat' dir='ltr'>videbantur,</span> <span class='ocrx_word' id='word_1_807' title='bbox 2892 4336 3195 4387; x_wconf 87' lang='lat' dir='ltr'>insinuans</span> <span class='ocrx_word' id='word_1_808' title='bbox 3216 4349 3229 4386; x_wconf 89' lang='lat'><strong>:</strong></span> <span class='ocrx_word' id='word_1_809' title='bbox 3262 4334 3550 4399; x_wconf 91' lang='lat' dir='ltr'>quomodo</span> <span class='ocrx_word' id='word_1_810' title='bbox 3566 4346 3672 4398; x_wconf 89' lang='lat' dir='ltr'>ego</span> <span class='ocrx_word' id='word_1_811' title='bbox 3686 4334 3836 4398; x_wconf 84' lang='lat' dir='ltr'>Apo-</span> 
     </span>
    </p>
   </div>
   <div class='ocr_carea' id='block_1_108' title="bbox 2230 4423 3837 4493">
    <p class='ocr_par' dir='ltr' id='par_1_108' title="bbox 2230 4423 3837 4493">
     <span class='ocr_line' id='line_1_108' title="bbox 2230 4423 3837 4493; baseline -0.004 -13"><span class='ocrx_word' id='word_1_812' title='bbox 2230 4427 2540 4493; x_wconf 85' lang='lat' dir='ltr'>logeticum</span> <span class='ocrx_word' id='word_1_813' title='bbox 2571 4426 2762 4479; x_wconf 91' lang='lat' dir='ltr'>denuo</span> <span class='ocrx_word' id='word_1_814' title='bbox 2785 4425 3080 4490; x_wconf 88' lang='lat' dir='ltr'>descripsi,</span> <span class='ocrx_word' id='word_1_815' title='bbox 3108 4430 3166 4478; x_wconf 90' lang='lat' dir='ltr'>et</span> <span class='ocrx_word' id='word_1_816' title='bbox 3199 4436 3332 4489; x_wconf 85' lang='lat' dir='ltr'>qua</span> <span class='ocrx_word' id='word_1_817' title='bbox 3353 4424 3513 4478; x_wconf 90' lang='lat' dir='ltr'>aliter</span> <span class='ocrx_word' id='word_1_818' title='bbox 3544 4423 3837 4487; x_wconf 84' lang='lat' dir='ltr'>intellige-</span> 
     </span>
    </p>
   </div>
   <div class='ocr_carea' id='block_1_109' title="bbox 2230 4594 3835 4663">
    <p class='ocr_par' dir='ltr' id='par_1_109' title="bbox 2230 4594 3835 4663">
     <span class='ocr_line' id='line_1_109' title="bbox 2230 4594 3835 4663; baseline -0.004 -12"><span class='ocrx_word' id='word_1_819' title='bbox 2230 4598 2606 4663; x_wconf 87' lang='lat' dir='ltr'>subsequenti</span> <span class='ocrx_word' id='word_1_820' title='bbox 2649 4609 2845 4662; x_wconf 89' lang='lat' dir='ltr'>versu,</span> <span class='ocrx_word' id='word_1_821' title='bbox 2879 4612 3027 4648; x_wconf 84' lang='lat' dir='ltr'>nunc</span> <span class='ocrx_word' id='word_1_822' title='bbox 3054 4596 3393 4650; x_wconf 90' lang='lat' dir='ltr'>adverbium</span> <span class='ocrx_word' id='word_1_823' title='bbox 3418 4594 3835 4661; x_wconf 83' lang='lat' dir='ltr'>expunximus,</span> 
     </span>
    </p>
   </div>
   <div class='ocr_carea' id='block_1_110' title="bbox 2227 4667 3838 4735">
    <p class='ocr_par' dir='ltr' id='par_1_110' title="bbox 2227 4667 3838 4735">
     <span class='ocr_line' id='line_1_110' title="bbox 2227 4667 3838 4735; baseline -0.004 -12"><span class='ocrx_word' id='word_1_824' title='bbox 2227 4671 2377 4735; x_wconf 90' lang='lat' dir='ltr'>quod</span> <span class='ocrx_word' id='word_1_825' title='bbox 2404 4685 2735 4735; x_wconf 84' lang='lat' dir='ltr'>quemquam</span> <span class='ocrx_word' id='word_1_826' title='bbox 2769 4669 3595 4735; x_wconf 87' lang='lat' dir='ltr'>pronominisubjungebatur,</span> <span class='ocrx_word' id='word_1_827' title='bbox 3632 4667 3838 4719; x_wconf 90' lang='lat' dir='ltr'>sensui</span> 
     </span>
    </p>
   </div>
   <div class='ocr_carea' id='block_1_111' title="bbox 2225 4739 3837 4805">
    <p class='ocr_par' dir='ltr' id='par_1_111' title="bbox 2225 4739 3837 4805">
     <span class='ocr_line' id='line_1_111' title="bbox 2225 4739 3837 4805; baseline -0.002 -11"><span class='ocrx_word' id='word_1_828' title='bbox 2225 4748 2419 4795; x_wconf 89' lang='lat' dir='ltr'>autem</span> <span class='ocrx_word' id='word_1_829' title='bbox 2456 4748 2612 4795; x_wconf 88' lang='lat' dir='ltr'>recto</span> <span class='ocrx_word' id='word_1_830' title='bbox 2633 4744 2932 4795; x_wconf 75' lang='lat' dir='ltr'>ofﬁciebat.</span> <span class='ocrx_word' id='word_1_831' title='bbox 2960 4743 3091 4793; x_wconf 81' lang='lat' dir='ltr'>Mox</span> <span class='ocrx_word' id='word_1_832' title='bbox 3114 4754 3342 4805; x_wconf 90' lang='lat' dir='ltr'>quoque</span> <span class='ocrx_word' id='word_1_833' title='bbox 3376 4740 3588 4793; x_wconf 89' lang='lat' dir='ltr'>rectius</span> <span class='ocrx_word' id='word_1_834' title='bbox 3609 4739 3837 4792; x_wconf 87' lang='lat' dir='ltr'>habere</span> 
     </span>
    </p>
   </div>
   <div class='ocr_carea' id='block_1_112' title="bbox 2226 4813 3405 4877">
    <p class='ocr_par' dir='ltr' id='par_1_112' title="bbox 2226 4813 3405 4877">
     <span class='ocr_line' id='line_1_112' title="bbox 2226 4813 3405 4877; baseline -0.003 -9"><span class='ocrx_word' id='word_1_835' title='bbox 2226 4815 2455 4868; x_wconf 86' lang='lat' dir='ltr'>videtur</span> <span class='ocrx_word' id='word_1_836' title='bbox 2477 4827 2586 4865; x_wconf 88' lang='lat' dir='ltr'>ms.</span> <span class='ocrx_word' id='word_1_837' title='bbox 2607 4814 2668 4863; x_wconf 81' lang='lat' dir='ltr'>de</span> <span class='ocrx_word' id='word_1_838' title='bbox 2696 4814 2932 4864; x_wconf 80' lang='lat' dir='ltr'>Ecclesia</span> <span class='ocrx_word' id='word_1_839' title='bbox 2953 4826 3053 4877; x_wconf 81' lang='lat' dir='ltr'>pro</span> <span class='ocrx_word' id='word_1_840' title='bbox 3072 4814 3130 4862; x_wconf 86' lang='lat' dir='ltr'>in</span> <span class='ocrx_word' id='word_1_841' title='bbox 3154 4813 3405 4864; x_wconf 77' lang='lat' dir='ltr'>Ecclesia.</span> 
     </span>
    </p>
   </div>
   <div class='ocr_carea' id='block_1_113' title="bbox 2289 4882 3834 4951">
    <p class='ocr_par' dir='ltr' id='par_1_113' title="bbox 2289 4882 3834 4951">
     <span class='ocr_line' id='line_1_113' title="bbox 2289 4882 3834 4951; baseline -0.003 -12"><span class='ocrx_word' id='word_1_842' title='bbox 2289 4886 2309 4921; x_wconf 66' lang='grc' dir='ltr'><em>τ</em></span> <span class='ocrx_word' id='word_1_843' title='bbox 2343 4889 2527 4939; x_wconf 82' lang='lat' dir='ltr'>Antea</span> <span class='ocrx_word' id='word_1_844' title='bbox 2554 4887 2752 4938; x_wconf 89' lang='lat' dir='ltr'>minus</span> <span class='ocrx_word' id='word_1_845' title='bbox 2786 4890 2940 4938; x_wconf 88' lang='lat' dir='ltr'>recte</span> <span class='ocrx_word' id='word_1_846' title='bbox 2972 4887 3110 4949; x_wconf 84' lang='lat' dir='ltr'>erat,</span> <span class='ocrx_word' id='word_1_847' title='bbox 3142 4900 3259 4950; x_wconf 73' lang='lat' dir='ltr'>quae</span> <span class='ocrx_word' id='word_1_848' title='bbox 3292 4884 3483 4951; x_wconf 82' lang='lat' dir='ltr'>quasi;</span> <span class='ocrx_word' id='word_1_849' title='bbox 3521 4895 3633 4936; x_wconf 91' lang='lat' dir='ltr'>ms.</span> <span class='ocrx_word' id='word_1_850' title='bbox 3656 4882 3834 4935; x_wconf 61' lang='lat' dir='ltr'>restio</span> 
     </span>
    </p>
   </div>
   <div class='ocr_carea' id='block_1_114' title="bbox 2288 5028 3194 5083">
    <p class='ocr_par' dir='ltr' id='par_1_114' title="bbox 2288 5028 3194 5083">
     <span class='ocr_line' id='line_1_114' title="bbox 2288 5028 3194 5083; baseline 0.001 -1"><span class='ocrx_word' id='word_1_851' title='bbox 2288 5041 2305 5068; x_wconf 78' lang='grc' dir='ltr'>ι</span> <span class='ocrx_word' id='word_1_852' title='bbox 2326 5031 2435 5082; x_wconf 89' lang='lat' dir='ltr'>Ms.</span> <span class='ocrx_word' id='word_1_853' title='bbox 2468 5030 2710 5083; x_wconf 89' lang='lat' dir='ltr'>alterum</span> <span class='ocrx_word' id='word_1_854' title='bbox 2731 5028 2843 5082; x_wconf 94' lang='lat' dir='ltr'>hoc</span> <span class='ocrx_word' id='word_1_855' title='bbox 2868 5029 2962 5078; x_wconf 72' lang='lat' dir='ltr'>tibi</span> <span class='ocrx_word' id='word_1_856' title='bbox 2978 5029 3194 5083; x_wconf 90' lang='lat' dir='ltr'>reticet.</span> 
     </span>
    </p>
   </div>
   <div class='ocr_carea' id='block_1_115' title="bbox 2287 5101 3212 5166">
    <p class='ocr_par' dir='ltr' id='par_1_115' title="bbox 2287 5101 3212 5166">
     <span class='ocr_line' id='line_1_115' title="bbox 2287 5101 3212 5166; baseline -0.001 -11"><span class='ocrx_word' id='word_1_857' title='bbox 2287 5104 2307 5132; x_wconf 75' lang='grc'><strong><em>⁵³</em></strong></span> <span class='ocrx_word' id='word_1_858' title='bbox 2332 5102 2574 5155; x_wconf 89' lang='lat' dir='ltr'>Consule</span> <span class='ocrx_word' id='word_1_859' title='bbox 2596 5104 2785 5153; x_wconf 87' lang='lat' dir='ltr'>Vitam</span> <span class='ocrx_word' id='word_1_860' title='bbox 2817 5101 2915 5153; x_wconf 88' lang='lat' dir='ltr'>lib.</span> <span class='ocrx_word' id='word_1_861' title='bbox 2942 5104 2984 5154; x_wconf 89' lang='grc' dir='ltr'>Ι.</span> <span class='ocrx_word' id='word_1_862' title='bbox 3011 5115 3133 5166; x_wconf 90' lang='lat' dir='ltr'>cap.</span> <span class='ocrx_word' id='word_1_863' title='bbox 3159 5103 3212 5157; x_wconf 74' lang='grc'>4.</span> 
     </span>
    </p>
   </div>
   <div class='ocr_carea' id='block_1_116' title="bbox 2286 5170 3833 5227">
    <p class='ocr_par' dir='ltr' id='par_1_116' title="bbox 2286 5170 3833 5227">
     <span class='ocr_line' id='line_1_116' title="bbox 2286 5170 3833 5227; baseline -0.001 -1"><span class='ocrx_word' id='word_1_864' title='bbox 2286 5174 2468 5227; x_wconf 75' lang='lat' dir='ltr'>‘Olim</span> <span class='ocrx_word' id='word_1_865' title='bbox 2510 5178 2633 5225; x_wconf 86' lang='lat' dir='ltr'>erat</span> <span class='ocrx_word' id='word_1_866' title='bbox 2663 5175 2723 5223; x_wconf 80' lang='lat' dir='ltr'>in</span> <span class='ocrx_word' id='word_1_867' title='bbox 2760 5175 2913 5223; x_wconf 81' lang='lat' dir='ltr'>rebus</span> <span class='ocrx_word' id='word_1_868' title='bbox 2936 5179 2980 5223; x_wconf 87' lang='lat' dir='ltr'>et</span> <span class='ocrx_word' id='word_1_869' title='bbox 3012 5176 3208 5224; x_wconf 84' lang='lat' dir='ltr'>tatibus</span> <span class='ocrx_word' id='word_1_870' title='bbox 3235 5174 3449 5225; x_wconf 72' lang='lat' dir='ltr'>caeteris.</span> <span class='ocrx_word' id='word_1_871' title='bbox 3483 5173 3619 5227; x_wconf 80' lang='lat' dir='ltr'>Mox</span> <span class='ocrx_word' id='word_1_872' title='bbox 3648 5170 3833 5224; x_wconf 88' lang='lat' dir='ltr'>habet</span> 
     </span>
    </p>
   </div>
   <div class='ocr_carea' id='block_1_117' title="bbox 2223 5247 3368 5310">
    <p class='ocr_par' dir='ltr' id='par_1_117' title="bbox 2223 5247 3368 5310">
     <span class='ocr_line' id='line_1_117' title="bbox 2223 5247 3368 5310; baseline -0.004 -10"><span class='ocrx_word' id='word_1_873' title='bbox 2223 5262 2332 5300; x_wconf 90' lang='lat' dir='ltr'>ms.</span> <span class='ocrx_word' id='word_1_874' title='bbox 2350 5247 2680 5296; x_wconf 84' lang='lat' dir='ltr'>nudandam</span> <span class='ocrx_word' id='word_1_875' title='bbox 2704 5260 2804 5310; x_wconf 89' lang='lat' dir='ltr'>pro</span> <span class='ocrx_word' id='word_1_876' title='bbox 2827 5248 3114 5299; x_wconf 75' lang='lat' dir='ltr'>nudatam.</span> <span class='ocrx_word' id='word_1_877' title='bbox 3357 5281 3368 5295; x_wconf 92' lang='lat'>.</span> 
     </span>
    </p>
   </div>
   <div class='ocr_carea' id='block_1_118' title="bbox 2282 5316 3831 5384">
    <p class='ocr_par' dir='ltr' id='par_1_118' title="bbox 2282 5316 3831 5384">
     <span class='ocr_line' id='line_1_118' title="bbox 2282 5316 3831 5384; baseline -0.003 -13"><span class='ocrx_word' id='word_1_878' title='bbox 2282 5330 2293 5360; x_wconf 77' lang='grc' dir='ltr'><strong><em>ι</em></strong></span> <span class='ocrx_word' id='word_1_879' title='bbox 2321 5322 2385 5371; x_wconf 92' lang='lat' dir='ltr'>In</span> <span class='ocrx_word' id='word_1_880' title='bbox 2414 5332 2545 5383; x_wconf 88' lang='lat' dir='ltr'>ms.,</span> <span class='ocrx_word' id='word_1_881' title='bbox 2570 5321 2889 5382; x_wconf 69' lang='lat' dir='ltr'>surripiens,</span> <span class='ocrx_word' id='word_1_882' title='bbox 2912 5325 2968 5371; x_wconf 90' lang='lat' dir='ltr'>et</span> <span class='ocrx_word' id='word_1_883' title='bbox 2987 5320 3155 5384; x_wconf 84' lang='lat' dir='ltr'>paulo</span> <span class='ocrx_word' id='word_1_884' title='bbox 3181 5322 3309 5384; x_wconf 88' lang='lat' dir='ltr'>post</span> <span class='ocrx_word' id='word_1_885' title='bbox 3331 5330 3462 5370; x_wconf 91' lang='lat' dir='ltr'>cum</span> <span class='ocrx_word' id='word_1_886' title='bbox 3484 5322 3679 5369; x_wconf 89' lang='lat' dir='ltr'>vetere</span> <span class='ocrx_word' id='word_1_887' title='bbox 3705 5316 3831 5368; x_wconf 91' lang='lat' dir='ltr'>edi-</span> 
     </span>
    </p>
   </div>
   <div class='ocr_carea' id='block_1_119' title="bbox 2221 5389 3830 5457">
    <p class='ocr_par' dir='ltr' id='par_1_119' title="bbox 2221 5389 3830 5457">
     <span class='ocr_line' id='line_1_119' title="bbox 2221 5389 3830 5457; baseline -0.006 -12"><span class='ocrx_word' id='word_1_888' title='bbox 2221 5394 2396 5455; x_wconf 86' lang='lat' dir='ltr'>tione,</span> <span class='ocrx_word' id='word_1_889' title='bbox 2433 5398 2740 5442; x_wconf 77' lang='lat' dir='ltr'>consecutus</span> <span class='ocrx_word' id='word_1_890' title='bbox 2762 5394 2944 5455; x_wconf 75' lang='lat' dir='ltr'>fuerat</span> <span class='ocrx_word' id='word_1_891' title='bbox 2964 5405 3065 5457; x_wconf 92' lang='lat' dir='ltr'>pro</span> <span class='ocrx_word' id='word_1_892' title='bbox 3099 5393 3271 5456; x_wconf 82' lang='lat' dir='ltr'>fores;</span> <span class='ocrx_word' id='word_1_893' title='bbox 3297 5392 3566 5455; x_wconf 89' lang='lat' dir='ltr'>denique,</span> <span class='ocrx_word' id='word_1_894' title='bbox 3594 5394 3639 5439; x_wconf 82' lang='lat' dir='ltr'>et</span> <span class='ocrx_word' id='word_1_895' title='bbox 3662 5389 3712 5437; x_wconf 88' lang='lat' dir='ltr'>si</span> <span class='ocrx_word' id='word_1_896' title='bbox 3736 5403 3830 5437; x_wconf 68' lang='lat' dir='ltr'>re-</span> 
     </span>
    </p>
   </div>
   <div class='ocr_carea' id='block_1_120' title="bbox 2221 5465 2763 5529">
    <p class='ocr_par' dir='ltr' id='par_1_120' title="bbox 2221 5465 2763 5529">
     <span class='ocr_line' id='line_1_120' title="bbox 2221 5465 2763 5529; baseline 0.006 -15"><span class='ocrx_word' id='word_1_897' title='bbox 2221 5465 2378 5515; x_wconf 83' lang='lat' dir='ltr'>tasses</span> <span class='ocrx_word' id='word_1_898' title='bbox 2405 5478 2506 5529; x_wconf 89' lang='lat' dir='ltr'>pro</span> <span class='ocrx_word' id='word_1_899' title='bbox 2531 5465 2763 5517; x_wconf 76' lang='lat' dir='ltr'>velasset.</span> 
     </span>
    </p>
   </div>
   <div class='ocr_carea' id='block_1_121' title="bbox 2282 5532 3822 5605">
    <p class='ocr_par' dir='ltr' id='par_1_121' title="bbox 2282 5532 3822 5605">
     <span class='ocr_line' id='line_1_121' title="bbox 2282 5532 3822 5605; baseline -0.003 -17"><span class='ocrx_word' id='word_1_900' title='bbox 2282 5541 2304 5571; x_wconf 66' lang='grc' dir='ltr'>ι</span> <span class='ocrx_word' id='word_1_901' title='bbox 2339 5539 2517 5589; x_wconf 88' lang='lat' dir='ltr'>Vetus</span> <span class='ocrx_word' id='word_1_902' title='bbox 2541 5540 2697 5600; x_wconf 78' lang='lat' dir='ltr'>edit.,</span> <span class='ocrx_word' id='word_1_903' title='bbox 2736 5541 2871 5591; x_wconf 86' lang='lat' dir='ltr'>Cum</span> <span class='ocrx_word' id='word_1_904' title='bbox 2895 5540 3088 5605; x_wconf 80' lang='lat' dir='ltr'>quibus</span> <span class='ocrx_word' id='word_1_905' title='bbox 3112 5553 3213 5588; x_wconf 84' lang='lat' dir='ltr'>esse</span> <span class='ocrx_word' id='word_1_906' title='bbox 3239 5543 3284 5586; x_wconf 83' lang='lat' dir='ltr'>te</span> <span class='ocrx_word' id='word_1_907' title='bbox 3307 5538 3416 5601; x_wconf 79' lang='lat' dir='ltr'>ipse</span> <span class='ocrx_word' id='word_1_908' title='bbox 3436 5532 3683 5601; x_wconf 82' lang='lat' dir='ltr'>putabas.</span> <span class='ocrx_word' id='word_1_909' title='bbox 3711 5533 3822 5584; x_wconf 82' lang='lat' dir='ltr'>MS.</span> 
     </span>
    </p>
   </div>
   <div class='ocr_carea' id='block_1_122' title="bbox 2218 5607 3825 5679">
    <p class='ocr_par' dir='ltr' id='par_1_122' title="bbox 2218 5607 3825 5679">
     <span class='ocr_line' id='line_1_122' title="bbox 2218 5607 3825 5679; baseline -0.002 -18"><span class='ocrx_word' id='word_1_910' title='bbox 2218 5624 2342 5661; x_wconf 88' lang='lat' dir='ltr'>cum</span> <span class='ocrx_word' id='word_1_911' title='bbox 2370 5612 2561 5675; x_wconf 81' lang='lat' dir='ltr'>quibus</span> <span class='ocrx_word' id='word_1_912' title='bbox 2600 5613 2762 5662; x_wconf 85' lang='lat' dir='ltr'>etiam</span> <span class='ocrx_word' id='word_1_913' title='bbox 2811 5616 2920 5679; x_wconf 82' lang='lat' dir='ltr'>ipse</span> <span class='ocrx_word' id='word_1_914' title='bbox 2949 5612 3197 5678; x_wconf 77' lang='lat' dir='ltr'>putabas,</span> <span class='ocrx_word' id='word_1_915' title='bbox 3244 5614 3353 5662; x_wconf 86' lang='lat' dir='ltr'>etc.</span> <span class='ocrx_word' id='word_1_916' title='bbox 3380 5611 3447 5660; x_wconf 78' lang='lat' dir='ltr'>Et.</span> <span class='ocrx_word' id='word_1_917' title='bbox 3482 5607 3655 5659; x_wconf 82' lang='lat' dir='ltr'>Paulo</span> <span class='ocrx_word' id='word_1_918' title='bbox 3691 5611 3825 5670; x_wconf 84' lang='lat' dir='ltr'>post</span> 
     </span>
    </p>
   </div>
   <div class='ocr_carea' id='block_1_123' title="bbox 2218 5680 3821 5753">
    <p class='ocr_par' dir='ltr' id='par_1_123' title="bbox 2218 5680 3821 5753">
     <span class='ocr_line' id='line_1_123' title="bbox 2218 5680 3821 5753; baseline -0.002 -18"><span class='ocrx_word' id='word_1_919' title='bbox 2218 5686 2539 5735; x_wconf 79' lang='lat' dir='ltr'>scandalum</span> <span class='ocrx_word' id='word_1_920' title='bbox 2575 5689 2784 5751; x_wconf 81' lang='lat' dir='ltr'>pariter</span> <span class='ocrx_word' id='word_1_921' title='bbox 2808 5688 3177 5753; x_wconf 84' lang='lat' dir='ltr'>patiebantur,</span> <span class='ocrx_word' id='word_1_922' title='bbox 3204 5685 3500 5734; x_wconf 75' lang='lat' dir='ltr'>insinuans</span> <span class='ocrx_word' id='word_1_923' title='bbox 3527 5680 3821 5747; x_wconf 85' lang='lat' dir='ltr'>quomodo.</span> 
     </span>
    </p>
   </div>
   <div class='ocr_carea' id='block_1_124' title="bbox 2218 5760 3218 5826">
    <p class='ocr_par' dir='ltr' id='par_1_124' title="bbox 2218 5760 3218 5826">
     <span class='ocr_line' id='line_1_124' title="bbox 2218 5760 3218 5826; baseline -0.002 -13"><span class='ocrx_word' id='word_1_924' title='bbox 2218 5762 2363 5825; x_wconf 84' lang='lat' dir='ltr'>Ergo</span> <span class='ocrx_word' id='word_1_925' title='bbox 2384 5760 2788 5826; x_wconf 77' lang='lat' dir='ltr'>Apologcticum</span> <span class='ocrx_word' id='word_1_926' title='bbox 2810 5764 2986 5815; x_wconf 76' lang='lat' dir='ltr'>denuo</span> <span class='ocrx_word' id='word_1_927' title='bbox 3008 5761 3218 5826; x_wconf 75' lang='lat' dir='ltr'>scripsi.</span> 
     </span>
    </p>
   </div>
  </div>
