3900 6392
52 350 162 406 617

1169 352 1546 406 APOLOGDE
1597 356 1807 409 LIBER
1862 357 2245 412 SECUNDUS.

3246 355 3351 412 618

54 451 300 514 bantur,
322 447 394 500 ad
418 446 851 512 intel‘igentiam
872 447 1167 503 rectiorem
1190 456 1357 516 prout
1385 454 1561 519 potui,
1587 467 1668 507 re-
1688 447 1743 516 A
1763 454 1861 519 qui
1883 455 2171 509 veteribus
2190 458 2344 509 recte
2363 453 2674 508 utunturin
2684 452 2874 507 novis.
2888 453 3014 506 Non
3028 450 3355 519 vobislicet,

57 538 273 592 vocavi
299 542 323 590 Ρ
350 539 601 601 Equum
626 540 715 589 est
738 550 892 602 ergo,
913 543 979 591 ut
1001 540 1154 603 quod
1178 542 1341 594 nobis
1367 543 1487 596 fieri
1508 546 1662 597 volu-

54 642 220 689 mus,
248 628 376 681 aliis
392 640 499 679 nos
523 626 817 678 faciamus.
844 628 998 681 Sicut
1015 629 1166 682 enim
1184 644 1342 684 meos
1364 633 1537 686 libros
1560 634 1665 686 mi-

54 719 118 771 hi
148 716 445 779 remisisti,
474 722 539 768 ut
562 728 598 769 a
618 730 711 768 me
736 718 1195 772 emendarentur:
1223 721 1299 773 ita
1325 726 1381 774 et
1408 723 1479 775 ad
1504 723 1664 776 illum

60 822 205 860 suos
236 808 478 868 remitte,
504 812 551 857 et
579 807 731 871 quod
756 807 1033 872 culpabile
1059 810 1299 875 videtur,
1330 813 1575 875 insinua,
1601 816 1668 867 ut

56 900 189 964 ipse
220 912 298 960 se,
329 897 378 948 si
401 896 460 949 in
475 895 667 960 aliquo
692 899 917 955 erravit,
936 901 1214 953 emendet.
1236 903 1378 954 Tum
1399 912 1416 932 ·
1434 909 1668 967 prater-

58 992 129 1029 ea
144 983 194 1029 et
212 991 319 1030 nos
331 977 449 1043 jam
468 977 527 1028 in
546 977 743 1029 multis
768 980 1129 1033 exercuimus
1152 982 1469 1045 ingenium,
1488 981 1663 1053 395

62 1070 126 1118 et
140 1064 329 1118 multa
347 1065 468 1130 jam
495 1064 661 1117 nobis
678 1066 954 1131 epuscula
968 1068 1247 1122 desudata
1264 1074 1416 1123 sunt.
1438 1071 1535 1123 Ille
1560 1073 1669 1125 hoc

63 1156 318 1221 primum
342 1167 516 1220 prope
540 1167 683 1220 opus
701 1156 856 1221 adiit,
881 1159 937 1208 et
963 1157 1204 1211 fortasse
1225 1161 1590 1226 compulsus:
1608 1164 1666 1215 et

57 1244 210 1296 nihil
227 1244 434 1297 mirum
461 1245 506 1296 si
533 1245 835 1299 fluctauvit
853 1247 907 1298 in
935 1248 1149 1311 primis.
1179 1250 1293 1300 Nec
1318 1250 1541 1302 occasio
1566 1251 1667 1303 de-

61 1333 313 1399 rogandi
344 1333 679 1386 Christianis
696 1336 977 1401 captanda
1003 1340 1106 1399 est,
1139 1339 1237 1390 sed
1256 1339 1665 1393 emendationis

57 1423 288 1476 utilitas
318 1424 668 1488 requirenda.

124 1539 216 1595 39.
245 1541 387 1593 Hac
418 1542 466 1592 si
489 1540 560 1592 ad
581 1553 710 1592 eum
742 1542 1155 1608 rescripsisses,
1180 1556 1372 1597 nonne
1396 1545 1670 1609 majorem

56 1631 311 1695 gratiam
347 1634 406 1683 et
442 1630 877 1682 aediﬁcationem
920 1632 1004 1684 vel
1046 1633 1153 1697 ipsi
1190 1633 1353 1686 initia
1384 1635 1443 1685 in
1471 1635 1670 1688 timore

53 1721 160 1772 Dei
173 1720 428 1785 habenti,
449 1721 537 1772 Vel
549 1720 772 1772 caloris
786 1721 1107 1785 legentibus
1120 1725 1669 1788 prabuisses,quam

1754 544 2026 608 dicentes,
2055 544 2358 599 transferre
2380 544 2675 597 materiam
2691 542 2762 596 de
2774 543 2948 596 veteri
2972 543 3145 597 domo
3163 542 3238 596 ad
3256 554 3359 596 no-

1753 647 1907 700 vam,
1924 635 2034 687 nisi
2051 635 2274 701 tignum
2290 635 2467 700 tigno,
2485 638 2543 687 et
2558 632 2804 698 lapidem
2827 631 2999 698 lapidi
3022 632 3354 699 junxeritis,

1755 725 1863 777 nisi
1883 726 2163 790 porticum
2180 725 2252 777 de
2269 724 2624 790 porticu,nisi
2636 723 2961 775 membrum
2975 722 3045 774 de
3059 722 3320 776 membro
3338 736 3353 775 :

1757 822 1813 869 et
1840 815 1949 868 hoc
1966 815 2122 868 'ﬂeri
2145 828 2263 867 non
2291 815 2515 880 poterit,
2539 813 2651 865 nisi
2676 825 2969 866 secessum
2999 813 3070 864 de
3097 824 3353 877 secessu,

1757 906 1868 958 nisi
1896 905 2147 958 cloacam
2172 905 2243 957 de
2268 904 2458 957 cloaca
2490 902 2911 955 transtuleritis.
2946 903 3167 955 Habere
3198 901 3355 955 enim

1758 996 1997 1048 domum
2013 1007 2280 1060 magnam
2295 994 2462 1046 etiam
2477 992 2602 1046 hac
2611 1005 2850 1046 necesse
2861 993 3094 1045 est.Hoc
3104 1003 3355 1056 namque

1761 1090 1850 1139 est
1873 1086 2115 1139 verbum
2148 1083 2451 1136 transferre
2469 1082 2539 1135 de
2574 1083 2765 1141 verbo,
2797 1080 2952 1145 quod
2974 1093 3010 1132 a
3025 1083 3079 1133 te
3093 1080 3354 1133 anteim-

1755 1174 2067 1240 probabile,
2095 1185 2248 1226 nunc
2265 1185 2401 1225 vero
2419 1172 2435 1202 τ
2458 1170 2750 1237 probabile
2768 1169 3090 1235 judicatum
3113 1174 3215 1221 est.
3246 1168 3356 1222 Sed

1757 1268 1821 1316 tu
1843 1262 2079 1328 quidem
2113 1262 2216 1314 tibi
2245 1262 2301 1313 et
2338 1273 2470 1326 qua
2502 1273 2622 1313 non
2658 1260 2848 1323 licent,
2875 1258 3040 1311 licere
3063 1257 3353 1310 defendis:

1755 1353 1922 1406 nobis
1956 1354 2146 1404 autem
2182 1363 2315 1415 qua
2343 1350 2495 1403 licita
2532 1352 2669 1402 sunt
2702 1348 2972 1414 impingis
2996 1346 3068 1399 ad
3121 1346 3356 1400 crimen.

1762 1444 1905 1494 Nam
1920 1444 1984 1494 tu
2000 1453 2134 1493 cum
2160 1452 2350 1492 sacras
2376 1439 2592 1491 Literas
2607 1440 2664 1490 et
2691 1437 2998 1489 Volumina
3019 1436 3214 1488 divina
3228 1448 3361 1501 per-

1763 1537 2032 1594 mutares,
2070 1529 2288 1582 laudari
2311 1529 2427 1593 vis;
2464 1540 2571 1580 nos
2595 1528 2767 1580 etiam
2800 1527 2846 1578 si
2875 1531 2928 1578 te
2952 1526 3261 1589 imitantes,
3287 1525 3358 1579 de

1761 1621 2063 1674 hominum
2081 1620 2442 1672 sermonibus
2457 1616 2690 1681 aliquid,
2702 1616 2854 1680 quod
2868 1615 3060 1667 minus
3077 1614 3360 1668 adiﬂoare

1761 1711 2046 1763 credimus
2065 1709 2170 1775 [ΑΙ.
2198 1707 2589 1771 credidimusl,
2616 1706 2993 1772 praterimus,
3010 1705 3072 1756 in
3085 1704 3175 1756 his
3191 1704 3360 1758 nobis

56 1824 222 1863 nunc
259 1810 388 1863 ista
422 1814 538 1862 tua
570 1810 878 1863 Invectiva
922 1813 1185 1863 maioris
1215 1819 1270 1864 et
1308 1814 1661 1866 confusxonis
1688 1797 1738 1864 Β
1764 1801 1989 1854 veniam
2011 1812 2126 1851 non
2150 1798 2272 1862 das,
2297 1798 2356 1850 in
2371 1798 2585 1862 quibus
2602 1795 2929 1861 exemplum
2944 1793 3171 1846 dedisti-

57 1900 338 1952 omnibus
356 1901 684 1952 timentibus
710 1902 891 1951 Deum
909 1906 1207 1967 praestant,
1225 1904 1323 1965 qui
1346 1908 1401 1955 et
1416 1904 1473 1953 ia
1493 1908 1546 1955 te
1565 1904 1670 1956 fa-

54 1991 365 2043 dissimam
397 1991 748 2042 obtrectandi
780 1990 1092 2054 libidinem,
1132 1996 1189 2042 et
1219 1994 1278 2043 in
1318 2006 1407 2043 me
1430 2006 1670 2058 respon-

57 2080 243 2132 dendi
265 2080 516 2133 necessit
553 2086 665 2132 tem
692 2082 1073 2132 miserabilem
1122 2082 1190 2130 Al
1213 2081 1559 2147 mirabilem]
1585 2082 1669 2134 vi-

54 2169 238 2222 dent?
264 2170 320 2221 Si
345 2169 598 2233 enim,ut
613 2168 750 2232 dixi,
778 2169 848 2220 de
880 2172 992 2221 tuis
1015 2170 1175 2221 libris
1200 2175 1398 2223 contra
1413 2172 1669 2223 Jovinia-

53 2273 204 2312 num
229 2260 477 2324 scriptis,
508 2272 664 2310 nunc
691 2259 914 2322 eadem,
945 2260 1156 2323 quibus
1178 2260 1340 2312 illum
1363 2263 1666 2325 arguebas,

51 2350 180 2414 ipse
208 2350 505 2401 inveneris
521 2362 789 2411 asserem,
808 2362 958 2400 nunc
982 2363 1110 2401 vero
1137 2350 1427 2402 intantum
1445 2347 1465 2375 "
1482 2350 1671 2415 prola-

55 2439 229 2501 beris,
272 2442 338 2489 ut
379 2438 576 2490 sordes
625 2438 971 2502 nuptiarum,
1015 2451 1120 2489 nec
1167 2439 1417 2502 mar'yrii
1473 2452 1671 2491 cruore

51 2529 195 2580 dilui
208 2541 378 2593 posse
394 2528 717 2591 confirmes,
737 2526 947 2579 etillud
960 2528 1109 2591 quod
1125 2532 1212 2579 est
1225 2529 1276 2579 M
1297 2528 1668 2581 inichaorum

54 2618 353 2683 dogmatis
379 2616 837 2669 emendationem
856 2615 957 2667 tibi
976 2616 1179 2668 habere
1198 2615 1356 2669 facile
1373 2618 1565 2669 visum
1580 2622 1671 2670 est

53 2708 115 2759 in
162 2707 257 2759 his
293 2706 472 2771 libris,
507 2718 651 2770 quos
683 2706 805 2770 jam
854 2705 1129 2764 edideras,
1166 2708 1222 2758 et
1264 2706 1670 2759 dOSCPibLndOS

61 2796 333 2862 plurimis
352 2796 701 2862 prabuerns:
730 2794 869 2859 quid
899 2798 1016 2847 erat
1049 2795 1422 2857 difﬁcultatis,
1440 2809 1671 2850 menon

64 2900 269 2939 meum
305 2898 469 2952 opus,
496 2885 597 2937 sed
631 2885 1159 2950 interpretationem
1187 2885 1357 2937 alieni
1381 2886 1586 2951 operis,
1621 2886 1670 2938 si

64 2976 214 3041 quid
239 2976 382 3029 forte
411 2974 472 3027 in
499 2988 565 3027 eo
594 2980 863 3037 erratum,
888 2986 1008 3027 non
1036 2975 1197 3039 ratio,
1231 2974 1332 3027 sed
1361 2975 1505 3028 livor
1533 2989 1673 3041 sug-

64 3070 350 3133 gesserat,
374 3064 715 3118 emendare‘?
755 3065 1008 3117 maxime
1046 3078 1180 3118 cum
1216 3065 1405 3117 adhuc
1428 3070 1579 3118 esset
1611 3066 1672 3118 in

1822 1906 1907 1961 41.
1948 1908 2163 1958 Verum
2198 1910 2333 1969 agat
2355 1904 2481 1956 hac
2514 1904 2644 1967 iste,
2682 1903 2749 1955 ut
2777 1900 2887 1953 sibi
2927 1898 3021 1952 vel
3057 1900 3246 1963 licere,
3270 1897 3363 1954 vel

1760 1996 2026 2061 expedire
2054 1999 2232 2060 putat.
2261 1996 2379 2059 Ego
2402 1992 2649 2056 interim,
2680 1996 2746 2044 ut
2760 1989 3233 2044 recenseamusiu
3250 1988 3364 2040 ilne

1760 2099 1843 2149 ea,
1873 2096 2005 2148 qua
2035 2083 2278 2149 sparsim
2309 2095 2410 2148 pro
2438 2086 2636 2135 nostra
2666 2080 3037 2146 purgatione'
3066 2077 3365 2144 respondi-

1760 2188 1907 2237 mus,
1929 2188 2060 2227 cum
2078 2173 2149 2226 de
2168 2187 2253 2224 me
2273 2171 2494 2235 dixerit,
2515 2171 2681 2235 quasi
2700 2170 2823 2221 sine
2839 2182 2901 2222 se
2916 2169 3221 2221 hareticus
3234 2179 3362 2220 esse

1759 2277 1874 2316 non
1890 2261 2372 2327 possem,ostendi
2389 2260 2560 2312 fidem
2576 2272 2784 2324 meam,
2799 2261 2855 2310 et
2871 2258 2938 2309 de
2951 2256 3364 2309 resurrectione

1759 2354 1944 2405 carnis
1977 2354 2171 2418 ipsum
2201 2354 2385 2416 magis
2418 2363 2619 2414 errare,
2648 2350 2747 2413 qui
2777 2361 2984 2413 corpus
3001 2346 3153 2412 quod
3172 2358 3366 2398 resur-

1760 2446 2047 2495 recturum
2067 2445 2170 2503 est,
2190 2440 2383 2504 fragile
2415 2452 2544 2492 esse
2575 2438 2864 2504 scripserit
2885 2433 3328 2503 [Al.scripserrit]
3351 2472 3366 2497 ,

1762 2532 2145 2597 comprobavi.
2187 2533 2370 2583 Sexus
2396 2522 2628 2595 quoque
2653 2528 3049 2580 diversitatem
3077 2524 3366 2590 quomodo

1758 2623 2055 2687 abraserit,
2072 2625 2129 2675 et
2155 2634 2390 2686 corpora
2408 2620 2467 2672 in
2484 2619 2725 2683 animas,
2744 2622 2801 2670 et
2817 2616 3085 2669 mulieres
3102 2614 3279 2680 redigi
3302 2614 3365 2667 in

1764 2712 1917 2764 viros
1954 2712 2180 2773 dixerit,
2218 2710 2404 2763 docui.
2446 2710 2586 2761 Mea
2624 2721 2854 2773 quoque
2889 2703 3367 2771 interpretationis

1762 2814 2014 2865 caussas,
2040 2805 2106 2854 ut
2138 2801 2295 2866 puto,
2316 2798 2676 2865 justissimas
2698 2796 2921 2862 protuli.
2954 2796 3106 2861 quod
3137 2806 3255 2846 non
3272 2793 3364 2847 vel

1761 2891 2124 2945 contentione
2163 2890 2266 2957 [AL
2318 2887 2653 2953 intentione]
2696 2884 3001 2951 excitatus,
3040 2884 3130 2939 vel
3166 2884 3365 2950 gloria

1762 2981 2021 3046 cupidus,
2037 2981 2137 3034 sed
2156 2980 2254 3033 Dei
2271 2980 2467 3031 timore
2484 2980 2949 3043 provocatus.ant
2960 2987 3093 3040 qua
3107 2973 3366 3027 materia

1766 3072 2177 3124 transvexerim
2190 3070 2377 3132 copias,
2392 3066 2636 3120 novella
2647 3064 3092 3119 constructionis
3105 3062 3366 3115 adiﬁciis

62 3155 381 3217 Schedulis;
417 3168 562 3220 quas
589 3154 850 3207 nondum
871 3156 943 3207 ab
974 3155 1205 3219 plenum
1229 3155 1541 3219 relegemm
1577 3154 1668 3209 vel
1689 3147 1739 3218 C
1761 3161 2104 3228 profuturas,
2147 3161 2203 3211 et
2240 3160 2353 3212 tela
2404 3159 2614 3219 vetera,
2652 3154 2910 3219 rubigine
2939 3154 3061 3218 jam
3097 3152 3367 3217 obducta,

61 3246 476 3312 explicueram,
516 3256 659 3309 quas
696 3258 815 3297 non
846 3245 1029 3298 editas
1066 3246 1447 3298 invenerunt?
1475 3248 1675 3298 Nonne

62 3336 334 3403 perfacile
350 3335 642 3388 emendari
656 3339 914 3400 poterant
931 3349 1014 3401 ea,
1031 3348 1163 3400 qua
1175 3336 1363 3388 adhuc
1376 3336 1675 3389 emendata

61 3440 185 3479 non
222 3425 454 3479 fuerant
487 3428 514 3478 εἰ
543 3427 752 3479 Verum
786 3438 903 3478 non
929 3424 1084 3491 hinc,
1109 3426 1207 3478 ubi
1228 3425 1381 3490 quod
1417 3424 1675 3490 culparet

59 3516 212 3569 nihil
244 3516 519 3581 habebat;
550 3516 651 3569 sed
680 3519 865 3569 totum
897 3515 1029 3567 inde
1054 3516 1367 3578 mordetur,
1405 3516 1547 3568 dum
1572 3528 1673 3581 per

62 3608 180 3661 hoc
209 3606 374 3672 prodi
399 3616 417 3636 ε
446 3606 652 3669 timuit,
677 3606 830 3659 unde
858 3607 948 3658 est
977 3618 1146 3659 omne
1182 3605 1335 3671 quod
1366 3606 1489 3671 ipse
1514 3605 1671 3671 dicit,

64 3696 229 3750 unde
254 3696 475 3759 doctus,
497 3697 647 3749 unde
671 3696 1094 3761 Scripturarum
1122 3696 1348 3749 videtur
1362 3698 1673 3760 Interpres.

131 3813 225 3869 40.
252 3812 363 3865 Sed
385 3813 594 3865 idcirco
625 3825 912 3877 caussam,
950 3826 1063 3877 qua
1086 3812 1158 3865 ad
1185 3813 1678 3877 interpretandum

66 3904 365 3957 adductus
388 3916 533 3966 sum,
552 3902 813 3968 exposui,
847 3909 913 3955 ut
942 3902 1107 3966 sciat,
1134 3915 1227 3955 me
1257 3904 1382 3955 hac
1403 3915 1517 3954 non
1541 3916 1678 3956 con-

72 3995 330 4048 tentione
352 3992 436 4057 (ut
458 3993 583 4058 ipse
607 4006 774 4058 agere
802 3992 964 4057 solet)
993 3993 1079 4045 vel
1102 3992 1469 4045 amulatione
1488 3993 1679 4058 aliqua

68 4082 398 4151 protulisse,
418 4082 521 4135 sed
543 4082 899 4147 necessitate,
927 4095 1043 4146 qua
1066 4082 1328 4146 superius
1358 4083 1579 4147 edocui,
1602 4081 1675 4135 ad

68 4174 214 4227 boni
235 4176 296 4226 et
335 4172 491 4225 utilis
528 4172 714 4237 operis
749 4172 1219 4235 instrumentum,
1257 4175 1319 4224 ut
1356 4173 1571 4236 aliquid
1602 4186 1675 4225 ex

68 4265 187 4319 hoc
202 4264 225 4294 ⁴
250 4261 340 4317 vel
362 4262 578 4315 ordinis
616 4262 704 4315 vel
730 4261 936 4316 coloris
959 4262 1237 4326 acciperet
1260 4260 1369 4324 ille,
1394 4263 1492 4326 qui
1514 4262 1676 4315 rudis

68 4355 198 4420 ipse
208 4353 554 4419 opusculum
565 4352 850 4405 condebat
858 4351 1294 4416 antiquum.Aut
1305 4367 1405 4401 non
1418 4352 1681 4405 videmus

69 4447 337 4500 vetustas
360 4442 518 4497 ades
532 4442 773 4496 novellis
797 4442 1054 4496 adificiis
1072 4441 1355 4507 profuisse
1369 4445 1396 4493 ?
1412 4444 1480 4493 Et
1502 4442 1681 4495 inter-

1771 3252 2118 3313 deterserim,
2150 3262 2265 3301 non
2302 3254 2367 3303 ut
2394 3246 2557 3301 civile
2586 3245 2798 3298 bellum
2829 3255 3138 3307 moverem,
3170 3241 3271 3293 sed
3303 3243 3367 3295 ut

1769 3341 1975 3395 hostile
1990 3338 2373 3405 depellerem!
2378 3351 2548 3405 psum
2567 3336 2736 3390 etiam
2753 3334 3038 3400 caput,cui
3052 3345 3257 3385 manus
3270 3330 3366 3383 fal-

1770 3431 1948 3483 sarias
1964 3430 2041 3494 inj
2052 3434 2300 3492 ecerunt,
2322 3428 2618 3490 inserui,et
2631 3424 2975 3478 adulterium
2993 3420 3367 3487 blasphemia

1763 3521 1823 3573 in
1845 3520 2049 3573 Filium
2078 3519 2180 3571 Dei
2211 3523 2269 3571 et
2302 3518 2576 3584 Spiritum
2600 3517 2889 3577 Sanctum,
2920 3514 3367 3567 alienumameo

1762 3605 2310 3678 nomine,397sed
2340 3608 2597 3674 ipsorum
2626 3605 2855 3670 scelere,
2871 3608 2929 3659 et
2943 3605 3017 3657 ab
3032 3602 3174 3670 ipsis
3198 3602 3367 3656 docui

1766 3713 1897 3754 esse
1921 3700 2317 3752 commissum.

1830 3816 1917 3873 42.
1934 3819 2000 3869 In
2017 3816 2260 3880 singulis
2279 3826 2526 3879 quoque,
2544 3813 2615 3865 de
2630 3813 2842 3877 quibus
2861 3824 2922 3863 se
2938 3810 3149 3863 idcirco
3170 3808 3368 3873 Orige-

1765 3921 1897 3961 nem
1926 3919 2162 3973 arguere
2190 3906 2433 3969 dicebat,
2465 3909 2528 3956 ut
2561 3916 2667 3955 nos
2694 3903 2922 3967 pulsare
2939 3915 3000 3953 se
3018 3900 3295 3963 crederet,
3311 3901 3372 3951 et

1768 3998 2041 4051 infamare
2057 4010 2200 4061 opus
2221 3994 2611 4047 translationis
2626 3997 2861 4055 nostra,
2892 3989 3117 4043 ostendi
3133 4000 3207 4040 ex
3224 3986 3367 4052 ipsis

1770 4087 2207 4140 Commentariis
2218 4086 2359 4148 suis,
2373 4096 2445 4136 ex
2460 4083 2670 4147 quibus
2684 4080 2853 4132 fidem
2868 4091 3037 4132 suam
3048 4076 3372 4142 exspectari

1764 4179 1969 4230 debere
1996 4176 2234 4237 dixerat,
2265 4180 2324 4226 et
2353 4172 2598 4239 probari,
2623 4171 2777 4236 quod
2810 4175 2868 4223 et
2883 4169 2953 4221 de
2967 4168 3185 4221 anima
3211 4170 3373 4219 statu

1765 4273 1822 4320 et
1849 4267 1870 4297 "
1898 4266 2259 4319 restitutione
2286 4264 2563 4327 omnium,
2589 4261 2661 4313 de
2689 4260 2917 4313 diabolo
2943 4264 3119 4322 atque
3147 4255 3372 4321 angelis
3454 4280 3467 4296 ν

1772 4356 2008 4422 refugis,
2025 4355 2224 4408 eadem
2242 4366 2371 4419 qua
2386 4353 2441 4406 in
2464 4352 2560 4405 illo
2574 4351 2785 4416 culpat,
2805 4350 2928 4415 ipse
2953 4345 3373 4412 conscripserit.

1775 4447 1885 4498 Sed
1910 4450 1967 4498 et
1994 4444 2150 4509 quod
2177 4444 2390 4497 anima
2405 4444 2466 4496 in
2495 4452 2727 4507 corpore
2758 4440 2868 4492 hoc
2905 4438 3117 4491 vincta
3134 4436 3292 4489 velut
3312 4434 3375 4488 in

64 4535 215 4586 dum
229 4534 549 4586 assumitur
562 4531 707 4598 lapis
723 4532 794 4586 de
809 4531 1020 4585 abditis
1033 4535 1089 4583 et
1103 4530 1389 4583 abstrusis
1401 4526 1577 4599 396
1592 4544 1684 4583 an-
1703 4540 1754 4607 ι)
1773 4547 1997 4587 carcere
2029 4537 2359 4586 tenerentur
2373 4535 2403 4593 ί,
2435 4532 2627 4596 ipsum
2654 4529 2890 4589 dixisse,
2924 4526 3164 4579 convici.
3184 4527 3376 4578 Unum

66 4626 259 4690 tiqua
276 4624 483 4677 domus
499 4623 777 4689 partibus,
795 4623 897 4687 qui
912 4635 1083 4676 nova
1101 4621 1310 4674 domus
1328 4621 1575 4673 frontem
1586 4620 1683 4672 de-

67 4719 235 4769 coret
257 4717 317 4766 et
344 4719 583 4767 exornet
597 4713 944 4779 ingressum.
966 4713 1036 4766 Et
1057 4711 1349 4765 interdum
1372 4711 1562 4763 totum
1583 4721 1684 4762 no-

71 4805 250 4859 vella
266 4804 707 4857 constructionis
721 4802 1048 4865 adificium,
1062 4803 1232 4854 unius
1244 4802 1400 4864 antiq
1410 4813 1496 4852 ua
1510 4799 1686 4852 trabis

74 4893 392 4950 stabilitate
402 4895 683 4949 munitur.
696 4896 954 4961 Agamus
966 4905 1100 4959 ergo
1110 4905 1267 4946 nunc
1277 4892 1554 4946 adversus
1566 4903 1687 4955 eos,

137 5119 158 5141 ι
177 5112 313 5172 Ms.,
336 5108 411 5159 Tu
426 5112 701 5175 praterca,
726 5112 924 5167 nescio
947 5125 1024 5167 an
1042 5111 1235 5166 verius
1262 5125 1275 5173 ;
1294 5111 1419 5162 tum
1442 5107 1687 5173 primum

73 5183 305 5249 proprie
327 5196 461 5245 opus
495 5195 598 5247 pro
628 5198 812 5249 prope,
839 5191 979 5238 etc.:
1016 5184 1281 5248 denique,
1303 5180 1687 5245 derogalionis,

74 5268 217 5307 cum
244 5258 438 5307 vetere
470 5255 625 5317 edit.,
651 5269 752 5321 pro
790 5257 1109 5324 derogandi,
1147 5260 1205 5309 et
1228 5252 1555 5305 ineuirenda
1582 5264 1686 5317 pro

74 5342 168 5421 re?
178 5326 433 5378 uirenda.

180 5401 194 5421 Ι
206 5398 237 5421 Α
248 5409 334 5421 Am
353 5410 403 5421 ν...
413 5411 433 5421 .-

173 5398 339 5450 idem
351 5410 481 5466 ms.,
494 5399 819 5465 prohiberis,
831 5400 1066 5466 deindej
1075 5402 1245 5453 uncta
1261 5404 1314 5451 et
1328 5400 1516 5451 vetere
1528 5395 1686 5459 edit.,

77 5476 124 5521 el
147 5471 298 5520 istud
318 5471 463 5535 quod
480 5477 589 5525 etc.

146 5553 163 5575 ε
178 5544 348 5594 .ldem
368 5554 497 5607 ms.,
513 5544 675 5608 prodi
698 5554 914 5611 curant,
943 5560 1045 5613 pro
1067 5545 1268 5596 limuil.

1776 4637 2006 4689 quoque
2035 4635 2161 4675 esse
2190 4634 2399 4687 corpus
2419 4620 2595 4672 totius
2625 4624 2905 4671 creatura
2928 4615 3299 4679 rationabilis,
3316 4613 3376 4668 id

1775 4719 1883 4780 est,
1913 4713 2251 4779 angelorum
2280 4715 2339 4764 et
2351 4710 2694 4771 animarum,
2712 4706 2773 4759 in
2795 4706 2888 4759 his
2911 4706 3053 4771 ipsis
3076 4717 3210 4758 eum
3235 4703 3377 4757 scri-

1776 4805 1962 4870 psisse
1987 4802 2439 4862 Commentariis,
2456 4797 2786 4866 approbavi.
2810 4798 2925 4862 Peri
2936 4796 3042 4849 urii
3054 4797 3225 4849 etiam
3237 4806 3379 4848 con-

1776 4894 2224 4959 faderationem,
2267 4891 2421 4958 apud
2465 4890 2691 4943 nullum
2733 4887 2831 4950 ita,
2876 4892 2939 4941 ut
2974 4886 3129 4953 apud
3164 4885 3377 4952 ipsum,

1843 5110 1938 5162 °In
1966 5123 2097 5173 ms.,
2125 5109 2263 5174 ferri
2293 5122 2394 5174 pro
2407 5108 2547 5173 ﬁeri,
2577 5112 2635 5160 et
2661 5119 2797 5160 mox
2821 5102 3176 5157 lransluleria.
3197 5100 3381 5155 Mani-

1779 5181 1926 5234 festa
1943 5181 2150 5233 menda
2166 5190 2459 5246 pratereo.

1842 5253 1857 5283 τ
1887 5255 2085 5304 Denuo
2114 5242 2222 5303 ms.
2256 5249 2545 5312 laudabile,
2577 5250 2705 5301 tum
2733 5253 2781 5297 et
2804 5261 2924 5312 qua:
2954 5260 3065 5295 non
3092 5244 3267 5307 licent,
3288 5242 3385 5293 de-

1776 5325 1954 5391 fendis
1966 5339 1981 5384 ;
1998 5323 2145 5373 nobis
2174 5337 2296 5388 qua
2312 5323 2459 5372 licita
2473 5325 2619 5383 sunt,
2638 5320 2946 5384 impingens
2960 5318 3035 5367 ad
3058 5316 3285 5391 crimen.

1841 5406 1859 5436 ι
1874 5398 1973 5447 Ms.
1992 5410 2091 5461 pro
2107 5387 2292 5444 nostra
2307 5392 2629 5458 purgalione
2644 5390 2951 5452 deferimus,
2985 5387 3383 5453 respondimus,

1779 5483 1923 5531 cum,
1947 5472 2056 5520 etc.

1842 5540 1863 5571 δ
1896 5530 2084 5591 Minus
2114 5536 2253 5589 item
2279 5535 2425 5587 bene
2452 5533 2817 5586 Guarnerian.
2880 5545 3009 5594 nis.,
3046 5534 3094 5582 el
3124 5530 3186 5580 de
3211 5543 3386 5580 resur-

146 5615 170 5645 ⁴
207 5617 443 5667 Rectius
480 5617 719 5670 fortasse
755 5619 814 5670 in
851 5611 1041 5672 vetare
1071 5617 1223 5676 edit.,
1264 5614 1342 5666 vel
1377 5614 1575 5678 odoris,
1612 5611 1691 5662 vel
1780 5612 2032 5662 reclione.

84 5688 299 5751 coloris,
325 5691 431 5738 etc.
456 5688 584 5739 Mox
609 5692 882 5743 Guarner.
899 5703 1032 5755 ms.,
1057 5705 1192 5755 opus
1215 5695 1393 5738 tamen
1418 5685 1686 5748 condebal,

88 5776 191 5828 pro
216 5759 558 5828 opusculum,
583 5767 692 5815 etc.

381 5880 672 5941 PATROL.
713 5880 887 5941 XXI.

1842 5685 1935 5735 iin
1976 5695 2103 5744 ms.,
2138 5683 2401 5745 tenentur,
2433 5690 2712 5741 unumque
2741 5690 2843 5727 esse
2870 5689 3063 5740 corpus
3101 5674 3261 5725 lolius
3291 5686 3390 5723 na-

1782 5760 1920 5807 tura:
1936 5753 2296 5816 ralionabilis,
2316 5755 2425 5805 etO.

2992 5863 3063 5924 20
