3900 6386
534 349 640 405 619
1569 349 1811 401 RUFINI
1845 348 2339 411 AQUILEIENSIS
2372 346 2825 399 PRESBYTERI.
3755 347 3852 404 620

538 448 767 502 ostendi
785 450 1233 503 sacratissimam
1254 456 1273 479 ⁸
1294 447 1636 500 conversari.
1658 447 1970 499 Veritatem
1984 446 2135 500 adte-
2156 444 2214 518 Α
2238 447 2400 500 nolui
2418 448 2467 510 ej
2475 460 2546 498 us
2562 459 2720 497 nunc
2736 449 2943 497 caetera
2959 444 3168 509 scripta
3181 445 3529 511 contingere,
3547 452 3623 498 ut
3638 446 3716 499 de
3732 448 3851 499 istis

539 549 678 603 que,
714 543 773 591 et
807 540 1195 603 perfectiorem
1224 537 1543 590 doctrinam
1573 548 1692 588 non
1720 549 1852 589 esse
1873 538 2143 589 omnibus
2247 549 2393 601 pene
2416 535 2552 588 solis
2574 536 3024 593 convinceretur,
3046 534 3118 587 de
3138 535 3347 599 quibus
3367 535 3489 600 ipse
3511 537 3767 601 sibijam
3784 537 3852 589 lo-

540 627 960 693 publicandam,
989 630 1050 680 in
1080 628 1220 693 ipsis
1253 626 1688 679 Commentariis
1717 626 1908 690 ipsum
1941 626 2143 678 docere
2244 638 2379 677 cum
2407 626 2692 677 clauserat
2716 624 3046 689 paenitendi.
3072 627 3205 676 Post
3228 625 3420 677 omnia
3439 638 3578 677 vero
3600 627 3849 693 ostendi,

541 718 781 769 convici.
805 718 951 769 Tum
967 730 985 760 δ
1008 718 1142 769 inde
1162 716 1471 769 seaculares
1490 715 1684 777 libros,
1711 729 1812 781 pro
1828 717 2039 780 quibus
2061 728 2145 769 se-

541 804 701 858 denti
717 818 896 870 seque
911 806 1234 859 verberanti
1249 818 1352 871 pro
1365 804 1747 858 tribunalibus
1761 805 1983 857 Christo
1991 806 2144 857 dixe-

538 898 645 955 rat,
664 911 693 942 α
714 895 771 947 Si
788 908 1050 959 unquam
1064 895 1273 961 legero,
1290 894 1385 948 vel
1399 895 1656 947 habuero
1672 895 1982 946 Gentilium
1997 894 2143 947 codi-

537 995 650 1045 ces,
674 984 980 1050 tenegavi;
1001 1002 1030 1035 ιο
1051 999 1208 1037 nunc
1223 998 1344 1037 non
1372 984 1563 1037 solum
1583 984 1772 1050 legere
1792 984 1885 1037 vel
1907 985 2007 1048 [AL
2031 985 2138 1049 et];

533 1070 761 1137 habere,
792 1086 997 1127 verum
1020 1076 1450 1128 etiam-omnem
1473 1086 1597 1127 sum
1616 1074 1892 1127 doctrina:
1916 1075 2142 1139 jactan-

540 1161 679 1214 tiam
697 1162 760 1214 in
777 1161 870 1215 his
888 1176 1023 1216 eum
1040 1177 1236 1227 gerere
1251 1164 1645 1217 demonstravi
1663 1164 2136 1228 [demonstravit],

534 1249 599 1303 in
619 1254 847 1304 tantum
865 1258 932 1306 ut
951 1254 1123 1306 etiam
1142 1266 1243 1319 per
1258 1256 1543 1319 Isagogen
1556 1254 1879 1319 impiissimi
1895 1255 2141 1320 Porphy-

537 1338 606 1391 rii
635 1340 938 1394 inductum
968 1356 1031 1395 se
1059 1356 1189 1396 esse
1217 1342 1490 1409 glorietur
1516 1344 1587 1395 ad
1609 1344 1891 1408 Logicam.
1916 1346 1985 1396 Et
2003 1355 2136 1396 cum

541 1427 850 1483 Gentilium
871 1432 1140 1497 dogmata
1159 1445 1288 1485 esse
1308 1433 1537 1497 diceret,
1559 1445 1790 1497 quoquo
1804 1434 1977 1486 modo
1999 1447 2136 1486 sen-

535 1519 637 1571 tire
669 1520 762 1572 vel
794 1521 866 1573 de
897 1522 1107 1587 anima,
1144 1522 1233 1575 vel
1267 1523 1339 1576 de
1369 1523 1593 1576 cmteris
1623 1525 1913 1588 creaturis,
1942 1526 2134 1589 ipsum

532 1609 714 1661 multo
738 1609 949 1663 foedius
970 1612 1289 1665 Gentilibus
1305 1613 1539 1676 dixisse,
1557 1614 1712 1676 quod
1734 1615 1887 1666 Deus
1906 1626 2132 1666 socrum

530 1697 790 1763 haberet,
814 1700 1062 1752 ostendi.
1093 1701 1202 1753 Sed
1232 1706 1291 1754 et
1313 1714 1445 1753 cum
1475 1715 1537 1754 se
1566 1701 1809 1755 dixisset
1826 1704 1887 1754 in
1906 1703 2133 1756 duabus

2245 715 2399 780 quod
2440 728 2632 766 sacros
2662 724 2679 745 ·
2710 716 2930 778 Libros,
2961 727 3107 779 quos
3135 715 3395 779 Apostoli
3422 716 3702 768 Ecclesiis
3726 722 3850 769 tan-

2244 817 2418 870 quam
2436 806 2676 869 Spiritus
2694 804 3061 856 Sanctiﬁdele
3073 804 3395 870 depositum
3409 807 3851 859 commendave-

2240 900 2389 958 rant,
2420 894 2847 959 permutaverit,
2879 899 2936 946 et
2965 894 3118 958 quod
3139 895 3205 955 is,
3230 895 3328 959 qui
3350 895 3660 949 audaciam
3691 904 3849 949 vocet

2240 984 2301 1036 in
2317 984 2616 1036 hominum
2629 984 2920 1049 cpusculis
2934 985 3243 1049 vertendis,
3256 985 3378 1050 ipse
3389 986 3503 1050 maj
3512 998 3614 1039 ore
3625 986 3849 1052 piaculo

2240 1074 2464 1139 eloquia
2483 1075 2678 1126 divina
2699 1076 3059 1126 subverterit.

2300 1163 2386 1218 44.
2419 1164 2690 1230 Superest
2713 1165 2836 1228 jam
2858 1169 2923 1216 ut
2941 1164 3344 1228 unusquisque
3364 1165 3461 1228 qui
3482 1164 3614 1218 hac
3636 1179 3851 1231 cogno-

2240 1254 2364 1319 scit,
2388 1253 2483 1305 tali
2498 1254 2711 1319 judicio
2729 1254 2983 1321 favorem
3001 1266 3172 1305 suum
3188 1254 3348 1306 alteri
3364 1259 3638 1307 nostrum
3660 1257 3846 1309 confe-

2236 1350 2341 1408 rat,
2357 1342 2510 1408 quali
2516 1343 2729 1407 judicio
2743 1357 2804 1395 se
2815 1356 2850 1395 a
2863 1345 2976 1395 Deo
2989 1344 3538 1409 cupitipsejudicari,
3552 1359 3669 1397 nec
3684 1359 3848 1397 suam

2234 1432 2409 1485 laedat
2434 1433 2704 1495 animam,
2737 1433 2877 1484 dum
2904 1432 3065 1485 alteri
3113 1428 3288 1500 399
3322 1431 3575 1505 favorem
3608 1440 3847 1499 prteth

2233 1522 2534 1588 injustum.
2576 1525 2895 1586 Cognoscat
2928 1521 2947 1555 τ
2979 1522 3150 1573 etiam
3189 1534 3287 1586 per
3326 1526 3398 1584 te,
3431 1522 3509 1573 illi
3541 1523 3845 1576 carissime

2234 1613 2573 1677 Aproniano,
2598 1616 2835 1663 sanctus
2855 1611 2941 1663 vir
2958 1610 3051 1663 ille
3079 1610 3495 1674 Pammachius,
3517 1613 3700 1677 cujus
3721 1613 3848 1678 Epi-

2233 1702 2439 1756 stolam
2459 1702 2678 1754 amicus
2698 1714 2865 1753 meus
2882 1701 3303 1765 (Hieronymus)
3320 1702 3381 1752 in
3398 1702 3742 1754 Invectione
3763 1701 3845 1754 vel

536 1791 766 1839 tantum
788 1789 1247 1843 Prmfaﬁuncuhs
1266 1792 1526 1857 Origenis
1540 1793 1893 1857 meminisse,
1910 1799 1977 1846 ut
1990 1795 2141 1859 inge-
2168 1783 2223 1859 B
2243 1792 2606 1845 accusatione
2621 1791 2729 1843 hac
2741 1803 2846 1842 sua
2856 1789 3106 1855 protulit,
3119 1790 3179 1841 in
3190 1790 3396 1842 Christi
3405 1790 3721 1855 adjutorio,
3734 1804 3847 1844 non

532 1875 684 1929 niosi
694 1878 881 1942 magis
897 1891 1071 1942 quam
1082 1880 1378 1944 apostolici
1390 1881 1512 1945 viri,
1525 1882 1822 1935 brevitatis
1834 1896 2040 1936 caussa
2051 1883 2145 1937 de-

2247 1882 2471 1943 studiis,
2497 1881 2598 1933 sed
2616 1880 2961 1933 innocentia:
2980 1880 3306 1942 favendum,
3324 1893 3429 1933 nec
3449 1881 3508 1933 in
3523 1893 3745 1933 caussa
3760 1896 3846 1934 ve-

534 1977 661 2018 cem
678 1965 831 2019 solas
849 1969 1320 2023 Praefatiunoulas
1336 1970 1563 2035 protuli,
1579 1971 1641 2022 in
1658 1972 1868 2035 quibus
1885 1986 2017 2026 eum
2030 1988 2148 2027 non
2244 1972 2426 2024 ritatis
2445 1970 2700 2022 studiose
2715 1969 3004 2034 agendum
3020 1982 3149 2021 esse
3165 1970 3349 2034 magis
3365 1982 3539 2033 quam
3552 1970 3841 2035 religiose.

535 2054 724 2107 solum
741 2062 808 2109 ut
826 2057 1207 2122 apostolicum
1232 2059 1441 2121 virum,
1466 2059 1569 2112 sed
1586 2060 1828 2114 alterum
1849 2068 1979 2127 post
1998 2067 2151 2130 Apo-

533 2144 715 2198 stolos
754 2146 1141 2200 Ecclesiarum
1177 2150 1537 2213 magistrum,
1575 2155 1635 2203 et
1668 2153 1822 2215 quod
1849 2168 1983 2208 eum
2013 2173 2146 2214 cum

541 2234 818 2290 omnibus
837 2237 1222 2301 prudentibus
1243 2245 1595 2303 sequeretur,
1618 2245 1857 2317 asserui.

592 2375 682 2431 43.
705 2378 994 2431 Praeterea
1016 2379 1311 2433 evidenter
1331 2378 1709 2449 ostendimus,
1732 2399 1803 2438 ex
1824 2401 1981 2442 more
2007 2389 2141 2444 huic

528 2474 679 2528 esse,
710 2471 777 2518 ut
796 2468 962 2519 bonis
983 2471 1253 2523 omnibus
1274 2472 1523 2537 deroget,
1565 2470 1740 2541 398
1789 2482 1846 2528 et
1868 2477 1927 2528 in
1947 2478 2054 2531 hoc
2076 2495 2137 2533 se

531 2558 694 2618 putet
711 2554 931 2619 aliquid
958 2569 1107 2618 esse,
1133 2559 1181 2609 si
1201 2560 1460 2623 Opinatos
1486 2574 1747 2627 quosque
1768 2566 1940 2628 viros,
1964 2573 2019 2619 et
2040 2571 2137 2634 qui

531 2641 746 2706 aliquid
782 2645 1032 2696 nominis
1068 2646 1129 2697 in
1152 2646 1329 2699 literis
1364 2649 1463 2712 [AL
1503 2651 1629 2702 add.
1658 2653 1777 2719 Dei]
1814 2654 2133 2722 habuerint,

490 2760 491 2763 η
531 2731 931 2796 reprehendat.
958 2736 1187 2786 ostendi
1208 2737 1376 2788 etiam
1395 2751 1568 2801 quam
1588 2740 1820 2805 indigne
1840 2745 2133 2799 ministros

533 2824 592 2872 et
625 2821 959 2875 Sacerdotes
992 2824 1195 2877 Christi
1226 2826 1572 2880 laceraverit.
1607 2831 1713 2882 Sed
1741 2845 1815 2884 ne
1834 2837 2129 2889 monachis

534 2909 766 2973 quidem
806 2924 868 2963 se
910 2912 1225 2978 virginibus
1264 2916 1404 2981 ipsis
1443 2930 1588 2982 quas
1615 2918 1966 2989 laudaverat,
1994 2934 2011 2955 ε
2037 2926 2127 2979 vel

532 2999 961 3053 continentibus
986 3004 1314 3068 pepercerit,
1337 3011 1510 3070 atque
1530 3020 1760 3062 omnem
1782 3012 2128 3068 Christiano-

530 3100 659 3140 rum
691 3089 951 3143 ordinem
987 3097 1045 3143 et
1074 3093 1317 3157 gradum
1336 3095 1539 3148 libellis
1563 3098 1730 3152 {cedis
1749 3102 2127 3158 infamaverit.

528 3177 805 3231 Sanctum
843 3193 1079 3245 quoque
1113 3183 1301 3236 virum
1335 3187 1725 3252 Ambrosium,
1756 3193 1923 3259 cujus
1953 3195 2143 3254 adhuc

527 3268 822 3359 praeclarae
861 3271 997 3323 vitae
1031 3274 1307 3326 memoria
1337 3275 1397 3326 in
1430 3278 1637 3331 animis
1669 3283 1927 3336 omnium
1964 3288 2140 3356 viget,

528 3357 705 3420 quam
756 3357 998 3425 indigne
1046 3366 1103 3413 et
1151 3363 1388 3427 turpiter
1432 3363 1779 3423 laceraverit.
1831 3374 2140 3441 Didymum

531 3446 723 3511 etiam,
742 3459 920 3511 quem
937 3448 1159 3502 dudum
1174 3452 1323 3504 inter
1339 3453 1600 3508 videntes
1617 3458 1921 3525 Prophetas
1935 3471 1991 3518 et
2002 3470 2138 3534 Apo,

533 3535 712 3587 stolos
728 3542 1014 3601 posuerat,
1034 3552 1190 3592 nunc
1205 3542 1354 3593 inter
1372 3543 1472 3606 [AL
1489 3559 1718 3612 quoque
1728 3550 1894 3619 inter]
1915 3559 2139 3623 eos,qui

531 3623 761 3678 diversa
797 3628 871 3678 ab
912 3627 1178 3682 Ecclesiis
1215 3630 1475 3697 doceant,
1504 3636 1827 3693 collocarit:
1856 3650 1913 3697 et
1934 3659 2137 3700 omnes

532 3714 767 3768 omnino
788 3716 879 3769 vel
902 3719 1174 3783 antiquos
1212 3720 1306 3773 vel
1325 3723 1586 3777 novellos
1613 3730 1917 3798 scriptores
1939 3734 1959 3765 δ
1981 3738 2135 3800 quod

530 3817 689 3857 nunc
718 3805 1036 3872 imperitiae,
1077 3822 1232 3861 nunc
1263 3811 1495 3877 ineptiae
1532 3822 1690 3870 notet
1717 3834 1729 3871 :
1761 3822 1831 3873 ad
1866 3824 2135 3878 ultimum

534 3895 689 3959 quod
707 3909 814 3949 nec
836 3899 1180 3964 Martyribus
1197 3908 1406 3966 parcat.
1425 3905 1494 3957 Et
1513 3905 1637 3959 haac
1653 3912 1861 3974 omnia,
1885 3920 1953 3967 ut
1969 3929 2136 3981 supe-

530 3985 651 4038 rius
669 3985 806 4050 dixi,
827 4001 946 4040 non
967 3992 1257 4044 extraneis
1277 3994 1582 4058 aliquibus,
1608 3999 1709 4051 sed
1732 4003 1853 4055 suis
1874 4003 2055 4058 literis
2077 4012 2136 4060 et

533 4089 597 4129 se
632 4077 757 4141 ipso
796 4082 962 4136 teste.
1002 4080 1240 4142 convici,
1279 4095 1380 4147 per
1412 4085 1642 4149 singula
1670 4102 1919 4156 quaeque
1950 4105 2021 4147 ex
2042 4095 2134 4148 his

530 4166 673 4232 ipsis
692 4168 1112 4231 probatissimis
1144 4170 1251 4221 sibi
1273 4170 1432 4224 libris
1458 4176 1785 4231 testimonia
1805 4183 2097 4245 proferens
2121 4220 2132 4252 ε

533 4269 681 4320 quos
718 4256 894 4308 libros
934 4258 1105 4310 etiam
1143 4272 1274 4309 cum
1307 4260 1379 4313 de
1416 4266 1639 4316 caeteris
1660 4270 1928 4323 omnibus
1949 4273 2134 4339 dictis,

533 4343 622 4398 vel
660 4344 884 4411 scriptis
925 4346 1047 4398 suis
1081 4348 1355 4411 paenitere
1395 4364 1458 4402 se
1496 4352 1664 4417 dicat,
1701 4369 1819 4409 non
1852 4372 1967 4424 quo
2005 4375 2138 4416 vere

532 4434 828 4499 paeniteat,
840 4435 941 4488 sed
953 4448 1069 4499 quo
1079 4442 1428 4501 angustatus
1446 4441 1545 4504 [AL
1559 4448 1943 4522 angustiatus]
1961 4452 2021 4503 'm
2032 4453 2139 4506 hoc
2165 4448 2222 4522 D

533 4524 772 4588 venerit,
809 4530 878 4577 ut
915 4530 1017 4579 aut
1054 4528 1392 4591 pmnitentia
1425 4531 1534 4583 sibi
1557 4533 1657 4597 [AL
1676 4535 1768 4601 ibi]
1788 4545 1944 4592 esset
1961 4541 2133 4595 simu-

532 4613 731 4676 landa,
743 4618 845 4665 aut
861 4627 979 4665 non
998 4622 1198 4679 posset
1215 4618 1479 4673 mordere
1500 4622 1592 4675 vel
1606 4623 1817 4679 laedere
1834 4640 2007 4693 quem
2023 4632 2134 4685 vel-

533 4702 613 4754 let
641 4702 760 4764 '[AL
797 4702 1071 4769 volebat],
1110 4705 1236 4758 illos
1280 4712 1493 4774 tamen,
1532 4716 1599 4765 ut
1634 4715 1772 4779 dixi,
1810 4716 1987 4772 libros
2026 4722 2133 4774 sibi

530 4790 759 4855 excepit
775 4791 947 4857 solos,
971 4788 1247 4859 tanquam
1266 4798 1504 4853 minime
1522 4804 1902 4866 pmnitendos.
1922 4810 1992 4863 Et
2005 4810 2132 4866 ideo

596 5036 804 5119 'Yacat
821 5036 1155 5119 lacunulain
1174 5054 1285 5094 ms.
1308 5044 1560 5119 Verbum
1579 5046 1688 5101 hoc
1707 5053 1900 5103 autem
1917 5068 2136 5105 conver-

531 5115 646 5191 sari
667 5121 767 5173 pro
781 5122 900 5191 quo
923 5115 1443 5191 tamenconservari
1462 5117 1671 5184 legitur
1690 5121 1751 5173 in
1772 5126 2136 5191 subsequen-

532 5184 648 5303 telm
677 5181 974 5305 periotdum
1005 5184 1084 5236 ita
1116 5186 1471 5255 transfertur,
1516 5181 1798 5244 Veritatem
1830 5181 2135 5249 conservari

532 5268 562 5302 a
602 5266 769 5305 (caue,
794 5266 825 5305 e
854 5267 901 5305 c.
2062 5294 2065 5297 ·

528 5266 769 5315 actaque,
794 5266 901 5305 etc.

591 5334 613 5362 b
642 5325 768 5405 his?
823 5327 955 5405 Tum
994 5326 1215 5405 deinde;
1245 5335 1302 5383 et
1334 5344 1498 5405 mox,
1531 5335 1731 5389 sedenti
1758 5346 1916 5405 atque
1945 5340 2121 5389 verbe-

527 5398 707 5475 ;
723 5397 987 5475 denique,
1011 5400 1057 5448 si
1074 5416 1320 5475 unquam
1338 5404 1524 5468 legero,
1542 5409 1589 5457 si
1604 5397 1849 5475 unquant
1864 5412 2116 5462 habuero.

2246 2064 2602 2126 Praeceptum
2639 2064 2730 2111 est
2758 2059 2910 2111 enim
2931 2059 3176 2123 Domini,
3196 2063 3263 2110 ut
3280 2071 3400 2112 non
3417 2059 3751 2111 secundum
3770 2062 3847 2112 fa-

2244 2153 2408 2217 ciem,
2430 2150 2532 2203 sed
2552 2154 2773 2201 rectum
2788 2149 3115 2213 judicemus
3131 2148 3430 2212 judicium.
3450 2149 3592 2210 Quia
3616 2150 3772 2202 sicut
3790 2151 3844 2201 in

2241 2253 2590 2305 unoquoque
2625 2239 2995 2291 minimorum
3034 2251 3272 2291 suorum
3309 2238 3568 2291 Christus
3597 2244 3716 2301 est,
3749 2240 3843 2303 qui

2241 2332 2421 2384 esurit
2439 2335 2497 2382 et
2516 2316 2635 2381 sitit
2653 2334 2711 2381 et
2729 2328 2922 2380 nudus
2944 2333 3052 2393 est,
3073 2333 3132 2380 et
3148 2328 3271 2393 ipse
3290 2332 3381 2380 est
3399 2328 3499 2392 qui
3512 2328 3773 2380 reficitur
3788 2333 3844 2380 et

2236 2421 2527 2474 induitur:
2558 2420 2639 2471 ita
2664 2420 2725 2470 in
2755 2419 2862 2481 his,
2885 2418 3327 2483 quijudicantur
3344 2418 3581 2484 injuste,
3601 2418 3736 2483 ipse
3755 2423 3843 2471 est

2238 2511 2335 2575 qui
2362 2510 2556 2573 inique
2584 2509 2894 2574 judicatur.
2926 2510 2996 2561 Et
3023 2521 3124 2573 pro
3153 2508 3243 2560 his
3271 2508 3371 2573 qui
3401 2507 3531 2561 odio
3550 2507 3842 2561 habentur

2235 2601 2429 2666 gratis,
2448 2600 2570 2665 ipse
2586 2599 2847 2651 dicturus
2864 2603 2970 2660 est,
2988 2598 3203 2650 Odistis
3217 2610 3311 2649 me
3325 2598 3521 2664 gratis.
3539 2598 3837 2661 Quomodo

2235 2690 2489 2743 testimat
2507 2690 2656 2743 hanc
2678 2701 2947 2741 caussam
2967 2693 3025 2740 et
3047 2688 3150 2752 [AL
3171 2688 3280 2752 vel]
3303 2688 3413 2741 hoc
3435 2690 3648 2741 factum
3669 2701 3837 2741 suum

2231 2794 2294 2859 in
2312 2779 2701 2831 tribunalibus
2723 2778 2933 2830 Christi
2943 2777 3337 2843 judicandum,
3356 2791 3490 2830 cum
3504 2779 3722 2832 habeat
3737 2791 3839 2830 sua

2228 2870 2601 2931 conscientia,
2635 2869 2789 2933 quod
2820 2869 3045 2921 codices
3072 2868 3227 2920 illius
3248 2873 3447 2921 contra
3462 2870 3835 2921 Jovinianum

2238 2960 2499 3025 scriptos,
2522 2958 2619 3023 qui
2635 2960 2757 3023 jam
2778 2958 3002 3023 publice
3020 2957 3358 3023 legebantur
3375 2962 3434 3010 et
3451 2957 3835 3022 reprehende-

2239 3051 2466 3113 bantur,
2510 3048 2860 3101 subtraxerit
2898 3049 2969 3099 de
2996 3048 3266 3100 manibus
3283 3047 3620 3112 legentium,
3643 3054 3705 3101 et
3722 3047 3838 3100 cul-

2163 3111 2213 3188 C
2241 3111 2834 3206 pantesvprohibuerit,
2856 3142 3029 3202 atque
3049 3111 3384 3203 culpaverit;
3403 3137 3691 3214 remiserit
3707 3150 3838 3191 vero

2242 3231 2315 3282 ad
2349 3230 2543 3295 ipsum
2568 3234 2861 3282 auctorem
2888 3228 3064 3281 libros
3095 3241 3253 3292 suos,
3273 3228 3577 3280 insinuans
3598 3241 3685 3291 ea,
3709 3240 3838 3294 qute

2242 3321 2315 3373 ad
2342 3320 2847 3386 reprehensionem
2876 3319 3155 3381 venirent,
3177 3323 3245 3371 ut
3263 3319 3355 3371 vel
3374 3318 3729 3380 emendaret,
3752 3317 3838 3371 vel

2240 3424 2381 3475 rem,
2402 3424 2636 3476 quoquo
2656 3410 2829 3465 modo
2846 3420 2864 3451 ι
2878 3415 3094 3475 posset,
3118 3414 3365 3473 curaret;
3388 3421 3551 3461 meos
3568 3422 3710 3462 vero
3725 3421 3837 3462 non

2240 3503 2484 3567 codices,
2526 3501 2628 3553 sed
2670 3500 2976 3552 schedulas
3007 3500 3388 3565 imperfectas,
3418 3500 3837 3563 inemendatas,

2237 3591 2387 3644 furto
2408 3589 2714 3657 cujusdam
2727 3590 3032 3643 nebulonis
3052 3596 3111 3643 et
3125 3588 3324 3642 fraude
3340 3591 3689 3654 subtractas,
3706 3590 3837 3642 sibi-

2238 3696 2351 3747 que
2368 3682 2606 3743 delatas,
2639 3694 2771 3733 cum
2787 3694 2881 3734 me
2898 3682 3037 3733 inibi
3052 3682 3289 3735 haberet
3302 3685 3675 3745 pmsentem,
3690 3680 3829 3732 mihi

2236 3772 2469 3838 quidem
2497 3785 2615 3825 non
2637 3772 2861 3824 oll‘erret
2893 3771 2995 3837 [AL
3022 3771 3285 3835 eil‘erret],
3310 3783 3498 3835 neque
3520 3783 3834 3836 conquere-

2235 3866 2405 3923 retur,
2428 3861 2527 3913 sed
2545 3874 2619 3914 ne
2635 3860 2928 3925 increpare
2942 3860 3194 3925 quidem,
3211 3865 3312 3913 aut
3326 3861 3498 3912 etiam
3509 3873 3751 3926 arguere
3762 3859 3837 3912 di-

2236 3956 2523 4018 gnaretur,
2556 3950 2648 4003 vel
2674 3965 2775 4018 per
2802 3952 3049 4003 amicum
3079 3956 3230 4003 certe
3252 3950 3524 4016 aliquem,
3546 3957 3651 4004 aut
3665 3951 3833 4005 etiam

2234 4055 2335 4107 per
2360 4041 2681 4105 inimicum;
2714 4040 2815 4093 sed
2838 4040 2911 4093 ad
2945 4041 3234 4093 Orientem
3258 4040 3278 4070 "
3303 4042 3572 4105 mitteret,
3597 4047 3659 4094 et
3671 4041 3832 4094 insti-

2235 4137 2396 4196 garet
2421 4132 2635 4197 lingam
2663 4132 2791 4196 ejus
2815 4131 3085 4195 hominis,
3110 4131 3209 4196 qui
3231 4144 3358 4184 eam
3385 4136 3701 4197 temperare
3715 4144 3831 4185 non

2236 4226 2490 4274 noverat.
2517 4220 2661 4282 Quid
2686 4225 2885 4275 contra
2904 4220 3237 4286 religionem
3262 4221 3490 4286 faceret,
3508 4223 3558 4273 si
3574 4234 3670 4275 me
3685 4233 3829 4288 prm-

2238 4315 2461 4363 sentem
2484 4310 2674 4376 potius
2700 4310 3105 4363 convenisset?
3127 4312 3189 4363 in
3213 4316 3439 4364 tantum
3460 4324 3535 4364 ne
3552 4311 3829 4376 colloquio

2236 4401 2363 4464 ejus
2390 4400 2729 4452 videbamur
2750 4399 2990 4466 indigni,
3017 4405 3084 4454 ut
3106 4402 3180 4453 ab
3196 4414 3263 4454 eo
3281 4414 3388 4453 nec
3402 4402 3569 4468 argui
3581 4413 3830 4455 merere-

2233 4503 2363 4542 mur
2376 4492 2401 4542 ‘l
2430 4492 2500 4542 Et
2527 4503 2628 4555 pro
2658 4490 2825 4542 nobis
2851 4490 3113 4543 Christus
3137 4496 3401 4544 mortuus
3417 4496 3526 4554 est,
3542 4496 3601 4544 et
3614 4504 3717 4556 pro
3732 4502 3832 4544 no—

2230 4585 2349 4633 stra
2362 4580 2753 4647 redemptione
2771 4581 3114 4647 sanguinem
3128 4578 3245 4649 40
3256 4578 3305 4649 0
3329 4594 3502 4634 suum
3518 4580 3679 4633 rudit.
3696 4582 3832 4632 Pec-

2229 4675 2450 4729 catores
2479 4671 2713 4736 quidem
2745 4670 2850 4735 [AL
2879 4671 3204 4737 siquidem],
3232 4671 3333 4725 sed
3358 4672 3429 4725 de
3452 4671 3634 4736 ipsius
3660 4681 3830 4736 grege

2230 4775 2455 4826 sumus,
2487 4765 2543 4813 et
2569 4762 2718 4814 inter
2746 4764 2874 4828 ejus
2906 4761 3163 4815 oviculas
3196 4774 3587 4815 numeramur.
3615 4762 3827 4813 Verum

2230 4852 2364 4920 quia
2387 4856 2615 4919 propter
2637 4852 2821 4906 Deum
2850 4853 3157 4906 contemsit
3170 4852 3527 4907 nobilitatem
3541 4864 3728 4919 suam,
3745 4852 3756 4882 ί
3772 4854 3830 4903 et

2237 5051 2385 5099 teres
2412 5043 2691 5097 editiones
2717 5043 2947 5111 habent,
2980 5057 3112 5111 qum
3140 5050 3199 5099 et
3223 5046 3610 5112 permutauerit
3631 5044 3694 5099 in
3716 5043 3825 5097 line

2236 5117 2524 5180 sectionis,
2541 5128 2641 5182 pro
2663 5114 2985 5181 subverteril,
3002 5117 3223 5184 legunt.

2250 5208 2257 5215 '
2296 5189 2317 5225 τ
2342 5192 2408 5241 In
2435 5189 2802 5241 Guarnerian.
2829 5200 2959 5251 ms.,
2986 5196 3264 5255 cognoscat
3287 5196 3467 5241 autem
3491 5195 3647 5258 perte
3669 5187 3822 5239 etiam

2233 5266 2449 5312 sanctus
2485 5261 2571 5310 vir
2606 5261 2719 5326 ille,
2758 5262 2911 5327 cujus
2945 5262 3271 5326 Epistolam,
3304 5269 3433 5325 etc.,
3466 5261 3819 5314 dissimulato

2221 5332 2610 5386 Pammachius
2625 5333 2875 5395 nomine,
2900 5334 3055 5399 quod
3072 5339 3128 5387 et
3143 5335 3203 5386 in
3221 5340 3417 5388 vetere
3433 5335 3681 5387 editione
3697 5332 3819 5385 reti-

2221 5412 2398 5471 cetur,
2419 5418 2487 5457 ac
2502 5404 2727 5457 videtur
2746 5418 2818 5458 ex
2840 5406 3014 5459 limbo
3038 5408 3099 5459 in
3121 5412 3349 5460 textum
3377 5407 3691 5473 irrepsisse.
3712 5406 3815 5455 Vc-

591 5478 609 5499 τ
630 5470 854 5548 his,ch
885 5472 1238 5539 conventibus,
1275 5480 1333 5528 et
1369 5478 1538 5542 paulo
1564 5470 1713 5546 post,
1750 5483 1933 5534 libellis
1966 5484 2120 5533 editis
2216 5491 2345 5531 reor
2358 5484 2416 5530 et
2431 5477 2568 5541 quin
2588 5483 2802 5527 sanctus
2830 5480 2915 5529 vir
2938 5479 3025 5529 ille
3059 5476 3311 5548 εἰρωνικῶς
3344 5470 3565 5532 dicatur
3596 5476 3811 5531 Ruﬁno.

528 5552 628 5605 pro
645 5540 817 5603 Redis.

591 5612 612 5641 "
631 5615 816 5666 Antea
832 5612 1043 5667 lectum
1061 5632 1189 5681 quos
1199 5635 1219 5681 ,-
1238 5632 1346 5671 ms.
1366 5622 1636 5675 restituit.

586 5691 607 5713 ⁸
641 5686 767 5759 Ms,
802 5701 978 5759 saeros
1010 5690 1244 5752 codices;
1277 5696 1335 5744 et
1370 5702 1523 5757 mox,
1559 5696 1915 5759 permutavit;
1952 5696 2116 5750 deni-

524 5766 637 5820 que
655 5756 949 5811 audaciam
962 5766 1102 5814 notet
1121 5775 1223 5828 pro
1248 5769 1406 5831 vocet,
1432 5756 1920 5831 quemadmodum
1936 5774 1994 5825 et
2013 5783 2117 5825 ve-

2281 5559 2298 5589 ι
2314 5552 2483 5602 Tacet
2500 5562 2609 5602 ms.
2624 5556 2813 5614 posset.

2278 5619 2300 5650 ¹¹
2330 5624 2454 5688 Ms,
2484 5622 2705 5685 mittere,
2734 5628 2780 5671 et
2804 5622 3079 5689 instigare.
3110 5623 3283 5676 Paulo
3307 5628 3438 5689 post
3463 5638 3528 5673 ne
3554 5618 3807 5678 voculam

2217 5696 2385 5759 tacet,
2401 5693 2501 5745 ubi
2515 5693 2719 5746 dicitur
2734 5694 3012 5745 inlantum
3027 5710 3093 5746 ne
3108 5696 3374 5761 colloquio
3391 5696 3523 5761 ejus,
3542 5699 3652 5748 etc.

2290 5769 2389 5821 ‘Et
2424 5768 2772 5834 Hieronymo
2808 5769 3177 5822 nobilissimus
3197 5770 3642 5823 Christianorum
3669 5777 3810 5822 com-
