3900 6420
20 390 134 447 621

1142 387 1521 441 APOLOGIE
1576 388 1786 443 LIBER
1838 390 2221 445 SECUNDUS.

3219 410 3323 466 622

35 493 222 542 totum
262 498 327 540 se
363 486 693 550 exaquavit
722 484 1061 549 humilibus,
1088 485 1369 550 optimum
1397 485 1630 551 quidem
1644 486 1703 560 Α
1731 491 1891 541 ctum
1930 500 2061 557 esse
2096 489 2504 556 interpretatus
2541 499 2647 557 est,
2692 500 2753 549 et
2788 497 3010 555 addens
3048 502 3123 559 de
3162 518 3270 561 suo
3308 522 3323 561 :

40 591 184 643 opus
214 576 347 642 ejus
373 576 435 628 in
461 575 575 628 ﬁde
605 575 825 653 Christi,
858 580 915 628 et
942 573 1097 640 quod
1124 575 1386 641 exemplo
1411 577 1634 630 cateris

20 679 171 729 esse
205 666 437 727 debeat,
474 665 816 718 conﬁtemur
843 680 858 716 :
898 664 1105 717 idcirco
1136 674 1154 694 ·
1182 665 1473 718 noluimus
1502 680 1635 720 eum

40 757 315 810 humanis
356 755 580 815 studiis,
617 740 1194 819 contentionibusque
1225 755 1452 821 raptari,
1481 770 1555 809 ne
1574 758 1635 808 in

38 847 229 911 aliquo
264 846 399 898 ﬁdei
434 856 556 897 sua
593 845 829 896 sentiret
857 844 1282 897 detrimentum.
1313 848 1474 898 Certe
1503 859 1635 898 cum

38 937 261 1002 legerit,
291 935 448 1000 quod
473 947 540 987 ea
557 935 698 1000 ipsa,
726 934 797 987 de
821 934 1032 999 quibus
1051 940 1289 988 cateros
1314 937 1501 1001 arguit
1513 949 1637 989 ma-

37 1028 214 1092 gister
236 1025 334 1078 ille
350 1020 786 1089 hHieronymus,
813 1024 873 1075 in
894 1024 1077 1089 ipsius
1096 1024 1290 1077 electis
1314 1027 1484 1078 etiam
1504 1031 1637 1091 post

38 1115 439 1181 paenitentiam
462 1114 894 1166 Commentariis
922 1114 1191 1177 docuerit,
1218 1115 1372 1179 quod
1399 1128 1505 1168 sua
1517 1129 1635 1169 non

38 1207 168 1270 sint,
186 1218 371 1270 quam
385 1203 873 1271 verumjudicium
891 1208 1100 1267 servet,
1115 1204 1457 1257 videbimus.
1476 1206 1637 1258 Puta-

38 1296 188 1347 bitur
225 1295 385 1348 enim
422 1295 573 1360 prior
610 1307 766 1347 error
804 1293 983 1346 fuisse
1018 1294 1384 1359 ignorantia,
1418 1294 1467 1346 si
1502 1308 1634 1348 eum

20 1384 362 1453 emendarit
379 1383 593 1450 agnitio
617 1383 716 1448 [Αι.
740 1384 1004 1448 argutio].
1023 1385 1140 1436 Nos
1155 1389 1350 1437 autem
1369 1384 1635 1448 quamvis

20 1474 387 1541 necessitate
426 1473 725 1539 compulsi,
757 1474 1105 1539 respondere
1132 1486 1150 1508 °
1182 1474 1296 1527 nisi
1327 1488 1531 1528 sumus
1563 1475 1632 1538 ei,

37 1565 131 1629 qui
164 1576 282 1617 nos
319 1564 678 1616 amarissime
710 1564 1073 1628 pulsaverat;
1106 1569 1362 1617 attamen
1394 1577 1496 1630 pro
1527 1565 1637 1616 hoc

20 1655 157 1719 ipso
186 1653 426 1708 veniam
456 1654 723 1718 petimus,
756 1653 805 1704 si
832 1653 970 1717 quid
998 1655 1137 1706 forte
1164 1654 1421 1719 asperius
1436 1667 1635 1718 prose-

1731 592 1763 627 α
1794 578 1974 632 Nemo
1994 579 2283 633 existimet
2301 581 2365 634 in
2385 582 2663 638 Trinitate
2674 591 2902 643 natura
2917 603 3048 646 esse
3060 593 3330 651 differen-

1732 667 1895 732 tiam,
1916 682 2049 721 cum
2074 671 2377 724 nominum
2400 671 2805 729 discernuntur
2822 679 3009 735 officia
3024 695 3040 745 ;
3053 698 3085 733 ι)
3099 697 3201 751 per
3216 686 3328 741 hoc

1734 770 1929 810 curare
1958 772 2019 811 se
2043 760 2385 816 offendicula
2404 763 2583 817 credit
2604 767 2900 834 potuisse;
2923 770 3005 824 ita
3026 778 3085 826 et
3105 787 3213 828 nos
3236 777 3329 831 vel

1734 847 2043 913 ademptis,
2087 849 2181 902 vel
2214 851 2534 905 immutatis
2567 855 2935 925 quibusdam,
2967 861 3063 914 vel
3092 864 3326 931 additis,

1736 949 1975 989 sensum
2006 940 2254 992 auctoris
2278 941 2560 995 adducere
2589 946 2777 997 conati
2800 960 3004 1002 sumus
3025 951 3099 1004 ad
3124 953 3329 1009 intelli-

1733 1027 1947 1091 gentia
1970 1029 2259 1081 tramitem
2282 1030 2598 1087 rectiorem.
2620 1034 2766 1095 Quid
2786 1036 2880 1089 hic
2896 1037 3208 1109 diversum,
3224 1050 3329 1100 aut

1735 1116 1874 1180 quid
1907 1120 2273 1183 contrarium,
2309 1126 2411 1173 aut
2444 1122 2584 1186 quid
2604 1136 2722 1176 non
2742 1124 2897 1178 idem
2917 1128 3192 1185 fecimus?
3214 1135 3327 1189 Sed

1734 1205 1868 1269 quia
1883 1218 1989 1271 ego
2007 1206 2078 1259 de
2095 1208 2323 1273 scriptis
2339 1209 2493 1263 illius
2506 1212 2725 1277 absque
2742 1215 2959 1269 malitia
2971 1223 3029 1271 et
3042 1220 3331 1281 calumnia

1729 1295 2082 1360 judicabam,
2107 1309 2225 1350 non
2247 1299 2385 1363 quid
2401 1301 2799 1356 obtrectationi
2813 1308 3050 1374 pateret,
3072 1311 3174 1363 sed
3191 1313 3329 1376 quid

1733 1392 2079 1458 prospectus
2102 1387 2273 1441 fuerit
2294 1389 2739 1458 interpretantis,
2763 1396 2980 1460 aspexi.
3000 1398 3100 1452 Ille
3114 1406 3331 1470 autem,

1736 1475 1832 1539 qui
1850 1477 2183 1529 occasiones
2200 1477 2275 1530 ad
2296 1480 2643 1534 calumniam
2662 1485 3335 1554 quarit,eareprehendit

1733 1564 1796 1615 in
1819 1566 1964 1617 meis
1990 1567 2235 1631 scriptis,
2262 1580 2391 1632 qua
2408 1570 2551 1632 ante:
2561 1582 2652 1623 me
2674 1571 2823 1637 prior
2834 1574 2958 1639 ipse
2974 1581 3328 1647 conscripsit.

1735 1654 1805 1705 Et
1833 1666 2034 1707 revera
2066 1669 2171 1721 ego
2204 1655 2524 1721 culpandus
2549 1672 2698 1725 sum,
2725 1662 2773 1714 si
2800 1666 3117 1719 secundum
3143 1681 3332 1723 meam

20 1778 21 1797 ξ
36 1744 147 1796 cuti
165 1757 397 1803 sumus,
414 1743 549 1808 quia
562 1744 718 1795 Deus
734 1743 1101 1797 conscientia
1116 1749 1331 1796 nostrae
1342 1744 1513 1817 testis
1529 1747 1634 1808 est,
1664 1818 1703 1821 _
1738 1741 1969 1807 quidem
1992 1746 2494 1811 sententiam,qua
2512 1749 2757 1815 scripsit,
2777 1759 2933 1806 recta
2955 1760 3111 1821 sunt;
3134 1770 3335 1812 secun-

20 1833 187 1899 ;quod
216 1833 408 1887 multo
435 1834 600 1899 plura
620 1833 953 1885 reticuimus
971 1846 1144 1897 quam
1160 1831 1529 1898 protulimus;
1546 1845 1634 1897 pe-
1662 1818 1717 1892 B
1740 1832 1879 1885 dum
1911 1846 2085 1886 suum
2118 1847 2255 1888 vero
2283 1836 2567 1899 judicium
2602 1840 3053 1897 condemnanda.
3081 1818 3204 1899 Hoc
3226 1847 3331 1911 [Αι.

20 1924 189 1975 nitus
218 1928 425 1975 autem
454 1923 619 1976 silere
648 1927 847 1975 contra
875 1923 1285 1975 conscientiam
1310 1922 1633 1975 criminanti

20 2012 273 2069 minime
293 2012 604 2078 potuimus,
630 2026 763 2065 cum
782 2013 964 2077 ipsius
984 2025 1129 2077 pene
1155 2013 1288 2063 ﬁdei
1308 2024 1431 2065 sua
1446 2011 1466 2040 δ
1483 2024 1634 2063 non-

20 2102 171 2171 ,nulli
184 2104 477 2168 jacturam
499 2102 775 2155 ducerent
790 2102 1079 2154 silentium
1096 2107 1379 2154 nostrum.

19 2228 23 2262 λ
93 2200 177 2255 45.
212 2202 600 2265 Posteaquam
624 2200 736 2252 ista
759 2200 987 2265 dictavi,
1013 2201 1183 2252 frater
1205 2199 1428 2264 aliquis,
1448 2199 1548 2264 qui
1561 2210 1635 2251 ex

20 2292 179 2351 ,Urbe
206 2303 246 2342 a
276 2290 480 2343 “vobis
509 2290 582 2343 ad
610 2302 719 2344 nos
750 2295 1000 2354 venerat,
1035 2303 1167 2342 cum
1194 2289 1468 2354 releganti
1496 2287 1635 2340 mihi

37 2380 355 2445 assisteret,
389 2380 468 2432 ait
492 2380 948 2445 pratermissum
975 2391 1158 2432 unum
1188 2378 1376 2431 adhuc
1394 2389 1637 2430 excusa-

38 2470 203 2522 tionis
225 2470 443 2534 locum,
469 2481 644 2533 quem
668 2469 748 2521 ibi
779 2469 1036 2521 audisset
1065 2469 1137 2521 ab
1158 2466 1635 2519 obtrectatoribus

20 2559 307 2621 incusari.
333 2558 568 2611 Dicebat
589 2564 781 2611 autem
801 2558 873 2611 de
894 2571 979 2623 eo,
1005 2557 1158 2622 quod
1177 2557 1451 2620 scriptum
1467 2560 1557 2608 est
1576 2555 1636 2606 in

38 2648 481 2703 Prafatiuncula
513 2662 661 2712 mea,
698 2650 834 2714 quia
865 2649 1106 2701 dixerim
1143 2649 1212 2700 de
1245 2647 1374 2711 isto,
1412 2647 1511 2711 qui
1543 2658 1636 2697 me

20 2754 186 2803 nunc
220 2740 593 2807 persequitur
624 2744 683 2792 et
709 2744 959 2803 accusat,
993 2738 1144 2803 quod
1173 2737 1235 2790 in
1260 2738 1383 2801 his,
1404 2749 1537 2801 qua
1565 2735 1638 2788 de

20 2862 21 2893 ἦ
37 2830 282 2895 Origene
296 2830 703 2894 interpretatus
720 2834 826 2891 est,
842 2829 857 2858 τ
867 2827 1146 2881 nonnulla
1155 2827 1498 2881 oﬁ‘endicula
1506 2837 1638 2878 esse

20 2920 348 2983 ivideantur
382 2919 444 2970 in
476 2920 689 2981 Graco,
721 2931 854 2983 qua
884 2918 965 2971 ita
997 2923 1193 2970 tamen
1209 2913 1637 2981 interpretando

20 3008 389 3076 purgaverit,
418 3013 486 3062 ut
511 3009 672 3061 mihil
697 3008 760 3061 in
778 3008 887 3073 his,
919 3008 1075 3073 quod
1108 3021 1144 3060 a
1160 3008 1275 3061 ﬁde
1294 3011 1493 3060 nostra
1520 3004 1639 3057 dis-

19 3105 244 3165 .crepet,
281 3098 524 3152 Latinus
557 3100 760 3152 Lector
788 3098 1061 3152 inveniat.
1097 3098 1291 3160 Aiunt,
1321 3097 1525 3161 inquit,
1561 3095 1634 3147 de

1731 1923 1889 1986 Hac]
1920 1925 2204 1986 quantum
2222 1924 2294 1976 ad
2317 1925 2609 1980 Trinitatis
2625 1928 2799 1982 ﬁdem
2816 1933 3079 1995 pertinet,
3102 1935 3204 1987 ubi
3221 1937 3338 1990 uti-

1732 2024 1845 2075 que
1865 2011 2239 2076 blasphemia
2263 2014 2479 2068 crimen
2498 2015 2745 2083 ducitur,
2770 2020 2928 2084 quod
2942 2021 3090 2075 dixit
3106 2023 3222 2078 duo
3239 2026 3337 2080 Se-

1732 2101 1972 2166 raphim,
1999 2100 2020 2130 ¹²
2048 2101 2254 2155 Filium
2284 2116 2411 2157 esse
2451 2110 2508 2159 et
2540 2107 2813 2172 Spiritum
2843 2111 3139 2178 Sanctum,
3166 2114 3217 2165 si
3244 2128 3336 2169 se-

1733 2191 1989 2242 cundum
2009 2204 2175 2245 suam
2196 2194 2559 2260 sententiam,
2586 2208 2702 2260 qua
2720 2197 3027 2252 adversum
3042 2200 3158 2270 40
3169 2202 3218 2270 2
3234 2217 3330 2258 me

1732 2280 1869 2345 agit,
1902 2281 2026 2345 ipse
2046 2282 2372 2346 -judicetur.
2411 2285 2740 2338 Secundum
2776 2301 2914 2341 vero
2946 2303 3145 2343 meum
3175 2293 3335 2358 judi-

1734 2369 1908 2434 cium,
1928 2370 2157 2434 quodin
2175 2372 2398 2437 scriptis
2419 2375 2544 2438 ejus
2565 2377 2788 2441 absque
2806 2380 3099 2444 preposito
3117 2381 3337 2436 calum-

1735 2457 1849 2511 nia
1882 2458 2157 2525 judicavi,
2203 2462 2523 2515 absolvitur
2554 2478 2656 2529 pro
2690 2465 2803 2531 his,
2842 2480 2975 2531 qua
3013 2469 3084 2524 de
3119 2484 3226 2525 suo
3260 2473 3335 2527 ad

1735 2548 2162 2614 explanandum
2184 2564 2421 2604 sensum
2442 2555 2691 2607 auctoris
2710 2556 2947 2621 adjecit.

1798 2634 1885 2694 47.
1916 2642 1996 2692 De
2024 2642 2439 2695 resurrectione
2463 2648 2659 2697 autem
2688 2647 2878 2699 carnis
2904 2653 3043 2713 puto
3062 2649 3123 2703 in
3142 2655 3335 2705 trans-

1734 2726 1945 2781 latione
1990 2734 2189 2783 nostra
2227 2731 2428 2784 eadem
2470 2734 2765 2800 contineri,
2806 2749 2939 2801 qua
2975 2738 3037 2791 in
3069 2742 3336 2795 Ecclesiis

1735 2818 2139 2883 praedicantur.
2178 2822 2398 2875 Catera
2425 2836 2560 2876 vero
2588 2836 2723 2889 qua
2742 2825 2813 2878 de
2838 2832 3226 2882 creaturarum
3245 2844 3340 2884 ra-

1739 2906 1991 2959 tionibus
2027 2907 2180 2961 dicta
2221 2915 2383 2973 sunt,
2429 2912 2585 2975 quod
2620 2914 2763 2965 nihil
2794 2914 2869 2966 ad
2897 2915 3068 2968 ﬁdem
3097 2919 3334 2973 Deitatis

1735 2997 2076 3062 pertineant,
2104 2999 2228 3063 jam
2263 3001 2526 3065 superius
2559 3001 2830 3055 diximus.
2863 3004 2973 3057 Sed
3001 3006 3050 3057 si
3076 3006 3187 3060 iste
3207 3008 3336 3061 hac

1731 3086 1905 3139 modo
1931 3088 2005 3140 ad
2035 3089 2383 3141 calumniam
2411 3095 2599 3156 vocat,
2620 3104 2755 3155 qua
2773 3097 2908 3146 ante
2928 3094 3335 3150 oﬁ‘endiculum

20 3188 141 3243 hoc
173 3188 430 3255 capitulo
462 3207 475 3239 :
508 3187 682 3241 Vides
707 3188 997 3252 quomodo
1016 3192 1075 3241 et
1099 3187 1443 3241 collaudavit
1458 3186 1636 3240 inter—
1658 3188 1710 3266 ί]
1736 3190 1856 3231 11011
1881 3177 2190 3240 habebant.
2218 3192 2338 3231 non
2372 3180 2664 3247 PI‘OhibeO,
2698 3182 2748 3234 si
2768 3182 2819 3236 ei
2844 3183 3066 3248 placeat
3096 3185 3201 3251 [Αι.
3221 3186 3336 3252 pla-

20 3312 21 3345 ,
39 3280 416 3343 pretationem
443 3278 587 3343 ejus,
623 3282 680 3330 et
712 3277 1103 3331 testimonium
1139 3276 1290 3346 401
1355 3287 1374 3316 κ
1403 3278 1454 3330 ei
1483 3276 1641 3329 dedit

20 3416 22 3437 ᾖ
38 3367 172 3432 ipse,
190 3365 357 3433 quod
373 3366 498 3418 sine
517 3364 859 3419 offendicula
877 3366 994 3419 sint
1008 3379 1092 3431 ea,
1116 3379 1248 3431 qua
1268 3364 1361 3420 ille
1375 3368 1643 3433 interpre-

20 3462 187 3527 tatus
216 3461 333 3521 est,
358 3460 416 3511 et
433 3457 623 3522 ipsum
646 3461 981 3509 secuturum
1006 3470 1067 3509 se
1083 3470 1211 3510 esse
1231 3457 1508 3522 promisit.
1531 3459 1642 3509 Cur

37 3560 164 3613 ergo
173 3561 302 3602 non
313 3551 372 3600 et
382 3558 466 3609 ea,
480 3559 615 3612 qua
627 3547 752 3612 ipse
765 3546 1078 3612 transtulit,
1090 3548 1314 3612 absque
1325 3546 1641 3601 oﬁensione

20 3692 21 3695 η
39 3642 187 3700 sunt,
211 3637 371 3691 sicut
386 3636 539 3689 illius
557 3637 768 3702 scripta
781 3649 912 3689 esse
924 3637 1047 3702 ipse
1064 3641 1311 3690 testatus
1328 3640 1454 3690 est?
1559 3702 1563 3711 Α

92 3727 177 3783 46.
219 3729 357 3781 Non
386 3727 531 3781 mira
566 3740 679 3791 res,
718 3728 875 3792 quod
908 3726 987 3779 ibi
1019 3740 1247 3793 semper
1274 3727 1491 3793 culpari
1518 3740 1641 3781 me-

36 3830 172 3880 reor,
197 3818 307 3871 ubi
333 3818 514 3870 istum
534 3817 862 3871 laudavere.
887 3819 956 3870 Et
972 3822 1126 3876 recte
1149 3817 1399 3882 quidem.
1423 3819 1641 3872 Tamen

36 3908 342 3961 veniamus
382 3907 456 3960 ad
505 3920 645 3961 rem.
691 3906 821 3959 Dixi
861 3921 997 3961 eum
1035 3920 1314 3974 purgasse
1345 3908 1407 3961 in
1440 3908 1639 3960 Latina

37 3998 432 4061 translatione,
463 3997 512 4050 si
538 4010 654 4062 qua
687 3998 1029 4052 offendicula
1050 3998 1185 4051 ﬁdei
1212 3998 1556 4051 videbantur
1577 3997 1639 4050 in

38 4090 252 4157 Graec,
278 4094 344 4143 et
360 4101 479 4141 non
493 4088 783 4141 immerito
806 4106 817 4138 :
840 4088 921 4142 ita
936 4093 1148 4151 tamen,
1169 4092 1235 4140 ut
1249 4088 1448 4141 eadem
1466 4088 1634 4142 etiam

35 4191 68 4232 a
92 4193 188 4234 me
221 4180 596 4245 comprobem
627 4184 812 4245 gesta.
843 4181 988 4231 Nam
1008 4178 1158 4231 sicut
1182 4177 1355 4231 illein
1379 4177 1637 4231 Homiliis

37 4270 102 4323 de
134 4271 291 4324 Isaia
325 4270 440 4323 duo
478 4269 792 4336 Seraphim,
825 4268 1031 4322 Filium
1064 4273 1121 4322 et
1153 4268 1423 4334 Spiritum
1459 4269 1637 4323 Sanc-

36 4397 297 4462 pellatur.
322 4397 429 4449 Ms.
454 4395 767 4477 hominibus
779 4395 960 4477 habet
972 4408 1074 4477 pro
1097 4395 1411 4477 humilibus,
1430 4399 1489 4449 et
1508 4394 1642 4477 opti-

32 4483 295 4595 gtumqttl:
329 4483 480 4534 opus,
521 4481 655 4521 cum
692 4468 828 4521 olim
875 4467 1042 4521 editis
1074 4479 1175 4533 pro
1212 4469 1478 4534 optimum
1510 4467 1640 4532 qui-

65 4557 170 4607 em,
190 4555 226 4595 e
292 4579 308 4593 .

95 4640 114 4661 ‘
136 4631 290 4685 Male
308 4630 373 4683 in
402 4643 515 4683 ms.
539 4629 803 4695 volumus,

33 4715 134 4769 pro
153 4703 376 4755 sentiret
391 4703 790 4755 detrimentum.

91 4791 114 4820 ¹’
146 4794 489 4860 Hieronymi
518 4808 749 4859 nomen,
784 4800 851 4849 ut
882 4795 1052 4862 paulo
1080 4800 1344 4865 superius
1373 4801 1444 4855 de
1475 4803 1645 4856 Pam-

34 4869 265 4921 machio
303 4872 567 4942 notatum
586 4874 707 4942 est,
745 4878 854 4922 ms.
890 4874 950 4922 et
980 4874 1151 4924 vetus
1180 4872 1349 4928 editio
1382 4875 1642 4942 reticent,

38 4943 193 5006 quod
210 4946 274 4995 et
290 4940 486 4994 verius
506 4940 752 4995 videtur.

97 5045 119 5068 ⁸
168 5034 243 5087 In
294 5045 407 5085 ms.
457 5033 562 5084 visi
613 5041 825 5099 sumus,
872 5038 998 5087 tum
1045 5039 1285 5087 attamen
1324 5043 1372 5088 et
1412 5053 1512 5104 pro
1546 5040 1644 5092 hoc

35 5105 174 5172 ipso,
191 5110 310 5160 etc.

99 5188 122 5218 ‘
148 5186 641 5250 Alias,-nonnulli
676 5187 916 5240 deberent
951 5189 1229 5254 jacturam
1266 5191 1454 5241 ducere
1481 5193 1646 5243 silen-

42 5264 180 5311 tium
204 5264 492 5320 nostrum;
517 5260 683 5325 pejus
701 5260 763 5312 in
778 5274 910 5326 ms.,
930 5262 1187 5313 nonnulli
1213 5263 1443 5314 dicerent
1462 5265 1647 5330 jactu-

38 5348 166 5383 rum
182 5333 423 5383 dicerent
436 5332 730 5393 silentium,
747 5337 855 5386 etc.

99 5414 117 5434 ο
145 5404 448 5457 Contraria
479 5417 675 5469 sensu,
702 5404 846 5457 falso
874 5409 1069 5459 autem
1092 5406 1266 5459 habet
1284 5420 1414 5469 ms.,
1438 5424 1473 5458 a
1497 5408 1651 5459 nobis

40 5478 110 5527 ad
128 5493 225 5528 vos
239 5482 475 5538 venerat,
499 5481 623 5529 tum
643 5478 1067 5542 prcelermissum
1077 5494 1180 5529 esse
1196 5495 1391 5543 unum,
1417 5485 1523 5532 etc.

102 5550 117 5580 ¹
152 5548 339 5602 Addit
364 5563 480 5603 ms.
515 5565 639 5600 eum
670 5550 955 5604 voculam.
984 5566 1105 5601 cum
1129 5551 1419 5613 nonnulla,
1443 5556 1576 5616 etc.,
1597 5556 1655 5605 et

41 5632 178 5675 mox
199 5635 329 5685 qua:
349 5621 686 5686 pronomine
706 5623 1114 5687 pratermisso,
1138 5623 1269 5688 plus
1290 5623 1466 5675 habet
1484 5624 1563 5673 ita
1580 5628 1656 5673 ta-

44 5710 161 5744 men
189 5709 259 5745 ea
284 5692 706 5760 interpretando.
728 5697 900 5748 Porro
916 5709 992 5748 ex
1006 5694 1209 5749 eodem
1227 5695 1458 5746 Latinus
1479 5699 1656 5746 Lector

41 5765 426 5826 restituimus,
443 5780 544 5832 pro
560 5780 674 5832 quo
691 5768 920 5819 Latinus
933 5782 1104 5819 sermo
1119 5767 1314 5820 minus
1327 5768 1473 5821 bene
1485 5773 1657 5822 antea

41 5835 365 5906 legebatur.
393 5840 651 5906 Denique
669 5841 917 5905 ekAiunt
939 5839 1187 5906 plurium
1206 5853 1450 5894 numero
1468 5854 1541 5894 ex
1561 5853 1659 5896 eo-

1739 3267 1872 3333 cet],
1891 3281 2159 3321 revocare
2176 3270 2520 3322 sententiam
2534 3283 2727 3323 meam
2744 3272 2901 3324 illam
2917 3286 3032 3338 qua
3051 3276 3339 3341 potuisset

1737 3356 1975 3419 absolvi,
2000 3363 2058 3411 et
2075 3359 2321 3425 proferre
2343 3374 2528 3426 suam,
2550 3373 2666 3425 qua
2688 3361 2935 3415 debebat
2954 3362 3188 3430 alligari.
3209 3366 3338 3418 Non

1738 3460 1873 3513 ergo
1892 3461 2023 3502 mea
2039 3449 2112 3502 de
2131 3463 2200 3504 eo
2221 3451 2505 3504 sententia
2523 3453 2821 3517 culpabilis
2836 3455 3094 3518 putanda
3108 3459 3216 3521 est,
3236 3456 3339 3510 sed

1739 3551 1862 3601 sua,
1893 3551 2026 3604 qua
2061 3541 2423 3606 reprehendit
2452 3542 2514 3595 in
2545 3542 2689 3606 aliis,
2720 3543 2875 3607 quod
2905 3544 2968 3597 in
2996 3550 3182 3599 semet
3209 3545 3337 3612 ipso

1690 3622 1693 3625 “
1736 3630 1955 3694 probat.
1981 3632 2411 3685 Novumautem
2424 3631 2536 3685 hoc
2552 3632 2756 3698 judicii
2777 3646 2968 3699 genus
2990 3638 3098 3699 est,
3128 3635 3229 3688 ubi
3251 3648 3341 3688 ac-

1737 3724 2063 3772 cusatorem
2083 3732 2282 3773 meum
2311 3734 2419 3787 ego
2442 3722 2569 3789 ipse
2594 3722 2838 3776 defendo
2865 3739 2879 3777 :
2901 3729 2961 3777 et
2973 3725 3074 3778 ubi
3094 3729 3220 3778 tum
3239 3724 3340 3779 de-

1735 3820 1900 3865 mum
1921 3821 2016 3861 me
2032 3808 2128 3863 ille
2142 3816 2477 3875 superatum
2495 3816 2675 3877 putat,
2701 3813 2751 3865 si
2768 3813 3146 3879 semetipsum
3173 3827 3339 3867 reum

1736 3898 2004 3963 probarit.
2041 3900 2434 3952 Veruntamen
2450 3914 2735 3966 ponamus
2752 3902 2901 3966 quod
2925 3903 3338 3967 Episcoporum

1738 3988 2002 4059 Synodus
2024 3993 2299 4054 sequatur
2319 3990 2636 4043 sententias
2659 3995 2810 4056 tuas,
2832 3990 3108 4055 etjubeat
3130 4004 3336 4045 omnes

1738 4076 1958 4142 ‘libros,
1975 4078 2072 4144 qui
2085 4078 2214 4132 hac
2231 4078 2361 4132 talia
2375 4079 2691 4145 continent,
2706 4092 2841 4133 cum
2850 4081 3181 4134 auctoribus
3194 4081 3339 4146 suis,

1736 4171 1803 4221 ut
1832 4168 2013 4233 aiunt,
2050 4168 2257 4222 debere
2287 4168 2566 4222 damnari.
2606 4171 3047 4223 Damnabuntur
3077 4171 3177 4223 isti
3210 4169 3339 4223 libri

1736 4258 1895 4323 prius
1923 4259 1985 4311 in
2013 4259 2226 4312 Gracis
2247 4278 2260 4311 :
2284 4264 2341 4314 et
2357 4259 2512 4325 quod
2534 4259 2597 4313 in
2624 4260 2839 4314 Gracia
2865 4260 3189 4324 damnatur,
3213 4260 3338 4314 sine

1741 4384 1871 4437 dem
1891 4385 2295 4451 rescripsimus
2305 4396 2406 4452 pro
2416 4384 2528 4451 Ait,
2539 4386 2693 4451 quod
2706 4387 3026 4452 incongrue
3053 4390 3222 4440 antea
3236 4386 3340 4440 ob—
3422 4410 3427 4417 η

1740 4459 2401 4582 t1{Pigetunianimam.
2424 4541 2536 4582 ms.
2556 4529 2623 4581 ei.
2654 4529 2829 4582 Paulo
2851 4531 2982 4594 post
2994 4530 3126 4597 plus
3140 4529 3334 4593 habet,

822 4633 881 4685 et
895 4630 1240 4684 ωοχεεηιίαι
1256 4619 1711 4694 docummmmD
1739 4601 1875 4685 sient
1916 4606 1961 4685 et
2002 4601 2498 4694 illius’(vet..edit.
2536 4601 2725 4666 ipsius)
2767 4602 2987 4667 scripta.
3022 4603 3172 4655 Tum
3208 4602 3336 4653 Non

1740 4674 1964 4724 mireris
1994 4686 2098 4738 pro
2121 4673 2250 4724 Non
2271 4673 2518 4737 mirares.
2831 4726 2839 4735 ⁸

1808 4747 1830 4777 ³
1865 4747 2138 4811 Superius
2168 4758 2329 4798 num.
2373 4748 2452 4796 27.
2485 4745 2614 4798 hac
2647 4744 2812 4810 paulo
2844 4745 3008 4799 aliter
3029 4747 3343 4801 recitantur

1746 4818 2078 4883 Hieronymi
2097 4818 2287 4881 verba,
2315 4816 2517 4870 eadem
2535 4817 2726 4874 ferme.
2751 4829 2886 4881 qua
2896 4819 2958 4871 in
2973 4820 3221 4873 editione
3232 4820 3341 4871 Ho-

1745 4892 2033 4946 miliarum
2054 4891 2285 4943 laudata
2300 4889 2603 4942 habentur.
2624 4890 2732 4941 Nec
2758 4897 2911 4956 putes
2943 4892 3223 4942 Trinitatis
3242 4892 3345 4942 dis-

1748 4965 1918 5016 sidere
1938 4968 2219 5026 naturam,
2237 4962 2287 5014 si
2302 4962 2595 5017 nominum
2613 4968 2901 5013 servantur
2910 4963 3108 5027 ofﬁcia.
3122 4962 3343 5025 Recole,

1753 5052 1887 5105 qua
1901 5040 1965 5090 in
1978 5038 2137 5091 hunc
2148 5035 2344 5089 locum
2363 5035 2633 5088 adnotata
2643 5036 2808 5088 nobis
2818 5036 3191 5100 sunt,quibus
3199 5033 3355 5086 adde

1751 5123 1971 5167 novum
2008 5110 2184 5161 hocce
2227 5109 2289 5160 in
2328 5121 2450 5161 rem
2480 5113 2738 5160 nostram
2762 5121 2835 5160 ex
2870 5110 3028 5159 tanta
3063 5106 3347 5158 Lectionis

1751 5185 2033 5237 varietate
2050 5185 2477 5245 argumentum.
2496 5181 2564 5231 In
2586 5192 2696 5232 ms.
2725 5179 2855 5245 plus
2872 5178 3133 5243 habetur,
3153 5177 3344 5238 Nemo,

1751 5256 1951 5322 inquit,
1976 5254 2258 5316 existimet,
2283 5256 2393 5304 etc.

1787 5361 1791 5367 ν
1816 5319 1841 5361 ι’
1854 5326 2112 5392 Origenis
2133 5328 2286 5377 certe
2310 5324 2484 5375 libros
2508 5322 2618 5375 hoc
2636 5321 2763 5386 ipso
2784 5333 2936 5374 anno
2955 5319 3348 5385 Imperialibus

1754 5401 1954 5453 edictis
1972 5398 2295 5461 damnatos,
2312 5400 2665 5458 cautumque
2676 5406 2750 5445 ne
2758 5395 3248 5457 legerentur,testa
3256 5396 3350 5443 tur

1751 5471 2095 5525 Anastasius
2124 5467 2375 5533 Epistola
2395 5466 2468 5519 ad
2488 5468 2771 5517 Joannem
2789 5477 2946 5516 num.
2971 5462 3024 5519 5.
3054 5463 3195 5514 Illud
3217 5476 3349 5527 quo-

1752 5562 1871 5611 que,
1897 5544 2041 5610 quod
2066 5532 2291 5591 evenisse
2319 5539 2543 5605 gaudeo,
2574 5542 2741 5587 tacere
2768 5552 2879 5586 non
2905 5537 3079 5601 potui,
3107 5532 3349 5611 beatissi-

1756 5607 1971 5671 morum
1986 5615 2310 5679 Principum
2333 5616 2641 5662 nostrorum
2657 5624 2907 5659 manasse
2925 5610 3210 5674 Responsa,
3230 5607 3350 5672 qui-

1755 5691 1850 5742 bus
1882 5690 2255 5755 unusquisque
2282 5686 2386 5736 Deo
2410 5684 2644 5734 serviens
2666 5681 2733 5733 ab
2760 5683 3004 5746 Origenis
3028 5681 3245 5732 lectione
3266 5694 3353 5755 re-

1754 5770 2001 5828 vocatur;
2025 5752 2451 5825 damnatumque
2466 5759 2726 5808 scntcntia
2743 5757 3083 5821 Poinsipum,
3104 5767 3259 5818 quem
3277 5752 3353 5803 led

1754 5839 1858 5890 ctio
1865 5852 2020 5891 reum
2031 5838 2329 5905 prophana
2339 5834 2666 5900 prodiderit.
