3900 6390
588 365 694 423 623
1052 396 1057 403 ·
1597 377 1839 431 RUFINI
1873 378 2365 441 AQUILEIENSIS
2423 377 2879 430 PRESBYTERI.
3807 384 3860 437 6‘2

585 466 761 521 dubio
803 467 1139 523 damnatum
1165 477 1253 525 est
1274 473 1334 525 in
1364 475 1594 527 Latinis.
1623 486 1640 506 ·
1671 478 1940 530 Veniatur
1961 477 2033 529 ad
2057 481 2190 530 tuos
2210 473 2265 547 Α
2288 478 2563 531 laudatus
2589 482 2679 531 est
2710 492 2724 541 ;
2753 478 2945 529 itanec
2966 478 3064 530 tibi
3092 476 3357 542 proderit,
3385 479 3538 542 quod
3566 491 3605 531 a
3622 492 3721 532 me
3734 494 3863 534 excu

585 556 780 621 libros,
805 558 1169 612 invenientur
1192 562 1389 615 eadem
1410 566 1697 619 continere
1712 567 2030 619 secundum
2048 580 2179 619 sen-
2283 572 2450 620 satus
2486 572 2589 620 est.
2632 570 2716 619 Me
2751 567 2901 618 enim
2936 567 3099 631 sequi
3129 580 3367 620 necesse
3391 571 3480 620 est
3505 570 3781 623 Ecclesia:
3803 574 3861 623 Ca

591 646 826 699 tentiam
852 652 1031 700 tuam:
1058 663 1294 703 necesse
1314 656 1481 706 estut
1504 668 1637 708 cum
1653 669 1759 709 suo
1777 662 2009 709 auctore
2027 658 2181 709 dam-
2287 659 2516 710 tholicaa
2542 658 2901 715 sententiam,
2922 658 3044 709 sive
3059 658 3339 710 adversus
3363 671 3382 693 ε
3423 660 3693 725 Origenis
3712 661 3863 714 libros

592 740 823 789 nentur.
866 738 934 790 Et
967 738 1125 791 sicut-
1153 741 1293 793 nihil
1324 743 1538 807 profuit
1567 745 1814 809 Origeni,
1844 746 1999 811 quod
2027 742 2048 770 "
2070 758 2104 798 a
2127 751 2184 798 te
2220 770 2235 780 -
2292 748 2414 799 sive
2437 747 2725 799 adversus
2752 752 2883 799 tuos
2908 746 3118 799 datam.

1084 867 1675 915 CONTROVBRSIARUM
1699 863 1721 891 ⁸
1755 874 1961 917 RUFINI
1995 873 2312 917 ADVERSUS
2347 876 2745 917 HIERONIMUM
2778 876 2953 916 LIBER
2995 876 3057 916 ῙῙ.
3092 877 3387 918 EXPLICIT.

675 976 691 998 '
714 970 781 1021 In
801 982 909 1022 ms.
961 972 1184 1023 Venitur
1225 976 1299 1025 ad
1318 982 1433 1027 tuos
1477 977 1653 1030 libros.
1691 978 2052 1029 Inveniuntur
2087 995 2181 1030 ea-
2278 979 2532 1030 adversus
2560 980 2804 1045 Origcnis
2834 979 3010 1041 libros,
3034 981 3260 1033 omittit.

589 1040 739 1120 dem,
758 1045 880 1120 _etc.
1074 1117 1082 1120 _
2362 1053 2383 1081 ἀ
2410 1054 2492 1104 Ex
2518 1040 3057 1104 ms.conclusionem
3075 1053 3225 1104 hanc
3242 1054 3428 1118 operis
3448 1055 3523 1105 ab
3553 1055 3864 1120 Antiquam

672 1113 890 1175 l»Idem,
926 1128 1033 1168 nec
1068 1117 1387 1183 incongrue
1424 1123 1613 1173 tamen
1642 1135 1837 1185 sensu,
1876 1122 2029 1186 quod
2053 1127 2185 1175 ante
2286 1113 3541 1187 subnotatamsuti‘ccimus,unotautumloco,
3565 1113 3861 1181 sivenume

586 1197 687 1249 pro
709 1190 813 1264 ate
838 1203 850 1236 :
873 1192 931 1239 et
953 1200 1090 1264 mox
1113 1198 1396 1264 ancusatus
1423 1208 1474 1242 es
1498 1206 1598 1257 pro
1621 1199 1901 1243 excusatus
1927 1200 2013 1244 est.
2285 1199 2419 1253 ricis
2452 1198 2725 1249 Romanis
2758 1200 2910 1250 notis
2942 1200 3009 1251 Il.
3041 1210 3173 1262 quae
3197 1198 3675 1252 desiderabantur
3692 1238 3708 1264 ,
3742 1203 3859 1253 resti

671 1264 689 1285 ‘
715 1257 893 1309 Vetus
923 1258 1054 1311 odit.
1080 1262 1185 1310 sive
1218 1263 1502 1312 adversum
1549 1271 1595 1315 te
1624 1265 1730 1313 sive
1762 1266 2046 1314 adversum
2072 1271 2189 1315 tuos
2292 1276 2495 1324 tutam.

588 1327 791 1380 dalam.
818 1330 920 1382 Ms.
950 1332 1251 1396 antiquarii
1273 1335 1575 1387 oscitantis.
1595 1337 1753 1401 prius
1781 1336 2054 1402 isocolon,
2085 1338 2192 1386 sive

1520 1538 2947 1867 ‘APOLOGIA

1735 2046 2007 2142 QUAM
2070 2044 2260 2129 PRO
2305 2044 2418 2129 SE
2476 2047 2742 2130 MISIT

734 2264 1916 2428 RUFINUS
2129 2263 3734 2429 PRESBYTER

1455 2571 1693 2715 AD
1816 2569 2988 2719 ANASTASIUM

1592 2809 1994 2876 ROMANzE
2039 2810 2301 2876 URBIS
2341 2810 2859 2877 EPISCOPUM.

580 1466 3856 1497 ῌ

989 1488 1144 1499 —

1709 2953 2785 2988 ψ

583 3054 862 3133 Ruﬁnus,
923 3054 995 3115 ob
1056 3056 1625 3132 interpretationem
1678 3052 1976 3113 librorum
2030 3053 2315 3130 Origenis
2367 3059 2475 3125 περὶ
2513 3059 2704 3126 Ἀρχῶν
2761 3057 2825 3117 in
2878 3059 3102 3116 crimen
3162 3064 3430 3130 voratus,
3488 3076 3757 3138 purgare
3801 3073 3846 3116 se

657 3165 899 3236 nititur,
947 3162 1114 3222 edita
1159 3160 1310 3239 ﬁdei
1349 3178 1474 3222 suae
1520 3164 1914 3240 expositione,
1957 3162 2035 3223 de
2080 3164 2406 3240 Trinitate,
2455 3167 2531 3227 de
2582 3164 2752 3225 Verbi
2806 3166 3242 3239 incarnatione,
3277 3167 3353 3226 de
3392 3165 3840 3239 Resurrectiane,

653 3272 729 3332 de
774 3271 1023 3331 Iudicio
1065 3275 1309 3342 aeterno,
1342 3274 1400 3329 et
1442 3268 1697 3329 Dz’aboli
1723 3268 2141 3349 damnatione,
2185 3272 2261 3334 de
2299 3272 2663 3335 Animarum
2692 3274 2947 3351 origine.
2980 3271 3235 3333 Demum
3268 3273 3555 3351 Origem's
3597 3292 3659 3335 se
3686 3276 3844 3333 inter-

656 3385 886 3459 pretem
916 3395 1035 3437 non
1060 3375 1431 3453 defensorem
1453 3376 1814 3454 proﬁtetur.

573 3515 751 3587 403
783 3519 825 3569 Ι.
852 3515 1061 3568 Audivi
1084 3515 1394 3580 quosdam,
1411 3529 1543 3569 cum
1580 3516 1732 3581 apud
1756 3518 2174 3572 Beatitudinem
2208 3517 2262 3591 B
2284 3515 2684 3566 sanctamente
2700 3513 2813 3577 tua,
2833 3525 2966 3577 quae
2978 3512 3138 3565 velut
3150 3512 3548 3579 quoddamDei
3567 3512 3849 3568 sacrarium

575 3615 735 3663 tuam
761 3606 1200 3671 controversias,
1223 3604 1347 3656 sive
1363 3604 1432 3656 de
1453 3604 1581 3670 ﬁde,
1609 3608 1729 3659 sive
1748 3606 1817 3659 de
1835 3608 1962 3660 aliis
1986 3610 2177 3661 nescio
2276 3608 2491 3674 aliquid
2508 3608 2770 3671 iniquum
2794 3617 2912 3657 non
2934 3603 3130 3669 recipit
3149 3603 3166 3669 [
3188 3603 3270 3655 At.
3304 3604 3518 3670 recepit
3539 3603 3846 3670 ],maculam

572 3699 783 3764 quibus
797 3696 1217 3762 quaestionibus
1233 3699 1675 3762 commoverent,
1694 3698 1865 3750 etiam
1883 3698 2182 3751 meinomi’
2280 3697 2622 3765 suspicionis
2645 3698 3050 3760 abstergerem,
3075 3693 3174 3747 scd
3191 3695 3253 3747 ut
3268 3693 3848 3764 aemulis404adver-

572 3790 665 3841 nis
687 3788 889 3840 fecisse
912 3786 1280 3839 mentionem.
1308 3789 1372 3839 Et
1398 3790 1497 3839 tua
1513 3787 1746 3851 quidem
1771 3788 2052 3841 Sanctitas
2078 3801 2177 3841 ve-
2274 3802 2406 3841 sum
2428 3801 2517 3840 me
2542 3787 2680 3840 forte
2701 3785 3141 3851 oblatrantibus,
3155 3785 3425 3837 baculum
3436 3786 3740 3851 quemdam
3756 3782 3839 3836 tibi

568 3879 654 3932 lut
674 3879 745 3931 ab
769 3877 910 3943 ipsis
934 3877 1295 3929 incunabulis
1307 3890 1405 3942 per
1424 3878 1839 3931 Ecclesiasticae
1854 3879 2172 3932 traditionis
2273 3877 2649 3932 confessionis
2673 3888 2835 3941 meai,
2860 3888 2974 3940 quo
2999 3875 3379 3941 abigerentur,
3409 3875 3689 3930 oil‘errem.

568 3968 796 4035 regulas
824 3967 1107 4031 instituta,
1122 3966 1189 4018 de
1212 3968 1449 4020 absente
1474 3968 1696 4032 sibique
1719 3969 1862 4020 bene
1879 3968 2008 4021 etin
2040 3968 2170 4034 fide,
2353 3970 2421 4020 II.
2447 3966 2718 4032 Quamvis
2748 3967 2921 4031 igitur
2943 3964 3085 4018 fides
3107 3969 3305 4018 nostra
3325 3965 3731 4031 persecutionis
3752 3962 3841 4015 hae-

565 4063 622 4111 et
658 4059 718 4111 in
749 4058 981 4110 caritate
1011 4057 1112 4108 Dei
1153 4057 1402 4122 cognito,
1430 4057 1914 4111 calumniantibus
1938 4071 2057 4111 non
2075 4070 2171 4111 ac-
2269 4058 2573 4110 reticorum
2590 4057 2862 4121 tempore,
2889 4067 3070 4119 quum
3092 4054 3153 4107 in
3171 4058 3369 4107 sancta
3385 4053 3756 4108 Alexandrina
3770 4052 3843 4102 Ec-

563 4146 1221 4200 commodavitauditum
1254 4148 1339 4198 Ad
1355 4151 1649 4199 metamen
1661 4148 1931 4211 quoniam
1943 4149 2166 4212 appeti—
2267 4147 2441 4199 clesia
2469 4147 2828 4211 degeremus,
2843 4146 2902 4198 in
2926 4146 3268 4209 carceribus,
3284 4145 3701 4211 etexiliis,qum
3722 4143 3742 4173 ⁴
3764 4151 3841 4208 pro

562 4240 638 4290 tas
674 4236 1116 4289 existimationis
1155 4248 1302 4289 meas
1326 4237 1474 4289 fama
1497 4237 1769 4302 pervenit,
1802 4249 2037 4301 aequum
2056 4251 2163 4303 pu-
2264 4236 2376 4289 [ide
2403 4236 2814 4301 inferebantur,
2856 4237 3095 4302 probata
3125 4236 3237 4288 sit:
3262 4244 3281 4265 ·
3309 4239 3503 4288 tamen
3541 4240 3599 4290 et
3622 4247 3767 4288 nunc
3805 4228 3841 4281 si

560 4327 696 4393 tavi,
721 4331 787 4379 ut
809 4327 1102 4391 (quoniam
1131 4327 1253 4393 ipse
1277 4332 1406 4392 post
1428 4326 1658 4391 triginta
1673 4327 1787 4381 fere
1810 4340 1994 4381 annos
2031 4330 2052 4359 δ
2074 4341 2166 4393 pa-
2263 4328 2395 4391 quis
2420 4333 2526 4391 est,
2573 4327 2673 4393 qui
2698 4327 2786 4380 vel
2828 4331 3045 4379 tentare
3091 4326 3263 4379 [idem
3285 4329 3545 4379 nostram
3568 4324 3740 4390 cupit,
3764 4315 3838 4373 vel

559 4419 818 4471 rentibus
849 4417 1106 4470 redditus
1140 4430 1291 4483 sum,
1327 4423 1383 4470 et
1412 4417 1619 4470 durum
1635 4418 1774 4471 satis
1796 4423 1971 4483 atque
1988 4418 2162 4471 inhu-
2260 4417 2475 4481 audire,
2516 4418 2605 4471 vel
2648 4417 2898 4469 discere:
2927 4416 3070 4468 sciat
3105 4415 3260 4481 quod
3284 4416 3299 4445 τ
3319 4415 3391 4470 de
3441 4415 3716 4468 Trinitate
3772 4410 3835 4461 ita

556 4519 796 4561 manum
833 4509 970 4571 erat,
1015 4509 1061 4560 si
1104 4510 1220 4560 tam
1248 4509 1361 4562 cito
1382 4509 1703 4562 desererem
1728 4522 1845 4573 eos,
1870 4521 2016 4573 quos
2042 4515 2160 4563 tam
2259 4507 2565 4572 credimus,
2611 4507 2766 4573 quod
2811 4508 2981 4560 unius
3010 4508 3236 4560 natura;
3276 4506 3369 4572 sit,
3396 4506 3574 4560 unius
3599 4500 3829 4562 Deitatis,

561 4598 717 4650 tarde
752 4598 1062 4652 reviseram
1104 4614 1116 4649 :
1146 4599 1393 4652 simulet
1418 4600 1555 4663 quia
1577 4604 1729 4652 °tam
1758 4600 1913 4666 longi
1938 4599 2158 4653 itineris
2257 4598 2429 4651 unius
2459 4598 2830 4663 ejusdemque
2855 4597 3104 4661 virtutis,
3141 4602 3315 4661 atque
3347 4596 3687 4649 substantia
3730 4600 3832 4645 :nec

553 4686 713 4739 labor
734 4686 1076 4754 fragiliorem
1097 4701 1191 4742 me
1213 4689 1398 4743 reddit
1425 4689 1498 4741 ad
1519 4690 1811 4743 iterandos
1838 4691 2157 4754 labores)li-
2253 4689 2402 4742 inter
2444 4690 2672 4742 Patrem
2716 4691 2775 4742 et
2819 4687 3029 4742 Filium
3066 4693 3125 4741 et
3170 4686 3441 4753 Spiritum
3479 4688 3741 4741 Sanctum
3774 4678 3833 4731 sil

557 4774 691 4828 teris
724 4776 865 4827 meis
899 4776 1288 4830 satisfacerem
1328 4778 1671 4832 Bcatitudini
1697 4784 1836 4844 tum,
1864 4792 1980 4833 non
2002 4782 2065 4834 ut
2079 4780 2152 4835 de
2253 4792 2486 4845 prorsus
2522 4778 2638 4832 ulla
2657 4778 2979 4843 diversitas,
3015 4778 3127 4830 nisi
3151 4777 3305 4843 quod
3328 4777 3421 4831 ille
3445 4778 3608 4831 Pater
3643 4776 3745 4837 est,
3783 4769 3828 4821 ei

638 4927 656 4949 ·
678 4918 839 4971 Itain
858 4918 1083 4973 duobus
1112 4933 1252 4973 mss.
1278 4921 1638 4988 Coisliniano,
1661 4926 1718 4976 et
1739 4925 1946 4978 Navar.
1963 4964 1976 4987 ,
2005 4931 2150 4981 teste
2173 4905 2222 4982 C
2256 4926 2372 4976 stat
2402 4925 2596 4975 tamen
2626 4923 2834 4975 Nostro
2858 4922 3050 4975 hacin
3073 4934 3136 4975 re
3160 4921 3333 4974 ﬁdem
3360 4921 3626 4973 adhibere
3648 4915 3823 4988 eade

552 4990 611 5043 P.
651 4992 1001 5049 Constantio,
1041 4993 1392 5046 inscribitur.
1426 4997 1493 5047 In
1531 4986 1649 5049 uno
1674 4986 2149 5053 Corbeiensibre-
2252 4996 2322 5048 de
2358 5007 2419 5047 se
2466 4995 2703 5047 testanti
2741 4993 3099 5059 etiam]ib.II.
3119 4994 3332 5058 Histor,
3351 4992 3501 5045 Eccl.
3538 5003 3641 5059 cap
3663 4990 3711 5045 4.
3737 4986 3827 5038 Ευ-

551 5063 701 5137 vius,
744 5065 1009 5129 Apologia
1057 5067 1245 5128 Rufini
1275 5069 1347 5116 ad
1398 5070 1752 5119 Armstasium
1804 5072 2034 5137 Papam.
2089 5076 2154 5127 In
2252 5082 2400 5129 rum,
2436 5066 2534 5130 ait,
2564 5072 2706 5131 gesta
2730 5068 2920 5131 rcfero,
2950 5081 3184 5132 quorum
3214 5067 3275 5115 in
3313 5059 3825 5137 passionibus‘seciu‘

548 5136 934 5210 Guarneriano
975 5139 1242 5202 Apologia
1277 5141 1511 5205 ejusdem
1548 5143 1751 5206 Ruﬁni,
1771 5134 1939 5207 quam
1992 5161 2094 5210 pro
2106 5161 2157 5197 se
2253 5154 2355 5188 csse
2382 5139 2677 5210 promerui.
2713 5140 2915 5193 Recole
2943 5151 3076 5203 quae
3107 5151 3213 5191 nos
3244 5138 3324 5191 ibi
3355 5142 3415 5191 et
3447 5139 3635 5192 Vitam
3664 5134 3754 5188 lib.
3782 5139 3823 5180 Ι.

548 5208 693 5257 misit
716 5210 791 5283 ait
805 5210 1292 5276 Athanasiumdeg
1308 5248 1322 5263 .
1337 5214 1706 5279 Anastasiu-m)
1726 5218 1910 5267 Romae
1932 5207 2157 5283 Episco-
2258 5221 2361 5274 cap
2388 5207 2464 5263 o9-

543 5295 696 5346 pum.
737 5282 889 5357 litae
914 5286 1004 5333 est
1042 5294 1220 5357 quam
1244 5284 1629 5351 Hieronymus
1653 5290 1773 5341 toto
1788 5288 1932 5342 libro
1948 5282 2016 5342 II.
2052 5290 2157 5343 ad-
2318 5298 2336 5320 ⁸
2372 5292 2438 5341 In
2463 5290 2830 5343 Guarnerian.
2881 5303 2989 5343 ms.
3010 5329 3025 5355 ,
3047 5289 3275 5357 probata
3297 5290 3388 5355 sit,
3422 5295 3466 5341 et
3484 5294 3540 5340 ut
3553 5290 3600 5340 si
3618 5286 3733 5353 quis
3748 5284 3820 5340 est,

547 5365 747 5404 versus
765 5354 1041 5428 Buiinum
1065 5355 1172 5407 sibi
1193 5357 1611 5411 confutandam
1636 5364 1949 5426 proposuit.
2257 5362 2355 5427 qui
2378 5378 2526 5411 nunc
2556 5367 2886 5428 tentarc,etc.
3016 5354 3019 5355 ⁷
3047 5354 3061 5357 “
3124 5364 3129 5369 ’

631 5425 835 5510 Ozinfer
860 5427 1090 5510 iiieron.
1114 5433 1187 5479 ιιι)
1207 5467 1218 5479 .
1242 5431 1484 5482 laudato
1519 5445 1673 5483 num.
1696 5425 1756 5486 ἓξ
1776 5434 2152 5487 Guarnerian.
2266 5425 2280 5427 _
2320 5443 2334 5472 τ
2363 5444 2503 5504 Qum
2522 5442 2653 5493 ωηο
2668 5425 3104 5506 subsequuntur
3126 5443 3320 5496 dende
3334 5441 3636 5496 Trinitatis,
3662 5436 3820 5510 deque

545 5508 659 5583 mps'
687 5502 1112 5583 £3¢°Uﬂ9ima~
1158 5574 1168 5583 .
1274 5574 1287 5583 ,
1480 5578 1489 5583 _
1642 5576 1652 5583 _
1782 5582 1787 5583 ί
1896 5581 1903 5583 ξ
1960 5579 1987 5583 _
2031 5578 2041 5583 _
2082 5579 2119 5583 __
2250 5502 2438 5566 carnis
2456 5502 2955 5567 resurrectionem
2977 5516 3154 5568 linem
3185 5528 3368 5580 usque
3391 5514 3575 5579 quarti
3609 5502 3818 5583 numgl‘i;

584 5581 621 5650 ,⁸
683 5574 1079 5651 θηδΐηθΐίᾶῐιορ
1121 5574 1435 5651 δίηταιιιμες,
1476 5578 1594 5651 tum
1633 5576 1834 5651 iuncto
1857 5581 1915 5631 et
1950 5578 2151 5631 Coiin-
2249 5587 2580 5637 Bachiarius
2608 5587 2667 5637 in
2699 5601 2804 5639 suo
2840 5589 2901 5637 de
2934 5589 3038 5651 ﬁde
3068 5574 3486 5651 Libellolquém
3503 5580 3818 5638 Cl.Murato-

540 5646 712 5725 mane
736 5654 847 5721 ms.
870 5680 882 5699 ,
908 5650 1019 5692 tam
1045 5646 1356 5710 longinqui,
1387 5647 1441 5699 al
1477 5650 1595 5712 jam
1631 5649 1796 5713 longi.

2273 5659 2371 5710 'ius
2398 5659 2554 5709 Tom.
2584 5660 2650 5709 ll.
2678 5646 3105 5712 Anecdot'orum
3122 5646 3396 5725 vulgavit,
3418 5659 3646 5711 totidem
3669 5652 3813 5725 ferul}?

622 5711 891 5799 3.39.1???
918 5718 1297 5799 {lancﬂuimo
1316 5711 1545 5799 ξδυάθιη
1566 5723 1671 5772 abs
1704 5711 2052 5799 ﬂierpnymo
2082 5725 2149 5778 li-
2252 5731 2443 5783 verbis
2470 5730 2803 5796 descripsit;
2829 5711 2983 5795 quod
3010 5711 3350 5785 baac’iiiiiini
3376 5711 3605 5794 scriptio
3643 5712 3813 5789 Quanti

538 5782 641 5836 bro
662 5782 893 5838 laudato
924 5786 1196 5841 imminui
1219 5802 1287 5843 ac
1308 5792 1426 5844 fere
1450 5806 1685 5859 prorsus
1709 5782 1969 5851 invideri.
1994 5801 2148 5854 Prm-
2244 5802 2367 5868 jam
2392 5805 2530 5856 tunc
2554 5782 2735 5866 iteret,
2759 5782 2981 5857 iudieioi
3009 5782 3122 5857 est.
