3900 6402
28 354 125 413 625

1155 351 1514 404 APOLOGIA
1551 351 1649 404 AD
1700 352 2178 411 ANASTASIUM.

3208 375 3312 434 626

25 455 112 508 hic
139 452 334 518 Filius,
365 456 424 506 et
454 452 545 504 ille
571 452 814 531 Spiritus
840 453 1099 505 Sanctus.
1128 451 1375 505 Trinitas
1394 452 1452 504 in
1481 451 1610 505 sub-
1633 443 1695 517 A
1720 460 1830 519 est,
1845 460 1943 523 qui
1959 461 2334 517 criminantur
2351 466 2567 531 fratres,
2587 483 2715 524 cum
2732 472 2859 539 ipso
2883 475 3094 540 pariter
3109 478 3308 531 aeterni

28 544 357 598 sistentibus
389 543 664 609 personis,
705 543 896 597 unitas
933 543 991 596 in
1024 546 1228 597 natura
1261 547 1435 609 atque
1472 545 1615 597 sub-

27 634 247 691 stantia.

84 726 163 779 lil.
209 725 421 777 Filium
445 737 675 790 quoque
696 724 797 776 Dei
828 724 887 777 in
913 724 1248 778 novissimis
1274 724 1477 778 diebus
1509 739 1614 779 na-

26 825 139 872 tum
179 828 310 870 esse
345 815 687 870 conﬁtemur
709 829 780 868 ex
805 816 1039 881 Virgine
1062 821 1119 868 et
1142 816 1354 881 Spiritu
1379 816 1610 869 Sancto:

24 919 246 961 carnem
260 911 485 961 natura:
498 907 792 970 humanm,
807 909 979 972 atque
990 907 1248 960 animam
1262 909 1612 973 suscepisse,

24 1001 76 1051 in
107 1009 224 1063 qua
246 1003 304 1051 et
343 1010 552 1064 passus
589 1000 699 1063 est,
739 999 797 1051 et
840 998 1118 1063 sepultus,
1149 1001 1205 1050 et
1239 998 1551 1051 resurrexit
1580 1010 1615 1050 a

21 1087 256 1142 mortuis
290 1102 303 1138 :
343 1088 402 1139 in
427 1085 604 1156 405
638 1087 836 1139 eadem
897 1087 1024 1152 ipsa
1073 1100 1242 1140 carne
1289 1099 1612 1152 resurgens,

23 1189 40 1210 ·
68 1191 200 1244 quae
227 1178 488 1244 deposita
508 1177 694 1230 fuerat
715 1177 777 1230 in
808 1178 1101 1243 sepulcro:
1133 1190 1265 1229 cum
1300 1189 1414 1241 qua
1444 1190 1614 1230 carne

22 1269 202 1333 simul,
220 1274 395 1334 atque
418 1267 608 1321 anima
630 1271 765 1334 post
788 1268 1263 1321 resurrectionem
1282 1268 1539 1321 ascendit
1553 1267 1613 1320 in

20 1359 184 1412 caelos
203 1375 221 1408 :
253 1358 405 1412 unde
431 1359 487 1411 et
517 1360 799 1410 venturus
831 1358 1196 1425 exspectatur
1224 1357 1297 1410 ad
1328 1357 1611 1421 judicium

17 1451 38 1481 ι’
59 1448 321 1501 vivorum
343 1460 412 1500 ac
432 1448 785 1500 mortuorum
808 1485 820 1499 .

74 1538 167 1589 IV.
210 1537 319 1590 Sed
341 1538 399 1589 et
431 1537 616 1591 carnis
648 1546 667 1567 ο
698 1542 916 1591 nostra)
951 1535 1436 1591 resurrectionem
1470 1535 1614 1590 fate-

18 1640 139 1679 mur
155 1627 399 1692 integre,
424 1627 482 1680 et
503 1627 749 1693 perfecte
767 1626 823 1678 fu
834 1632 1053 1680 turam:
1080 1626 1258 1692 hujus
1293 1625 1477 1691 ipsius
1493 1638 1613 1677 car-

17 1718 100 1769 nis
135 1719 376 1783 nostraa,
407 1718 469 1769 in
492 1730 607 1782 qua
627 1730 781 1770 nunc
805 1717 1057 1770 vivimus
1074 1754 1087 1767 .
1111 1717 1258 1781 Non,
1282 1717 1346 1768 ut
1371 1715 1604 1780 quidam

20 1807 454 1872 calumniantur,
485 1807 719 1860 alteram
746 1820 846 1872 pro
871 1807 978 1859 hac
1006 1810 1453 1860 resurrecturum
1476 1806 1609 1858 dici-

19 1910 172 1962 mus;
219 1897 323 1949 sed
355 1897 506 1951 hanc
538 1898 740 1963 ipsam,
801 1897 959 1951 nullo
995 1897 1226 1949 omnino
1243 1898 1368 1962 ejus
1399 1896 1501 1963 [aL
1533 1898 1583 1949 ei

18 1989 270 2041 membro
290 1991 604 2053 amputato,
624 1988 713 2040 vel
730 1986 1172 2053 aliquacorporis
1189 1990 1347 2052 parte
1364 1986 1612 2052 desecta,

17 2080 109 2131 sed
138 2077 235 2132 cui
258 2077 399 2131 nihil
421 2078 652 2131 omnino
702 2092 774 2133 ex
794 2079 948 2131 omni
964 2080 1170 2132 natura
1186 2090 1292 2130 sua
1312 2078 1477 2141 desit,
1496 2078 1615 2130 nisi

18 2169 128 2222 sola
152 2171 443 2236 corruptio
467 2210 478 2221 .
501 2172 623 2224 lIoc
643 2170 795 2222 enim
816 2169 1096 2235 promittit
1119 2174 1356 2221 sanctus
1375 2170 1616 2235 Aposto-

16 2261 116 2322 lus,
134 2260 294 2326 quod
314 2261 627 2313 seminetur
642 2273 850 2326 corpus
867 2260 923 2311 in
941 2259 1318 2324 corruptione,
1336 2263 1390 2311 et
1411 2272 1605 2311 resur-

16 2356 104 2415 gat
142 2350 200 2401 in
245 2350 701 2417 incorruptione:
729 2356 784 2402 et
818 2350 1135 2402 seminetur
1163 2350 1225 2402 in
1256 2349 1607 2411 inﬁrmitate,

13 2445 201 2506 surgat
244 2440 736 2507 [al.resurgatlin
759 2439 1414 2494 virtute:semineturin
1451 2439 1610 2505 igno-

16 2531 198 2595 minia,
229 2533 431 2598 surgat
453 2532 512 2583 in
535 2531 714 2596 gloria
732 2544 745 2595 ;
763 2534 820 2584 et
838 2531 973 2595 quia
994 2530 1009 2596 [
1028 2530 1099 2582 al.
1128 2529 1313 2595 quoi]
1345 2529 1599 2583 semine-

17 2627 101 2673 tur
140 2634 354 2686 corpus
384 2621 648 2684 animale,
680 2625 943 2687 resurgat
968 2621 984 2687 j
1008 2621 1081 2673 al.
1123 2620 1353 2685 surgat]
1402 2632 1608 2685 corpus

1714 554 1893 626 406
1924 557 2074 621 ignis
2100 568 2118 590 ·
2154 560 2485 615 haereditate
2501 564 2791 629 potientur
2818 569 3055 629 (Matth.
3074 569 3223 635 25.).
3252 572 3305 625 Si

1714 647 1844 710 quis
1861 661 1994 714 ergo
2010 652 2181 716 negat
2194 652 2485 706 diabolum
2510 657 2737 708 aeternis
2750 657 2979 723 ignibus
2992 663 3316 729 mancipan-

1713 737 1871 800 dum,
1905 744 2126 803 partem
2164 755 2297 794 cum
2333 743 2460 808 ipso
2502 746 2701 799 interni
2737 747 2888 813 ignis
2935 751 3191 817 accipiat,
3246 757 3313 806 ut

1718 826 1836 891 [aL
1863 829 1947 894 et]
1979 831 2191 885 sentiat
2222 833 2376 895 quod
2399 835 2665 899 negavit.

1775 918 1879 968 IV.
1924 919 2132 983 Audio,
2157 925 2213 973 et
2236 922 2306 973 de
2330 924 2519 975 anima
2537 927 2889 988 quaestiones
2905 942 3031 980 esse
3055 942 3314 985 commo-

1714 1009 1803 1059 tas
1824 1006 1929 1073 [δι.
1953 1009 2163 1061 multas
2179 1012 2363 1076 esse].
2385 1013 2465 1065 De
2484 1026 2596 1077 qua
2613 1027 2669 1065 re
2685 1019 2879 1068 utrum
2907 1018 3077 1084 recipi
3103 1020 3311 1073 debeat

1714 1097 2087 1162 querimonia,
2114 1103 2214 1151 aut
2235 1100 2424 1165 abjici,
2443 1115 2545 1154 vos
2562 1095 2795 1168 probate
2825 1106 2910 1159 .Si
2937 1114 3127 1160 autem
3154 1113 3212 1162 et
3238 1109 3310 1162 de

1711 1197 1806 1237 me
1824 1186 1959 1249 quid
1990 1188 2235 1241 sentiam
2260 1191 2554 1255 quaeritur,
2587 1192 2765 1245 fateor
2795 1206 2885 1246 me
2913 1195 2983 1247 de
3010 1196 3117 1249 hac
3146 1210 3309 1262 quaa-

1713 1275 1900 1327 stione
1927 1277 2082 1341 apud
2110 1278 2563 1344 quamplurimos
2578 1283 2969 1336 Tractatorum
2989 1285 3214 1338 diversa
3231 1286 3313 1339 le-

1712 1363 1865 1429 gisse
1885 1403 1895 1413 .
1916 1366 2049 1431 Legi
2064 1368 2339 1430 quosdam
2359 1369 2636 1435 dicentes,
2655 1372 2810 1436 quod
2826 1374 3035 1437 pariter
3049 1388 3182 1428 cum
3198 1388 3316 1430 cor-

1711 1466 1848 1518 pore
1886 1467 1987 1519 per
2027 1456 2265 1509 humani
2312 1460 2551 1511 seminis
2587 1462 2878 1514 traducem
2909 1464 3080 1516 etiam
3123 1466 3317 1517 anima

1714 1542 1731 1572 ί
1752 1541 2106 1597 ditl’undatur
2123 1560 2136 1596 :
2155 1550 2211 1598 et
2241 1547 2351 1599 hoc
2377 1549 2589 1612 quibus
2618 1553 2877 1616 poterant
2900 1553 3315 1607 assertionibus

1713 1632 2132 1688 confirmabant
2146 1674 2157 1685 .
2174 1637 2334 1698 Quod
2351 1641 2485 1700 puto
2499 1638 2643 1691 inter
2655 1640 2888 1693 Latinos
2902 1641 3316 1695 Tertullianum

1718 1722 1995 1785 sensisse,
2014 1724 2103 1777 vel
2130 1726 2513 1793 Lactantium,
2552 1729 2813 1781 fortassis
2830 1734 2885 1781 et
2913 1730 3057 1781 alios
3082 1732 3320 1783 nonnul-

1714 1809 1801 1861 los
1819 1850 1831 1861 .
1866 1812 1970 1863 Alii
1998 1816 2295 1879 asserunt,
2324 1816 2477 1880 quod
2506 1817 2765 1870 formatis
2788 1819 2854 1871 in
2884 1823 3046 1872 utero
3079 1822 3318 1885 corpori-

1720 1899 1847 1961 bus,
1888 1902 2042 1953 Deus
2076 1904 2328 1967 quotidie
2354 1905 2521 1958 faciat
2548 1908 2771 1960 animas
2796 1913 2853 1961 et
2876 1908 3142 1962 infundat
3174 1928 3186 1958 :
3222 1909 3317 1963 alii

1719 1989 1873 2052 quod
1888 2000 1907 2029 ι
1925 1990 2100 2043 factas
2112 1993 2233 2057 jam
2248 1994 2401 2059 olim,
2420 1994 2587 2059 idest,
2622 1997 2761 2051 tunc
2785 2011 2918 2051 cum
2943 2000 3135 2053 omnia
3158 2002 3315 2053 Deus

1717 2081 1932 2133 creavit
1946 2095 2016 2133 ex
2044 2082 2239 2146 nihilo,
2266 2097 2421 2137 nunc
2445 2098 2542 2137 eas
2558 2086 2774 2150 judicio
2800 2099 2907 2141 suo
2931 2089 3227 2155 dispenset
3254 2091 3316 2144 in

1714 2166 1974 2235 corpore.
2013 2172 2137 2224 Hoc
2179 2173 2351 2226 sentit
2406 2178 2463 2226 et
2508 2174 2804 2240 Origenes,
2852 2178 2909 2230 et
2931 2179 3192 2231 nonnulli
3218 2180 3315 2232 alii

1713 2260 2068 2314 Graecorum.
2090 2263 2209 2325 Ego
2225 2275 2358 2315 vero
2376 2276 2511 2315 cum
2524 2263 2649 2317 hmo
2669 2265 2895 2328 singula
2909 2266 3161 2332 legerim,
3192 2269 3313 2321 Deo

1714 2350 1874 2411 teste,
1892 2350 2037 2414 dico,
2054 2350 2189 2415 quia
2204 2349 2477 2416 usqu’ead
2502 2365 2760 2418 prasens
2794 2355 2951 2418 certi,
2998 2361 3057 2409 et
3093 2356 3313 2410 deﬁniti

1709 2437 1920 2502 aliquid
1939 2440 2009 2492 de
2032 2440 2138 2491 hac
2159 2442 2480 2504 quaestione
2508 2454 2625 2496 non
2659 2444 2844 2509 teneo,
2875 2444 2974 2497 sed
2999 2446 3114 2498 Deo
3138 2446 3314 2499 relin-

1710 2541 1826 2593 quo
1872 2530 2036 2595 scire,
2076 2530 2218 2596 quid
2264 2531 2340 2584 sit
2362 2532 2422 2585 in
2452 2545 2603 2597 vero,
2634 2538 2694 2588 et
2718 2534 2767 2586 si
2791 2534 2883 2587 cui
2900 2536 3021 2601 ipse
3062 2536 3314 2591 revelare

1709 2619 2062 2684 dignabitur.
2092 2624 2233 2685 Egot
2258 2635 2428 2675 amen
2465 2622 2593 2677 hinc
2632 2623 2860 2688 singula
2894 2630 2951 2679 et
2974 2624 3183 2692 legisse
3217 2639 3313 2679 me

14 2712 262 2775 spiritale
296 2710 385 2775 (1.
410 2725 524 2764 cor.
563 2709 706 2776 15.).
727 2713 865 2764 Haec
887 2712 1053 2764 nobis
1087 2711 1159 2763 de
1195 2710 1609 2763 resurrectione
1706 2721 1823 2760 non
1839 2721 2004 2774 nego,
2030 2711 2289 2763 etadhuc
2308 2711 2567 2776 ignorare
2611 2714 2906 2780 confiteor,
2945 2721 3155 2781 prater
3181 2715 3310 2782 hoc,

13 2800 211 2852 tradita
238 2803 377 2853 sunt
400 2802 473 2853 ab
496 2801 605 2861 his,
633 2813 667 2852 a
690 2802 899 2865 quibus
925 2804 1190 2853 sanctum
1228 2800 1514 2863 baptisma
1547 2800 1607 2851 in
1706 2812 1861 2863 quou
1904 2813 1935 2849 ιτ
1963 2799 2205 2853 anifeste
2232 2802 2401 2854 tradit
2434 2801 2698 2869 Ecclesia,
2736 2805 2913 2857 Deum
2939 2818 3068 2858 esse
3091 2805 3312 2859 anima-

14 2890 363 2956 Aquilejensi
387 2889 638 2944 Ecclesia
659 2890 1001 2955 consequuti
1029 2902 1262 2942 sumus:
1302 2902 1432 2953 quae
1466 2892 1604 2955 puto
1702 2902 1835 2944 rum
1859 2895 1916 2943 et
1940 2902 2243 2956 corporum
2266 2892 2644 2946 |'creatorem.

12 2978 128 3043 ipsa
150 2994 299 3044 esse,
327 2993 461 3046 quae
485 2982 657 3035 etiam
689 2980 1049 3047 Apostoiica‘l
1088 2980 1253 3033 sedes
1289 2979 1520 3043 tradere,
1547 2983 1605 3032 et

11 3068 207 3123 docere
233 3071 565 3123 consuevit.

1765 2981 1864 3031 VII
1879 3018 1892 3031 .
1925 2983 2071 3033 Sane
2087 2981 2219 3045 quia
2231 2982 2402 3034 audio
2418 2982 2548 3034 inde
2563 2983 2735 3034 etiam
2776 2996 2903 3035 esse
2926 2982 3303 3049 disputatum,

1704 3069 1858 3134 quod
1875 3070 2142 3134 quaedam
2159 3071 2415 3134 Origenis
2445 3074 2678 3136 rogatus
2694 3085 2728 3124 a
2740 3073 3005 3124 fratribus
3023 3072 3094 3126 de
3113 3075 3311 3127 Graeco

66 3160 148 3209 V.
182 3160 446 3212 Dicimus
494 3172 725 3224 quoque
744 3165 801 3213 et
818 3160 1102 3225 judicium
1116 3159 1389 3223 futurum,
1410 3159 1470 3211 in
1495 3171 1608 3223 quo
1632 3150 1680 3227 C
1706 3158 1765 3211 in
1786 3160 2052 3211 Latinu'n
2095 3159 2381 3224 transtuli,
2408 3164 2547 3225 puto
2565 3161 2716 3225 quod
2737 3173 2936 3215 omnes
2973 3161 3310 3229 intelligant,

10 3249 218 3312 judicio
246 3251 651 3316 unusquisque
672 3251 906 3317 recipiat
928 3251 1153 3317 propria
1168 3249 1434 3318 corporis,
1449 3253 1618 3316 prout

10 3343 198 3407 gessit,
236 3341 362 3394 sive
406 3343 569 3401 bona,
602 3341 726 3394 sive
756 3341 1108 3402 mala.Quod
1136 3342 1186 3393 si
1214 3341 1480 3394 homines
1531 3353 1614 3393 re-

11 3431 225 3496 cepturi
243 3436 383 3484 sunt
404 3445 504 3496 pro
519 3432 784 3496 Operibus
801 3432 922 3484 suis
939 3438 1176 3495 :quanto
1200 3431 1386 3495 magis
1411 3436 1469 3484 et
1483 3431 1596 3483 dia-

12 3521 189 3585 bolus,
207 3521 315 3586 qui
330 3521 600 3573 omnibus
617 3521 813 3574 existit
835 3521 917 3588 [al
933 3562 945 3574 .
971 3522 1225 3587 exstitit]
1248 3534 1453 3573 caussa
1480 3535 1602 3587 pec-

26 3612 172 3664 cati?
200 3612 288 3663 De
305 3623 423 3676 quo
453 3610 595 3665 illud
627 3612 929 3678 sentimus,
964 3612 1116 3677 quod
1135 3612 1413 3678 scriptum
1447 3612 1621 3665 estin

12 3701 364 3768 Evangelia:
409 3702 545 3766 quia
586 3702 782 3768 et[al.
824 3708 924 3754 tac.
950 3703 1051 3769 et]
1087 3703 1210 3769 ipse
1239 3702 1518 3768 diabolus,
1561 3707 1619 3755 et

12 3804 209 3844 omnes
223 3792 418 3859 angeli
436 3793 582 3858 ejus,
598 3806 730 3845 cum
746 3793 838 3845 his
854 3794 955 3859 qui
980 3806 1149 3860 Opera
1162 3794 1287 3859 ejus
1302 3792 1535 3856 faciunt,
1558 3792 1617 3844 id

70 3936 87 3955 ·
110 3929 283 3980 Hanc
304 3930 451 3980 tacet
480 3930 908 3982 Guarnerianus
934 3932 1241 3984 verborum
1262 3929 1610 3993 pericOpam,

17 4014 133 4061 qua
154 4000 261 4064 dep
280 4000 414 4049 osita
427 3999 607 4061 fuerat
637 4000 700 4050 in
710 4002 949 4066 sepulcro
984 4039 997 4052 .
1014 4004 1098 4053 Ex
1123 4002 1231 4053 hoc
1251 4005 1448 4053 autem
1491 3999 1615 4050 loco

11 4076 63 4121 et
77 4071 481 4135 subsequenti,
500 4070 597 4123 ubi
611 4073 800 4123 carnis
812 4073 989 4137 hujus
1004 4072 1342 4124 resurrectio
1370 4070 1595 4130 dicitur,

10 4142 311 4194 contendit
322 4143 370 4191 V
383 4180 395 4191 .
418 4143 460 4194 C
472 4180 484 4193 .
498 4143 773 4195 Bachiarii
788 4157 1044 4210 nuperus
1058 4144 1386 4205 illustrator,
1403 4141 1608 4193 Rutlno

9 4212 458 4266 adscribendum
475 4227 603 4266 esse
625 4214 970 4280 opusculum
988 4228 1216 4279 quoque
1234 4214 1388 4274 illud,
1408 4214 1532 4265 sive
1549 4212 1612 4263 ii-

18 4284 235 4337 bellum
258 4284 506 4338 relatum
520 4286 580 4337 in
597 4286 790 4339 codice
813 4289 1105 4340 Canonum
1122 4285 1389 4339 Ecclesia;
1404 4287 1611 4337 Roma-

9 4356 278 4420 nee.C.ap.
297 4354 366 4411 39
382 4396 396 4407 .
417 4360 532 4409 tom
549 4395 563 4408 .
584 4359 662 4409 II.
685 4358 932 4421 Operum
958 4361 1020 4411 S.
1046 4358 1250 4410 Leonis
1274 4358 1422 4410 edit.
1439 4358 1616 4418 Ques-

9 4427 278 4481 nellianm
311 4440 449 4493 pag.
487 4429 580 4484 74.
614 4434 672 4482 et
693 4431 744 4483 ei
767 4430 1004 4494 quidem
1021 4429 1484 4491 adscribendum,
1500 4439 1614 4479 non

10 4501 68 4549 ut
90 4500 127 4550 S
143 4537 156 4549 .
180 4501 438 4565 Gregorii
455 4501 795 4554 Nazianzeni
818 4502 1241 4569 Interpreti,sed
1258 4505 1322 4554 ut
1353 4500 1619 4566 primige°

9 4570 100 4621 nio
132 4572 361 4624 auctori
387 4587 401 4624 :
433 4577 537 4626 aut
567 4578 719 4627 certe
742 4574 973 4638 quidem
992 4575 1160 4626 alicui
1210 4587 1242 4626 e
1267 4570 1605 4633 Latinis,qui

9 4642 201 4695 Ruﬁni
236 4644 456 4709 scripta
471 4645 540 4697 de
556 4658 858 4712 corporum
874 4647 1305 4700 Resurrectione
1320 4643 1609 4708 expilave-

9 4715 94 4774 rit,
124 4715 469 4780 Apologiam
498 4718 648 4769 hanc
672 4719 905 4783 scilicet,
930 4724 988 4771 et
1012 4718 1383 4779 Invectivam,
1412 4717 1473 4767 ut
1504 4726 1608 4766 vo-

9 4792 116 4849 cat,
161 4786 410 4852 primam
435 4802 567 4852 cap.
585 4788 762 4844 3.et4
778 4825 790 4839 .
819 4789 1181 4853 Quesnellius
1199 4790 1437 4840 Dissert.
1462 4786 1610 4838 XIV.

9 4872 112 4923 cap
126 4896 141 4909 .
160 4859 194 4912 7
211 4895 226 4905 .
247 4860 593 4925 opusculum
605 4860 1024 4925 illudGregon-io
1036 4862 1246 4914 Bmt-ico
1270 4859 1614 4912 Eliberitano

9 4931 301 4995 Episcopo
319 4928 624 4984 adtribuit:
644 4933 905 4984 Monachi
923 4932 1266 4985 Benedictini
1286 4932 1343 4983 in
1369 4928 1616 4981 HistOi-ia

10 5001 606 5055 LiteraiiaGailiarum
621 5006 754 5056 tom.
771 5005 810 5054 Ι.
826 5017 950 5067 par.
964 5005 1032 5055 II.
1048 5003 1343 5055 Phtebadii
1357 5006 1618 5066 Agenen-

9 5073 88 5123 sis
120 5086 260 5125 esse
284 5074 678 5137 suspicantur.
710 5075 956 5128 Omnino
981 5075 1213 5128 alterius
1229 5074 1510 5139 (quisquis
1528 5071 1619 5123 ille

10 5144 217 5265 fuerit)
244 5146 435 5210 magis
473 5159 646 5211 quam
675 5147 866 5201 Ruﬁni
895 5147 1091 5200 stilum
1119 5153 1294 5211 atque
1326 5144 1621 5212 ingenium

10 5228 65 5265 re
93 5229 155 5265 er
208 5249 223 5263 .

10 5220 188 5267 refert
208 5249 223 5263 .

67 5305 90 5333 ι
126 5287 374 5340 Adeunt
398 5289 573 5353 judeac
607 5296 666 5344 et
691 5291 904 5357 vulgati
936 5296 1105 5345 antea
1127 5291 1255 5351 libri
1285 5293 1339 5342 ct
1370 5292 1625 5342 Guarne-

10 5361 136 5412 rian
148 5374 227 5411 us
263 5373 380 5411 ms.
403 5364 519 5414 tam
534 5363 660 5415 heic
687 5363 815 5429 loci,
841 5377 1016 5428 quam
1037 5367 1096 5416 in
1120 5363 1404 5429 Apologia:
1421 5361 1624 5413 adver-

11 5444 110 5483 sus
143 5433 569 5496 Hieronymum
596 5436 677 5488 lib
696 5476 709 5489 .
729 5436 773 5487 i.
800 5450 968 5489 num.
990 5437 1023 5491 4
1041 5476 1053 5488 .
1080 5438 1178 5488 ubi
1198 5438 1370 5489 verba
1386 5435 1513 5487 haec
1530 5447 1626 5485 ea-

9 5504 148 5555 dem
170 5510 480 5557 recurrunt
495 5508 925 5573 .Castigatiores
948 5517 1139 5560 autem
1168 5521 1290 5559 mss
1307 5545 1319 5558 .
1337 5507 1622 5571 ignorant.

84 5585 102 5605 ε
150 5577 333 5627 Tacet
372 5577 749 5632 Guarnerlan.
792 5593 1105 5645 pronomen
1122 5586 1334 5641 nostrae,
1371 5591 1485 5629 non
1499 5578 1626 5630 heic

9 5647 205 5709 modo,
239 5646 338 5699 sed
377 5652 433 5700 et
459 5650 621 5703 tertio
647 5652 839 5703 abhoc
865 5664 1056 5712 versu,
1084 5652 1180 5703 ubi
1203 5651 1395 5703 denuo
1429 5662 1632 5702 occur—

9 5722 76 5767 rit
102 5733 115 5769 :
145 5730 273 5782 quo
300 5719 533 5782 quidem
574 5722 703 5774 ioco’
719 5722 856 5775 illud
889 5726 945 5775 et
977 5736 1123 5775 mss.
1166 5722 1265 5773 alii
1292 5726 1351 5773 et
1374 5719 1626 5785 plerique

1638 4534 1694 4607 ἶ)

1715 3250 1968 3316 haac[al.
1994 3249 2137 3318 hoc]
2165 3262 2266 3316 pro
2296 3249 2418 3302 solo
2434 3249 2610 3303 livore
2626 3251 2868 3317 culpiri.
2900 3248 3076 3320 407
3098 3252 3153 3305 Si
3170 3252 3325 3305 enim

1719 3342 1931 3409 aliquid
1954 3344 2059 3406 est,
2082 3341 2237 3408 quod
2260 3341 2557 3408 displiceat
2578 3342 2639 3395 in
2658 3347 2908 3407 auctore,
2946 3355 3121 3407 quare
3156 3343 3214 3396 id
3250 3342 3325 3397 ad

1722 3434 2087 3498 interpretem
2118 3431 2485 3495 detorquetur
2497 3433 2525 3482 ἢ
2543 3431 2701 3484 Sicut
2723 3432 2735 3464 ¹
2752 3430 2809 3484 in
2828 3431 3042 3484 Grmcis
3061 3432 3323 3500 habetur,

1719 3528 1958 3590 rogatus
1982 3535 2113 3573 sum
2138 3527 2203 3574 ut
2227 3521 2441 3574 Latinis
2464 3521 2854 3574 ostenderem.
2894 3522 3109 3575 Graecis
3148 3524 3327 3576 sensi-

1717 3615 1830 3666 bus
1848 3614 2021 3668 verba
2036 3611 2169 3665 dedi
2186 3610 2389 3665 Latina
2407 3611 2806 3666 tantummodo
2819 3612 2970 3666 .Sive
2988 3622 3121 3678 ergo
3135 3612 3199 3666 in
3213 3612 3327 3666 illis

1718 3704 1982 3756 sensibus
2019 3703 2145 3756 laus
2195 3702 2350 3756 inest
2395 3703 2605 3768 aliqua,
2674 3715 2795 3755 non
2849 3706 2940 3756 est
2986 3715 3154 3755 mea:
3204 3704 3328 3758 sive

1718 3795 1901 3858 culpa,
1953 3792 2217 3845 similiter
2288 3804 2404 3844 non
2465 3796 2556 3845 est
2612 3804 2771 3844 mea.
2827 3792 3095 3855 Quinimo
3151 3791 3327 3845 etiam

1721 3930 1995 3995 ἑμφατικῶς
2016 3939 2051 3979 a
2072 3928 2299 3989 Rufino,
2318 3933 2384 3981 ut
2398 3939 2629 3979 omnem
2642 3926 3001 3991 Origenianaa
3017 3925 3321 3979 sententia

1721 4000 2106 4065 suspicionem
2131 4002 2205 4051 ab
2223 4012 2285 4050 se
2300 3999 2526 4060 longius
2545 4002 2857 4050 removeret
2877 4035 2889 4047 .

1777 4074 1799 4103 ‘
1822 4077 1888 4125 in
1907 4073 2312 4131 Guameriano,
2362 4086 2483 4135 qua:
2510 4070 2742 4120 Ecclesia
2767 4069 3063 4135 Apostolici
3094 4069 3191 4119 Dei
3230 4070 3326 4131 (re

1716 4144 2082 4198 scribendum
2114 4143 2346 4195 videtur
2365 4142 2596 4207 Domni)
2620 4144 2781 4206 sedes,
2812 4147 2930 4193 etc.
2960 4144 3327 4194 Navar.ms-

1713 4219 1842 4281 ﬁdes
1864 4230 1965 4282 pro
1984 4217 2123 4266 sedes
2147 4216 2284 4281 legit
2301 4217 2508 4279 .Pergit
2531 4228 2696 4279 porro
2745 4220 2955 4269 noster,
2996 4213 3204 4264 tradere
3239 4227 3328 4262 so-

1717 4289 1822 4339 lent
1838 4294 1883 4339 et
1899 4290 2083 4338 docere
2098 4290 2318 4351 absque
2335 4287 2527 4339 addito
2538 4288 2826 4347 consuevit,
2840 4283 3327 4350 quemadmodum

1720 4364 1780 4413 et
1793 4360 1927 4423 duo,
1944 4373 2091 4424 quos
2109 4360 2302 4412 laudat
2327 4362 2365 4411 P
2384 4394 2395 4407 .
2415 4359 2810 4420 Constantius,
2834 4369 2990 4409 mss.
3011 4357 3228 4409 habent
3244 4390 3259 4405 .

1791 4439 1811 4461 ⁸
1833 4433 1991 4483 Idem
2014 4445 2123 4482 ms.
2148 4437 2339 4495 patres;
2363 4436 2503 4494 tum,
2529 4431 2717 4479 (τίεν-ηε
2742 4430 2886 4493 ignis
2900 4429 3131 4493 accipiat
3156 4427 3327 4476 hare-

1728 4503 1890 4552 ditate
1926 4504 2175 4567 potietur,
2212 4516 2310 4566 pro
2326 4515 2439 4565 quo
2466 4503 2984 4565 scilicetpostremo
3016 4501 3191 4551 verbo
3223 4511 3328 4561 po-

1717 4574 1893 4637 tielur,
1929 4574 2212 4638 glossator
2246 4586 2363 4624 non
2397 4585 2564 4624 nemo
2600 4572 2674 4624 ad
2716 4571 2841 4622 libri
2883 4584 3040 4622 oram
3091 4569 3328 4634 accipiat

1712 4645 1954 4709 scripsit,
1983 4645 2138 4709 quod
2167 4642 2532 4707 postmodum
2562 4642 2825 4694 librarius
2855 4641 3193 4707 imprudens
3210 4651 3330 4692 una

1710 4718 1771 4769 in
1784 4720 2009 4767 textum
2044 4715 2294 4768 intrusit.
2308 4716 2518 4767 Notum
2529 4719 2882 4779 quantopere
2894 4714 3041 4765 hanc
3056 4709 3330 4777 loquendi

1711 4785 2031 4850 formulam,
2047 4790 2234 4838 azterni
2246 4788 2391 4852 ignis
2404 4787 2713 4837 hcereditale
2736 4787 2923 4852 potiri,
2944 4788 3325 4850 Hieronymus

1710 4860 2021 4922 exagitarit,
2039 4866 2212 4924 atque
2241 4859 2478 4911 irriserit
2496 4899 2505 4908 .
2524 4858 2674 4919 Quis,
2693 4859 2790 4915 ait,
2810 4873 3062 4922 unquam
3092 4857 3319 4907 audivit
3418 4901 3427 4910 .

1711 4932 1878 4996 potiri
1898 4930 2133 4993 ignibus,
2147 4938 2192 4981 et
2205 4931 2324 4995 frui
2346 4930 2670 4996 suppliciis?
2687 4932 2833 4981 Eum
2860 4930 3075 4982 videsis
3099 4928 3179 4979 lib
3200 4964 3210 4975 .
3234 4929 3285 4978 II
3303 4963 3317 4979 .

1716 5016 1820 5068 cap
1839 5040 1851 5052 .
1883 5004 1916 5058 6
1933 5041 1946 5054 .
1978 5006 2034 5055 et
2049 5016 2152 5068 seq
2173 5041 2186 5054 .
2209 5006 2293 5055 Ex
2317 5003 2407 5054 his
2431 5016 2597 5067 porro
2613 5007 2858 5059 constat,
2890 5004 3099 5054 lectum
3117 5000 3324 5051 vitiose

1716 5078 1851 5128 olim
1886 5077 2038 5141 apud
2070 5077 2343 5128 Nostrum
2372 5076 2735 5126 hcereditalem
2758 5074 3062 5139 patientur.
3103 5072 3237 5122 Mox
3263 5072 3324 5123 in

1718 5148 2100 5201 Guarneriano
2123 5162 2246 5211 ergo
2261 5147 2600 5199 adverbium
2616 5147 2970 5198 desideratur
2998 5180 3011 5193 .

1784 5218 1798 5247 ί
1823 5221 2035 5270 Iterum
2050 5210 2402 5269 Guarnerian
2414 5255 2426 5268 .
2446 5217 2781 5281 infundatur
2796 5255 2809 5266 .
2831 5217 2975 5265 Tum
2990 5216 3155 5264 antea
3169 5210 3323 5274 editi,

1722 5296 1767 5341 et
1785 5289 1843 5340 hi
1861 5289 2052 5355 quibus
2065 5294 2287 5354 poterat,
2313 5292 2403 5339 etc
2421 5323 2434 5337 .
2453 5287 2773 5339 Consulend
2782 5299 2849 5337 us
2866 5288 2900 5337 S
2916 5285 3322 5348 .Hieronymus

1720 5362 1864 5414 libro
1886 5360 2108 5412 dudum
2132 5359 2363 5411 Liudato
2383 5371 2524 5410 num
2544 5397 2556 5409 .
2575 5360 2632 5412 8.
2660 5363 2717 5409 et
2735 5371 2838 5421 seq
2862 5395 2873 5407 .

1789 5444 1806 5471 κ
1835 5432 2107 5483 Voculam
2128 5430 2272 5494 quod
2293 5430 2445 5480 idem
2465 5441 2556 5480 ms
2578 5466 2592 5480 .
2618 5433 2799 5480 tacet.

1700 5496 1707 5503 ’
1790 5505 1812 5534 ¹¹
1842 5506 2038 5556 Denuo
2075 5502 2224 5553 idem
2266 5514 2386 5551 ms.
2426 5500 2751 5550 conditorem
2795 5497 3069 5563 praefert:
3119 5494 3330 5548 subse-

1729 5578 1928 5640 quenti
1949 5587 2121 5625 Versu
2136 5588 2238 5623 esse
2281 5574 2520 5623 verbum
2551 5572 2793 5623 omittit.

1792 5650 1805 5680 ί
1821 5650 1954 5700 Plus
1968 5648 2143 5700 habet
2158 5645 2536 5697 (tuamet-ian.
2560 5657 2645 5694 ms
2666 5682 2675 5693 .
2694 5645 2827 5691 sicut
2842 5643 2990 5691 enim
3007 5642 3066 5691 in
3102 5640 3276 5691 Graeci
3288 5655 3333 5690 e-

1734 5720 1975 5781 habetur,
2008 5720 2083 5768 sic
2118 5725 2352 5780 rogatus,
2383 5722 2503 5769 etc.
2539 5718 2679 5768 item
2717 5714 2893 5768 altero
2909 5716 2981 5766 ab
3012 5714 3119 5765 hoc
3154 5724 3330 5766 versu

9 5790 298 5842 editilibri
311 5791 572 5846 reticent.
604 5796 719 5848 Nos
740 5795 877 5848 olim
895 5793 1359 5847 existimavimus
1369 5792 1635 5845 additum
1733 5799 1825 5855 est,
1846 5792 2019 5845 habet
2049 5803 2149 5855 pro
2174 5791 2337 5841 inest.
