3900 6390
605 344 711 402 627
1834 343 2229 398 ANASTASII

2307 342 2356 395 Ἐ
2390 341 2677 395 RUFINO.
3828 345 3876 399 65

604 442 750 497 illud
792 443 1016 510 adieci,
1054 445 1208 499 sicut
1254 443 1315 498 in
1373 442 1825 499 Prmfatiuncula
1879 456 2011 497 mea
2060 444 2212 498 desi~
2227 437 2369 511 Aet
2384 456 2489 509 ego
2504 444 2828 509 postremus
2841 447 3130 509 rogatusa
3155 441 3456 497 fratribus.
3491 443 3554 496 Si
3575 440 3876 509 iubetur:

607 533 804 600 gnavi,
820 539 888 588 ut
901 534 961 588 in
976 538 1260 600 quantum
1278 546 1528 599 possem,
1546 533 1841 597 aliquanta
1855 533 2200 589 deciderem:
2301 533 2402 586 ﬂat
2418 573 2431 599 ,
2445 534 2631 599 jussio
2648 534 2939 587 observari
2953 548 2972 569 ο
2989 533 3133 587 solet
3145 534 3206 586 in
3235 539 3533 600 posterum
3545 570 3561 585 .
3593 533 3656 587 Si
3684 534 3876 599 culpa!

605 621 703 675 illa
738 628 946 687 tamen,
988 635 1119 687 quae
1144 622 1287 675 mihi
1317 631 1336 653 ι
1357 622 1431 675 ad
1461 622 1848 688 suspicionem
1877 623 2202 688 veniebant,
2304 627 2425 688 tur,
2454 624 2555 688 qui
2596 629 2729 677 ante
2766 625 3093 688 jussionem
3116 625 3379 689 iecerunt
3396 662 3413 691 ,
3439 624 3613 689 culpa
3634 634 3674 675 a
3725 624 3875 689 prim

608 712 764 778 quod
777 714 981 765 nonab
1000 712 1125 777 ipso
1156 712 1395 779 Origene
1411 713 1491 766 ita
1506 712 1676 777 dicta,
1721 714 1823 767 sed
1852 714 1926 767 ab
1955 714 2084 767 aliis
2114 716 2205 769 vi-
2305 714 2568 779 incipiat.

608 801 878 854 derentur
889 801 1123 867 inserta,
1142 808 1372 869 propter
1386 803 1515 866 hoc,
1535 803 1693 868 quod
1709 803 1781 857 de
1801 804 2019 857 eisdem
2032 806 2207 857 rebus
2382 804 2536 855 VIII.
2556 804 2675 869 Ego
2696 808 2890 856 autem
2924 802 3016 869 [al
3043 843 3056 856 .
3085 803 3277 869 enim]
3308 806 3515 869 printer
3541 803 3703 856 hanc
3733 803 3876 855 ﬂden

607 890 668 943 in
681 889 810 943 aliis
823 890 965 943 locis
980 892 1247 957 ejusdem
1263 892 1518 945 auctoris
1532 891 1810 946 catholico
1827 893 2045 946 dictum
2060 895 2207 959 lege-
2308 905 2485 958 quam
2502 904 2675 959 supra
2697 894 2938 960 exposui
2950 932 2963 956 ,
2991 894 3143 948 idest
3165 905 3341 959 quam
3354 894 3612 947 Ecclesia
3628 894 3875 946 Romani

606 980 960 1053 ram.Nemo
986 993 1121 1047 ergo
1148 981 1293 1033 mihi
1321 994 1394 1035 ex
1422 981 1551 1047 hoc,
1581 994 1781 1046 quaso
1810 987 1887 1048 te,
1920 986 2115 1037 sancte
2142 997 2211 1038 ac
2308 988 2366 1035 et
2393 983 2809 1048 Alexandrina,
2843 986 2900 1036 et
2941 983 3327 1049 Aquilejensis
3341 985 3537 1037 nostra
3552 987 3724 1036 tenet
3753 996 3876 1047 ,qua

606 1068 951 1131 venerabilis
978 1075 1038 1124 et
1065 1070 1228 1124 beate
1261 1071 1442 1134 Pater,
1474 1072 1682 1124 conﬂet
1708 1072 2014 1126 invidiam:
2040 1086 2211 1127 nemo

606 1156 952 1212 factionibus
966 1161 1162 1212 utatur
1183 1164 1242 1213 et
1256 1160 1575 1223 calumniis,
1593 1161 1748 1225 quod
1764 1162 1822 1214 in
1839 1163 2093 1216 Ecclesia
2107 1162 2209 1216 Dei

604 1245 730 1299 ﬁeri
753 1258 874 1300 non
897 1246 1050 1301 licet.
1086 1248 1195 1301 Ubi
1221 1248 1377 1301 enim
1391 1246 1569 1316 408
1596 1248 1931 1315 simplicitas
1951 1257 2077 1305 tuta
2103 1253 2209 1305 erit

614 1339 672 1388 et
683 1334 1030 1402 innocentia,
1047 1336 1239 1389 sithic
1265 1350 1382 1391 non
1408 1338 1555 1390 erit?
1580 1338 1843 1405 Origenis
1880 1354 1988 1406 ego
2019 1354 2207 1407 neque

608 1422 872 1478 defensor
886 1438 1037 1491 sum,
1052 1438 1243 1491 neque
1257 1429 1525 1490 assertor,
1562 1441 1750 1494 neque
1781 1430 2000 1495 primus
2027 1431 2205 1485 inter-

2311 1086 2423 1139 que
2438 1074 2812 1140 Jerosolymis
2842 1073 3208 1140 prmdicatur,
3226 1070 3395 1126 aliam
3409 1084 3515 1126 nec
3542 1072 3735 1126 habui
3751 1072 3776 1102 δ
3824 1086 3876 1124 τι]

2310 1176 2505 1228 quam,
2524 1177 2632 1218 nec
2644 1164 2900 1218 habeoin
2914 1164 3124 1216 Christi
3134 1163 3369 1216 nomine
3384 1202 3400 1227 ,
3430 1176 3538 1216 nec
3565 1163 3832 1216 habebo.
3866 1164 3876 1213 1

2308 1254 2358 1305 si
2373 1254 2501 1318 quis
2515 1254 2680 1307 aliter
2694 1254 2901 1319 credit,
2917 1254 3179 1320 quisquis
3205 1251 3301 1307 ille
3326 1253 3444 1317 est,
3473 1252 3806 1306 anathema
3842 1252 3876 1303 si

2302 1344 2561 1398 Reddent
2576 1345 2767 1397 autem
2781 1344 2843 1396 in
2856 1344 3160 1410 diejudicii
3175 1344 3456 1397 rationem
3470 1342 3530 1395 hi
3546 1380 3562 1407 ,
3611 1343 3726 1409 qui
3758 1343 3876 1395 oﬂ'ei

2303 1433 2495 1486 dicula
2512 1473 2525 1498 ,
2546 1438 2608 1486 et
2622 1434 3013 1488 dissensiones
3029 1438 3086 1487 et
3101 1434 3369 1487 scandala
3381 1434 3658 1486 fratribus
3700 1435 3876 1499 proph

609 1526 760 1581 pres.
804 1514 915 1568 Alii
957 1523 1091 1572 ante
1132 1532 1227 1572 me
1267 1520 1377 1573 hoc
1412 1519 1565 1572 idem
1600 1533 1748 1585 opus
1783 1520 2064 1585 fecerant,
2095 1521 2203 1575 feci
2299 1523 2578 1577 invidiam
2592 1524 2773 1577 solam
2800 1529 3075 1591 generant
3087 1528 3145 1577 et
3178 1524 3443 1580 livorem.

672 1632 882 1686 “Paulo
896 1633 1237 1700 elegantius,
1256 1635 1393 1689 falso
1426 1639 1622 1689 tamen
1662 1636 1964 1701 legebatur
1996 1637 2060 1688 in
2091 1653 2216 1689 sus-

607 1703 879 1769 picionem
891 1742 903 1755 .
922 1674 1308 1773 Hvibronyinus
1323 1708 1642 1761 barbariem
1656 1674 1937 1761 segmonis
1953 1710 2217 1775 adsuspi-
2237 1674 2292 1747 B

613 1775 822 1848 cionem
861 1778 1058 1839 venire,
1097 1781 1155 1831 et
1190 1779 1352 1843 quod
1385 1780 1676 1845 pracedit,
1714 1781 1852 1847 quin
1874 1782 1986 1833 imo
2020 1782 2205 1848 etiam,

612 1845 951 1916 Presbytero
965 1849 1185 1916 Aquilej
1193 1851 1317 1902 ensi
1331 1863 1405 1903 ex
1413 1864 1510 1916 pro
1517 1850 1641 1904 br’at
1654 1886 1668 1901 .

688 1910 710 1988 ’ξ
752 1910 1121 1971 Constantius
1155 1910 1358 1974 maluit
1398 1910 1495 1971 hoc
1541 1922 1885 1988 suppletque
1931 1923 2076 1988 quod
2115 1939 2208 1988 ego

756 1990 898 2051 Quae
913 1990 1153 2069 quidem
1176 1993 1316 2069 vitia
1345 1994 1627 2046 sermonis
1656 1986 2211 2069 atqueincohaeren-

611 2060 742 2131 tias,
770 2073 877 2113 nec
904 2063 1164 2126 peccavit
1192 2064 1436 2117 Ruﬁnus
1468 2076 1575 2117 nec
1603 2070 1801 2129 peccat
1825 2102 1839 2117 .
1875 2067 2088 2131 Nempe
2124 2067 2213 2116 hic

614 2128 726 2203 loci
738 2132 1078 2187 adverbium
1092 2135 1255 2188 alteri
1268 2136 1367 2186 ubi
1393 2128 1718 2202 respondet,
1745 2128 2066 2202 sensusque
2086 2150 2213 2203 per-—

613 2202 847 2268 spicuus
862 2208 971 2270 est,
987 2218 1105 2259 non
1130 2206 1298 2260 licere
1326 2208 1386 2261 in
1414 2208 1671 2261 Ecciesia
1694 2209 2066 2274 calumniari;
2090 2202 2213 2261 ubi

613 2274 766 2328 enim
782 2278 908 2331 tuta
921 2278 1026 2330 erit
1039 2280 1379 2345 innocentia,
1398 2279 1449 2353 si
1471 2280 1563 2332 hic
1580 2279 1705 2334 sive
1726 2281 1790 2333 in
1817 2281 2068 2335 Ecclesia
2095 2293 2213 2333 non

2314 1640 2421 1693 erit
2434 1645 2459 1692 Ρ
2479 1641 2609 1693 Mox
2627 1641 2758 1693 cod.
2777 1641 3154 1694 Guarnerian.
3173 1641 3319 1691 enim
3342 1653 3442 1705 pro
3468 1654 3558 1704 ego
3574 1637 3728 1703 legit
3741 1676 3754 1687 .

2374 1726 2395 1749 °
2425 1714 2656 1779 Vulgati
2684 1718 2854 1767 antea
2880 1720 2938 1767 et
2988 1714 3119 1766 cod.
3151 1714 3274 1779 ipse
3322 1712 3711 1766 Guarnerian.
3761 1711 3875 1760 ἀξια(

2306 1785 2691 1839 renitentibus
2708 1799 2853 1839 mss.
2871 1786 3157 1852 plerisque
3326 1784 3627 1838 ConsuleH
3636 1782 3876 1847 ieronyr

2310 1871 2614 1910 censuram
2632 1896 2646 1911 ι

2372 1930 2394 1958 ⁴
2435 1930 2809 1983 Guarnerian.
2828 1968 2840 1982 .
2858 1945 2971 1979 non
2990 1928 3158 1979 habui
3181 1942 3427 1994 unquam
3450 1928 3512 1977 in
3552 1941 3657 1988 me,
3716 1941 3817 1975 nec
3844 1926 3869 1971 h

2312 2000 2404 2051 beo
2432 2000 2730 2051 in'Christo
2758 2002 3033 2051 hominem
3052 2013 3167 2065 ,pro
3201 2001 3263 2049 in
3306 2001 3402 2050 isto
3467 1998 3695 2049 homine
3734 2036 3749 2058 ,
3783 2010 3875 2061 quc

2312 2072 2448 2124 olim
2464 2072 2629 2135 editi,
2648 2074 2875 2125 tametsi
2892 2074 3097 2126 vitiose
3115 2110 3128 2135 ,
3160 2072 3543 2125 cohaerentius
3562 2074 3774 2123 tamen
3791 2080 3876 2132 pra

2310 2144 2582 2197 ferebant.
2596 2146 2943 2210 Impressam
2953 2145 3327 2198 lectionemP.
3338 2143 3720 2197 Constantius
3735 2155 3770 2195 e
3788 2152 3875 2193 ms

2310 2215 2582 2270 restituit.

622 2419 3876 2455 Ν

1173 2547 2184 2697 EPISTOLA

2311 2546 3396 2699 ANASTASII

1468 2807 2027 2921 ΒΟΜΑΝᾸΕ
2116 2788 2466 2920 URBIS
2539 2809 3086 2919 EPISCOPI

908 3001 1058 3088 AD
1137 2999 1706 3090 JOANNEM
1795 2992 2492 3096 EPISCOPLUM
2573 2999 3641 3087 JEROSOLYMORUM

1550 3190 1931 3309 Super
2002 3185 2478 3286 nomine
2555 3176 3021 3312 Ruﬁni‘.

635 3487 687 3550 Α
716 3490 956 3553 Joanne
981 3486 1292 3550 consultus
1320 3484 1697 3558 Anastasius,
1732 3488 1943 3547 utrum
1970 3482 2223 3560 Ruﬁnus
2250 3482 2321 3544 ob
2350 3501 2546 3545 versos
2575 3502 2606 3546 e
2638 3483 2840 3547 Graeco
2869 3487 2938 3547 in
2976 3483 3269 3547 Latinum
3296 3482 3571 3563 Originis
3602 3489 3721 3558 περὶ
3766 3496 3874 3557 Αρχὲ

717 3595 904 3658 libros
947 3592 1345 3657 damnandus
1395 3598 1565 3670 esset,
1622 3592 1966 3671 respondet,
2013 3594 2280 3670 seposita
2328 3595 2495 3654 omni
2552 3595 2913 3674 suspicione.
2963 3591 3455 3674 perpendendum
3503 3607 3646 3665 esse,
3696 3608 3822 3669 quo
3860 3595 3872 3647 ί

719 3708 926 3768 animo
954 3719 1272 3784 aggressus
1312 3704 1396 3764 sit
1428 3720 1443 3765 :
1479 3708 1539 3763 et
1571 3718 1708 3763 eum
1746 3701 1995 3779 quidem
2036 3699 2479 3777 damnandum,
2511 3703 2565 3761 si
2587 3704 2848 3782 propria
2889 3705 3111 3778 mente,
3158 3704 3216 3761 et
3259 3700 3526 3762 laudans
3560 3715 3635 3761 ac
3665 3700 3872 3779 probm

715 3814 1125 3885 transtulerit,
1157 3828 1320 3873 secus
1344 3813 1399 3872 si
1424 3813 1626 3889 ipsum
1653 3826 1942 3871 accusans
1962 3814 2299 3887 auctorem;
2324 3825 2385 3869 se
2411 3826 2551 3871 vero
2591 3826 2713 3871 non
2739 3827 2898 3872 vano
2928 3812 3144 3871 timore
3169 3808 3522 3881 sollicitari,
3555 3804 3665 3869 sed
3685 3826 3870 3888 opera;

712 3924 1026 3998 daturum,
1056 3937 1133 3982 ne
1156 3919 1298 3981 hinc
1324 3918 1609 3981 Ecclesia
1632 3935 1749 3998 per
1778 3918 1977 3979 orbem
2002 3922 2491 3996 corrumpantur.
2941 3896 2946 3900 l

616 4096 619 4105 .
648 4064 655 4083 ἠ
695 4057 724 4113 1
748 4056 1039 4111 .Probatse
1054 4032 1287 4119 quidem
1301 4051 1622 4106 aii’ectionis
1638 4053 1727 4105 est
1747 4052 1858 4105 hoc
1871 4089 1889 4116 ,
1905 4056 1972 4104 ut
1983 4051 2235 4105 laudabi-
2256 4052 2306 4128 ρ
2335 4050 2499 4104 nium
2517 4052 2992 4117 prmstantissime
3006 4089 3023 4118 ,
3039 4051 3278 4105 laudum
3293 4051 3521 4104 tuarum
3534 4049 3733 4118 fulges
3759 4051 3870 4104 nitoi

568 4156 579 4163 ’
624 4146 755 4201 liter
766 4146 839 4198 de
855 4142 1149 4197 sacerdote
1167 4143 1435 4196 sacerdos
1450 4142 1704 4207 loquaris
1722 4177 1734 4191 .
1752 4142 1859 4194 Pro
1888 4142 2049 4194 tanto
2064 4142 2237 4208 igitur

627 4234 935 4303 praeconio,
960 4232 1115 4299 quod
1164 4233 1223 4284 in
1238 4233 1442 4285 merita
1456 4243 1585 4284 mea
1601 4231 2015 4285 eiiusissimum
2031 4234 2238 4285 contu-

624 4322 1042 4389 listi,utamori
1057 4324 1157 4377 tuo
1184 4321 1397 4388 gratias
1424 4333 1565 4388 ago,
1596 4321 1677 4374 ita
1715 4321 2080 4391 splendorem
2121 4326 2238 4376 tum

628 4414 983 4479 sanctitatis,
1022 4415 1114 4467 ete
1146 4423 1276 4477 eas,
1306 4424 1454 4476 quas
1484 4415 1544 4464 in
1559 4409 1739 4481 409
1771 4412 2015 4465 Domino
2057 4412 2237 4466 habes

626 4506 885 4567 virtutes,
905 4502 1148 4557 subinde
1164 4501 1590 4568 quodammodo
1606 4502 1904 4567 parvitatis
1918 4507 2137 4556 nostra
2162 4504 2240 4561 fa.

629 4593 900 4651 vorabilis
934 4605 1119 4647 sermo
1147 4591 1568 4659 prosequitur.‘
1596 4592 1741 4645 Tam
1771 4592 1957 4654 enim,
1995 4593 2080 4646 vir
2114 4605 2239 4647 om-

697 4747 715 4767 ·
740 4739 828 4790 Ita
870 4737 932 4789 in
973 4736 1380 4801 antiquissimo
1427 4735 1992 4789 Palatino-Vaticano
2042 4737 2237 4792 codice

631 4808 738 4865 234
758 4847 771 4861 .
803 4808 1167 4862 inscribitur.
1197 4811 1263 4861 In
1294 4808 1463 4861 editis
1491 4813 1684 4871 antea,
1732 4809 1822 4861 vel
1862 4810 2038 4861 verba
2075 4825 2235 4875 super

630 4881 821 4946 Ruﬁni
873 4881 1094 4931 nomine
1134 4879 1554 4941 desiderantur,
1599 4881 1687 4932 vel
1715 4878 1920 4945 legitur
1949 4881 2019 4934 de
2036 4883 2233 4946 Ruﬁno

582 4954 587 4959 '
627 4952 918 5004 sententia.
950 4952 1114 5003 Hanc
1154 4951 1277 5015 ipse
1309 4951 1697 5016 Hieronymus
1717 4964 1752 5004 a
1782 4964 1843 5005 se
1887 4951 2234 5019 descriptam

631 5023 886 5078 secundo
922 5023 1069 5075 libro
1083 5028 1282 5075 contra
1317 5021 1592 5075 Ruﬁnum
1629 5024 1899 5088 subjecit.
1927 5024 1989 5074 Si
2012 5025 2232 5090 inquit,

629 5097 747 5147 ideo
761 5095 1153 5161 interpretaris(
1168 5094 1485 5160 Origenem)
1508 5099 1564 5143 ut
1573 5110 1693 5144 eum
1710 5096 2019 5146 hwreticum
2031 5112 2235 5161 arguas

628 5168 776 5218 nihil
790 5168 851 5218 de
869 5168 1049 5219 Grazco
1068 5172 1233 5216 mutes
1251 5205 1263 5227 ,
1283 5173 1328 5215 ct
1346 5167 1443 5216 hoc
1458 5168 1640 5231 ipsum
1666 5167 1993 5230 P—rtc/‘atione
2019 5174 2229 5218 testare:

626 5240 771 5305 quod
781 5239 1199 5305 prudentissime
1214 5240 1371 5303 Papa
1387 5239 1708 5289 Anastasius
1719 5240 1779 5289 in
1796 5240 2234 5305 Epistola,quam

626 5316 816 5362 contra
828 5317 872 5360 te
891 5311 1068 5360 scribit
1084 5311 1155 5360 ad
1170 5310 1495 5375 Episcopum
1524 5310 1833 5361 Johannem
1852 5350 1864 5372 ,
1881 5327 1977 5361 suo
1993 5328 2233 5362 sermone

559 5388 566 5393 ’
631 5383 938 5448 complexus
952 5387 1153 5443 cst,me
1177 5381 1544 5446 liberans,qui
1567 5384 1625 5432 id
1649 5383 1780 5445 feci,
1826 5387 1872 5433 et
1909 5388 2223 5447 teargucns,

631 5456 727 5519 qui
761 5456 936 5519 facere
969 5454 1220 5505 noluisti.
1262 5455 1422 5511 Aeno
1453 5455 1687 5519 forsitan
1701 5455 1797 5504 hoc
1813 5470 2022 5517 quoque
2047 5470 2221 5517 neges,

629 5525 826 5590 subjéci
862 5525 1166 5590 exemplum
1182 5525 1326 5588 ejus,
1364 5529 1421 5574 ut
1453 5525 1501 5574 si
1536 5541 1648 5574 non
1676 5526 1753 5573 vis
1787 5525 1979 5573 audire
2007 5526 2237 5589 fratrem

632 5604 929 5647 monentem
956 5600 1169 5659 ,audias
1192 5598 1518 5662 Episcopum
1548 5596 2005 5648 conde-minantem.
2025 5598 2238 5650 Caetera

630 5680 762 5731 qua:
777 5668 848 5719 de
870 5670 996 5732 ejus
1012 5668 1387 5734 germanitate
1418 5680 1485 5720 ac
1491 5669 1512 5733 j
1525 5666 1708 5718 udicio
1740 5666 2026 5731 disputat,
2046 5672 2235 5735 repete

631 5750 705 5791 ex
718 5739 923 5793 eodem
938 5740 1081 5795 libro
1098 5779 1114 5805 ,
1130 5744 1190 5793 et
1222 5740 1490 5805 sequenti
1527 5739 1693 5792 tertio
1710 5739 1818 5791 sub
1838 5740 2009 5792 linem
2028 5779 2039 5791 .

2336 4142 2708 4209 conspicuus,
2727 4145 2792 4196 ut
2820 4155 2922 4209 par
2954 4155 3082 4195 esse
3110 4142 3325 4194 meritis
3356 4146 3542 4194 sei-lno
3571 4151 3698 4194 non
3727 4140 3863 4208 possi

2336 4233 2506 4285 Porro
2521 4238 2714 4286 autem
2742 4234 2903 4285 tanto
2930 4232 3227 4286 titulorum
3257 4235 3488 4285 tuorum
3518 4229 3713 4296 rapior
3742 4229 3867 4282 incit.

2334 4326 2531 4376 mento
2547 4324 2630 4388 ,ut
2644 4322 2816 4376 etiam
2831 4323 2985 4388 quod
3001 4322 3267 4388 eimplere
3294 4332 3518 4385 nequeo
3535 4357 3550 4383 ,
3579 4320 3798 4374 audere
3821 4330 3868 4371 nc

2336 4411 2628 4465 desinam.
2658 4414 2788 4465 Jam
2817 4412 2927 4465 hoc
2967 4412 3039 4465 de
3064 4411 3331 4465 laudibus
3371 4410 3486 4463 tuis
3511 4412 3627 4471 est,
3661 4409 3818 4474 quod
3842 4419 3868 4458 Π

2338 4505 2561 4559 tantum
2577 4504 2647 4556 de
2663 4502 2910 4556 caelestis
2927 4502 3095 4554 istius
3120 4501 3297 4554 animi
3331 4498 3632 4552 serenitate
3669 4499 3865 4552 laudas

2337 4596 2446 4649 Tui
2458 4595 2671 4649 etenim
2684 4593 3058 4660 Episcopatus
3074 4591 3216 4645 ordo
3239 4589 3575 4657 perspicuus
3604 4601 3712 4655 per
3728 4589 3745 4618 τ
3762 4589 3866 4641 dive

2396 4772 2418 4802 ι,
2447 4742 2625 4793 Antea
2650 4739 2944 4805 legebatur
2971 4734 3289 4803 effusissime
3308 4773 3322 4788 .
3355 4735 3523 4787 Porro
3551 4732 3863 4805 Guarneriu;

2338 4813 2434 4878 qui
2450 4812 2599 4865 hanc
2615 4802 2923 4875 Epistolam
2939 4802 3011 4861 ad
3029 4809 3242 4860 calcem
3268 4807 3428 4859 Marii
3460 4805 3789 4878 Mercatoris
3816 4802 3864 4854 ei

2336 4876 2438 4949 (iit,
2458 4896 2556 4949 pro
2586 4884 2647 4932 in
2672 4881 2865 4932 merita
2890 4896 3009 4930 mea
3035 4879 3175 4946 legit
3201 4878 3469 4929 immerito
3503 4876 3563 4926 in
3593 4890 3678 4925 me
3695 4915 3713 4942 ,
3746 4878 3864 4928 cont

2335 4969 2459 5008 mss
2478 4992 2490 5006 .
2509 4954 2701 5007 ﬁdem.

2395 5040 2415 5062 °
2434 5027 2741 5087 Palatinus,
2760 5023 2988 5089 duoque
3016 5022 3112 5076 alii
3140 5035 3282 5075 mss.
3314 5020 3525 5086 quibus
3554 5016 3864 5072 Coustantir

2335 5098 2540 5162 utitur,
2556 5101 2602 5146 et
2640 5112 2847 5146 earum.

2396 5168 2417 5197 ι’
2446 5160 2537 5220 Sic
2577 5168 2864 5219 Palatinus
2907 5178 3033 5217 cum
3080 5163 3207 5216 aliis
3235 5175 3375 5215 mss.
3408 5160 3733 5213 Guarnerio.
3755 5161 3861 5212 Ante

2334 5242 2453 5293 erat
2469 5246 2579 5289 tam
2601 5240 2909 5290 eminenter.
2937 5236 3304 5289 Constantius
3332 5246 3403 5286 ex
3430 5231 3682 5297 quodam
3712 5228 3861 5283 Clum:

2333 5312 2488 5364 censi
2504 5311 2637 5363 cod.
2654 5311 2713 5362 in
2730 5323 2842 5375 quo
2860 5311 2948 5361 est
2971 5314 3149 5357 tamen
3185 5306 3462 5367 eminente,
3503 5303 3736 5368 coniicit
3761 5309 3862 5364 τερ(

2328 5384 2585 5436 nendum
2626 5388 2763 5433 tame
2810 5383 2957 5433 enim.
2979 5382 3297 5431 eminenter.

2392 5456 2713 5506 °lIactenus
2732 5453 2942 5505 lectum
2972 5457 3061 5505 est
3090 5454 3397 5515 impetrare,
3428 5461 3527 5514 pro
3556 5459 3670 5513 quo
3701 5442 3859 5509 ίηῳῑιη

2337 5539 2409 5577 ex
2425 5525 2788 5577 cmendatiss.
2812 5526 3061 5576 Palatino
3080 5523 3383 5575 substituo.
3778 5566 3785 5571 .

2398 5597 2811 5659 iCoustantius,
2829 5598 2972 5662 quod
2995 5612 3077 5646 me
3100 5593 3471 5645 tantummodo
3496 5591 3557 5641 dc
3572 5589 3798 5645 scelestis,
3816 5588 3859 5662 eli

2334 5669 2504 5722 Paulo
2520 5673 2649 5734 post
2664 5656 3004 5721 Guarrierius
3019 5684 3112 5734 per
3131 5668 3445 5716 universum
3461 5662 3655 5726 orbem,
3681 5665 3740 5734 et
3757 5656 3857 5723 spici

2270 5810 2273 5817 ι
2335 5742 2480 5793 doris
2496 5732 2594 5804 ιῐιί,
2612 5732 3030 5807 refragantibus
3046 5751 3184 5792 mss.
3201 5740 3373 5803 atque
3390 5735 3561 5791 editis
3582 5732 3762 5787 libris.
