3900 6398
70 317 186 381 699

909 273 1255 373 EPISTULA
1295 320 1396 371 AD
1438 316 1779 373 JOANNEM
1823 320 2547 400 JEROSOLYMITANUM.

3282 363 3388 422 630

74 416 449 521 su'm‘orb‘em
472 417 632 521 velut
648 416 909 521 radians,
937 420 1112 473 etiam
1129 419 1213 521 ad
1240 431 1349 472 nos
1370 418 1688 521 splendoris
1712 412 1769 487 Α
1857 437 1908 493 4,
1944 438 1961 468 ι
1995 440 2227 496 Discere
2253 440 2509 499 11061000
2536 445 2692 516 nbat,
2722 453 2822 517 qui
2840 460 2974 521 agat
2991 455 3053 511 ιη
3069 412 3387 519 Βοωαηξλῌ

70 507 171 559 sui
208 507 417 561 detulit
445 509 776 563 claritatem.
813 514 879 564 In
914 526 1008 565 me
1047 512 1254 578 quippe
1289 518 1526 566 totum'
1556 517 1681 581 ipse

70 599 352 653 amicitiae
372 600 595 667 tribuis,
617 601 868 655 examini
887 602 1029 656 nihil
1046 602 1339 668 relinquis.
1358 606 1475 658 Aut
1492 606 1680 673 sijure

65 701 169 741 me
191 689 413 754 laudas,
439 696 502 744 tu
524 703 754 757 quoque
771 692 1027 746 similiter
1042 705 1162 747 non
1174 693 1561 749 relaudandus
1577 710 1638 751 es
1653 701 1681 751 ‘2

64 780 317 835 obsecro
348 780 524 846 igitur
554 782 626 834 ob
658 787 986 848 utrumque,
1010 789 1078 836 ut
1106 785 1392 850 meipsum
1413 787 1565 853 apud
1585 801 1679 845 me

61 871 311 927 laudare
347 872 469 937 jam
502 872 751 925 desinas.
794 874 1017 939 Duplex
1054 875 1267 928 etenim
1290 874 1312 903 ¹³
1340 889 1434 930 me
1470 891 1679 932 caussa

69 963 441 1028 constringit,
472 976 546 1016 ne
567 964 989 1017 consacerdotis
1022 965 1103 1017 tui
1119 966 1389 1019 sensibus
1408 973 1510 1021 aut
1529 968 1678 1025 dolo-

65 1066 201 1107 rem
215 1053 362 1109 falsa
374 1053 501 1107 laus
515 1054 756 1121 ingerat,
767 1059 869 1109 aut
889 1054 1166 1121 pudorem
1188 1070 1325 1110 vera
1344 1059 1671 1113 succendat.

135 1142 189 1199 ‘2.
215 1143 325 1197 Sed
357 1151 375 1173 ⁸
394 1149 461 1199 ut
482 1145 555 1198 ad
575 1157 842 1199 caussam
861 1151 1117 1200 revertar
1137 1162 1150 1199 :
1176 1148 1440 1213 Ruﬁnus,
1466 1149 1538 1202 de
1558 1163 1672 1215 quo

64 1247 169 1287 me
185 1234 485 1287 consulere
505 1236 773 1302 dignatus
789 1249 872 1302 es,
888 1238 1255 1292 conscientiae
1277 1251 1400 1293 suae
1416 1239 1671 1294 divinam

61 1325 528 1381 habetarbitram
538 1326 648 1390 maj
657 1331 919 1393 estatem;
931 1327 1081 1393 apud
1095 1340 1271 1393 quam
1284 1342 1346 1382 se
1356 1330 1672 1396 integrode-

66 1428 150 1469 vo
157 1415 329 1468 tionis
346 1415 529 1468 oﬁlcio
540 1416 662 1482 ipse
672 1417 876 1471 viderit
889 1417 1132 1483 qualiter
1140 1418 1346 1474 debeat
1355 1422 1671 1487 approbare

135 1503 188 1561 3.
226 1505 501 1571 Grigenes
537 1512 747 1571 autem,
795 1508 964 1572 cujus
999 1508 1061 1561 in
1107 1514 1364 1562 nostram
1413 1510 1672 1577 linguam

62 1595 395 1661 composita
422 1595 722 1661 derivavit,
744 1602 914 1651 antea
938 1603 995 1652 et
1019 1599 1150 1663 quis
1170 1599 1360 1664 fuerit,
1379 1606 1438 1654 et
1455 1601 1518 1653 in
1536 1614 1671 1666 quae

1784 529 2043 596 linguam
2068 532 2181 586 ista
2212 535 2523 589 translatio.
2546 539 2832 608 Approbo,
2860 545 2909 598 si
2931 555 3168 603 accusat
3189 558 3387 607 aucto-

1782 632 1925 683 rem,
1956 626 2012 674 et
2023 634 2095 675 ex
2103 624 2414 678 scrandum
2432 627 2648 683 factum
2662 634 2889 697 populis
2904 638 3110 704 prodit,
3126 643 3377 707 utjustis

1786 709 2022 763 tandem
2039 712 2184 766 odiis
2202 719 2481 783 teneatur,
2505 731 2677 783 quem
2692 722 2813 787 jam
2833 724 3055 782 dudum
3073 728 3227 786 fama
3249 746 3385 788 con-

1784 799 2114 856 strinxerat.
2158 805 2214 856 Si
2262 819 2398 860 vero
2449 808 2731 876 interpres
2768 820 3057 872 tantorum
3095 822 3381 878 malorum

1782 898 1802 928 ι
1821 902 2174 979 consensum
2206 901 2465 963 praestat,
2494 905 2552 953 et
2568 900 2812 967 legenda
2828 908 3016 971 prodit
3032 910 3093 961 in
3113 913 3375 979 populos,

1737 975 1745 979 ·
1773 978 1915 1069 nihil
1948 981 2104 1035 aliud
2144 983 2236 1036 sui
2272 997 2443 1050 opera
2472 986 2682 1043 laboris
2709 996 3014 1059 exstruxit,
3029 999 3142 1052 nisi
3170 975 3235 1055 at
3251 975 3377 1069 pro?

1777 1068 1919 1132 prim
1949 1069 1974 1102 ¹³
2013 1071 2188 1125 veluti
2219 1076 2432 1130 mentis
2469 1079 2718 1145 arbitrio,
2753 1082 2880 1139 haec
2912 1097 3045 1150 qua)
3078 1089 3216 1152 sola,
3239 1068 3375 1157 qua)

1766 1249 1889 1315 jam
1917 1251 2123 1307 exinde
2154 1257 2228 1308 ab
2260 1258 2550 1323 Apostolis
2580 1260 2641 1313 in
2672 1261 2781 1316 hoc
2807 1278 2996 1330 usque
3032 1272 3260 1335 tempus
3290 1276 3375 1326 te-

1771 1346 1998 1405 nentur,
2018 1342 2327 1409 inopinatm
2349 1348 2512 1402 titulo
2531 1352 2867 1407 assertionis
2887 1362 3185 1412 everteret.

1835 1429 1888 1485 5.
1939 1433 2108 1486 Absit
2142 1436 2156 1466 ί
2188 1434 2298 1488 hoc
2342 1439 2415 1491 ab
2460 1440 2732 1494 Ecclesiee
2773 1443 3048 1501 Romana
3093 1447 3372 1504 catholica

1774 1520 2086 1587 disciplina.
2108 1525 2416 1591 Nunquam
2431 1529 2679 1595 profecto
2694 1533 2925 1587 eveniet
2938 1535 3145 1601 aliqua,
3164 1543 3230 1592 ut
3243 1538 3372 1595 hinc

1772 1610 2147 1668 admittamus
2190 1617 2425 1681 ratione,
2459 1631 2592 1683 quae
2622 1621 2751 1686 jure
2777 1625 3095 1690 meritoque
3129 1627 3370 1683 damna—

60 1685 413 1750 processerit
466 1687 660 1751 verba,
697 1692 962 1740 nostrum
1005 1689 1360 1754 propositum
1398 1690 1420 1720 τι
1456 1691 1656 1743 nescit.
1696 1713 1913 1772 “mus,
1930 1704 1951 1770 j
1994 1705 2344 1771 Quapropter
2370 1707 2467 1761 ina
2500 1685 2786 1765 totam-be
2815 1685 3023 1770 Christ}
3052 1718 3153 1771 Dei
3186 1719 3369 1772 nostri

650 1750 653 1751 ν
1006 1750 1025 1753 _
1113 1750 1131 1754 _
1760 1750 1951 1770 την,
2003 1750 2335 1771 πψτηιηη-
2370 1750 2467 1761 ...π
2502 1750 2618 1763 ..νυν
2652 1750 2786 1765 νων
2817 1750 3023 1770 mum.
3052 1750 3153 1771 υυι
3186 1750 3368 1772 uuam:

60 1774 235 1876 Quod
268 1787 403 1828 vero
430 1776 504 1829 sit
527 1776 702 1876 animi
727 1776 841 1876 mei
883 1776 1038 1846 4|0
1087 1779 1363 1841 studium,
1398 1793 1531 1833 cum
1568 1785 1668 1834 tua
1690 1750 1750 1835 Β
1773 1790 1982 1846 diﬁ‘usa
2016 1795 2404 1863 providentia,
2444 1799 2685 1863 probare
2716 1800 3075 1872 dignabitur,
3114 1809 3368 1876 accipere

56 1862 355 1930 paulisper
371 1877 544 1931 super
555 1865 665 1917 hoc
684 1866 972 1919 conteram
993 1868 1314 1922 sanctitate.
1349 1871 1471 1923 Hoc
1489 1871 1663 1937 igitur

52 1958 262 2007 mente
282 1955 530 2021 concepi,
547 1955 728 2020 'quod
751 1956 911 2009 Urbis
926 1962 1142 2012 nostrae
1158 1960 1380 2025 populis
1397 1960 1468 2014 de
1483 1967 1664 2015 trans-

52 2043 195 2096 latis
219 2043 483 2110 Origenis
509 2045 675 2098 lectio
699 2048 978 2112 patefecit,
1001 2049 1251 2113 quadam
1270 2050 1428 2116 puris
1449 2053 1661 2105 menti-

51 2135 173 2187 bus
202 2136 366 2189 velut
395 2136 607 2190 nebula
634 2137 905 2190 caecitatis
932 2137 1135 2203 injeca,
1158 2140 1332 2193 ﬁdem
1361 2142 1662 2207 Apostolod

49 2239 209 2289 rum,
245 2231 304 2280 et
325 2228 610 2293 majorum
639 2227 939 2282 traditione
968 2227 1275 2296 ﬁrmatam,
1295 2230 1455 2285 velut
1474 2232 1659 2287 deviis

47 2317 411 2371 anfractibus
429 2318 593 2371 illum
608 2317 860 2372 voluisse
874 2318 1207 2374 dissolvere.

114 2418 422 2471 ‘Voculam
437 2420 564 2483 ipse,
588 2432 720 2485 quae
732 2420 944 2481 deerat,
967 2433 1035 2472 su
1042 2421 1298 2473 ﬁ‘ecimus
1320 2434 1393 2475 ex
1404 2422 1658 2475 Palatino

44 2504 167 2543 ms.
184 2492 286 2555 qui
299 2490 506 2544 deinde
521 2505 653 2545 cum
668 2493 1054 2546 Bellovacensi
1069 2506 1245 2558 penes
1258 2496 1658 2547 Constantium

46 2570 105 2617 et
122 2564 463 2628 Guarnerio,
483 2570 539 2613 tu
551 2579 759 2629 quoque
769 2565 939 2615 simili
951 2571 1125 2615 tenore
1137 2566 1339 2615 laudan
1348 2572 1431 2616 tus
1441 2582 1517 2630 es;
1531 2569 1658 2620 abs-

44 2649 167 2701 que
198 2637 659 2701 interrogationis
691 2642 844 2689 nota.
869 2639 954 2689 Ex
979 2637 1181 2709 eodem
1200 2651 1337 2690 mox
1367 2639 1657 2704 supplevi-

43 2722 187 2761 mus
217 2720 413 2771 voces,
434 2710 585 2774 apud
615 2724 716 2772 me,
743 2721 874 2773 quae
893 2710 954 2761 in
973 2710 1140 2761 editis
1162 2709 1653 2763 desiderabantur.

105 2796 129 2824 ι»
158 2780 430 2845 Legimus
454 2793 588 2833 cum
614 2781 867 2834 Palatino
892 2794 1003 2833 ms.
1026 2787 1199 2846 atque
1223 2781 1390 2834 editis
1410 2783 1657 2847 castiga-

43 2852 311 2905 tioribus.
348 2853 509 2905 Prius
538 2858 678 2919 erat,
710 2854 921 2919 Duplex
942 2855 1089 2904 enim
1112 2869 1303 2904 caussa
1326 2869 1409 2905 me
1433 2855 1530 2905 hoc
1553 2870 1654 2920 po-

41 2940 188 2974 scere
217 2926 553 2989 constringit,
589 2930 719 2991 etc.,
755 2927 986 2980 tametsi
1020 2926 1158 2979 illud
1193 2927 1292 2978 hoc
1321 2941 1548 2992 poscere,
1581 2927 1653 2980 ab

44 2997 348 3049 Anastasii
367 3002 560 3050 mente
573 3012 691 3050 non
713 2998 787 3051 sit
801 2999 1069 3051 alienum.

1760 1898 1869 1937 nos
1905 1885 2139 1939 omnino
2175 1900 2284 1939 nos
2317 1900 2506 1953 posse,
2546 1901 2680 1954 quas
2708 1891 3022 1947 Ecclesiam
3054 1899 3364 1963 maculent,

1760 1978 2031 2043 probatos
2047 1988 2238 2030 mores
2253 1981 2529 2039 evertant,
2546 1991 2714 2033 aures
2731 1981 3227 2043 circumstantium
3246 1993 3366 2047 vui.

1759 2072 1983 2131 nerent,
2011 2067 2221 2134 jurgia,
2254 2068 2387 2134 iras,
2423 2069 2930 2139 dissensionesque
2985 2074 3118 2147 411
3170 2078 3364 2147 (Περοέ

1758 2161 1919 2211 nant.
1952 2158 1976 2192 ιι
2009 2157 2132 2220 Qua
2156 2171 2217 2212 re
2248 2160 2390 2213 moti
2422 2161 2650 2225 qualem
2678 2163 2991 2229 Epistolam
3022 2166 3097 2220 ad
3130 2168 3363 2227 fratrem

1758 2250 1818 2300 et
1858 2247 2260 2315 coepiscopum
2306 2254 2569 2305 nostrum
2609 2251 2621 2283 ³
2654 2253 2965 2309 Venerium
3017 2256 3360 2324 diligentiori

1757 2420 1901 2486 quod
1938 2421 2356 2486 prudentissime
2399 2423 2556 2490 Papa
2600 2424 2924 2478 Anastasius
2979 2427 3041 2477 in
3095 2429 3353 2495 Epistola,

1757 2506 1926 2557 quam
1962 2497 2148 2543 contra
2185 2499 2229 2543 te
2265 2494 2445 2545 scribit
2481 2497 2557 2547 ad
2583 2497 2912 2563 Episcopum
2939 2494 3225 2564 Joannem,
3256 2517 3355 2553 suo

1755 2578 1995 2614 sermone
2021 2566 2327 2630 complexus
2355 2572 2441 2631 est,
2474 2583 2557 2618 me
2581 2569 2828 2637 liberam,
2855 2572 2954 2636 qui
2968 2572 3029 2623 id
3049 2573 3167 2637 feci,
3189 2579 3233 2625 te
3255 2590 3356 2625 ar-

1755 2651 1922 2701 guens
1934 2638 2033 2701 qui
2051 2637 2111 2687 id
2122 2638 2295 2700 facere
2310 2639 2551 2691 noluisti.

1824 2707 1847 2738 ¹¹
1865 2708 2230 2771 Guarnerius,
2273 2712 2514 2777 propriae
2540 2712 2832 2764 voluntatis
2858 2714 3107 2769 arbitrio.
3134 2717 3356 2772 Caetera

1754 2791 1828 2852 ex
1852 2778 1965 2833 ﬁde
1982 2781 2219 2834 Palatini
2236 2796 2346 2834 ms.
2369 2784 2635 2849 legimus,
2657 2786 2749 2837 cui
2763 2786 2856 2838 alii
2872 2799 3050 2852 penes
3071 2789 3356 2844 Constan-

1754 2849 1899 2925 tium
1927 2852 2351 2908 adsentiuntur.
2383 2858 2633 2908 Tantum
2661 2872 2811 2907 mera
2835 2849 2940 2921 ﬁde
2972 2872 3073 2925 pro
3100 2877 3226 2912 vera
3246 2864 3352 2925 ﬁde

1754 2927 1820 2998 et_
1836 2923 2022 2998 impiae
2051 2938 2151 2992 pro
2172 2928 2472 2992 inopinatae
2486 2928 2545 2979 in
2561 2941 2629 2980 eo
2645 2929 2838 2982 codice
2859 2923 3120 2998 habetur,
3144 2923 3352 2997 quem-

1752 2993 2065 3048 admodum
2093 3004 2151 3050 et
2176 2998 2238 3051 in
2258 2999 2663 3059 Bellovacensi,
2695 3000 2905 3052 eodem
2926 3002 2982 3052 P.
3012 2993 3348 3058 Constantio

105 3082 128 3151 τ’
167 3069 385 3160 Ῡροξιιδ
418 3074 477 3160 τε
507 3075 682 3160 rates
699 3071 1168 3160 ,ξίθείάεεαρειιιιντ
1203 3082 1341 3160 eos
1362 3074 1490 3160 rat
1513 3084 1648 3160 ξονς
1671 3077 1727 3160 c
1750 3068 2865 3160 ΞξξξδιξὲιξῆιξηῖτίιέβὲηερένξξξῖΡξθέλὲξιέξ
2881 3073 3089 3160 οξωεει·
3108 3076 3346 3160 Veteres

36 3141 284 3191 scientia:
301 3146 406 3191 tute
427 3141 577 3192 habet
592 3143 859 3193 arbitrum
875 3143 1121 3194 divinam
1135 3142 1490 3208 majestatem;
1508 3153 1640 3206 quae

33 3226 64 3265 e
81 3226 233 3264 mss.
258 3213 656 3267 emendamus.

98 3284 121 3316 ‘
136 3288 233 3338 Ita
248 3285 558 3347 Palatinus,
575 3286 783 3353 aliique
800 3286 1215 3340 emendatiores
1230 3299 1373 3339 mss.
1393 3288 1640 3340 Guarne-

32 3358 159 3410 rius
192 3355 388 3410 locum
420 3358 501 3410 ita
530 3358 720 3410 reﬁxit
750 3371 824 3411 ex
854 3359 1102 3424 ingenio,
1125 3364 1373 3408 nostrum
1395 3360 1640 3412 studium

31 3447 63 3479 τι
72 3429 244 3492 esciit,
251 3429 399 3494 quod
406 3443 525 3479 vero
536 3430 603 3480 sit
613 3431 792 3480 animi
802 3432 908 3480 mei
914 3431 1155 3496 proposit
1162 3445 1249 3479 um
1258 3446 1398 3494 ,cum
1411 3437 1635 3492 tua,etc.

32 3505 261 3555 Sensus
287 3502 622 3567 perspicuus
656 3508 764 3559 est,
788 3502 1025 3555 minime
1056 3502 1272 3556 scilicet
1293 3504 1366 3555 ad
1379 3505 1638 3570 proposi-

29 3581 153 3628 tam
186 3574 588 3639 quaestionem,
617 3574 920 3641 pertinere,
943 3575 1015 3628 de
1034 3575 1294 3640 Origenis
1312 3589 1560 3642 persona
1579 3582 1638 3630 et

26 3651 233 3700 mente
252 3647 594 3711 perquirere.
630 3648 764 3700 Mox
791 3647 1129 3701 adverbium
1160 3662 1322 3713 super
1339 3661 1411 3701 ex
1435 3649 1637 3703 eodem

23 3733 136 3772 ms.
158 3719 424 3772 restituo.

88 3800 108 3821 ·
144 3792 369 3843 Iterum
406 3803 481 3844 ex
511 3790 625 3844 ﬁde
652 3790 890 3844 Palatini
907 3803 1017 3843 ms.
1039 3790 1303 3857 legimus,
1330 3792 1635 3846 tametsiin

27 3863 529 3927 consequentibus
544 3863 900 3916 librariorum
915 3864 1132 3929 aliquot
1144 3864 1371 3917 mendis
1381 3866 1505 3930 ipse
1515 3874 1634 3918 non

24 3940 247 3989 careat.
275 3935 365 3987 Sic
393 3933 531 3999 legit
552 3935 922 3988 Constantius
938 3948 1184 4000 quoque,
1200 3948 1236 3988 a
1258 3949 1373 4000 quo
1387 3938 1517 4001 jure
1532 3949 1635 3990 va-

24 4008 200 4073 pulat
214 4007 580 4065 Guarnerius,
603 4008 701 4072 qui
716 4008 905 4061 locum
922 4008 993 4061 de
1010 4021 1116 4060 suo
1131 4008 1211 4060 ita
1223 4009 1471 4061 mutavit
1487 4023 1500 4059 :
1520 4010 1634 4059 Hoc

24 4081 211 4145 igitur
238 4084 409 4129 mente
437 4080 668 4145 concepi,
700 4080 872 4144 illum,
905 4081 1001 4146 qui
1030 4080 1178 4130 urbis
1202 4085 1397 4130 nostra:
1420 4081 1634 4146 populis

20 4167 203 4217 opera
232 4151 496 4201 translata
527 4151 771 4218 Origenis
800 4153 1016 4204 lectione
1040 4153 1299 4218 patefecit,
1332 4155 1634 4218 quamdam

19 4224 193 4289 puris
216 4224 479 4273 mentibus
494 4226 656 4275 veluti
670 4225 921 4276 nebulam
936 4226 1184 4277 ctecilatis
1198 4226 1434 4291 injicere,
1452 4226 1634 4289 ﬁdem-

20 4312 125 4360 que
154 4295 558 4361 Apostolorum,
584 4302 630 4346 et
653 4297 929 4362 majorum
953 4298 1242 4348 traditione
1253 4300 1533 4362 ﬁrmatam
1548 4313 1633 4347 ve-

20 4367 101 4417 lut
134 4367 312 4418 deviis
338 4369 673 4433 anfractibus
703 4370 926 4421 voluisse
959 4370 1251 4437 dissolvere.
1287 4370 1449 4422 Prius
1479 4370 1635 4433 editi,

20 4439 182 4502 quod
220 4439 317 4504 qui
352 4439 504 4489 urbis
538 4445 734 4492 nostra:
758 4441 976 4507 populis
1002 4442 1064 4491 de
1093 4441 1357 4491 translata
1390 4440 1639 4504 Origenis

19 4511 253 4587 lectione
277 4512 549 4587 patefecit,
564 4514 845 4577 quandam
868 4515 1023 4587 puris
1046 4513 1311 4587 mentibus
1326 4512 1463 4562 velut
1477 4510 1640 4587 ηψπ-ι
1662 4511 1723 4587 D

18 4581 136 4632 lam
169 4583 433 4645 excitans,
464 4582 735 4649 injectum,
767 4587 930 4650 ﬁdem
955 4585 1350 4650 Apostolorum,
1381 4588 1427 4633 et
1457 4582 1638 4648 majo-

19 4668 176 4715 rum,
201 4659 305 4707 etc.
324 4654 539 4708 Neutra
551 4656 727 4722 igitur
740 4657 912 4710 editio
926 4655 1216 4709 Anastasii
1232 4660 1489 4708 mentem
1509 4667 1643 4706 sen—

17 4738 284 4789 sumque
302 4732 692 4793 repraesentat,
717 4726 857 4780 dum
880 4728 1148 4781 Ruﬁnum
1165 4728 1387 4793 proprie
1409 4730 1642 4779 notant.

19 4799 233 4860 Neque
251 4800 405 4850 enim
419 4798 582 4851 illum
597 4800 677 4853 ait
692 4801 746 4852 S.
764 4800 1023 4853 Pontifex
1038 4800 1290 4853 voluisse
1307 4800 1480 4852 ﬁdem
1498 4801 1643 4865 ApO'

21 4868 304 4922 stolicam
329 4869 689 4930 labefactare,
722 4872 822 4924 sed
844 4872 1131 4938 Originem
1158 4872 1214 4923 id
1234 4872 1296 4923 in
1319 4872 1510 4923 animo
1531 4873 1637 4924 ha-

20 4941 253 4999 buisse,
271 4940 443 5007 idque
466 4956 527 4997 se
547 4957 619 4997 ex
637 4944 828 4997 Ruﬁni
841 4956 1059 5009 nupera
1073 4944 1536 5009 interpretatione
1552 4944 1638 4997 in-

20 5013 309 5077 telligere,
347 5026 480 5066 cum
508 5020 694 5068 antea.
733 5016 862 5080 quis
890 5015 1165 5081 Origenes
1183 5015 1351 5079 fuerit
1373 5019 1419 5066 et
1436 5016 1497 5065 in
1514 5030 1636 5081 quae

16 5084 342 5149 processerit
356 5085 530 5148 verba,
548 5087 787 5138 nesciret.

82 5156 100 5186 τ
140 5156 299 5209 Editi
334 5170 469 5209 cum
496 5158 806 5211 Guarnerio
842 5157 1179 5224 plerumque
1199 5157 1419 5211 habent
1438 5158 1629 5223 dicere,

17 5228 157 5281 Mox
182 5240 319 5279 cum
344 5228 544 5283 eodem
572 5229 861 5284 Palatinus
881 5230 1016 5289 quid
1041 5236 1158 5294 aget
1173 5242 1273 5295 pro
1293 5236 1444 5296 agat,
1463 5236 1520 5283 et
1539 5246 1636 5283 eac-

13 5299 289 5349 secrando
301 5298 509 5362 factum
523 5316 746 5352 exosum
758 5302 975 5367 populis
989 5301 1190 5367 prodit.

79 5382 99 5411 ι
136 5370 438 5424 Palatinus
474 5373 535 5423 in
571 5390 639 5436 se,
674 5387 775 5440 pro
813 5374 1100 5439 interpres;
1137 5373 1389 5439 plerique
1432 5379 1631 5428 autem

14 5443 266 5508 vulgati,
292 5443 353 5493 Si
368 5460 486 5494 vero
503 5446 761 5511 interpres
783 5450 1059 5496 tantorum
1070 5446 1341 5496 malorum
1356 5447 1628 5497 erroribus

15 5530 348 5564 consensum
377 5520 609 5579 prastat,
639 5522 684 5566 et
713 5517 931 5581 legenda
958 5518 1133 5582 impia
1163 5518 1417 5581 dogmata
1445 5519 1628 5582 prodit

15 5588 76 5635 in
110 5585 366 5652 populos,
402 5593 509 5639 etc.
544 5588 895 5642 Emendatur
916 5602 951 5641 a
976 5589 1217 5654 scriptis.
1242 5590 1625 5655 Hieronymus

16 5657 116 5709 lib.
150 5658 227 5709 ΙΙ.
258 5660 456 5711 contra
485 5660 774 5724 Ruﬁnum,
811 5661 964 5725 quod
992 5666 1052 5713 et
1081 5661 1341 5725 superius
1361 5667 1625 5715 notatum

17 5735 109 5781 est
142 5747 155 5778 :
202 5728 264 5779 Si
287 5730 402 5780 ideo
431 5731 817 5797 interpretaris,
843 5738 903 5782 ut
926 5748 1049 5782 cum
1075 5733 1384 5782 hcerclicum
1399 5749 1621 5799 arguas,

20 5800 184 5852 nihil
211 5801 273 5852 de
295 5801 477 5856 Graeco
503 5810 693 5868 mutes,
708 5810 757 5857 et
774 5805 871 5857 hoc
887 5804 1068 5870 ipsum
1083 5802 1413 5866 Prwfatione
1428 5809 1637 5872 testare;

1748 3135 1885 3188 editi
1906 3138 1987 3190 sic
2016 3146 2199 3194 totum
2228 3144 2418 3195 locum
2445 3145 2882 3205 repraesentant,
2905 3144 3047 3194 hanc
3071 3147 3339 3210 quassata,

1739 3212 1786 3283 et
1823 3225 1945 3275 qua:
1977 3216 2164 3281 prima
2202 3216 2353 3282 apud
2379 3213 2663 3263 catholicos
2695 3213 3034 3265 Christianos
3061 3230 3186 3268 vera
3211 3221 3343 3283 ﬁdes

1730 3280 1853 3344 jam
1875 3284 1941 3334 ab
1963 3280 2445 3353 Apostoliseainde
2457 3299 2628 3351 usque
2642 3285 2715 3335 ad
2730 3289 2935 3351 tempus
2950 3302 3187 3351 praesens
3203 3280 3342 3343 tene-

1740 3357 1847 3417 tur,
1865 3362 1971 3410 etc.

1810 3431 2074 3487 ‘Veteres
2109 3432 2260 3497 editi,
2297 3431 2446 3483 Absit
2476 3431 2586 3480 hcec
2614 3427 2681 3479 ab
2710 3429 2943 3480 Ecclesia
2969 3430 3221 3484 Romana
3243 3448 3343 3487 ne-

1738 3519 2019 3571 quaquam
2033 3504 2297 3557 catholica
2312 3503 2619 3568 disciplina,
2638 3505 2697 3554 et
2710 3514 2848 3554 mox
2858 3508 2918 3552 ut
2928 3504 3119 3568 aliqua
3141 3506 3239 3558 hoc
3249 3509 3341 3559 ad-

1735 3578 2014 3628 mittamus
2048 3578 2277 3640 ratione,
2318 3575 2462 3643 quod
2485 3575 2631 3641 jure,
2648 3574 3173 3638 etc.,renitentibus
3194 3586 3335 3634 mss.

1737 3654 1795 3703 et
1809 3650 2136 3703 Guarnerio.

1796 3730 1808 3761 ι
1835 3723 2029 3787 Iidem,
2060 3725 2387 3788 quapropter
2411 3721 2473 3770 in
2489 3723 2593 3769 toto
2610 3718 2750 3784 orbe,
2769 3722 2877 3771 etc.
2900 3720 3031 3772 Mox
3046 3722 3339 3777 Palatinus

1731 3795 2027 3860 prudentia
2052 3807 2152 3860 pro
2169 3792 2529 3861 providentia,
2561 3794 2619 3844 et
2643 3790 2811 3855 paulo
2845 3797 2992 3856 post,
3016 3806 3137 3857 qua:
3162 3796 3342 3848 Eccle-

1734 3867 1874 3917 siam
1898 3866 2182 3929 maculent,
2206 3881 2327 3930 quae
2342 3863 2592 3930 probatos
2606 3876 2780 3912 mores
2793 3866 3049 3928 evertant,
3066 3871 3175 3918 etc.

1797 3941 1822 3975 ιι
1845 3938 2062 3992 Vitiose
2086 3939 2147 3990 in
2171 3937 2338 3990 editis
2358 3936 2645 4002 plerisque
2670 3934 3014 3987 efferebatur
3031 3936 3123 3989 hic
3137 3937 3300 3991 locus
3322 3954 3338 3991 :

1738 4009 1913 4070 Quare
1940 4024 2092 4060 nosce
2127 4008 2342 4074 qualem
2369 4005 2670 4072 Epistolam
2696 4005 2775 4055 ad
2797 4006 3044 4070 fratrem,
3075 4011 3122 4057 et
3153 4009 3341 4075 Coepi.

1734 4098 1955 4149 scopum
1986 4086 2233 4131 nostrum
2268 4079 2556 4132 Venerium
2584 4076 2916 4141 diligentiori
2943 4092 3080 4128 cura
3104 4083 3341 4145 perscri-

1732 4160 1883 4222 ptam
1906 4155 2152 4221 paruitas
2176 4153 2264 4219 (al.
2293 4150 2554 4218 pravitas)
2573 4153 2771 4222 nostra
2801 4151 3181 4222 transmiserit,
3207 4153 3341 4204 sibi-
3392 4178 3395 4179 ν

1733 4221 1835 4292 que
1859 4228 2001 4277 hanc
2025 4226 2405 4277 conscientiam
2420 4221 2657 4288 fecerim,
2677 4221 2823 4286 quod
2836 4236 2949 4272 non
2970 4225 3245 4288 superﬂua
3261 4225 3339 4277 la-

1734 4299 1914 4350 borem
1948 4299 2273 4364 formidine,
2314 4309 2484 4361 neque
2520 4307 2661 4344 vano
2706 4293 2894 4342 timore
2923 4294 3196 4358 sollicitcr,
3228 4302 3335 4350 etc.

1739 4371 2043 4424 Guarneris
2071 4376 2265 4425 autem
2295 4368 2596 4433 queedame
2624 4368 2899 4417 contextu
2921 4367 3207 4420 excidisse
3219 4381 3343 4421 sus.

1737 4442 1978 4509 picatus,
2017 4442 2284 4494 lacunam
2317 4438 2533 4505 expleri
2565 4436 2992 4509 posse‘censuit
3011 4436 3102 4509 his
3127 4437 3337 4505 verbis,

1745 4507 1892 4580 ques,
1911 4507 2133 4566 mutato
2150 4516 2377 4564 tantum
2393 4511 2735 4580 charactere,
2747 4507 2808 4580 in
2822 4511 3045 4559 textum
3056 4508 3246 4573 ipsum
3258 4510 3340 4564 in-

1744 4579 1915 4639 trusit
1943 4603 1955 4636 :
1991 4586 2107 4645 Qua
2122 4601 2179 4635 re
2193 4584 2342 4647 moti,
2364 4580 2608 4646 Origenis
2625 4579 2843 4643 quidem
2858 4580 3058 4643 scripta
3074 4584 3119 4629 et
3133 4595 3340 4633 errores

1743 4658 2154 4721 damnavimus;
2186 4656 2527 4718 interpretem
2559 4666 2697 4713 vero,
2728 4664 2850 4700 cum
2878 4666 2988 4701 non
3018 4652 3149 4701 satis
3172 4668 3341 4720 neque

1741 4746 1843 4780 sua
1870 4730 2188 4796 prcefatione
2215 4728 2288 4777 ad
2313 4725 2472 4777 libros
2502 4723 2763 4796 Origenis,
2780 4737 2951 4796 neque
2965 4723 3231 4789 Apologia
3266 4727 3341 4777 ad

1740 4816 1838 4852 nos
1865 4794 2031 4851 missa
2057 4799 2424 4865 repurgaverit
2450 4797 2592 4846 :imo
2620 4795 2754 4859 forte
2768 4794 2959 4844 iisdem
2974 4796 3247 4848 erroribus
3262 4813 3343 4849 re-

1740 4874 1860 4939 ipsa
1882 4874 2191 4937 consentiat,
2216 4872 2444 4921 Romam
2483 4868 2557 4918 ad
2571 4867 2849 4933 judicium
2863 4866 3014 4917 Sedis
3027 4868 3342 4933 Apostolicce

1738 4945 2060 4997 vocabimus.
2093 4948 2140 4993 et
2166 4946 2475 4993 renuentem
2498 4940 2675 4991 venire
2689 4939 2874 4989 eadem
2899 4942 3157 4990 sententia
3172 4941 3341 4991 invol-

1736 5017 1929 5067 vimus.
1948 5015 2336 5067 Damnationis
2350 5018 2531 5063 autem
2542 5012 2859 5062 sententiam
2868 5009 3131 5075 fratribus
3140 5012 3340 5062 nostris

1743 5088 1965 5139 Venerio
2002 5092 2047 5138 et
2083 5086 2395 5139 Chromatio
2424 5083 2758 5149 scripsimus.
2786 5084 2951 5134 Nunc
2992 5094 3066 5134 ex
3089 5082 3339 5134 Palatino

1735 5160 2046 5223 exemplari
2079 5159 2301 5224 absque
2339 5157 2540 5210 alienis
2583 5153 2991 5207 additamentis
3030 5152 3342 5219 integritati

1733 5231 1990 5285 redditur
2019 5230 2202 5295 locus,
2238 5243 2410 5295 quem
2438 5233 2572 5282 ante
2604 5240 2711 5279 nos
2743 5239 2815 5278 ex
2848 5225 2974 5278 aliis
2996 5225 3164 5278 bonae
3183 5230 3341 5279 notae

1730 5317 1872 5356 mss.
1896 5301 2263 5356 Constantius
2295 5313 2525 5366 quoque
2542 5298 2615 5352 ad
2633 5297 2904 5351 eumdem
2929 5295 3167 5349 modum
3183 5298 3342 5351 resti-

1732 5380 1934 5429 tuerat.
1962 5376 2323 5437 Quamquam
2345 5373 2437 5424 hic
2466 5376 2613 5420 mota
2647 5368 2884 5422 rescribi
2908 5367 3210 5423 maluisset
3233 5368 3339 5434 pro

1730 5450 1882 5501 moti.
1901 5449 2005 5500 Pro
2020 5445 2374 5513 perscriptum
2391 5445 2453 5495 in
2468 5442 2643 5495 Palat.
2659 5447 2750 5494 est
2765 5446 3119 5513 perspectam.

1792 5520 2302 5573 lMediolanensem
2318 5516 2679 5581 Episcopum,
2708 5513 2806 5577 qui
2823 5512 3183 5577 Simpliciano
3214 5525 3339 5565 suc-

1727 5594 1918 5652 cessit,
1947 5592 2020 5645 ad
2044 5603 2216 5655 quem
2239 5589 2388 5654 prior
2407 5587 2541 5640 data
2560 5590 2650 5638 est
2675 5585 2965 5636 Anastasii
2991 5584 3241 5648 Epistola
3268 5584 3340 5655 de

1728 5663 1988 5729 Origenis
2016 5654 2397 5721 damnatione,
2448 5670 2622 5722 quam
2642 5661 2813 5708 antea
2834 5655 3107 5729 ineditam
3129 5654 3341 5729 publici

1718 5728 1865 5799 juris
1880 5736 2117 5788 fecimus
2140 5734 2200 5785 in
2232 5732 2412 5797 primo
2428 5732 2604 5783 Tomo
2621 5728 2950 5792 Hieronymi
2964 5728 3221 5792 Operum,
3230 5728 3340 5780 sub

1740 5821 1901 5861 num.
1936 5806 2023 5862 95.
2047 5807 2212 5859 Hanc
2239 5803 2380 5859 adeo
2412 5802 2485 5857 ad
2518 5801 2822 5856 Venerium
2852 5799 3183 5864 ditigentiori
3206 5814 3342 5851 cura
