3900 6424
1370 529 2255 713 APPENDIX
2481 635 2490 642 μ

513 807 872 1034 AD
1041 809 1932 1036 ΟΡΕΒΑ
2094 816 3086 1046 BUFINI.

133 1121 3440 1146 __.__._____._________.____—____________________________

1054 1217 1572 1304 MONITUM
1657 1218 1794 1300 AD
1878 1219 2512 1307 LECTOREM.

185 1366 438 1415 Alteram
452 1364 610 1414 veluti
629 1365 842 1414 Partem
861 1365 1047 1416 Ruﬁni
1075 1366 1305 1429 Oper-um
1329 1365 1526 1428 scripta
1553 1365 1662 1413 hac
1691 1365 1961 1428 exhibent,
1985 1367 2515 1432 quasubsequuntur
2536 1387 2547 1426 ;
2571 1370 2634 1419 de
2662 1371 2856 1435 quibus
2876 1371 2992 1422 licet
3027 1372 3086 1422 in
3103 1375 3434 1436 Prafatione

105 1439 384 1507 plu-ribus
408 1441 743 1504 disputatum
761 1440 844 1491 sit.
870 1442 1172 1488 monendus
1193 1446 1262 1488 est
1281 1446 1459 1487 tamen
1501 1440 1673 1486 lector
1697 1437 1825 1486 heic‘
1846 1454 2054 1502 quoque
2071 1439 2187 1501 loci,
2212 1447 2269 1489 ut
2286 1457 2352 1490 ne
2384 1443 2662 1507 paucioris
2680 1460 2740 1493 ea
2765 1447 3001 1506 aestimet,
3020 1461 3141 1510 quae
3166 1453 3433 1512 tanquam

112 1518 185 1565 in
212 1516 582 1580 Appendicem
607 1516 904 1563 amanda-ri
930 1516 1082 1566 videt.
1111 1516 1312 1579 Nempe
1336 1514 1565 1574 Ruﬁnus
1589 1528 1701 1561 non
1725 1528 1786 1561 ea
1811 1519 1970 1576 atque
2002 1513 2120 1570 alii,
2147 1520 2190 1563 et
2215 1531 2339 1564 cum
2366 1518 2560 1580 primis
2605 1517 2991 1583 Hieronymus,
3032 1527 3165 1569 sorte
3188 1537 3317 1571 usus
3342 1528 3430 1578 est.

119 1605 296 1655 quem
322 1589 632 1653 sequiorum
654 1595 951 1653 temporum
971 1591 1260 1653 Scriptores
1290 1588 1504 1636 imitari
1532 1602 1744 1650 quoquo
1760 1588 1918 1635 modo
1941 1590 2328 1650 contenderent,
2356 1597 2515 1654 atque
2541 1594 2751 1658 hisqua:
2766 1595 2976 1644 chartis
2999 1596 3294 1655 illinebant,
3313 1613 3435 1646 ma-

123 1678 312 1728 gnum
335 1665 449 1727 ejus
463 1678 677 1723 nomen,
695 1663 855 1712 stulta
867 1663 1257 1728 prape-modum
1293 1661 1602 1719 ambitione,
1620 1668 1987 1724 prmteacerent.
2010 1664 2193 1726 Neque
2215 1681 2380 1729 por-ro
2405 1668 2623 1729 fraudis
2647 1671 2975 1720 occasionem
2989 1672 3251 1734 faciendae
3265 1673 3432 1722 ιίδτη,

122 1740 238 1788 riis
259 1738 859 1804 prwbuitAquilejensis
884 1739 1182 1803 Presbyteri
1211 1738 1380 1799 fama,
1413 1742 1470 1784 ut
1486 1736 1714 1784 carioris
1737 1736 2093 1796 divenderent,
2117 1754 2235 1801 qua:
2265 1741 2489 1791 Auctore
2520 1745 2608 1792 illo
2631 1751 3043 1808 prwnotassent:
3084 1749 3219 1811 quin
3255 1748 3434 1811 potius

121 1815 438 1863 econtrario
455 1814 546 1875 (ad
587 1815 829 1862 nominis
865 1814 1244 1862 declinandam
1276 1812 1624 1886 individiain.
1668 1826 1832 1873 quam
1863 1813 1944 1860 illi
1973 1828 2096 1862 eum
2127 1816 2462 1877 Hieronymo
2495 1819 2801 1868 inimicitiae
2815 1823 3146 1885 pepererant)
3178 1823 3296 1886 ipsa
3320 1823 3434 1885 ejus

119 1889 357 1953 scripta,
387 1895 648 1937 wternum
672 1894 727 1936 ut
759 1889 1038 1949 durarent,
1065 1893 1109 1936 ct
1136 1887 1411 1936 doctorum
1445 1885 1698 1932 manibus
1739 1891 2030 1934 tererentur
2059 1888 2403 1952 dignissima,
2435 1892 2576 1954 aliis
2612 1894 2883 1942 interdum
2921 1885 3316 1954 adtribuerunt,
3336 1911 3431 1946 nec

122 1966 420 2014 mino-rum
442 1980 570 2013 sane
593 1965 835 2028 gentium
877 1963 1258 2027 Scriptoribus,
1294 1962 1382 2010 sed
1423 1960 1701 2025 Cypriane
1737 1962 1987 2023 quaedam
2019 1969 2063 2010 et
2102 1963 2422 2028 Augustino,
2450 1953 2608 2029 atque
2631 1968 2744 2016 alia
2772 1968 2892 2032 ipsi,
2921 1970 2968 2016 si
2997 1969 3218 2033 Superis
3240 1953 3430 2034 placet,

121 2041 490 2104 Hieronymo,
545 2041 674 2098 Qua;
698 2040 870 2102 igitur
891 2054 1014 2087 cum
1055 2039 1282 2086 minime
1328 2037 1500 2101 ipsius
1524 2036 1740 2099 quidem
1784 2036 1910 2095 sint,
1961 2037 2064 2101 ipsi
2099 2045 2275 2088 tamen
2311 2041 2715 2105 adsc-ritntntm‘,
2741 2043 3183 2107 quandoquidem
3214 2045 3273 2093 in
3294 2046 3434 2094 hanc

123 2119 245 2182 fere
267 2121 487 2181 peccant
516 2116 835 2179 Antiquarii
856 2121 1083 2180 partem,
1111 2120 1169 2162 ut
1212 2113 1361 2162 libris
1391 2112 1763 2176 patrocinium
1787 2112 1853 2160 ab
1883 2113 2107 2161 Auctore
2141 2115 2459 2179 adsciscunt,
2495 2132 2690 2166 necesse
2733 2120 3124 2182 propemodum
3163 2126 3251 2183 est,
3293 2125 3352 2169 ut
3384 2124 3432 2169 et

126 2198 251 2240 tam
274 2191 398 2240 bene
421 2191 782 2253 Ruﬁn-ianum
807 2191 1111 2254 ingenitum
1153 2204 1215 2237 ac
1248 2188 1432 2237 stilum
1461 2185 1736 2248 referrent,
1763 2191 1821 2234 ut
1843 2186 1967 2246 jure
1996 2186 2076 2235 illi
2099 2188 2330 2237 adscr-ibi
2365 2190 2692 2254 viderentur,
2730 2195 2945 2256 tamque
2976 2193 3282 2242 abundanti
3308 2195 3433 2243 doc-

126 2267 289 2315 trina
312 2270 630 2324 constarent,
655 2270 713 2312 ut
745 2265 888 2313 nihil
921 2263 1024 2313 sibi
1049 2263 1113 2311 ab
1141 2263 1374 2326 impacta
1401 2260 1617 2308 nomini
1651 2259 1764 2322 ejus
1788 2260 2067 2308 calumnia
2095 2267 2400 2313 metuerent.

197 2340 486 2403 Ejusmodi
509 2355 690 2388 revera
721 2343 846 2387 sunt
880 2353 999 2402 quae
1047 2337 1146 2385 hac
1185 2337 1339 2384 Parte
1379 2335 1548 2383 altera
1586 2334 1944 2383 continentur.
1975 2335 2036 2381 Et
2061 2336 2156 2398 qui
2177 2336 2357 2399 primo
2380 2337 2593 2398 quidem
2620 2339 2869 2396 occurrit,
2897 2340 3348 2390 Commentarius
3374 2339 3434 2390 in

126 2417 348 2467 LXXV
380 2415 594 2480 priores
628 2414 863 2465 D'Widis
910 2414 1185 2465 Psalmos.
1218 2416 1340 2459 ante
1383 2425 1558 2458 annos
1593 2408 1758 2470 ferme
1797 2409 2044 2457 ducentos
2087 2411 2151 2456 ab
2183 2411 2420 2459 Antonio
2452 2413 2512 2460 de
2549 2413 2746 2462 Albone
2771 2416 3185 2479 Arehiepiscrqm
3209 2416 3433 2464 coclesia:

127 2492 530 2556 Lugdunensis,
555 2498 597 2540 et
636 2491 941 2540 Galliarum
963 2490 1200 2539 Primate
1235 2488 1374 2536 inter
1396 2485 1597 2534 rudera
1629 2485 1878 2547 quazdam
1903 2488 2119 2549 antiqui
2139 2488 2448 2536 Monasterii
2475 2496 2726 2553 repertus,
2753 2492 2950 2552 dignus
2968 2492 3192 2540 omnino
3220 2492 3434 2540 habitus

129 2575 225 2623 est.
245 2575 305 2616 ut
327 2569 436 2632 ipse
462 2573 695 2616 testatur.
726 2566 822 2629 qui
855 2567 913 2612 in
957 2579 1186 2612 arenam
1223 2578 1284 2610 ac
1317 2561 1476 2610 solem
1520 2561 1773 2608 adversus
1815 2561 2010 2624 impios
2054 2561 2373 2610 divinarum
2416 2562 2718 2611 Literarum
2746 2565 3051 2628 interpretes
3080 2566 3432 2628 profer-retur.

128 2645 322 2706 Neque
344 2643 484 2691 solus
507 2643 616 2704 ipse
650 2641 727 2688 ita
750 2639 970 2698 censuit,
996 2653 1119 2685 cum
1149 2636 1304 2684 avirle
1326 2635 1643 2698 perlegisset,
1669 2634 1758 2682 sed
1795 2650 1862 2682 ea?
1886 2635 2125 2684 aliorum
2166 2637 2347 2695 etiam,
2375 2637 2566 2700 quibus
2598 2639 2876 2701 tegendum
2916 2641 3158 2701 tradidit,
3191 2640 3433 2688 erudito-

129 2734 269 2767 rum
295 2717 580 2766 hominum
603 2714 877 2774 sententia,
917 2713 1232 2760 thesaurum
1262 2710 1406 2757 hunc
1438 2724 1539 2756 esse
1562 2709 1638 2756 ait
1672 2708 1778 2756 luci
1817 2715 1974 2771 atque
2015 2725 2168 2757 (utt'tlB
2194 2711 2573 2761 erhitnmdum.
2598 2713 2724 2760 Rern
2752 2719 2942 2760 narrat
2977 2713 3086 2776 ipse
3122 2714 3251 2761 satis
3281 2713 3436 2761 lucu-

131 2794 321 2852 lenter,
352 2790 636 2852 multisque
660 2789 897 2851 disputat
922 2786 982 2834 de
1010 2783 1192 2848 Operis
1214 2782 1534 2847 prwsiantia
1561 2782 1622 2830 in
1645 2782 1890 2846 Epistula
1911 2784 1986 2831 ad
2029 2783 2193 2832 Pium
2234 2786 2288 2836 V.
2324 2801 2435 2847 qua
2459 2786 2745 2836 editionem
2777 2787 2854 2836 illi
2875 2803 3033 2836 suam
3067 2789 3363 2853 inscripsit,
3388 2794 3433 2836 et

132 2883 310 2934 quam
331 2882 426 2916 nos
451 2866 612 2914 etiam
636 2880 697 2913 ea
720 2878 843 2912 cum
866 2860 1062 2925 primis
1093 2859 1152 2907 de
1177 2874 1364 2907 caussa
1390 2858 1520 2907 leetu
1546 2858 1773 2920 dignam
1801 2858 1913 2907 heic
1941 2859 2134 2908 (tuatim
2147 2876 2204 2908 us
2219 2861 2594 2910 rccudcndam.

203 2943 310 3002 Qui
329 2957 467 3007 pone
511 2942 655 2990 hunc
696 2940 953 3003 sequitur,
983 2935 1438 2988 Comment-arms
1471 2935 1667 2985 intres
1706 2934 1950 2985 minores
1998 2937 2326 3000 Prophetas,
2360 2938 2582 2996 Oscznn,
2604 2937 2879 2997 Johclem,
2909 2939 2964 2988 et.
2990 2941 3184 3000 Amos,
3218 2944 3275 2988 ut
3302 2938 3430 2988 huic

129 3019 290 3085 parti
319 3017 670 3078 addiceretur,
700 3016 820 3080 fecit
844 3013 1199 3063 recentiorum
1223 3012 1498 3060 doctorum.
1527 3011 1744 3074 quidem
1771 3011 2077 3069 hominum,
2105 3014 2202 3076 qui
2224 3013 2380 3062 illum
2426 3015 2622 3076 Ruﬁno
2657 3013 2989 3075 abjmlicant,
3009 3014 3300 3062 auctoritas
3324 3015 3433 3075 fere

131 3096 318 3160 magis
342 3109 507 3159 quam
537 3093 698 3142 ratio.
737 3093 999 3144 Caeterum
1026 3094 1080 3137 ut
1115 3089 1258 3137 nihil
1281 3089 1328 3136 ei
1363 3087 1519 3136 velim.
1547 3087 1646 3134 hac
1671 3087 1731 3135 de
1754 3102 1946 3136 caussa
1973 3090 2133 3151 pretii
2159 3090 2409 3152 decedere,
2436 3090 2664 3138 studiose
2694 3091 2856 3138 etiam
2888 3105 3053 3154 quam
3083 3089 3252 3137 multa
3281 3095 3430 3153 pote-

132 3178 270 3222 rant
288 3187 388 3236 pro
402 3169 754 3235 germanitate
785 3168 904 3231 ipsa
940 3165 1122 3230 Oper-is
1144 3164 1380 3229 proferri
1403 3169 1744 3225 argumenta.
1771 3164 1832 3210 in
1883 3163 2204 3226 Pricﬁttione
2234 3180 2412 3227 urgeo,
2441 3179 2560 3227 qua:
2588 3170 2640 3212 ut
2690 3165 2903 3224 recolas,
2936 3169 3124 3212 auctor
3150 3178 3289 3211 sum.
3321 3162 3430 3211 Ste-

131 3247 266 3312 pius
290 3260 496 3310 quoque
525 3244 582 3291 in
610 3242 762 3292 Notis
806 3241 1005 3288 mirari
1034 3238 1190 3290 subit.
1216 3239 1260 3287 si
1305 3238 1448 3286 alius
1472 3238 1601 3286 olim
1626 3253 1659 3285 a
1705 3239 1900 3300 Ruﬁno
1945 3239 2166 3300 erstitit,
2191 3240 2287 3302 qui
2320 3245 2364 3287 et
2403 3239 2720 3288 inimicitias
2746 3240 2802 3287 in
2829 3241 3228 3302 Hieronymum
3255 3244 3432 3286 tantas

135 3323 413 3381 c‘re-reeret,
439 3323 484 3366 et
507 3317 683 3365 eodem
704 3315 886 3378 ferme,
932 3319 1091 3377 atque
1122 3314 1350 3372 Ruﬁnus
1374 3313 1679 3375 scripsisset,
1722 3327 1896 3374 sensu,
1928 3313 1981 3360 in
1992 3313 2163 3374 genio,
2189 3314 2396 3376 animo,
2426 3315 2542 3362 stilo
2573 3315 2799 3378 denique
2849 3315 2960 3378 ipso
2985 3314 3243 3364 scriberet.
3269 3313 3437 3362 Nulla

135 3400 274 3446 certe
316 3391 642 3442 elucubratio
665 3394 752 3447 est,
779 3405 900 3452 qua:
935 3389 1076 3436 inter
1098 3387 1427 3449 Ruﬁnianus
1461 3387 1668 3451 majore
1698 3401 1818 3434 cum
1845 3387 2104 3450 dignitate
2127 3394 2266 3436 stare
2288 3395 2462 3452 queat.
2498 3390 2599 3439 Sed
2624 3392 2733 3438 hcce
2761 3390 2908 3439 uberi
2919 3406 2975 3437 ηδ
3007 3405 3104 3438 suo
3129 3389 3254 3438 loco.

205 3467 503 3518 Succedunt
530 3464 688 3514 libelli
713 3469 812 3511 tres
832 3463 951 3524 alii,
977 3462 1084 3510 sive
1109 3462 1234 3524 duo,
1260 3477 1393 3508 nam
1418 3462 1513 3524 qui
1537 3461 1606 3510 de
1634 3461 1764 3512 Fide
1781 3461 1997 3524 primus
2029 3462 2361 3526 inscribitur,
2393 3469 2437 3513 et
2462 3465 2740 3513 duodecim
2763 3463 3236 3514 anathematismis
3255 3462 3441 3511 adver-

133 3559 227 3594 sus
261 3541 442 3590 varias
478 3541 696 3588 hcercses
725 3542 943 3599 constat,
968 3537 1358 3600 scriptiuncula
1383 3552 1683 3600 paucorum
1728 3540 1798 3586 est
1823 3553 2093 3587 versuum.
2121 3539 2277 3586 Alius
2306 3545 2486 3588 autem
2511 3540 2581 3590 de
2605 3541 2740 3591 Fide
2768 3540 2930 3602 liber,
2956 3545 2999 3588 et
3024 3539 3222 3588 multas
3248 3537 3440 3589 Chris-

134 3621 302 3670 tiana:
332 3617 588 3666 doctrina:
619 3620 795 3678 partes
815 3613 1192 3676 complectitur,
1219 3613 1525 3675 copioseque
1570 3613 1823 3670 edisserit,
1852 3619 1896 3661 ct
1924 3629 2246 3677 quanquam
2284 3616 2638 3678 manifestum
2667 3621 2756 3678 est,
2805 3631 2917 3665 non
2942 3615 3107 3678 fuisse
3130 3614 3196 3662 ab
3220 3611 3441 3676 Aquile-

125 3695 271 3761 jensi
294 3691 600 3756 Presbytero
628 3689 889 3751 scriptum
912 3689 1055 3748 (sunt
1079 3687 1244 3736 etiam
1275 3688 1370 3750 qui
1415 3687 1637 3746 Pelagio
1667 3688 2013 3750 adscribunt),
2039 3690 2399 3738 eruditionem
2425 3696 2603 3740 tamen
2638 3692 2750 3754 ejus
2791 3692 2942 3740 haud
2975 3690 3194 3752 dedecet,
3219 3688 3292 3736 ad
3313 3701 3439 3736 con-

137 3769 523 3820 trove-rsiarum
551 3765 613 3813 de
634 3763 761 3813 Fide
785 3763 1070 3812 historiam
1092 3761 1399 3826 plurimum
1422 3762 1641 3825 confert.
1679 3761 1781 3811 Sed
1804 3763 1902 3810 erit
1927 3764 1988 3811 de
2012 3764 2095 3812 his
2129 3764 2326 3812 iterum
2346 3765 2559 3814 dicendi
2592 3765 2750 3814 locus.

515 3987 1010 4072 VETERIS
1097 3983 1670 4068 EDITORIS
1751 3985 2275 4068 ANTONII
2361 3988 2507 4068 DE
2589 3987 3074 4070 ALBONE

1010 4141 1690 4207 ARCHIEPISCOPI
1732 4141 2366 4220 LUGDUNENSIS,
2415 4163 2584 4222 ETC.,

807 4299 899 4423 IN
985 4295 1720 4421 COMMENTARIUM
1805 4298 1898 4421 IN
1983 4298 2398 4422 PSALMOS
2479 4299 2770 4442 LXXV,

703 4506 874 4604 Ab
930 4529 1054 4601 se
1094 4516 1684 4619 repertum
1729 4531 1875 4601 ac
1911 4503 2315 4623 primo
2371 4503 2856 4608 editum.

1114 4664 1691 4772 εᾚεῠὶίαῐίο
1769 4683 1859 4770 et
1936 4667 2474 4799 praefatio.

705 4945 1352 5036 BEATIbSlMO
1412 4946 1749 5036 PATRI
1811 4947 1940 5032 AC
2009 4948 2418 5035 UUMINU
2492 4947 2918 5032 NUS’I‘RO

1009 5124 1165 5257 D.
1281 5115 1615 5263 ΡΙΟ
1747 5114 2267 5259 PAP/E
2393 5114 2542 5258 V.

853 5323 1632 5430 ANTONIUS
1751 5322 1934 5427 DE
2041 5319 2716 5449 ALBONE,

156 5499 687 5578 Archiepiscopus
745 5503 1053 5562 Ecclesiae
1106 5500 1593 5578 Lugdunensis,_
1625 5498 2103 5578 acmGalliarum
2156 5497 2433 5578 Primas,
2489 5500 2788 5570 precatur
2839 5497 3200 5555 diuturnam
3244 5496 3443 5553 vitam

1151 5569 1229 5631 ac
1281 5569 1642 5631 salutem'in
1688 5572 1940 5630 Christo
1969 5569 2443 5644 sempiternam.

229 5682 360 5741 Etsi
388 5685 795 5757 praeclarum,
827 5703 924 5757 ac,
956 5690 1023 5744 ut
1052 5684 1302 5757 censuit
1342 5684 1464 5755 ille,
1512 5685 1748 5757 bonum
1854 5682 2141 5757 Ecclesia
2180 5681 2508 5739 Catholica
2549 5679 2889 5757 sustinere,
2932 5685 3293 5757 neque_tam
3323 5680 3446 5757 s_i_m

162 5762 256 5814 est
291 5751 474 5835 opt-1's,
527 5751 803 5818 Beatiss'.
873 5751 1084 5828 Pater,
1138 5756 1312 5814 vices
1363 5751 1658 5832 Episcopi
1687 5756 1749 5814 in
1853 5754 1936 5812 ah
1969 5754 2142 5812 omni
2191 5761 2384 5823 recta,
2431 5758 2493 5810 et
2542 5752 2842 5826 aequabili
2894 5751 3280 5825 cogitatione
3307 5752 3450 5810 alie-
