3900 6452
482 335 587 392 635

484 450 629 507 nus,
658 438 729 493 ut
752 435 1045 508 gradum,
1104 453 1182 495 ac
1223 437 1597 508 dignitatem
1626 437 1857 511 ipsam,
1888 450 2079 507 quam

486 531 810 573 summam
837 516 901 573 in
945 517 1132 575 terris
1177 517 1478 588 admiror,
1508 533 1635 574 non
1674 516 1737 573 in
1765 518 2082 590 praestan-

487 595 758 653 tissimis
811 596 923 654 Dei
973 597 1206 671 Optimi
1259 597 1526 654 Maximi
1581 594 1930 667 beneficiis,
1982 592 2082 651 vel

487 692 632 734 meo
659 680 828 734 certe
879 677 1137 735 nomine
1173 693 1480 752 reponam
1512 696 1524 734 :
1557 681 1772 734 tamen
1800 679 1862 733 et
1888 675 2086 731 incre—

489 756 697 814 dibilis
749 757 1121 827 ofﬁciorum,
1179 759 1407 832 quibus
1446 758 1551 816 hic
1584 762 1793 815 status
1819 755 2081 813 distrin-

487 837 675 906 gitur,
731 836 1123 907 magnitudo,
1156 842 1218 895 et
1256 854 1398 897 mea
1447 838 1603 897 mihi
1631 854 1759 896 non
1806 837 2083 895 obscura

488 914 814 974 humilitas
842 915 933 973 ita
981 932 1086 974 me
1135 921 1394 989 terrent,
1449 935 1527 976 ac
1567 935 1648 977 ex
1697 934 1771 976 eo
1823 917 1923 974 die
1960 930 2083 988 quo

487 995 677 1068 hujus
716 995 1025 1054 Ecclesiae
1063 998 1513 1070 Lugdunensis
1540 1015 1789 1073 praeses
1817 1013 1960 1055 sum
1988 1011 2083 1052 re-

488 1075 851 1146 nunciatus,
914 1078 1202 1136 animum
1253 1079 1624 1153 percellunt,
1667 1083 1736 1136 ut
1783 1077 1912 1135 nisi
1959 1076 2081 1133 duo

488 1170 593 1212 me
617 1160 1044 1227 recreassent,
1076 1174 1154 1215 ac
1193 1175 1389 1234 prope
1439 1159 1832 1229 refecissent,
1864 1155 2081 1214 nescio

490 1251 574 1293 an
592 1235 657 1292 in
698 1235 822 1293 hac
873 1241 1250 1312 temporum,
1306 1256 1383 1298 ac
1428 1240 1828 1299 voluntatum
1865 1238 2085 1296 huma-

489 1331 720 1373 narum
781 1317 1032 1391 injuria,
1065 1323 1126 1376 et
1153 1320 1541 1395 intemperie,
1565 1321 1740 1379 oneri
1770 1320 2084 1377 hactenus

492 1396 751 1454 ferendo
801 1413 919 1471 par
969 1400 1383 1458 exstitissem.
1438 1403 1515 1459 Et
1564 1401 1792 1459 horum
1833 1398 2084 1474 quidem

493 1492 689 1534 unum
743 1481 859 1548 est,
900 1480 1064 1552 quod
1115 1497 1441 1556 nunquam
1492 1482 1591 1540 vel
1646 1498 1791 1540 mea
1836 1482 2084 1555 sponte,

493 1556 594 1614 vel
638 1561 809 1615 certe
856 1575 998 1617 meo
1045 1562 1276 1632 studio,
1326 1579 1403 1620 ac
1446 1562 1794 1620 ambitione
1820 1561 1885 1619 in
1915 1561 2087 1618 hunc

494 1639 627 1727 tam
687 1639 1160 1727 praecellentem
1224 1644 1493 1727 gradum
1555 1641 1921 1727 conscendi,
1976 1639 2089 1698 sed

494 1716 727 1807 alienae
749 1716 875 1807 huc
925 1737 1028 1807 me
1056 1737 1345 1807 meorum
1372 1724 1630 1794 civium,
1664 1740 1742 1781 ac
1771 1722 2085 1795 majorum

495 1798 689 1854 etiam
740 1798 1106 1858 voluntates
1152 1803 1540 1877 impulerunt
1569 1824 1581 1861 :
1612 1804 1841 1878 quibus
1868 1806 1937 1859 ut
1961 1816 2091 1858 mo-

496 1892 630 1965 rem
660 1891 966 1965 gererem
995 1882 1201 1939 effecit
1226 1884 1615 1965 Apostolicae
1667 1885 1849 1942 Sedis
1877 1886 2090 1965 aucto-

497 1958 677 2046 ritas,
700 1974 853 2046 quae
904 1958 1009 2016 hic
1036 1976 1139 2046 me
1190 1979 1309 2020 sua
1361 1964 1799 2033 beneﬁcentia,
1830 1980 1907 2020 ac
1938 1962 2089 2019 libe-

497 2035 752 2127 ralita‘te
816 2054 935 2127 nec
999 2042 1366 2127 Opinantem
1432 2049 1531 2103 est
1596 2050 1956 2120 prosecuta,
2021 2046 2091 2099 ut

498 2118 759 2209 scriptis
798 2120 895 2209 ad
923 2122 1284 2209 me__l_ite_ris_
1314 2118 1713 2209 testatusﬁsit
1754 2127 1855 2196 fel,
1885 2142 2092 2209 recor-

498 2197 776 2257 dationis
825 2200 980 2258 Pius
1022 2203 1107 2259 IV
1132 2204 1287 2261 nihil
1334 2206 1453 2264 sibi
1482 2208 1694 2278 magis
1721 2223 1867 2265 esse
1892 2207 2087 2278 cordi,

498 2294 689 2372 quam
729 2282 810 2372 ut.
831 2281 1634 2372 Ecclesiae-Lugdunensis,
1669 2292 1763 2347 tot
1785 2289 1986 2372 bellis,
2013 2305 2091 2372 ac

499 2358 916 2452 seditionibus
979 2366 1349 2452 exagitatae,
1404 2373 1662 2444 tamque
1711 2370 2089 2444 perniciosis

499 2440 904 2529 opinionibus
931 2443 1313 2529 _dissipatae
1387 2453 1534 2524 post
1560 2440 2090 2508 illustrissimum

501 2517 901 2609 cardinalem
931 2517 1427 2609 ferrariensem,
1458 2545 1577 2601 ego
1600 2530 1666 2588 in
1685 2531 1908 2605 primis
1934 2548 2092 2604 prac-

501 2597 793 2693 siderem,
847 2602 1178 2693 pallio,__ac
1197 2597 1672 2693 diplomatibus
1685 2597 1785 2669 ‘ex
1812 2597 1983 2669 Urbe
2009 2611 2091 2668 ad

504 2691 623 2734 nos
653 2695 854 2753 usque
873 2681 1319 2746 liberalissime
1345 2692 1769 2750 transmissis.
1802 2695 1959 2759 Quae
1986 2709 2090 2750 res

503 2772 648 2847 cum
677 2760 843 2833 apud
871 2778 1125 2847 menon
1154 2766 1323 2828 aliud
1375 2786 1627 2845 semper
1662 2774 1868 2844 fuerit,
1897 2790 2088 2847 quam

503 2840 746 2895 certum
789 2843 1106 2914 quoddam
1160 2840 1535 2922 oraculum;
1565 2870 1642 2910 ac
1672 2840 1987 2925 integrum
2015 2854 2092 2911 de

503 2932 647 3013 mea
670 2924 867 3013 ‘so‘rte,
897 2939 976 3013 ac
1014 2928 1351 2988 vocatione
1390 2924 1846 3006 testimonium,
1876 2936 1969 2993 sic
1991 2952 2093 2994 me

500 2998 567 3054 in
584 3000 687 3090 ‘tot
717 2998 1084 3090 laboribus,
1115 3023 1191 3064 ac
1244 3013 1425 3068 tanta
1451 3013 1762 3073 bonorum
1804 2998 2088 3073 omnium

501 3077 868 3175 calamitate
908 3088 1340 3175 conﬁrmavit,
1370 3097 1439 3150 ut
1463 3100 1637 3153 certo
1683 3113 1935 3172 semper
1957 3112 2096 3171 spe-

503 3160 699 3253 rarim
749 3160 1133 3253 legationem
1188 3176 1500 3247 nostram,
1543 3193 1669 3251 qua
1697 3160 2091 3253 pro‘Christo

502 3238 843 3330 fungimur,
891 3262 1027 3330 non
1078 3248 1356 3325 inanem,
1410 3238 1523 3314 sed
1558 3238 1907 3318 salutarem
1933 3262 2093 3319 mul-

501 3322 615 3417 tis,
636 3338 715 3417 ac
742 3323 1135 3386 fructuosam
1177 3322 1453 3393 futuram
1483 3354 1646 3397 esse.
1680 3340 1765 3397 Ut
1790 3341 1957 3398 enim
1987 3342 2092 3417 qui

503 3401 664 3495 sein
692 3401 861 3461 hanc
906 3423 1034 3464 non
1086 3416 1334 3495 evocati
1387 3417 1539 3475 vitae
1577 3419 1891 3479 rationem
1919 3401 2091 3495 inge-

503 3485 671 3575 runt,
727 3499 1114 3575 manumque
1142 3494 1335 3575 nullo
1387 3503 1647 3559 auctore
1675 3518 1753 3559 ac
1780 3503 1956 3575 duce,
1986 3485 2095 3565 hu-

495 3564 605 3652 jus
633 3564 764 3620 tam
816 3572 1192 3652 praestantis
1220 3577 1537 3636 naviculae
1566 3581 1755 3652 malo,
1795 3599 1873 3641 ac
1899 3564 2093 3645 remis

504 3641 866 3740 admovent,
920 3666 1183 3740 poenam
1236 3672 1488 3733 semper
1518 3677 1656 3720 suae
1692 3641 2090 3740 temeritatis,

505 3723 937 3817 audaciaeque:
983 3733 1282 3817 referunt,
1349 3723 1560 3813 studii,
1622 3760 1699 3801 ac
1759 3723 2095 3807 induatriae

506 3811 1046 3902 inanitatem
1067 3833 1082 3881 ;
1106 3813 1209 3902 _sic
1237 3816 1297 3888 ii,
1330 3820 1432 3902 qui
1462 3811 1715 3895 publica
1738 3829 2092 3902 sanctione,

506 3883 812 3976 tanquam
853 3889 1160 3976 suffragio
1214 3883 1489 3970 quodam
1519 3883 1787 3976 ccelesti,
1818 3883 2094 3967 his:

503 3964 781 4058 naribus,
812 3983 916 4058 “ac
958 3973 1203 4058 ofﬁciis
1232 3964 1251 3970 ’
1273 3979 1711 4055 designantur,
1773 3964 2098 4049 [modoﬂne

502 4045 779 4143 otioa‘c'
806 4047 1049 4143 inertia
1088 4045 1609 4143 diffluantfnihil
1660 4045 1788 4124 non
1834 4045 1989 4143 spei,

501 4127 1321 4218 praesidii‘infelicissimo
1372 4127 1583 4203 rerum
1640 4127 1903 4207 suarum
1945 4127 2094 4209 suc;

503 4220 692 4295 cessu
719 4208 936 4295 vident
958 4228 1103 4273 esse
1129 4219 1530 4281 collocatum.
1563 4228 1720 4285 Haec
1747 4231 1915 4289 enim
1943 4208 2092 4291 dum

502 4282 944 4386 inlli‘accurate
989 4296 1394 4386 meditantur,
1428 4308 1490 4361 et
1525 4305 1587 4363 in
1616 4282 1718 4365 his

504 4371 708 4431 femus
759 4391 999 4468 eOFUm,
1057 4385 1149 4441 ait
1197 4371 1541 4463 Apostolus
1595 4397 1667 4463 (l.
1697 4371 1964 4459 Timotl'i.‘
1993 4404 2068 4473 4.)

501 4452 662 4509 ﬁunt
688 4458 983 4509 omnibus
1013 4468 1331 4509 maniam“
1396 4476 1455 4509 of
1484 4474 1558 4509 An
1588 4475 1663 4509 κο
1694 4479 1793 4509 ηυξ
1826 4484 1997 4509 nam;
2030 4447 2091 4509 ελ

549 4457 989 4552 untomnibus
1012 4457 1361 4552 manifesti,
1396 4476 1459 4531 et
1484 4474 1560 4533 de
1586 4457 1665 4533 iis
1693 4479 1796 4552 qui
1826 4457 2092 4539 stantin

501 4534 769 4633 consilio
808 4540 1062 4602 Domini
1102 4552 1274 4633 recte
1308 4534 1543 4612 dictum
1592 4534 2096 4633 est,‘ejusverba

501 4614 752 4711 populo.
788 4635 906 4711 suo
933 4632 1087 4711 nota
1140 4630 1390 4702 fecisse,
1431 4614 1873 4711 eosque’a'viﬂa

501 4697 1085 4798 (Effoggtatlonibus
1121 4713 1424 4783 pessimis
1464 4696 1733 4780 aversos
1759 4723 1960 4783 fuisse
1986 4728 2129 4798 (Jer

499 4791 642 4831 rem.
664 4776 796 4847 23.).

574 4854 860 4954 alterum
912 4866 1168 4954 quodin
1208 4870 1331 4932 hoc
1358 4892 1499 4936 meo
1549 4897 1652 4940 me
1676 4870 1881 4954 gradu
1908 4885 2092 4945 vehe-

505 4938 753 5031 menter
802 4945 1191 5031 consolatur,
1230 4970 1467 5031 speque
1490 4938 1740 5031 ingenti
1762 4938 1941 5023 meos
1957 4938 2096 5024 6h}-

506 5030 775 5119 nes,
803 5027 990 5119 certe“
1018 5027 1303 5119 meorum
1333 5027 1523 5098 etiam
1557 5027 2093 5119 CoepiscOporum

505 5101 778 5198 conatus
799 5182 809 5193 .
827 5108 1185 5198 conﬁrmat,
1240 5123 1339 5175 est
1365 5121 1616 5195 tempus
1640 5101 1763 5181 hbe
1788 5101 2093 5198 ipsum—in

506 5178 1121 5279 quednlilpiscopatus
1159 5178 1391 5257 nostri.
1416 5178 2095 5279 ἱηὲἱάθιιίὼνῐῗᾷιῖὸῖῐξί

506 5272 621 5315 sus
646 5260 963 5353 tghristu's
989 5275 1148 5353 itam
1185 5280 1477 5353 eximios,
1508 5260 1609 5340 ac,
1632 5260 2095 5345 vere’summos

507 5420 813 5519 praefecit,
861 5432 972 5519 .qui
999 5437 1107 5519 ‘sic
1135 5420 1359 5500 omnes
1390 5420 1603 5515 curas,

508 5514 573 5588 in
602 5514 955 5588 ejus_unius
994 5514 1461 5581 instauratione
1498 5528 1561 5581 et
1587 5529 1762 5583 recta
1789 5527 2096 5587 constitu-

508 5582 678 5681 tigne
731 5585 1104 5681 deﬁxerunt,
1160 5606 1229 5657 ut
1270 5601 1406 5675 jam
1459 5605 1564 5661 diu
1615 5605 1716 5677 sit,
1755 5582 2098 5666 chm'n—ihwil

509 5657 1143 5764 altEdLmeﬁditentur,
1182 5657 1374 5757 quam
1414 5684 1665 5745 morum
1692 5657 2098 5761 "quidemfa‘c

687 5743 751 5801 in
785 5834 790 5839 ι
805 5742 1186 5839 Christianis
1201 5742 1757 5839 ‘reformatio'neml,
1770 5742 2098 5828 Ea;

514 5833 684 5894 νθΡο,
737 5834 800 5887 et
852 5834 1223 5908 dogmatum
1250 5847 1314 5905 in
1350 5847 1673 5908 haereticis
1713 5833 2097 5910 emendatio-

514 5922 680 5969 nem.
749 5917 907 5981 Quae
934 5921 1056 5981 duo
1083 5940 1228 5983 cum
1257 5931 1389 5987 tam
1434 5930 1794 6003 prudenter,
1825 5948 1902 5990 ac
1929 5945 2104 6006 Πιθε-

1426 341 1499 394 IN
1532 329 2114 393 COMMENTARIUM
2146 332 2220 384 IN
2254 330 2460 382 LXXV
2492 328 2835 384 PSALMOS.

3712 326 3811 385 636

2176 434 2407 506 gniﬁce
2459 434 2884 491 sacrosancta
2924 431 3209 506 synodus
3253 426 3664 488 Tridentina
3694 440 3811 484 nu-

2177 532 2288 591 per
2314 515 2662 585 adornarit,
2695 529 3072 586 summoque
3100 528 3423 570 consensu
3458 514 3538 567 et
3569 508 3810 591 depra-

2179 590 2396 655 vatam
2474 600 2842 654 nostrorum
2914 593 3168 652 vivendi
3244 590 3810 651 consuetudinem

2178 678 2535 747 castigarit,
2577 682 2639 734 et
2668 692 2974 746 errorum,
3014 692 3091 732 ac
3118 676 3459 732 haereseon
3501 670 3810 729 omnium

2179 758 2522 831 perniciem
2589 757 2847 833 optimis
2914 755 3354 814 sanctionibus
3418 751 3809 833 sustulerit,

2180 843 2249 895 tu
2283 854 2468 909 unus,
2499 832 2691 895 Pater
2739 837 3132 906 beatissime,
3179 836 3364 894 datus
3402 850 3485 892 es
3537 832 3749 889 nobis
3777 849 3811 889 a

2179 920 2311 975 Deo
2341 917 2580 991 optimo
2631 918 2919 975 maximo
2973 921 3281 990 tanquam
3319 915 3679 989 princeps,
3711 913 3811 986 qui

2179 997 2323 1055 haec
2375 1004 2508 1055 tam
2538 1002 2962 1056 sacrosancta
2988 1002 3253 1056 senatus
3281 994 3634 1063 consulta,
3669 1009 3816 1066 quo-

2181 1094 2429 1153 cunque
2493 1094 2641 1136 sese
2713 1078 2988 1136 Romani
3051 1076 3356 1152 pontiﬁcii
3420 1088 3698 1153 nomen
3756 1078 3814 1129 et

2178 1152 2531 1216 auctOritas
2577 1158 2886 1228 diffundit,
2937 1159 3299 1223 confirmes,
3352 1171 3429 1212 ac
3459 1152 3812 1221 stabilias,

2180 1238 2462 1312 nihilque
2522 1239 2786 1297 omittas
2844 1254 3064 1296 eorum
3137 1236 3441 1306 omnium,
3507 1250 3681 1308 quae
3735 1232 3813 1289 ad

2181 1319 2521 1394 pristinum
2574 1318 2749 1376 illum
2799 1318 3093 1389 nitorem,
3158 1320 3219 1375 et
3264 1321 3563 1374 veterem
3626 1313 3812 1371 Chri-

2182 1400 2415 1457 stianae
2466 1399 2705 1474 reipub,
2758 1398 3133 1470 dignitatem
3172 1396 3493 1472 pertinere
3526 1394 3812 1452 videan-

2183 1483 2304 1537 tur.
2358 1482 2451 1537 Ac
2502 1496 2583 1537 ne
2633 1479 2970 1553 quisquam
3022 1478 3212 1552 hujus
3252 1482 3385 1534 tam
3432 1474 3810 1545 castigatae

2186 1561 2338 1619 vitae
2366 1560 2728 1635 exemplum
2760 1560 2881 1618 sibi
2932 1561 3093 1618 forte
3118 1557 3403 1634 praeferri
3430 1556 3807 1635 desideret,

2182 1644 2250 1699 tu
2282 1646 2414 1698 tam
2467 1634 2765 1699 exactam
2818 1640 3071 1698 vivendi
3121 1639 3324 1710 legem
3375 1637 3494 1695 tibi
3554 1635 3693 1711 ipsi
3722 1634 3809 1692 in-

2185 1722 2424 1791 dixisti,
2454 1738 2805 1795 omnesque
2834 1721 2944 1779 tibi
2974 1719 3304 1788 libertatis,
3335 1734 3415 1776 ac
3442 1732 3670 1792 prope
3726 1715 3809 1772 di-

2184 1820 2330 1861 cam
2378 1794 2737 1876 majestatis
2789 1803 3002 1860 fasces
3052 1802 3143 1858 ita
3192 1798 3622 1868 summisisti,
3655 1800 3730 1853 ut
3755 1794 3807 1853 si

2186 1899 2379 1957 quam
2409 1884 2544 1957 jam
2597 1884 2759 1941 bene
2794 1882 3022 1953 agendi
3052 1883 3323 1940 formam
3351 1879 3526 1950 aliis,
3562 1876 3806 1952 quibus

2186 1980 2416 2038 praees,
2469 1964 2968 2039 praescripseris,
3024 1978 3096 2021 se
3122 1961 3360 2029 faciles,
3399 1976 3480 2016 ac
3512 1957 3808 2026 morige-

2187 2062 2296 2103 ros
2323 2046 2449 2102 tuis
2476 2045 2699 2103 edictis
2727 2046 2945 2103 statim
3000 2044 3349 2119 praeebant,
3402 2040 3613 2099 modo
3655 2043 3802 2095 tuas

2188 2127 2496 2197 actiones,
2552 2130 2727 2184 tuam
2779 2126 3258 2194 continentiam,
3287 2119 3801 2198 parcimoniam,

2188 2211 2365 2266 tuam
2421 2206 2689 2281 denique
2756 2207 3079 2281 pietatem,
3133 2221 3211 2262 ac
3260 2198 3799 2281 diligentiamin-

2190 2292 2504 2346 tueantur.
2557 2278 2712 2354 Quis
2740 2278 2908 2345 enim
2960 2303 3087 2345 non
3126 2285 3275 2343 illud
3319 2284 3461 2357 jure
3513 2278 3800 2338 admire-

2190 2372 2309 2441 tur,
2364 2368 2529 2442 quod
2580 2384 2783 2442 neque
2836 2370 2898 2426 te
2932 2386 2973 2427 a
3021 2368 3172 2424 vitae
3212 2362 3603 2423 austeritate
3631 2362 3799 2416 aetas

2180 2448 2316 2522 jam
2345 2449 2608 2521 morbis,
2639 2466 2716 2507 ac
2757 2449 2976 2508 labore
3002 2449 3312 2515 confecta,
3345 2446 3623 2501 revocat
3653 2454 3797 2522 :‘ne-

2189 2519 2310 2604 que
2359 2519 2601 2588 summi
2647 2530 2734 2589 illi
2785 2535 2913 2588 tuae
2943 2529 3114 2588 sedis
3141 2527 3357 2602 apices
3384 2525 3466 2583 ad
3494 2519 3797 2581 ambitio-

2188 2626 2334 2667 nem
2366 2614 2427 2669 te
2464 2611 2888 2680 inﬂammant,
2921 2625 3125 2684 neque
3161 2608 3225 2666 in
3253 2611 3396 2665 tuos
3426 2604 3692 2684 affines,
3719 2615 3792 2684 a_c

2188 2696 2470 2764 nepotes.
2504 2709 2665 2766 quos
2710 2692 2914 2750 habes
2951 2680 3248 2765 op—tfmos,
3278 2703 3356 2745 ac
3382 2680 3794 2755 religiosissi—

2188 2787 2334 2828 mos
2386 2789 2626 2845 magna
2692 2789 2902 2832 rerum
2955 2770 3284 2829 afﬂuentia
3333 2766 3679 2843 profusum
3734 2766 3789 2845 te

2190 2853 2431 2911 reddit:
2465 2844 2578 2913 sed
2630 2856 2720 2913 ita
2770 2855 3036 2911 virtutes
3087 2850 3361 2923 undique
3386 2844 3785 2917 constipant,

2188 2937 2258 2991 ut
2284 2935 2440 2992 nihil
2466 2938 2547 2994 ad
2575 2940 2637 2994 te
2691 2935 2825 2993 vitii
2864 2933 3071 3009 possit
3097 2932 3464 3010 irrumpere,
3496 2923 3686 2983 nulla
3710 2935 3787 3010 ne

2189 3033 2586 3075 summorum
2641 3007 2891 3093 quidem
2942 3012 3300 3093 principum
3338 3007 3679 3093 majestas,
3731 3007 3782 3058 si

2186 3098 2348 3156 forte
2374 3099 2435 3157 id
2462 3087 2741 3169 tentarit,
2798 3097 2875 3153 de
2912 3087 3086 3153 recto
3113 3092 3345 3150 mentis
3377 3093 3557 3147 statu
3584 3087 3781 3169 dime-

2188 3196 2355 3250 vere,
2410 3181 2523 3238 sed
2554 3163 2776 3238 obtutu
2820 3177 2915 3234 sic
2954 3178 3157 3243 ﬁrmo,
3212 3189 3289 3229 ac
3338 3166 3671 3250 constanti

2190 3243 2512 3322 Christum
2552 3265 2614 3318 et
2648 3257 2991 3335 Apostolos
3040 3252 3436 3335 intendisLut
3483 3243 3779 3335 nihiltibi

2188 3347 2453 3413 rectum,
2530 3328 2726 3399 nihil'
2762 3336 3196 3409 magniﬁcum,
3276 3331 3431 3389 nihil
3511 3328 3781 3413 denique

2188 3404 2578 3498 magnopere
2628 3404 3017 3498 laudandum
3074 3404 3425 3481 existimes,
3480 3408 3655 3498 quod
3705 3404 3779 3463 ad

2188 3491 2357 3565 illius
2408 3491 2613 3576 legem
2663 3505 2853 3576 atque
2902 3497 3294 3557 voluntatem
3347 3509 3472 3552 non
3527 3491 3782 3576 effinga-

2192 3593 2311 3647 tur.
2369 3570 2533 3645 Hinc
2583 3583 2709 3642 illae
2742 3570 2822 3639 ad
2868 3595 2988 3637 nos
3024 3582 3420 3649 caeterosque
3446 3572 3647 3631 totius
3676 3570 3781 3625 Eu-

2192 3686 2370 3744 ropae
2397 3671 2705 3726 Pastores
2731 3663 2935 3744 literae
2961 3675 3280 3744 curarum,
3309 3660 3374 3715 et
3396 3653 3643 3744 am_oris
3667 3649 3782 3741 ple-

2191 3730 2485 3810 nissimae
2538 3767 2551 3805 :
2607 3746 2757 3804 hinc
2808 3743 2888 3801 ad
2937 3738 3422 3817 potentissimos
3474 3730 3777 3793 Ecclesiae

2191 3829 2583 3891 monarchas
2608 3833 2744 3885 tam
2783 3825 3027 3882 crebrae
3054 3822 3131 3879 de
3182 3835 3431 3878 morum
3458 3817 3777 3874 instaura-

2194 3914 2385 3983 tione,
2440 3928 2518 3968 ac
2570 3905 3194 3982 improbissimarum
3237 3898 3611 3975 opinionum
3638 3894 3779 3952 inte-

2195 3995 2321 4052 ritu
2345 3982 2700 4064 legationes
2729 4009 2742 4057 ;
2768 3987 2918 4047 hinc
2944 3985 3211 4064 denique
3238 3986 3330 4041 tot
3356 3992 3432 4037 ac
3462 3982 3597 4064 tt}!!!
3623 3989 3775 4064 Pref?

2198 4075 2377 4133 clara
2404 4053 2488 4131 in
2518 4086 2706 4129 omne
2729 4053 2952 4140 genus
3004 4053 3259 4131 erroris,
3288 4078 3365 4119 ac
3392 4059 3674 4140 ambitus
3706 4053 3778 4110 di-

2199 4158 2501 4233 plomata,
2556 4157 2625 4211 ut
2663 4138 2781 4222 ego
2808 4163 2957 4207 vere
2992 4146 3241 4233 meique
3256 4157 3491 4233 omnes
3506 4138 3773 4233 collegae

2198 4215 2316 4298 sub
2354 4215 2637 4312 pastoris
2685 4215 2757 4289 re
2805 4247 2882 4287 ac
2932 4215 3190 4285 nomine
3231 4222 3519 4312 angelici
3553 4215 3774 4278 vexillo

2196 4303 2473 4379 militare
2509 4327 2802 4373 asserere
2827 4310 3199 4368 audeamus.
3231 4307 3307 4362 Et
3330 4303 3613 4379 profecto
3639 4311 3772 4387 cum

2197 4418 2277 4460 ex
2305 4399 2508 4473 teipso
2558 4400 2865 4467 tanquam
2896 4407 2936 4448 a
2962 4388 3169 4463 capite
3192 4389 3434 4454 nostro,
3452 4399 3543 4473 .ex
3573 4395 3693 4473 quo
3715 4390 3773 4433 in

2197 4499 2317 4540 nos
2346 4464 2570 4537 omnes
2598 4464 2789 4533 veluti
2826 4473 2889 4529 in
2918 4476 3191 4529 caeteras
3219 4464 3505 4540 corporis
3543 4464 3770 4537 partes,

2196 4562 2329 4620 veri
2357 4574 2612 4628 sensus,
2663 4569 2743 4613 ac
2769 4556 2982 4610 motus
3026 4546 3369 4628 certissimi
3397 4544 3658 4628 inﬂuere
3682 4552 3772 4594 so-

2196 4643 2345 4713 lent,
2391 4645 2529 4711 tam,
2575 4622 2892 4711 praeclara
2933 4626 3364 4713 innovationis
3399 4622 3771 4713 Christianae

2196 4728 2259 4782 et
2284 4707 2747 4780 ecclesiasticae
2771 4712 3085 4790 principia
3110 4707 3616 4790 proficiscantur,
3648 4713 3769 4790 spe-

2435 4777 2444 4778 η
2462 4801 2585 4857 hac
2625 4777 3130 4870 tam‘praelustri.
3162 4785 3607 4856 sanctimonia,
3637 4777 3767 4837 reli—

2194 4901 2385 4961 quam
2413 4880 2845 4961 membrorum
2888 4871 3353 4961 multitudinem
3394 4870 3763 4961 secuturam}:

2197 4946 2260 5025 et
2311 4968 2443 5023 tam
2496 4959 2695 5019 alacri
2747 4961 2937 5030 atque
2983 4951 3340 5027 composita
3389 4946 3765 5030 functionum

2197 5060 2461 5105 suarum
2508 5028 2947 5098 vicissitudine
2985 5035 3109 5093 tuis
3136 5030 3426 5102 vestigiis
3452 5028 3763 5098 ingressu-

2196 5142 2337 5185 ram
2364 5145 2375 5181 :
2407 5126 2477 5181 ut
2502 5124 2811 5195 quantum
2851 5116 3002 5176 mali
3053 5113 3331 5172 nominis
3358 5108 3557 5195 nimia
3582 5106 3761 5163 haere-

2198 5208 2465 5265 ticorum
2510 5190 2787 5270 licentia,
2816 5202 2880 5257 et
2903 5196 3231 5255 hominum
3260 5190 3607 5251 secundum
3634 5196 3763 5270 cal:-

670 5260 1148 5359 EhPiSEPSfam
1185 5280 1477 5353 eXimiOS,
1508 5299 1587 5340 ac
1632 5257 2095 5345 vere’summos
2138 5336 2145 5341 .
2365 5257 2798 5359 prudentium
2852 5277 3177 5336 calumnia
3230 5273 3470 5359 pridem
3520 5257 3760 5359 in‘GaI-

506 5342 840 5425 pontiﬁces
858 5348 1162 5414 Ecclesiae
1181 5376 1319 5425 suae
1333 5342 1680 5421 Catholicae
1692 5342 1769 5422 ac
1783 5342 2096 5425 Romanae
2138 5404 2145 5415 ρ

2197 5369 2320 5425 lias
2346 5347 2698 5433 invexerat,
2727 5364 2977 5420 tantum
3004 5374 3174 5416 nunc
3224 5347 3431 5412 laudis
3459 5366 3536 5409 ac
3563 5347 3761 5433 gloriae

2199 5446 2549 5506 secundum
2603 5429 2825 5511 Deum,
2882 5445 2943 5498 te
2994 5439 3172 5508 duce,
3207 5433 3441 5492 summi
3498 5429 3756 5511 senatus!

2199 5545 2277 5587 ac
2302 5532 2555 5601 patrum
2609 5508 3041 5580 Cardinalium
3093 5516 3429 5601 integritas
3480 5511 3623 5601 huic
3659 5508 3758 5601 ipsi

2200 5593 2424 5666 Galliae
2450 5609 2694 5662 nostrae
2744 5603 2995 5660 inferat.
3028 5601 3103 5656 Et
3146 5598 3459 5655 sentimus
3488 5593 3668 5667 plane
3692 5598 3755 5642 ac

2171 5720 2177 5735 ι
2198 5689 2357 5763 ipsis
2382 5684 2644 5745 auribus
2664 5684 2939 5757 quotidie
2964 5680 3295 5763 haurimus
3320 5688 3648 5763 sermones
3671 5667 3756 5763 fle-

2168 5802 2173 5807 ε
2198 5752 2802 5844 ῥι-ενειῐίεεὶῐηοιεύπι
2847 5762 3198 5844 hominum,
3229 5757 3333 5832 qui
3361 5757 3439 5813 de
3465 5762 3592 5817 tuae
3620 5752 3756 5844 Δνὶξδῑξ

2199 5821 2279 5908 ac
2311 5863 2560 5906 morum
2588 5845 2953 5916 integritate
3000 5841 3169 5916 loqui
3186 5821 3324 5898 non
3367 5836 3636 5913 possunt
3656 5821 3755 5887 nisi

2200 5943 2443 6003 magna
2495 5944 2641 5987 cum
2680 5926 2885 5998 laude,
2939 5926 3002 5983 et
3048 5923 3113 5981 in
3164 5918 3497 5994 superiora
3540 5918 3756 5989 quoque
