3900 6452
188 324 325 386 637
1564 355 1573 365 '
1690 340 1815 391 PR1!

1917 340 2082 395 Yl’IO.

199 435 427 509 (quod
455 436 593 495 suis
628 436 846 510 potius
899 438 1267 498 adscribere
1315 437 1650 509 debebant)
1677 440 1835 497 tem-

189 534 386 592 pora
412 517 711 590 rejiciant
764 518 1059 593 quicquid
1095 519 1333 578 erroris
1382 519 1449 576 in
1487 519 1629 588 ﬁde,
1663 535 1741 577 ac
1767 520 1832 577 in

192 599 514 657 moribus
546 599 774 670 ﬂagitii
800 599 864 655 in
896 600 1221 674 republica
1248 599 1613 657 Christiana
1640 617 1681 657 a
1706 600 1835 676 plu-

190 680 408 739 rimis
475 680 667 739 annis
732 679 1080 753 pullulavit.
1161 682 1380 754 Itaque
1446 680 1541 737 sic
1593 684 1827 751 statuo,

3427 354 3532 415 638

1937 443 2235 530 Romana
2286 446 2448 530 sede
2493 448 2965 530 conspexerint,
3017 453 3209 526 atque
3247 453 3329 513 ab
3371 455 3531 530 Apo-

1933 523 2180 605 stolicae
2207 526 2611 586 auctoritatis
2642 528 2983 603 majestate
3024 523 3297 605 pendere
3324 523 3530 594 volue—

1932 602 2079 689 rint.
2134 607 2292 689 Quae
2343 623 2448 667 res
2476 624 2621 665 cum
2641 610 2723 667 ab
2770 602 3086 685 improbis
3118 612 3247 670 fere
3273 612 3394 671 hos
3420 631 3528 689 po-

1930 683 2113 765 pulos
2163 687 2572 758 dogmatibus
2600 692 2789 763 atque
2825 683 3230 764 opinionibus
3257 683 3527 765 ﬂagitio-

200 762 488 843 tempus
527 774 630 817 me
649 759 822 843 idem
852 776 1048 843 prope
1087 760 1338 829 intueri,
1367 760 1533 834 quod
1556 759 1658 843 illi
1695 776 1831 843 ma-
1931 763 2214 825 sissimis
2265 784 2507 839 magna
2559 785 2639 827 ex
2687 759 2886 843 parte
2937 770 3294 843 vindicarit,
3346 759 3411 831 at
3460 771 3525 832 in

192 840 401 916 jores
458 840 663 898 nostri
714 839 1030 914 Episcopi,
1079 844 1233 909 tum,
1292 857 1439 897 cum
1495 840 1577 898 ad
1631 840 1830 898 extin-

198 921 551 994 guendam
634 920 863 978 Novati
952 920 1310 979 doctrinam
1385 920 1665 979 exitatus
1729 925 1829 978 est

200 1004 455 1061 Romae
505 1017 798 1060 summus
845 1002 1140 1059 Pontifex
1179 1001 1543 1076 Stephanus
1573 1047 1586 1072 ,
1640 1006 1703 1059 et
1724 1004 1826 1073 (ne

199 1083 529 1155 exiguam
556 1082 732 1139 illam
760 1082 1013 1140 turbam
1041 1083 1633 1157 antiquissimorum
1662 1086 1824 1140 tem-

197 1179 475 1237 porum,
539 1178 686 1220 cum
748 1159 871 1219 hac
925 1177 1138 1220 rerum
1179 1162 1463 1220 omnium
1501 1162 1825 1236 perturba-

200 1243 399 1302 tione
444 1257 832 1317 comparem,
892 1242 1003 1300 sed
1053 1242 1289 1316 aliquid
1339 1243 1604 1301 aﬂ‘eram
1655 1241 1823 1316 quod

197 1322 463 1381 malum
513 1323 685 1381 istud
734 1326 1027 1381 nostrum
1057 1326 1374 1396 exaequet)
1412 1323 1637 1381 iisdem
1665 1321 1820 1380 mihi

200 1404 441 1462 videor
490 1402 714 1461 diebus
763 1418 975 1475 agere,
1030 1404 1258 1477 quibus
1303 1402 1507 1461 Julius
1550 1402 1653 1461 ille
1694 1402 1820 1477 pri-

200 1502 369 1544 mus
420 1485 735 1543 adversus
772 1484 1049 1541 Arianos
1100 1488 1234 1541 tam
1287 1485 1520 1542 acriter
1564 1484 1820 1541 dimica-

198 1566 328 1637 vit,
386 1580 737 1638 omnesque
798 1564 897 1622 sui
952 1564 1258 1638 temporis
1322 1565 1674 1639 Episcopos
1735 1564 1816 1623 ad

201 1645 552 1721 spirituale
612 1645 845 1703 bellum
901 1644 1234 1702 incitavit:
1290 1650 1353 1702 et
1404 1649 1534 1702 tam
1580 1645 1815 1703 ardens

200 1727 335 1785 mit
362 1725 713 1783 Innocentii
762 1724 950 1799 primi
983 1725 1262 1783 studium
1299 1725 1610 1783 adversus
1632 1725 1815 1783 Pela-

200 1807 470 1879 gianos,
503 1811 563 1863 et
590 1811 721 1863 tam
766 1805 1050 1876 graviter
1081 1822 1374 1864 summus
1401 1806 1505 1863 ille
1538 1808 1663 1864 Leo
1690 1808 1815 1864 Eu-

202 1886 686 1962 tychianorum,
763 1903 842 1944 ac
896 1890 1278 1945 caeterorum
1330 1888 1811 1958 transfugarum

202 1983 468 2026 errores
505 1966 917 2042 eXpugnavit.
972 1970 1139 2026 Nam
1190 1973 1463 2026 caeteros
1513 1983 1633 2040 ego
1683 1984 1811 2026 non

203 2063 611 2107 connumero
664 2047 1029 2119 Pontiﬁces,
1082 2049 1310 2122 quibus
1364 2052 1670 2122 tanquam
1701 2049 1812 2107 du-

202 2129 398 2187 cibus
422 2128 804 2187 certissimis
853 2145 975 2186 usa
1005 2133 1104 2186 est
1157 2145 1409 2204 semper
1444 2129 1809 2189 Christiana

204 2209 507 2268 Ecclesia
574 2210 656 2267 ad
699 2209 1320 2284 improbissimorum
1359 2211 1811 2270 haereticorum

205 2291 316 2349 sui
371 2289 676 2365 temporis
727 2290 1051 2349 insaniam
1103 2292 1596 2363 refringendam,
1643 2295 1706 2350 et
1732 2294 1813 2351 ad

207 2370 691 2432 Catholicorum
718 2370 926 2441 ﬁdem,
967 2388 1045 2430 ac
1071 2373 1373 2446 pietatem
1418 2374 1707 2432 maxima
1731 2375 1815 2432 di-

205 2452 479 2524 ligentia
504 2455 567 2511 et
603 2452 1010 2511 contentione
1054 2469 1311 2512 summa
1364 2454 1762 2513 retinendam
1795 2475 1806 2512 :

208 2535 270 2594 si
298 2550 427 2609 qua
447 2533 616 2593 enim
668 2549 947 2606 unquam
978 2534 1263 2605 victoria,
1316 2534 1372 2593 si
1408 2536 1550 2609 quis
1600 2536 1814 2594 trium-

206 2614 381 2691 phus
434 2615 512 2673 de
558 2613 884 2672 haereticis
954 2614 1160 2686 nobis,
1217 2618 1407 2689 atque
1457 2616 1810 2690 majoribus

203 2696 454 2755 nostris
500 2694 837 2766 contingit,
896 2696 1326 2767 (contigerunt
1352 2701 1565 2755 autem
1594 2715 1810 2772 quam-

206 2777 489 2853 plurimi)
539 2775 847 2834 Ecclesiae
877 2779 1006 2834 tuae
1059 2778 1392 2847 Romanae,
1422 2777 1807 2852 reliquarum

205 2858 497 2918 omnium
524 2858 773 2931 parenti
794 2857 1076 2931 Optimae,
1097 2862 1433 2932 acceptum
1450 2860 1804 2920 referimus.

207 2940 373 3005 Quae
408 2954 562 3020 cum
601 2954 642 3020 a
699 2937 952 3020 Christo
983 2938 1303 2997 aediﬁcata
1331 2956 1522 3014 super
1555 2942 1810 3000 ﬁrmam

209 3018 482 3095 petram,
549 3018 862 3077 adversus
929 3018 1276 3079 inferorum
1340 3026 1562 3096 portas
1624 3023 1811 3081 toties

210 3099 552 3170 dimicarit,
580 3099 937 3174 permansit
962 3116 1215 3176 semper
1251 3103 1417 3175 quod
1444 3103 1641 3161 semel
1667 3119 1815 3163 esse

212 3180 429 3255 caepit,
458 3179 757 3239 columna
777 3184 968 3255 atque
1006 3182 1295 3241 veritatis
1315 3184 1809 3256 ﬁrmamentum,

207 3261 491 3335 illudque
540 3277 669 3319 non
719 3276 833 3336 per
882 3262 1179 3336 quaedam
1232 3266 1587 3338 temporum
1622 3265 1815 3322 inter-

214 3341 389 3400 valla
434 3345 854 3411 exstructum,
898 3343 1013 3400 sed
1061 3348 1366 3418 perpetua
1390 3361 1812 3403 summorum

214 3422 544 3482 hominum
565 3426 627 3481 et
652 3422 1210 3482 sanctissimorum
1240 3425 1620 3483 Pontiﬁcum
1651 3426 1815 3484 serie

216 3502 314 3562 sic
363 3502 605 3574 fultum,
636 3506 706 3560 ut
731 3503 837 3577 qui
863 3519 935 3562 se
960 3502 1111 3562 huic
1152 3508 1286 3562 tam
1333 3506 1579 3565 caelesti
1608 3507 1817 3582 provi-

217 3584 453 3644 dentiae
507 3588 570 3642 et
620 3584 850 3642 Divino
900 3585 1107 3643 ordini
1154 3588 1604 3661 permiserunt,
1656 3605 1816 3646 nun-

220 3681 412 3741 quam
461 3665 792 3725 hominum
823 3678 1039 3725 errore
1065 3683 1143 3725 ac
1187 3669 1469 3742 nequitia
1516 3669 1813 3744 perculsi,

220 3748 287 3806 in
324 3762 578 3811 omnem
631 3746 942 3805 doctrinae
976 3752 1237 3807 ventum
1294 3751 1635 3809 aestuarint
1665 3771 1678 3808 :
1714 3752 1818 3809 sed

222 3832 528 3886 veritatem
567 3830 736 3899 (utar
786 3828 1000 3886 verbis
1034 3831 1321 3904 Apostoli
1350 3832 1601 3905 [Ep/tes.
1655 3834 1706 3890 4.
1738 3832 1757 3905 1
1795 3832 1814 3901 )

220 3909 499 3984 facientes
573 3912 641 3965 in
713 3908 971 3978 Christo,
1042 3926 1116 3966 ex
1180 3929 1290 3984 quo
1350 3919 1534 3969 totum
1609 3928 1818 3984 corpus

224 3996 613 4061 compactum,
685 3994 743 4047 et
787 4004 1109 4046 connexum
1148 4006 1259 4062 per
1312 4008 1537 4049 omnem
1576 3996 1818 4065 junctu-

224 4082 358 4127 ram
400 4069 997 4141 subministrationis,
1044 4072 1362 4129 secundum
1418 4077 1816 4147 operatin

225 4155 293 4209 in
334 4154 675 4207 mensuram
721 4153 1171 4224 uniuscujusque
1218 4152 1463 4211 membri
1512 4158 1579 4211 in
1613 4154 1817 4210 chari-

249 4235 370 4290 am
431 4230 892 4305 adiﬁcatin
959 4231 1326 4291 incredibile
1384 4234 1484 4293 sui
1537 4235 1821 4309 ceperint

226 4312 702 4370 inerementum.
735 4314 902 4371 Nam
923 4317 1180 4372 caeteras
1208 4314 1459 4388 quidem
1486 4316 1813 4388 Ecclesiae,

227 4408 568 4467 carumque
612 4396 907 4467 pastores
951 4395 1265 4454 adversus
1315 4397 1818 4472 quamplurimos

225 4473 387 4545 ﬁdei,
418 4490 505 4532 ac
554 4473 882 4545 religionis
931 4476 1322 4550 Apostolicae
1370 4478 1592 4536 hostes
1621 4494 1821 4553 saepe

228 4555 452 4629 ubique
498 4554 629 4613 fere
683 4555 990 4626 gentium,
1042 4557 1108 4614 in
1136 4558 1293 4615 Asia
1335 4573 1487 4616 vero
1513 4560 1815 4630 maxime,

229 4640 292 4694 et
324 4634 541 4709 Libya,
593 4635 1018 4708 decertarunt,
1076 4641 1138 4696 et
1186 4654 1315 4697 non
1374 4638 1515 4697 sine
1564 4656 1821 4698 summa

231 4716 410 4774 laude
458 4715 666 4775 victos
717 4717 1177 4791 proﬂigarunt:
1220 4719 1330 4777 sed
1356 4736 1501 4777 cum
1555 4736 1699 4779 sese
1724 4738 1821 4780 eo-

231 4813 366 4857 rum
415 4796 691 4871 posteris
743 4798 825 4855 ad
870 4815 1187 4871 normam,
1221 4803 1283 4858 et
1330 4816 1673 4859 censuram
1703 4804 1821 4860 Ro-

230 4893 436 4936 manae
463 4878 656 4949 sedis,
710 4895 902 4952 quam
934 4884 1184 4958 veteres
1234 4880 1320 4937 illi
1361 4885 1690 4956 tantOpere
1716 4899 1819 4941 ve-
1860 4918 1865 4921 -

233 4958 428 5017 nerati
506 4964 677 5031 sunt,
757 4962 1248 5019 accommodare
1316 4961 1671 5032 noluerunt,
1704 4964 1818 5022 sed

234 5044 453 5114 sponte
480 5053 552 5098 se
601 5056 681 5098 ac
730 5039 1162 5115 imprudenter
1215 5041 1352 5116 ejus
1391 5042 1636 5114 legibus
1665 5045 1818 5102 sub-

238 5119 564 5192 duxerunt,
592 5120 962 5180 incredibile
1009 5126 1110 5180 est
1152 5123 1344 5195 dictu,
1372 5129 1614 5197 Quanta
1640 5124 1820 5183 clade

233 5199 447 5276 paucis
502 5200 693 5261 annis
743 5206 1032 5277 accepta,
1086 5220 1277 5277 quam
1328 5203 1690 5263 infoeliciter
1739 5222 1819 5264 ac
1857 5239 1873 5247 -

235 5280 458 5361 misere
501 5282 933 5342 conciderunt.
988 5285 1066 5341 Et
1093 5285 1375 5359 profecto
1413 5289 1484 5343 ut
1506 5287 1822 5361 permulta

234 5361 296 5419 in
331 5359 451 5419 hac
494 5361 783 5421 Ecclesia
818 5368 1044 5423 nostra
1095 5364 1428 5423 Gallicana
1453 5359 1534 5424 ab
1562 5366 1819 5426 haereti-

236 5440 325 5500 cis
370 5442 527 5500 ﬁant
579 5443 926 5518 depravate
951 5462 1029 5504 ac
1064 5446 1423 5517 ﬂagitiose:
1453 5446 1577 5505 hoc
1602 5438 1819 5506 tamen
1856 5474 1871 5483 η

237 5538 421 5580 unum
472 5523 807 5584 ﬁdissima:
856 5542 1111 5601 semper
1155 5526 1460 5586 anchorae
1498 5528 1705 5585 instar
1732 5527 1821 5586 illi

238 5603 428 5662 fuisse
451 5603 517 5661 in
564 5622 820 5665 summa
840 5608 984 5666 ﬁdei
1003 5607 1476 5667 conﬂictatione
1495 5609 1816 5682 existimo,

239 5684 393 5764 quod
404 5684 567 5742 ‘boni
607 5688 934 5760 Pastores,
965 5693 1157 5764 atque
1181 5704 1401 5747 eorum
1428 5706 1583 5748 oves
1608 5690 1820 5748 incre-

240 5762 399 5821 dibili
425 5780 692 5837 numero
743 5767 894 5828 olim
932 5762 1185 5843 quidem
1211 5772 1475 5841 coaetae,
1506 5772 1640 5827 tum
1666 5785 1819 5828 vero

243 5843 500 5924 diversis
551 5845 732 5918 locis,
775 5852 845 5907 ut
891 5849 957 5907 in
1002 5848 1257 5924 publica
1293 5849 1661 5908 calamitate
1685 5850 1821 5908 ﬁeri

245 5922 409 5997 solet,
467 5925 820 6003 dissipatae,
877 5931 940 5990 te
980 5922 1176 5990 unum
1228 5928 1444 6005 tuique
1478 5930 1721 5990 similes
1750 5930 1815 5989 in

1928 845 2211 926 antiquae
2265 848 2409 905 ﬁdei
2437 853 2612 907 statu
2660 849 3007 921 retinuerit,
3052 868 3306 926 aequum
3335 851 3526 912 estin

1926 923 2029 1004 his
2091 943 2236 999 quae
2286 928 2530 1002 reliqua
2589 933 2757 1002 sunt,
2812 923 3284 1004 propulsandis,
3340 937 3410 991 ut
3459 933 3526 991 in

1925 1002 2115 1086 hujus
2149 1011 2277 1064 tuae
2328 1008 2634 1067 Ecclesiae
2687 1002 3040 1084 matrisque
3089 1015 3332 1069 nostrae
3362 1012 3525 1086 judi-

1927 1084 2047 1157 cio,
2090 1091 2283 1161 atque
2312 1089 2646 1148 voluntate
2673 1091 3105 1164 quiescamus,
3134 1092 3339 1166 iisque
3363 1084 3526 1152 dun-

1924 1168 2111 1223 taxat
2135 1168 2337 1226 armis
2388 1171 2875 1241 contendamus,
2895 1187 3038 1244 quae
3066 1172 3253 1231 nobis
3281 1171 3389 1230 illa
3413 1188 3526 1247 per

1924 1250 2004 1317 te,
2076 1251 2309 1322 tuoque
2369 1250 2638 1309 consilio
2703 1250 3193 1325 praescripserit.
3258 1254 3352 1309 Ac
3401 1267 3521 1324 ego

1921 1327 2193 1399 quidem,
2226 1332 2419 1388 Pater
2458 1331 2853 1400 beatissime,
2886 1331 2962 1389 de
2984 1334 3178 1403 statu,
3210 1334 3271 1389 et
3300 1348 3520 1391 earum

1919 1422 2131 1466 rerum
2184 1426 2460 1481 summa,
2504 1429 2649 1486 quae
2676 1411 2757 1470 ad
2773 1411 3143 1483 religionem
3170 1413 3509 1487 pertinent,

1920 1487 2014 1545 sic
2044 1491 2269 1561 sentio,
2300 1492 2486 1549 nobis
2537 1492 2602 1549 in
2654 1492 2899 1567 primis,
2954 1492 3060 1566 qui
3113 1509 3338 1550 sumus
3384 1493 3528 1567 Epi-z

1919 1570 2117 1643 scopi,
2172 1587 2318 1629 esse
2348 1572 2781 1643 adnitendum,
2830 1589 2911 1630 ne
2937 1572 3229 1631 doctrina
3253 1576 3521 1632 careant

1916 1655 2286 1710 nostrorum
2331 1653 2665 1712 hominum
2718 1654 2996 1725 ingenia,
3050 1654 3163 1711 sed
3213 1653 3294 1712 iis
3335 1667 3519 1724 argu-

1916 1731 2172 1801 mentis,
2221 1749 2422 1808 eaque
2473 1734 2820 1792 eruditione
2846 1734 3230 1804 imbuantur,
3264 1750 3408 1807 quae
3435 1733 3518 1790 ad

1914 1810 2312 1870 retinendam
2364 1830 2585 1872 eorum
2636 1814 2699 1871 in
2743 1813 3096 1872 Ecclesiam
3145 1812 3519 1871 benevolen-

1914 1890 2092 1962 tiam,
2149 1898 2212 1950 et
2237 1893 2535 1951 alendam
2574 1894 2639 1951 in
2693 1893 3017 1952 Christum
3044 1894 3345 1968 pietatem
3370 1909 3516 1968 per-

1915 1970 2162 2029 tineant
2192 1992 2204 2030 :
2236 1974 2470 2048 alioqui
2501 1974 2668 2032 enim
2697 1974 3099 2033 coacervatis
3128 1974 3249 2031 sibi
3289 1974 3371 2030 ad
3397 1989 3517 2030 sua

1914 2053 2229 2112 desideria
2291 2054 2646 2127 magistris,
2718 2071 2911 2114 aures
2968 2071 3183 2114 rerum
3232 2054 3517 2113 novitate

1912 2136 2273 2208 prurientes
2321 2137 2919 2203 accommodabunt,
2959 2136 3279 2209 ducesque
3307 2151 3385 2193 ac
3411 2150 3516 2209 pa-

1911 2218 2127 2274 rentes
2177 2217 2467 2275 veritatis
2494 2221 2924 2276 contemnant.
2983 2217 3159 2275 Fecit
3196 2216 3343 2273 haec
3368 2231 3515 2274 mea

1910 2296 2217 2366 cogitatio
2266 2298 2476 2373 plane,
2522 2302 2592 2356 ut
2616 2313 2694 2356 ea
2720 2299 2785 2355 in
2827 2313 2914 2366 re,
2968 2312 3114 2354 mea
3162 2295 3512 2368 diligentia,

1911 2381 2103 2451 atque
2153 2379 2506 2437 auctoritas
2556 2396 2685 2436 non
2738 2379 2991 2437 deesset
3016 2378 3114 2447 iis,
3153 2377 3259 2450 qui
3286 2375 3512 2433 tumin

1908 2455 2034 2515 hac
2073 2459 2229 2516 urbe
2280 2460 2537 2531 magnis
2582 2458 3039 2517 desideriorum
3067 2456 3365 2515 ﬂuctibus
3395 2472 3516 2514 aes-

1910 2539 2139 2610 tuanti,
2179 2542 2311 2598 tum
2363 2541 2429 2599 in
2455 2540 2601 2599 aliis
2651 2554 2900 2614 quoque
2926 2537 3293 2596 civitatibus
3322 2538 3387 2595 et
3412 2552 3515 2612 op-

1911 2618 2075 2689 pidis
2105 2618 2275 2678 hanc
2307 2636 2569 2695 operam
2620 2635 2763 2678 meo
2792 2619 3049 2677 nomine
3086 2621 3277 2692 atque
3300 2615 3516 2674 volun-

1910 2702 2043 2758 tate
2091 2700 2343 2775 populo,
2396 2717 2474 2758 ac
2518 2700 2684 2775 plebi
2734 2704 2979 2757 nostrae
3030 2701 3292 2755 navant.
3354 2697 3430 2774 Et
3456 2695 3512 2753 si

1910 2797 2038 2854 qua
2064 2781 2143 2838 ad
2190 2782 2403 2857 populi
2453 2782 2641 2855 hujus
2668 2785 2731 2841 et
2767 2779 3120 2855 juventutis
3149 2777 3513 2837 erudiendae

1910 2862 2225 2920 rationem
2290 2864 2607 2922 industria
2655 2863 3072 2931 desideratur,
3137 2876 3281 2918 eam
3330 2873 3513 2916 accu-

1913 2942 2241 3001 ratissime
2266 2944 2453 3002 nobis
2482 2943 2831 3014 Collegium
2884 2945 3151 2999 Patrum
3182 2936 3512 2997 societatis

1911 3023 2065 3081 Jesu
2112 3024 2280 3097 quod
2328 3023 2434 3081 hic
2483 3023 2797 3081 habemus
2839 3016 3513 3097 faelicissimeinchoa-

1914 3105 2068 3172 tum,
2123 3095 2501 3178 suppeditat.
2558 3103 2622 3162 Si
2681 3102 2830 3177 quid
2859 3118 3044 3176 porro
3094 3103 3193 3157 est
3231 3097 3397 3172 quod
3427 3095 3513 3154 la-

1914 3181 2041 3240 tius
2092 3183 2285 3240 etiam
2338 3183 2402 3240 in
2452 3183 2829 3253 vicinarum,
2882 3184 3074 3256 atque
3097 3182 3509 3256 externarum

1912 3280 2160 3337 quoque
2209 3264 2541 3323 nationum
2594 3263 2932 3323 utilitatem
2971 3255 3012 3320 a
3061 3277 3165 3319 me
3190 3255 3511 3337 proﬁcisci

1911 3336 2121 3427 queat,
2151 3345 2213 3403 id
2264 3361 2418 3427 curo
2447 3344 2512 3402 in
2563 3343 2788 3427 primis
2814 3342 3080 3427 proferri
3116 3341 3182 3427 in
3208 3336 3506 3427 medium,

1919 3415 1983 3484 et
2034 3415 2134 3496 iis,
2188 3425 2294 3500 qui
2345 3415 3030 3484 communibus—bonis
3082 3420 3417 3481 nobiscum
3446 3415 3512 3474 li-

1912 3506 2135 3564 benter
2161 3510 2443 3578 utuntur,
2483 3505 2813 3581 impertiri.

1990 3588 2169 3653 Quod
2194 3604 2341 3646 cum
2369 3587 2533 3646 alias
2561 3580 2721 3646 sane
2757 3603 2886 3645 non
2920 3583 3137 3655 semel,
3179 3584 3314 3640 tum
3341 3580 3513 3637 certe

1913 3683 2085 3725 nunc
2114 3668 2178 3725 in
2204 3667 2329 3726 hac
2379 3669 2591 3726 Ruﬁni
2618 3667 2742 3726 mei
2769 3666 3043 3726 editione
3068 3664 3339 3722 conatus
3366 3676 3509 3717 sum

1916 3748 2028 3805 tibi
2056 3748 2119 3806 in
2147 3749 2391 3823 primis,
2424 3751 2618 3808 Pater
2662 3748 3057 3818 beatissime,
3091 3745 3395 3802 testatum
3420 3754 3513 3796 re-

1914 3826 2217 3902 linquere,
2251 3845 2332 3888 ne
2352 3835 2582 3888 nostra
2607 3828 2751 3886 haec
2777 3828 2969 3886 etiam
2998 3830 3175 3883 tuam
3198 3823 3512 3892 languens

1913 3909 2203 3967 videatur
2232 3909 2541 3981 Ecclesia,
2589 3914 2658 3967 ut
2683 3925 2812 3967 non
2864 3906 3070 3967 solum
3097 3903 3507 3971 recentiores,

1914 3989 2028 4047 sed
2077 3988 2555 4048 vetustissimos
2597 4003 2842 4062 quoque
2901 3987 3212 4043 Doctores
3261 3982 3326 4062 in
3377 3994 3511 4037 are-

1913 4086 2087 4141 nam,
2118 4086 2196 4126 ac
2247 4068 2448 4128 solem
2497 4061 2811 4126 adversus
2863 4064 3093 4139 impios
3147 4061 3509 4141 divinarum

1914 4137 2240 4209 literarum
2292 4150 2671 4223 interpretes
2700 4137 3025 4222 producat.
3085 4145 3224 4209 Qua
3253 4155 3404 4223 vero
3433 4137 3513 4196 de

1914 4248 2118 4290 causa
2168 4247 2378 4290 meum
2406 4220 2554 4289 esse
2580 4220 2877 4287 Ruﬁnum
2918 4224 3207 4294 dixerim,
3237 4220 3342 4297 qui
3373 4222 3507 4277 tam

1916 4312 2303 4387 improvisus
2358 4328 2435 4370 ac
2464 4315 2596 4369 tam
2628 4325 2775 4368 soro
2828 4306 3194 4389 hominibus
3228 4301 3511 4389 profera-

1916 4379 2036 4465 tur,
2089 4397 2152 4451 et
2201 4408 2387 4467 quem
2439 4392 2503 4449 in
2557 4390 2905 4472 aliis,_n_on
2956 4385 3155 4472 semel
3184 4379 3510 4472 opusculis

1915 4473 2035 4532 viri
2079 4464 2446 4547 superioris,
2501 4488 2579 4530 ac
2621 4470 2884 4546 proinde
2933 4465 3252 4551 gravioris
3286 4464 3510 4551 aetatis

1915 4540 2385 4630 reprehendunt
2412 4540 2441 4624 ,⁷
2504 4540 2718 4626 operae
2805 4548 3077 4634 pretium
3151 4542 3321 4634 duxi.
3372 4540 3505 4634 tibi,

1914 4626 2168 4695 summo
2189 4650 2401 4692 rerum
2429 4648 2648 4690 earum
2677 4647 2821 4704 quae
2847 4629 2929 4687 ad
2953 4627 3141 4686 ﬁdem
3167 4626 3503 4704 pertinent,

1856 4750 1876 4757 —
1909 4716 2125 4790 judici,
2178 4714 2551 4790 exprimere.
2610 4701 2724 4769 Est
2778 4711 2842 4767 in
2894 4725 3052 4781 agro
3100 4701 3507 4790 Lugdunensi

1914 4781 2127 4855 insula
2175 4781 2490 4870 quaedam,
2544 4809 2737 4867 quam
2764 4791 2997 4850 Barbae
3053 4785 3377 4870 appellant
3413 4781 3506 4865 in-g

1915 4879 2078 4936 colae
2108 4864 2297 4947 (docti
2321 4892 2471 4933 vero
2502 4864 2896 4944 Barbatam),
2934 4869 3211 4929 medium
3255 4864 3506 4923 alveum

1914 4960 2139 5016 Araris
2181 4958 2452 5026 ﬁndens,
2496 4956 2561 5013 in
2605 4971 2731 5028 qua
2780 4955 3079 5028 pervetus
3107 4965 3184 5006 ac
3212 4948 3507 5028 sanctum

1914 5038 2379 5097 monasterium
2430 5026 2829 5095 exstructum
2880 5033 3014 5102 fuit,
3046 5033 3108 5087 et
3141 5041 3383 5097 magna
3409 5026 3507 5082 to-

1914 5121 2041 5179 tius
2094 5117 2445 5193 provinciae
2497 5110 3363 5193 venerationecelebratum;
3395 5103 3508 5163 sed

1912 5202 2004 5259 ita
2030 5186 2357 5274 superiore
2382 5196 2544 5255 bello
2572 5197 2662 5279 ab
2697 5186 3503 5279 haereticisdisturbatum,

1914 5267 2439 5356 atque-dirutum,
2473 5280 2541 5335 ut
2580 5275 2735 5333 nihil
2762 5274 2827 5332 in
2859 5288 2933 5330 eo
2988 5268 3112 5327 nisi
3142 5267 3264 5356 loci
3292 5267 3506 5356 cujus-

1914 5347 2062 5422 dam
2090 5358 2419 5418 divinioris
2468 5356 2742 5426 vestigia
2786 5364 3123 5427 superesse
3149 5347 3502 5427 videantur.

1916 5445 1983 5503 Id
2033 5458 2179 5500 cum
2228 5454 2348 5510 ego
2392 5436 2611 5494 multis
2652 5436 2786 5508 jam
2834 5426 3267 5507 superioribus
3316 5426 3506 5510 annis

1915 5507 2295 5585 auctoritate
2338 5518 2508 5576 sedis
2553 5507 2941 5590 Apostolicm
2986 5511 3097 5582 (uti
3149 5510 3238 5580 ﬁt)
3271 5507 3504 5590 guberf

1915 5606 2197 5666 nandum
2246 5588 2698 5673 suscepissem,
2763 5612 2908 5652 cum
2955 5592 3157 5659 multa
3208 5590 3271 5646 in
3324 5604 3397 5646 eo
3424 5588 3508 5645 of-

1916 5688 2079 5747 fendi
2130 5682 2386 5759 pietatis
2423 5678 2700 5759 aniiquae
2749 5674 3163 5759 monimenta,
3194 5674 3327 5727 tum
3355 5684 3506 5726 vero

1913 5754 2249 5845 praecipue
2306 5758 2754 5845 bibliothecam
2832 5754 3194 5845 Opulentap
3224 5795 3241 5823 ,
3313 5764 3505 5845 quam

1916 5832 2061 5908 cum
2090 5832 2374 5905 studiose
2402 5839 2804 5910 lustrassem,
2849 5833 3078 5895 offendi
3111 5832 3508 5891 Commenta-

1918 5930 2049 5990 rios
2078 5924 2289 5987 Ruﬁni
2316 5920 2670 5999 presbyteri
2697 5914 3119 5995 Aquilejensis
3163 5912 3228 5973 in
3254 5914 3508 5986 septua-
