3900 6432
451 361 555 420 639

450 462 633 533 ginta
659 457 936 533 quinque
964 449 1227 511 Davidis
1254 444 1562 533 psalmos,
1604 437 1777 533 noctis
1802 438 1865 533 et
1891 431 2048 533 Cha:-

453 521 978 608 racteri‘bushui
1032 521 1353 590 summam
1412 521 1858 610 antiquitatem
1910 529 2045 589 prae

455 637 528 680 se
560 622 816 688 ferrent,
845 603 1220 688 descriptos,
1274 611 1337 666 et
1385 603 1778 688 membranis
1817 611 2047 688 pr0pe-

452 679 711 759 modum
762 679 995 763 exesis,
1050 679 1128 749 ac
1167 690 1310 764 ipsa
1336 686 1655 743 vetustate
1795 679 1920 734 situ
1947 679 2046 771 at-

453 756 643 838 imis"
671 756 1153 837 commendatos
1185 756 1210 826 ἶ
1253 783 1414 843 quos
1443 760 1814 843 cumiavide
1842 756 2047 843 perle-

451 861 715 932 gissem,
767 856 1036 928 aliisque
1086 850 1244 909 viris
1273 840 1557 932 eruditis
1595 840 1899 932 legendos
1927 841 2049 893 tra-

452 922 773 1006 didissem,
827 922 1048 993 can-sui
1087 948 1216 990 non
1267 943 1414 1008 esse
1462 925 1635 1008 hunc
1671 922 2045 1008 thesaurum

451 997 655 1077 denuo
706 997 1168 1081 defodiendum,
1217 1010 1329 1068 sed
1380 1006 1526 1090 luci,
1566 1020 1642 1090 a_c
1671 997 2049 1090 aurae-exhi-

447 1100 745 1157 bendum.
816 1099 1036 1169 Neque
1095 1105 1399 1172 verorme
1463 1087 1544 1143 ab
1599 1084 1723 1172 hac
1775 1082 2048 1172 editione

449 1179 753 1238 deterruit
802 1177 864 1235 id
915 1164 1082 1251 quod
1133 1171 1390 1246 quidam
1422 1164 1698 1253 exmilii
1727 1164 2047 1253 amicissi-

448 1258 572 1317 mis
618 1259 683 1315 in
734 1256 857 1315 hoc
908 1243 1098 1329 opere
1147 1243 1562 1332 annotarunt,
1594 1243 1933 1332 plerisque
1970 1255 2047 1330 ac

449 1338 717 1396 inﬁnitis
766 1327 967 1411 prope
1027 1332 1187 1390 locis
1232 1330 1323 1413 ita
1353 1344 1521 1413 _cum
1573 1327 1933 1413 Augustino
1984 1327 2047 1413 in

452 1418 589 1476 suis
637 1402 1041 1474 Tractatibus
1086 1414 1150 1470 in
1220 1409 1520 1468 Psalmos
1570 1403 1935 1463 consentire
1981 1402 2050 1456 ut

451 1497 695 1555 eaedem
725 1511 900 1570 saepe
927 1495 1056 1552 sint
1085 1490 1443 1559 sententiae,
1475 1483 2050 1572 eadem_verba,‘at-

449 1593 571 1651 que
621 1577 780 1634 adeo
818 1562 1060 1633 similes
1110 1574 1275 1631 inter
1302 1587 1373 1628 se
1408 1566 1665 1651 periodi.
1698 1567 1864 1621 Nam
1894 1562 1953 1619 id
1981 1562 2045 1617 in

451 1648 573 1714 hoc
637 1671 827 1730 opere
888 1658 959 1712 D.
1020 1652 1381 1725 Augustino
1447 1648 1742 1730 evenisse
1790 1658 2043 1712 censeo,

452 1736 617 1810 quod
644 1729 717 1794 Π.
766 1734 1107 1793 Ambrosio
1148 1734 1213 1790 in
1254 1732 1390 1789 suis
1416 1729 1596 1787 libris
1623 1729 2043 1810 Exaemeron,

452 1804 530 1873 ac
568 1816 646 1874 de
672 1816 909 1895 Spiritu
961 1817 1198 1871 Sancto
1254 1811 1586 1895 contingit,
1641 1813 1708 1866 ut
1747 1804 2047 1895 quemad-

453 1888 736 1954 modum,
764 1894 867 1952 hic
919 1895 1207 1964 integras
1249 1894 1313 1949 in
1361 1908 1544 1949 suum
1577 1905 1737 1963 opus
1777 1902 1859 1944 ex
1888 1888 2046 1943 Divo

452 1975 694 2034 Basilio
723 1975 1017 2049 periodos
1046 1973 1391 2044 transtulit,
1423 1972 1516 2029 sic
1548 1986 1628 2027 ex
1658 1968 1906 2037 Ruﬁno,
1936 1981 2046 2023 ve-

451 2056 565 2113 luti
593 2056 742 2138 alibi
789 2070 871 2113 ex
917 2056 1306 2138 Hieronymo
1340 2057 1403 2111 et
1431 2050 1770 2138 Cypriane,
1802 2048 1865 2137 in
1894 2062 2048 2138 suos

451 2135 557 2194 ille
612 2136 1121 2194 Commentarios
1193 2133 1660 2208 quamplurima
1722 2130 2042 2186 derivarit.

454 2216 596 2273 Fuit
656 2216 825 2273 enim
882 2217 1148 2273 Rufinus
1199 2214 1556 2284 Augustino
1619 2209 1938 2283 antiquior
1989 2211 2049 2264 et

450 2310 709 2365 magnae
749 2296 917 2370 apud
960 2311 1104 2352 eum
1134 2293 1557 2361 auctoritatis,
1598 2296 1665 2349 ut
1693 2290 1771 2347 ad
1802 2292 1873 2346 D.
1906 2288 2049 2345 Hie-

450 2391 788 2451 ronymum
827 2377 904 2434 de
925 2376 1030 2434 illo
1059 2375 1301 2432 scribat
1329 2389 1457 2431 non
1487 2373 1626 2430 sine
1652 2370 1929 2445 pietatis,
1970 2386 2048 2426 ac

448 2455 819 2514 eruditionis
848 2454 1424 2525 commendatione,
1455 2468 1726 2526 eumque
1752 2468 1898 2508 cum
1931 2466 2048 2507 suo

387 2533 396 2540 ’
450 2539 584 2592 tum
612 2536 1004 2605 adversario,
1037 2535 1187 2593 olim
1227 2551 1378 2593 vero
1417 2533 1622 2591 sodali
1650 2531 2047 2589 amicissimo

450 2614 640 2672 mella
739 2616 1213 2690 Scripturarum
1304 2614 1588 2671 studiose
1674 2610 2044 2679 lambuisse,

452 2699 789 2767 utrumque
837 2695 1088 2769 quidem
1119 2698 1390 2751 conatus
1424 2694 1485 2751 in
1538 2696 1825 2749 mutuam
1853 2691 2047 2748 bene-

455 2772 799 2834 volentiam
853 2790 1176 2844 revocare,
1207 2775 1319 2833 sed
1351 2774 1440 2832 ita
1492 2789 1797 2831 caussam
1836 2770 2047 2828 inimi-

455 2851 750 2912 citiarum
801 2855 1239 2925 dissimulans,
1284 2860 1352 2912 ut
1402 2854 1608 2912 neutri
1662 2852 1915 2928 culpam
1952 2867 2050 2909 ea-

454 2949 595 2990 rum
622 2934 906 3006 afﬁngat.
949 2937 1083 2993 Hos
1109 2951 1297 3010 porro
1326 2941 1457 2992 tam
1486 2934 1841 2992 luculentos
1870 2934 2048 2990 Com-

447 3016 798 3073 mentarios
852 3017 1071 3073 tandiu
1118 3015 1385 3073 latuisse
1435 3031 1562 3072 non
1607 3014 1836 3079 mirum
1864 3014 2048 3071 debet

445 3096 525 3153 iis
578 3112 741 3165 esse,
785 3097 890 3171 qui
942 3100 1177 3154 norunt
1204 3113 1285 3155 ex
1313 3096 1659 3154 Trithemio
1686 3095 1900 3170 plures
1932 3095 2045 3151 ad-

448 3176 571 3234 huc
622 3177 818 3235 libros
871 3177 952 3235 ab
985 3182 1249 3236 auctore
1276 3181 1497 3237 nostro
1526 3176 1955 3251 conscriptos,
1986 3179 2049 3232 et

450 3256 700 3314 silentio
752 3260 966 3314 tamen
1018 3264 1081 3315 et
1130 3257 1449 3315 oblivione
1497 3255 1812 3314 hactenus
1841 3254 2047 3329 sepul-

449 3340 568 3393 tos.
600 3338 630 3393 J
639 3353 743 3393 am
774 3353 922 3395 vero
950 3353 1031 3394 ex
1059 3338 1203 3411 ipsa
1230 3337 1359 3395 stili
1396 3337 1700 3394 facilitate
1728 3352 1806 3392 ac
1833 3350 2047 3408 aequa-

444 3416 555 3473 bili
604 3416 851 3473 dicendi
915 3431 1150 3488 genere
1199 3422 1458 3474 constat
1510 3415 1680 3472 hunc
1718 3420 2047 3472 auctorem

450 3512 615 3564 esse,
657 3500 718 3554 et
766 3513 841 3554 eo
882 3498 1233 3556 studiosius
1262 3514 1301 3555 a
1327 3497 1552 3572 primis
1582 3513 1621 3553 a
1649 3496 1932 3552 Barbata
1958 3495 2048 3551 in-

450 3576 594 3635 sula
621 3577 957 3636 monachis
985 3582 1368 3636 asservatos
1398 3578 1617 3647 fuisse,
1649 3576 1813 3650 quod
1843 3577 1905 3632 in
1936 3592 2047 3634 eos

450 3656 580 3713 fere
633 3657 971 3716 dumtaxat
1034 3657 1335 3716 Psalmos
1375 3658 1479 3716 ille
1508 3658 1856 3732 scripserit,
1887 3674 2047 3731 quos

451 3735 591 3793 sine
616 3738 1057 3796 controversia
1087 3738 1351 3797 Davidis
1379 3753 1544 3808 esse,
1575 3736 1741 3795 docti
1773 3738 1899 3794 fere
1916 3753 2048 3794 om-

449 3830 566 3872 nes
592 3822 995 3889 asseverant,
1029 3821 1121 3877 Ac
1150 3835 1229 3877 ne
1270 3819 1609 3894 quisquam
1639 3818 1851 3875 minus
1878 3817 2047 3875 hanc

445 3910 704 3969 operam
733 3898 1074 3971 existimet,
1106 3900 1272 3974 quod
1302 3900 1598 3974 quaedam
1627 3898 1829 3973 ipsius
1855 3914 2044 3972 opus-

448 3975 593 4033 cula
618 3980 982 4037 auctoritati
1011 3981 1401 4054 Apostolicae
1431 3983 1734 4054 suspecta
1762 3979 2047 4035 habean-

450 4061 570 4128 tur,
624 4058 685 4115 id
713 4075 910 4117 unum
954 4066 1203 4117 tantum
1256 4061 1546 4130 dixerim,
1602 4059 1756 4116 nihil
1798 4058 1904 4117 illo
1933 4060 2049 4116 Ca-

449 4153 617 4195 none
668 4139 929 4197 omnino
981 4141 1294 4198 adversus
1347 4142 1643 4198 Ruﬁnum
1696 4139 1840 4210 dici,
1881 4139 2048 4212 quod

447 4216 638 4290 hujus
679 4217 821 4275 libri
849 4218 1189 4277 lectionem
1216 4221 1539 4295 impediat.
1573 4222 1741 4276 Nam
1770 4223 1832 4276 et
1859 4218 2049 4275 Gela-

445 4297 582 4355 sius
608 4297 979 4370 religiosum
1032 4316 1176 4358 eum
1225 4301 1430 4359 virum
1470 4300 1765 4375 appellat,
1796 4302 1859 4356 et
1886 4315 2048 4357 non-

444 4377 655 4435 nullas
682 4379 765 4435 ab
793 4396 867 4437 eo
896 4380 1263 4455 Scripturas
1300 4381 1659 4455 explicatas
1687 4381 1886 4438 fuisse
1916 4383 2047 4437 tra-

442 4457 533 4515 dit
601 4460 925 4529 (Psalmos
992 4476 1111 4533 ego
1172 4462 1294 4520 hos
1363 4462 2051 4536 septuagintaquinque

442 4537 748 4618 intelligo)
790 4544 853 4598 et
882 4541 1004 4600 hoc
1033 4557 1103 4600 se
1130 4543 1389 4600 nomine
1416 4548 1722 4618 suspecta
1750 4542 2050 4616 quaedam

444 4616 581 4690 ejus
608 4618 863 4691 habere,
895 4624 1061 4696 quod
1103 4640 1142 4680 a
1171 4626 1243 4681 D.
1294 4616 1682 4697 Hieronymo
1710 4622 2048 4690 scribatur,

445 4697 522 4755 de
566 4697 764 4756 libero
815 4700 1095 4760 hominis
1133 4703 1397 4762 arbitrio
1424 4705 1639 4761 minus
1667 4718 1815 4760 vere
1841 4702 2056 4774 dispu-

448 4780 626 4835 tasse
656 4798 667 4835 :
701 4778 814 4837 sed
845 4785 912 4838 ut
939 4783 1230 4841 omittam
1258 4800 1401 4843 eam
1429 4801 1622 4859 quam
1661 4784 1724 4840 in
1763 4782 2048 4852 dicendo,

454 4860 649 4931 atque
674 4858 1013 4918 veritatem
1057 4865 1405 4922 asserendo
1434 4858 1569 4938 prae
1609 4878 1680 4921 se
1706 4862 1847 4919 tulit
1873 4860 2055 4919 liber-

452 4941 651 4995 tatem
707 4939 805 4997 vir
850 4943 1306 5003 sanctissimus
1334 4945 1625 5017 idemque
1642 4942 2056 5000 doctissimus

448 5017 900 5099 Hieronymus,
943 5023 1023 5081 ad
1062 5026 1245 5099 cujus
1289 5023 1606 5082 calculum
1644 5038 1765 5078 nos
1789 5023 2053 5080 remittit

451 5098 763 5173 Gelasius,
824 5103 979 5161 mihi
1042 5098 1233 5180 plane
1286 5106 1350 5161 in
1404 5103 1507 5160 his
1560 5103 2051 5161 Commentariis

420 5182 578 5261 .tam
629 5186 729 5239 est
778 5189 1090 5259 apertum,
1146 5202 1341 5260 quam
1387 5184 1550 5257 quod
1578 5199 1694 5258 pro
1722 5183 1919 5242 libero
1946 5185 2052 5243 ho-

443 5260 635 5319 minis
690 5264 976 5336 arbitrio,
1026 5283 1142 5341 pro
1168 5265 1356 5323 bonis
1384 5264 1705 5339 operibus,
1736 5282 1852 5339 pro
1878 5283 2051 5339 mys-

444 5341 600 5398 terio
639 5344 1087 5403 Sanctissimae
1128 5345 1479 5414 Trinitatis,
1511 5348 1572 5403 et
1600 5351 2049 5403 sacrosanctae

441 5420 884 5501 Eucharistiae,
941 5443 1055 5501 pro
1103 5426 1497 5501 purgatorio,
1529 5443 1645 5501 pro
1673 5443 1829 5484 vera
1854 5426 2055 5485 homi-

442 5500 544 5558 nis
587 5502 856 5576 justitia,
910 5500 1102 5580 atque
1132 5507 1277 5564 aliis
1323 5500 1687 5582 hujusmodi
1714 5508 2046 5581 permultis

1356 346 1430 398 IN
1467 328 1834 394 COMMENT.
1871 326 1944 378 IN
1978 321 2185 374 LXXV
2221 324 2414 379 PSAL.
2452 328 2843 385 PREFATIO.

3672 332 3781 388 640

2150 426 2287 483 tina
2336 427 2445 485 illa
2490 428 2840 489 voluntatis
2881 430 3065 490 inter.
3097 435 3169 491 D.
3201 434 3693 509 Hieronymum
3723 436 3783 489 et

2149 509 2468 590 Ruﬁnum,
2522 509 2843 583 alienatio,
2912 517 3047 571 tum
3098 516 3264 590 quod
3318 515 3422 573 ille
3470 514 3630 573 zelo
3686 530 3782 571 ar-

2148 589 2307 647 dens
2348 606 2425 648 ac
2463 592 2815 651 eruditione
2863 593 3062 653 fretus
3105 589 3263 653 nihil
3310 597 3375 653 in
3422 595 3684 653 alienis
3712 593 3781 651 li-

2147 670 2282 727 bris
2330 688 2458 728 non
2486 672 2863 747 depuratum
2905 681 2968 733 et
2993 677 3074 733 ad
3102 678 3419 735 amussim
3446 680 3777 736 exactum

2147 752 2309 809 ferre
2336 757 2579 826 poterat
2608 774 2619 809 :
2678 754 2781 812 hic
2826 772 2977 815 vero
3006 758 3453 830 sanctimonia,
3484 774 3578 816 ac
3614 756 3781 814 mul-

2144 837 2355 889 torum
2381 835 2850 909 praecipuorum
2879 837 3183 896 Ecclesia:
3212 839 3526 896 luminum
3551 854 3780 896 exem-

2146 913 2250 988 plo
2308 917 2740 975 communitus
2807 918 2871 974 in
2927 920 3340 991 Origenianis
3383 920 3578 977 libris
3638 919 3780 977 sive

2147 995 2452 1067 legendis,
2508 997 2645 1054 sive
2700 997 2763 1054 in
2818 998 3095 1057 alienam
3154 1001 3441 1073 linguam
3488 1002 3782 1058 transfe-

2146 1076 2361 1133 rendis
2405 1075 2712 1136 audacter
2742 1080 3141 1138 versabatur.
3172 1083 3331 1139 Tum
3360 1097 3515 1140 vero
3549 1081 3778 1139 maxi-

2147 1172 2251 1237 me
2312 1158 2480 1231 quod
2531 1174 2613 1216 ex
2664 1160 2942 1232 quadam
2996 1162 3365 1237 opinionum
3418 1162 3776 1229 varietate,

2145 1236 2339 1294 veluti
2367 1253 2449 1295 ex
2476 1241 2547 1295 D.
2603 1241 2964 1311 Augustino
3001 1236 3449 1318 comperimus,
3491 1244 3565 1301 in
3599 1242 3779 1300 hanc

2145 1319 2620 1377 contentionem
2664 1319 3039 1392 inciderant,
3082 1322 3146 1379 in
3198 1339 3389 1398 quam
3418 1324 3595 1382 forte
3624 1323 3781 1380 licet

2144 1400 2536 1478 imprudens,
2590 1416 2736 1458 cum
2791 1401 2930 1476 ipso
2992 1404 3381 1478 Hieronymo
3432 1405 3542 1461 ille
3601 1405 3777 1461 idem

2146 1477 2495 1550 incidisset,
2550 1480 2674 1537 nisi
2733 1499 2859 1555 qua
2904 1486 3044 1540 erat
3094 1477 3313 1554 animi,
3367 1501 3446 1543 ac
3497 1501 3773 1543 morum

2144 1560 2480 1629 modestia,
2530 1576 2719 1618 omne
2763 1562 2868 1635 jus
2924 1563 2988 1620 in
3039 1564 3412 1623 disserendo
3457 1564 3774 1623 victoriae

2147 1639 2536 1714 Hieronymo
2564 1641 2940 1715 remisisset,
2975 1661 3121 1718 quae
3150 1646 3404 1713 mentis,
3425 1661 3505 1703 ac
3537 1645 3775 1703 volun-

2144 1720 2298 1777 tatis
2330 1722 2820 1792 dissensionem,
2854 1728 3046 1798 atque
3078 1725 3139 1781 in
3173 1726 3460 1783 Ecclesia
3486 1727 3776 1784 scanda-

2143 1799 2275 1857 lum
2332 1819 2553 1859 creare
2605 1808 2871 1878 poterat.
2928 1808 3133 1880 Atque
3164 1810 3235 1863 ut
3261 1807 3563 1864 omittam
3596 1806 3771 1881 quod

2144 1897 2271 1938 non
2301 1881 2364 1939 in
2395 1883 2689 1939 dissimili
2731 1898 2965 1954 genere
2994 1885 3161 1943 inter
3190 1901 3261 1944 se
3308 1888 3773 1945 contenderint

2145 1962 2385 2019 Paulus
2411 1968 2473 2019 et
2500 1964 2861 2035 Barnabas,
2896 1967 2967 2022 D.
2993 1966 3189 2022 etiam
3239 1969 3469 2025 Petrus
3496 1972 3568 2025 et
3600 1970 3773 2024 Pau—

2144 2040 2245 2099 lus
2288 2043 2576 2117 Apostoli
2620 2046 2759 2114 (nec
2788 2046 3071 2119 profecto
3100 2046 3244 2104 sine
3260 2048 3609 2105 sententiae
3638 2048 3770 2105 dis-

2146 2122 2307 2179 sidio
2347 2124 2428 2180 ab
2457 2126 2812 2195 Augustino
2839 2129 2901 2182 et
2928 2127 3315 2201 Hieronymo
3347 2129 3764 2199 exagitatae),

2145 2206 2300 2284 nota
2326 2209 2425 2262 est
2480 2204 2588 2261 illa
2637 2220 2718 2261 ex
2751 2206 2946 2262 veteri
2995 2206 3263 2264 historia
3291 2208 3454 2266 inter
3482 2208 3768 2284 Epipha-

2144 2281 2319 2339 nium
2390 2300 2467 2340 ac
2533 2286 2604 2340 D.
2671 2284 3201 2358 Chrysostomum
3258 2281 3762 2346 controversia:

2142 2361 2251 2419 illa
2288 2363 2479 2420 etiam
2533 2379 2608 2421 eo
2656 2366 3024 2437 modestior,
3081 2383 3204 2440 quo
3256 2368 3587 2441 antiquior
3616 2369 3765 2423 Vic-

2145 2444 2303 2501 toris
2348 2449 2410 2501 et
2465 2445 2712 2516 Irenaei,
2768 2463 2913 2519 quae
2952 2452 3169 2504 tamen
3200 2449 3418 2505 omnia
3446 2465 3583 2506 non
3619 2448 3763 2505 ideo

2145 2525 2418 2581 summis
2457 2525 2613 2581 viris
2664 2541 2807 2583 eam
2855 2530 3075 2585 notam
3128 2528 3521 2597 inusserant,
3588 2533 3661 2585 ut
3708 2527 3761 2584 si

2143 2603 2290 2677 quid
2337 2608 2551 2663 minus
2606 2611 2776 2663 recte
2829 2607 2893 2663 in
2922 2607 3267 2677 nonnullis,
3312 2626 3459 2683 quae
3510 2625 3647 2667 non
3673 2607 3762 2664 ita

2143 2685 2225 2740 ab
2291 2685 2638 2742 universali
2690 2686 2979 2744 Ecclesia
3030 2688 3096 2745 in
3158 2689 3457 2747 Conciliis
3526 2691 3757 2747 Sacro-

2143 2766 2390 2822 sanctis
2432 2770 2712 2823 tractata
2766 2768 3036 2837 fuerant,
3091 2776 3151 2825 et
3200 2770 3474 2839 decreta,
3508 2770 3760 2827 sensis-

2145 2850 2308 2915 sent,
2364 2847 2428 2904 in
2481 2846 2736 2904 caeteris
2790 2865 3039 2922 quoque
3089 2865 3345 2908 errasse
3389 2850 3753 2908 videantur.

2145 2927 2275 2983 Sua
2303 2926 2386 2983 sit
2412 2941 2564 2996 ergo
2603 2932 2834 2985 sancta
2874 2931 2944 2985 D.
2988 2928 3243 2987 Gelasio
3275 2931 3660 2999 auctoritas,
3694 2934 3755 2986 et

2142 3024 2263 3064 sua
2314 3009 2386 3064 D.
2444 3009 2834 3081 Hieronymo
2883 3015 3135 3067 constet
3178 3011 3570 3079 innocentia,
3604 3027 3750 3084 qua:

2145 3092 2360 3146 tamen
2412 3093 2585 3146 recte
2635 3090 2805 3147 dicta
2854 3091 3063 3147 Rufini
3113 3108 3240 3149 non
3293 3092 3563 3163 elevent,
3622 3092 3749 3149 imo

2143 3186 2288 3243 quae
2339 3169 2420 3227 ad
2472 3170 2827 3239 veritatem,
2882 3178 2951 3228 ut
2993 3171 3097 3229 hic
3144 3172 3362 3229 omnia
3413 3177 3654 3230 exacta
3696 3171 3747 3227 si

2143 3249 2375 3306 fuerint
2423 3250 2697 3321 integra,
2739 3268 2867 3308 non
2918 3251 3131 3310 minus
3180 3253 3259 3309 ad
3286 3253 3449 3311 bene
3492 3253 3750 3311 creden-

2142 3329 2289 3386 dum
2353 3347 2472 3388 nos
2519 3331 2863 3401 instruant,
2914 3337 2975 3389 et
3001 3331 3081 3390 ad
3123 3334 3283 3390 bene
3311 3334 3635 3405 agendum
3666 3332 3751 3388 in-

2142 3411 2493 3482 ﬂamment,
2530 3428 2722 3486 quam
2774 3430 2919 3487 quae
2965 3415 3046 3471 ab
3098 3414 3176 3472 iis
3246 3417 3525 3489 perfecta
3577 3419 3745 3482 sunt,

2142 3493 2246 3565 qui
2304 3493 2659 3566 speciosius
2706 3493 2811 3551 illo
2872 3496 3165 3565 fortasse,
3227 3499 3289 3554 et
3335 3495 3744 3554 ambitiosius

2143 3573 2270 3643 legi
2298 3573 2540 3647 terique
2568 3574 2835 3632 soleant.

2215 3655 2303 3711 Te
2370 3671 2543 3725 vero,
2621 3656 2815 3713 Pater
2884 3655 3277 3729 beatissime,
3331 3657 3425 3717 sic
3452 3662 3745 3716 nostrum

2143 3734 2265 3792 hoc
2317 3736 2767 3793 munusculum
2797 3751 2985 3811 spero
3014 3742 3451 3812 excepturum,
3480 3742 3552 3795 ut
3578 3737 3745 3795 soles

2143 3831 2241 3887 ea,
2301 3833 2446 3889 quae
2498 3818 2795 3890 quamvis
2850 3818 2981 3875 sint
3031 3818 3468 3888 luculentiora,
3526 3824 3742 3876 tamen

2141 3897 2290 3971 quia
2317 3914 2443 3955 non
2473 3913 2555 3955 ex
2591 3897 2713 3955 hoc
2754 3899 2891 3957 solo
2920 3904 3144 3957 nostro
3172 3904 3305 3958 tam
3356 3898 3741 3969 infacundo,

2143 3994 2219 4035 ac
2249 3978 2506 4048 difﬁcili,
2532 3979 2594 4035 in
2619 3995 2742 4053 quo
2770 3979 3118 4038 excolendo
3140 3996 3531 4055 magnopere
3557 3994 3731 4047 voce,

2144 4074 2223 4116 ac
2266 4058 2432 4115 edito
2461 4073 2661 4133 nuper
2712 4059 3119 4118 Catechismo
3169 4066 3233 4118 et
3262 4062 3591 4119 Breviario
3618 4060 3745 4118 ela-

2144 4139 2361 4206 boras,
2408 4140 2695 4212 profecta
2746 4144 2915 4207 sunt,
2967 4157 3094 4198 non
3129 4157 3315 4216 aeque
3347 4144 3569 4199 forsan
3599 4141 3744 4199 sunt

2146 4219 2567 4277 admiratione
2611 4220 2824 4290 digna,
2879 4237 3077 4295 eoque
3125 4222 3359 4294 magis,
3405 4223 3573 4296 quod
3619 4224 3747 4277 tan-

2145 4316 2339 4372 quam
2379 4300 2723 4369 manubiae,
2754 4305 2866 4357 aut
2916 4303 3169 4360 exuviae
3206 4304 3416 4377 potius
3456 4299 3746 4360 crudelis-

2148 4381 2334 4438 simae
2365 4381 2604 4451 stragis
2632 4381 2696 4437 in
2721 4398 2946 4440 omnes
2976 4384 3208 4441 veteris
3238 4384 3567 4453 Ecclesiae,
3597 4396 3748 4439 non—

2149 4462 2297 4519 dum
2344 4462 2533 4519 editte
2583 4462 2647 4518 in
2688 4462 2892 4520 lucem
2945 4466 3255 4522 Doctores
3283 4466 3348 4521 in
3378 4465 3499 4523 hoc
3530 4466 3746 4534 Regno

2149 4542 2261 4601 tibi
2315 4541 2716 4601 exhibentur.
2772 4546 2906 4613 Ego
2960 4561 3120 4602 sane
3171 4546 3227 4603 si
3268 4545 3416 4620 quid
3444 4545 3741 4603 haberem

2149 4624 2587 4697 praestantius,
2630 4641 2754 4699 quo
2783 4626 2891 4683 tibi
2945 4626 3156 4700 aliquo
3209 4627 3465 4684 nomine
3509 4624 3744 4697 gratiﬁ—

2147 4705 2281 4761 cari
2335 4720 2616 4778 possem,
2673 4711 2806 4762 tam
2854 4706 3069 4763 libenti
3124 4708 3339 4765 studio
3371 4724 3448 4764 ac
3488 4704 3743 4778 egregia

2149 4784 2478 4843 voluntate
2544 4787 3044 4845 transmitterem
3102 4803 3182 4845 ex
3225 4788 3344 4845 hac
3406 4803 3551 4845 mea
3600 4784 3742 4844 sede

2151 4865 2577 4936 Lugdunensi,
2633 4883 2826 4940 quam
2879 4867 3000 4926 hoc
3051 4868 3261 4942 ipsum
3312 4868 3732 4942 opusculum:

2150 4946 2213 5002 in
2275 4946 2458 5019 cujus
2507 4946 2775 5005 lectione
2830 4948 2885 5005 si
2937 4948 3085 5022 quid
3130 4949 3404 5007 offendet
3455 4944 3734 5005 Ecclesia

2148 5026 2496 5096 Catholica,
2526 5029 2691 5100 quod
2720 5044 2847 5085 non
2873 5045 3074 5101 usque
3091 5031 3273 5087 adan
3316 5029 3574 5103 probari
3604 5040 3737 5102 pos-

2149 5107 2235 5164 sit
2271 5108 2549 5177 (tametsi
2603 5108 2758 5164 nihil
2811 5110 2936 5167 tale
2978 5110 3082 5166 hic
3135 5110 3557 5180 oﬂ‘endimus).
3591 5108 3650 5166 id
3676 5107 3737 5161 ut

2148 5191 2387 5246 caetera
2412 5192 2591 5247 curet
2613 5191 2937 5247 emendari
2970 5211 2982 5258 ;
3016 5192 3116 5248 sin
3169 5198 3382 5248 autem
3416 5187 3735 5264 quamplu-

2150 5269 2315 5326 rima
2382 5270 2671 5344 reperiet,
2743 5287 2893 5345 quoe
2943 5273 3025 5329 ad
3091 5288 3298 5342 suam,
3363 5280 3734 5343 suorumque

2151 5350 2587 5428 eruditionem,
2650 5368 2728 5408 ac
2790 5352 3091 5425 pietatem
3162 5354 3541 5427 pertineant,
3599 5350 3732 5420 aget

2145 5430 2231 5487 illi
2257 5433 2504 5502 gratias
2530 5433 2946 5499 immortales,
2978 5434 3081 5507 qui
3137 5434 3447 5490 bonorum
3475 5439 3573 5490 est
3611 5446 3729 5489 om-

2143 5512 2318 5569 nium
2347 5514 2491 5570 fons
2519 5513 2877 5570 uberrimus
2926 5516 3114 5585 Deus,
3157 5530 3196 5570 a
3235 5529 3356 5587 quo
3386 5514 3494 5569 tibi
3525 5508 3725 5569 feelici-

444 5596 571 5670 non
599 5585 817 5655 semel,
851 5602 1054 5670 neque
1082 5604 1206 5670 uno
1243 5587 1384 5646 loco
1414 5588 1616 5646 docet.
1649 5588 2043 5670 Nequevero
2139 5596 2336 5650 tatem
2392 5609 2537 5650 cum
2599 5593 3086 5652 diuturnissima
3131 5585 3272 5650 vita
3321 5594 3720 5666 conjunctam

443 5666 964 5750 cuiquamhova
1013 5668 1197 5727 debet
1224 5684 1369 5727 esse
1397 5666 1682 5750 (tametsi
1712 5668 1933 5750 gravis
1963 5686 2041 5728 ac
2135 5673 2266 5743 tibi,
2323 5676 2513 5732 Pater
2561 5674 2952 5744 beatissime,
3009 5674 3394 5750 quotidianis
3442 5674 3720 5747 precibus

444 5740 715 5803 molesta
764 5746 949 5805 bonis
1000 5750 1296 5808 omnibus
1346 5740 1600 5822 semper
1649 5747 1782 5816 ﬂat)
1810 5763 2038 5822 reperio
2134 5740 2435 5829 exposco.
2479 5754 2770 5825 Lngduni
2801 5740 3013 5815 Idibus
3029 5740 3276 5825 .Martii,
3310 5740 3467 5812 1570‘.
