3900 6394
875 597 1104 655 ITEM
1155 597 1273 655 DE
1337 593 2024 654 COMMENTARIIS
2081 593 2188 651 IN
2237 593 2775 654 PROPHETAS

437 771 1199 951 OSEAM,
1325 771 2108 918 JOELEM
2228 772 2467 914 ET
2586 770 3284 950 AMOS,_

1197 1013 1316 1077 EX
1373 1012 1800 1077 EPISTOLA
1857 1011 2443 1077 DEDICATORIA

774 1175 1221 1258 RENATI
1318 1175 1970 1260 LAURENTII
2051 1176 2197 1257 DE
2279 1175 2426 1258 LA
2485 1175 2872 1259 BARRE

829 1372 954 1456 AI)
1022 1376 1100 1456 D.
1182 1374 1641 1460 JOANNEM
1727 1375 1788 1458 A
1871 1373 2253 1459 SANCTO
2317 1373 2743 1461 ANDREA.

218 1572 300 1622 Tu
326 1571 384 1620 in
403 1571 621 1636 primis,
661 1570 757 1621 Vir
772 1571 1129 1632 ornatissime,
1152 1585 1261 1620 non
1292 1570 1495 1621 desinis
1513 1573 1758 1622 maxime
1787 1574 2115 1649 Atasntaque
2160 1573 2285 1634 quot
2339 1570 2588 1619 exierunt
2640 1569 2923 1620 volumina
2968 1584 3091 1620 cum
3133 1571 3324 1636 aliqua
3380 1573 3462 1622 tui

139 1663 456 1711 studiorum
491 1667 768 1726 proventu,
809 1661 990 1724 reique
1015 1661 1269 1711 literarice
1298 1662 1590 1711 accessione
1615 1678 1749 1727 pro-

140 1751 290 1814 ferre
307 1750 369 1800 de
386 1757 479 1799 tua
509 1750 667 1800 divite
691 1749 999 1800 bibliotheca
1023 1749 1183 1800 bonos
1213 1750 1450 1814 quotidie
1475 1752 1748 1814 Auct-ores,

143 1856 357 1906 proque
394 1847 485 1890 tuo
529 1841 591 1890 in
626 1841 1029 1906 Rempublicam
1054 1845 1206 1905 grato
1231 1842 1420 1891 animo
1441 1845 1752 1907 perquirere

140 1931 368 1995 magnis
404 1930 704 1996 sumptibus
752 1931 1013 1996 undique,
1051 1931 1099 1980 si
1138 1932 1237 1996 qui
1280 1933 1476 1982 codices
1500 1934 1624 1986 Mss.
1654 1936 1750 1984 ha-

137 2018 375 2070 beantur
419 2021 833 2084 castigatissimi,
895 2021 1086 2085 quibus
1132 2021 1378 2086 impressi
1421 2029 1751 2089 posentcon-

132 2110 277 2174 ferri
294 2126 309 2158 :
325 2111 372 2159 si
397 2110 493 2175 qui
508 2125 698 2159 rursus
729 2116 985 2160 restarent
1001 2127 1126 2160 cum
1141 2111 1327 2175 aliquo
1343 2112 1530 2174 fructu
1547 2114 1752 2178 imp-ri-

137 2199 348 2251 mcndi.
388 2200 454 2248 Et
493 2201 569 2249 ita
602 2201 836 2265 quidem,
877 2207 935 2250 ut
972 2201 1031 2250 de
1064 2207 1106 2250 te
1133 2207 1379 2251 testatum
1417 2203 1753 2268 jampridem

136 2290 425 2338 doctorum
437 2290 767 2340 sermonibus
780 2291 1085 2340 audiverim
1097 2308 1133 2340 In
1143 2291 1310 2341 ullum
1323 2308 1508 2342 eorum
1523 2308 1553 2357 q
1563 2295 1618 2342 ui
1630 2300 1754 2344 tunc

135 2380 329 2427 vivunt
364 2378 511 2442 (absit
543 2379 691 2428 verbo
717 2381 947 2443 invidia)
979 2381 1200 2430 existere
1238 2383 1334 2446 qui
1362 2383 1570 2444 felicius
1597 2390 1642 2433 et
1665 2400 1755 2433 sa-

147 2467 363 2516 lubrius
397 2468 715 2518 Chiromam
748 2485 977 2518 manum
999 2471 1295 2520 admoverit
1319 2473 1397 2520 rei
1420 2473 1660 2523 libraria:
1678 2490 1693 2522 :
1711 2477 1755 2522 et

149 2557 251 2622 qui
276 2556 552 2606 liberalius
580 2558 794 2622 optima:
815 2564 949 2608 notce
972 2561 1296 2624 scriptorum
1321 2563 1574 2625 (quorum
1600 2564 1756 2612 modo

153 2647 374 2696 lectione
389 2647 616 2696 studiose
641 2647 928 2711 fruuntur)
957 2650 1328 2713 impressiones
1338 2651 1558 2716 juverit,
1583 2668 1756 2703 auxe-

152 2737 246 2800 rit,
265 2738 609 2800 promoverit,
648 2743 736 2802 atq
747 2754 807 2786 ue
829 2744 887 2788 tu
918 2740 1028 2804 ipse
1045 2756 1198 2803 quem
1215 2758 1251 2789 α
1265 2741 1370 2790 Deo
1390 2741 1503 2806 Opt.
1524 2744 1758 2796 Max-im.

153 2827 214 2874 in
260 2827 372 2875 hcce
407 2826 720 2877 calamitosa
767 2834 1005 2892 tempora
1044 2829 1104 2878 ob
1139 2830 1197 2879 id
1220 2838 1546 2881 reservatum
1592 2834 1762 2882 dicere

148 2915 308 2978 soleo,
349 2931 415 2965 ne
458 2916 628 2966 litera:
669 2916 1066 2968 obsolescerent:
1110 2935 1234 2969 neve
1279 2921 1482 2983 deesset,
1514 2923 1610 2986 qui
1651 2923 1753 2972 ho-
1781 2955 1836 3030 B

158 3007 423 3030 ΜΑΑΙέπυυξυυ.
438 3023 491 3030 ηιι
523 3008 544 3030 Ι.
560 3023 618 3030 Α..
634 3009 746 3030 ,ΑΙ-⁸,.
777 3009 832 3030 ..1-
851 3009 999 3030 μ-Ι,....
1030 3010 1167 3030 φη.--
1185 3011 1206 3030 1.
1222 3027 1314 3030 μα.-
1332 3011 1352 3030 ι
1372 3025 1514 3030 -.Α.Α.-κ
1563 3028 1571 3030 ξ
1589 3027 1637 3030 ,7.
1663 3029 1672 3030 κ
1690 3028 1731 3030 μη

158 3007 491 3056 nestissimas
516 3008 746 3058 honestis
771 3009 832 3058 de
849 3009 1000 3058 rebus
1030 3010 1522 3075 Typohruphorum
1551 3027 1756 3062 concer-

155 3097 388 3146 tationes
448 3097 758 3147 illustraret.
813 3099 1090 3149 Testantur
1146 3100 1286 3150 illud
1323 3101 1639 3166 jampriden
1687 3107 1757 3151 tot

1852 1660 2213 1724 prce/'ationne
2239 1659 2478 1708 nominis
2504 1675 2520 1709 :
2550 1659 2823 1708 testabitur
2855 1659 3020 1709 etiam
3053 1660 3192 1710 illud
3226 1662 3286 1710 in
3314 1676 3462 1725 prce-

1848 1751 2147 1798 sentiarum
2202 1749 2450 1799 RUFINI
2498 1764 2787 1813 nunquam
2824 1753 2983 1797 antea
3039 1750 3180 1813 typis
3206 1750 3463 1798 commis-

1849 1852 1969 1886 sum
2006 1839 2165 1902 Opus,
2204 1838 2358 1903 cujus
2392 1853 2516 1888 cum
2544 1837 2820 1901 exemplar
2842 1838 3078 1887 Domino
3103 1837 3164 1886 de
3189 1838 3242 1887 la
3279 1839 3459 1902 Bigne

1851 1929 2171 1994 Prceceptori
2200 1945 2314 1978 meo
2345 1929 2616 1994 Theologo,
2676 1928 2842 1993 hujus
2891 1929 3063 1977 celatis
3092 1934 3209 1978 tum
3253 1928 3314 1978 ob
3344 1943 3459 1978 mo-

1853 2035 1975 2068 rum
2023 2021 2326 2070 cando-rem.
2353 2034 2519 2083 quam
2566 2018 2627 2068 ob
2671 2018 3008 2083 singularem
3041 2017 3156 2082 ejus
3189 2017 3456 2067 erud-itio-

1853 2126 1975 2159 nem
2019 2111 2375 2170 meritissimo,
2421 2109 2705 2173 petendum
2750 2109 3056 2170 indic-asses,
3093 2123 3159 2156 ea:
3204 2107 3454 2171 reliqui-is

1853 2200 2164 2248 venerabilis
2180 2199 2493 2248 Monasterii
2517 2199 2713 2247 Montis
2736 2198 2849 2257 Dei,
2874 2199 3082 2260 factum
3117 2201 3205 2255 est,
3233 2201 3290 2246 ut
3308 2197 3452 2246 inter

1853 2290 2046 2337 «ruinas
2081 2288 2194 2353 ejus
2228 2288 2420 2337 devota:
2455 2288 2643 2335 domus
2681 2286 2870 2334 divina
2899 2285 3242 2349 providentia
3263 2284 3310 2333 si
3336 2299 3447 2333 non

1854 2379 2054 2442 integer
2083 2378 2148 2426 ab
2173 2378 2336 2425 annis
2358 2382 2584 2425 vetustus
2614 2375 2795 2438 codex,
2821 2375 3005 2423 saltem
3039 2373 3447 2438 quodammodo

1856 2473 1990 2517 totus
2032 2467 2097 2516 ab
2129 2468 2344 2531 injuria
2387 2467 2721 2515 inveniretur
2771 2464 3015 2528 effugisse
3074 2463 3455 2514 Gnosticorum

1857 2563 2164 2605 nostrorum
2211 2556 2494 2620 injurias:
2541 2555 2793 2603 adversus
2822 2569 2958 2618 quas
3001 2559 3159 2617 atque
3193 2551 3462 2617 ejusmodi

1857 2652 2227 2713 grassatorum
2278 2645 2636 2707 excursiones,
2692 2644 3064 2692 vindiciarum
3124 2643 3174 2690 si
3224 2643 3346 2706 quis
3395 2641 3463 2690 sit

1858 2737 2066 2797 modus,
2094 2737 2138 2785 is
2183 2741 2253 2785 est
2286 2735 2628 2785 accersendus
2664 2750 2698 2782 α
2739 2731 3149 2797 Calcographia,
3184 2747 3304 2796 qua:
3327 2730 3460 2796 sola,

1858 2825 2247 2876 inclinantibus
2269 2825 2473 2884 seculis,
2505 2825 2751 2873 maximo
2782 2823 2876 2872 Dei
2910 2821 3156 2885 beneﬁcio
3178 2821 3252 2870 ad
3274 2820 3460 2870 studia

1849 2919 1972 2984 jam
2016 2923 2332 2967 nauseantes
2367 2915 2655 2964 hominum
2685 2914 2899 2962 animos
2933 2911 3185 2961 recrea-vit
3201 2910 3454 2975 jucunda

1855 3008 2128 3072 facilitate,
2170 3005 2382 3070 scriptis
2436 3004 2658 3054 contulit
2700 3004 2939 3067 gratiam
2989 3016 3092 3050 sua
3152 2999 3458 3064 pulchritu-

1857 3099 1997 3158 dine,
2020 3103 2064 3147 et
2101 3095 2266 3145 simul
2306 3093 2784 3146 immortalitatem.

150 3255 3438 3295 ψ

411 3413 598 3561 ΙΝ
710 3414 1238 3559 LXXV
1344 3415 2038 3560 DAVIDI
2141 3407 3251 3565 SPSALMOS

737 3691 2875 3926 COMMENTARIUS

285 4075 1301 4355 numne
1501 4103 3292 4322 AQUILEIENSI

1149 4476 1489 4586 OLIM
1597 4474 2481 4584 ATTRIBUTUS.

1255 4681 2366 4730 *Μ-

481 4821 1103 4899 TITULORUM
1156 4814 1570 4894 OMNIUM
1621 4810 1804 4900 QUI
1855 4811 2304 4888 PSALMIS
2357 4809 3153 4889 PR/EFIGUNTUR

1450 5015 2189 5146 ﬁrgumcmum.

240 5405 260 5474 |
313 5410 438 5454 Sunt
466 5404 948 5466 superscriptionum
980 5404 1206 5452 omnium
1235 5401 1366 5452 tituli
1389 5399 1578 5451 diversi
1604 5419 1614 5450 :
1646 5413 1761 5449 nam
1783 5392 1832 5467 C
1867 5411 2001 5468 titur,
2029 5413 2082 5455 ut
2106 5420 2240 5474 nunc
2261 5403 2326 5454 In
2343 5405 2522 5474 ﬁnem,
2550 5395 2975 5474 nunej’s'almus,
2996 5411 3128 5469 nunc
3156 5390 3464 5474 qunticum,

161 5484 344 5543 praeter
367 5493 448 5524 eos
473 5479 560 5537 qui
586 5483 1074 5543 auctarumsuorum
1103 5477 1394 5523 nominibus
1410 5512 1425 5536 ,
1450 5479 1533 5520 aut
1555 5488 1763 5543 eaussz}:

162 5537 302 5599 rum,
315 5549 399 5588 aut
412 5547 683 5600 temporum
700 5540 1155 5599 signiﬁcationibus
1168 5543 1521 5599 praenotantur,
1541 5543 1657 5600 sunt
1673 5537 1762 5583 alii

163 5607 356 5667 quibus
379 5599 570 5667 titulus,
589 5603 649 5650 In
667 5603 832 5664 ﬁnem
848 5608 916 5667 est
942 5615 954 5652 :
981 5603 1068 5667 etii
1086 5605 1272 5660 quibus
1291 5606 1499 5667 tantum,
1519 5599 1767 5647 l’salmus

165 5663 384 5725 (Santici,
403 5668 478 5713 vel
495 5665 779 5714 Canticum
797 5663 1014 5727 psalmi.
1031 5668 1084 5712 Et
1101 5678 1295 5712 necesse
1311 5670 1383 5709 est
1396 5665 1616 5710 diversas
1629 5675 1767 5709 caus-

165 5746 249 5781 sas
273 5731 584 5779 diversarum
609 5726 1086 5790 supersériptionum
1109 5728 1346 5775 extitisse.
1373 5729 1478 5774 Non
1500 5726 1631 5772 enim
1660 5727 1769 5772 sine

165 5807 344 5846 caussa
368 5796 505 5843 tanta
530 5806 694 5842 rerum
720 5791 1002 5840 diversitate
1025 5791 1105 5839 hic
1133 5790 1389 5838 titulorum
1414 5791 1535 5837 ordo
1559 5801 1770 5836 conver-

1866 5457 2189 5520 nuueCantic
2199 5457 2908 5532 umpsalmiﬁiuncl’salmus
2919 5457 3116 5532 cantici
3132 5457 3467 5530 uddistinctio—

1868 5549 1979 5583 nem
2005 5535 2182 5594 psalmi
2216 5527 2307 5592 qui
2333 5532 2611 5594 subjuceat,
2639 5532 2963 5594 proponatur.
3005 5527 3059 5572 Et
3088 5534 3391 5592 quamquam
3412 5527 3468 5565 in

1867 5591 2084 5658 singulis
2118 5591 2403 5657 quibusque
2437 5593 2643 5654 psalmis
2677 5591 2991 5658 singularum
3034 5597 3335 5658 queruntu
3380 5591 3466 5628 1n-

1867 5648 2196 5720 scriptionuni
2224 5648 2686 5720 caussas-precatus
2725 5655 2944 5720 nitamur
2976 5667 2995 5720 Δε
3037 5657 3201 5696 tamen
3238 5648 3307 5720 ad.
3331 5658 3469 5720 com-

1867 5708 2108 5784 pendium
2132 5724 2368 5770 studiosa;
2394 5708 2826 5784 int‘elligenticeﬁu
2851 5715 2989 5762 brevi
3019 5709 3342 5784 sermuuc'ul'o
3369 5708 3472 5784 vir-

1871 5774 2021 5834 tutam
2066 5774 2812 5848 suprascriptionum'omnium
2849 5783 3174 5828 coarctamus.
3212 5774 3349 5822 Finis
3374 5774 3472 5838 est,
