3900 6430
47 394 156 453 645

1075 392 1149 447 ΙΝ
1184 395 1505 449 PSALMOS
1539 397 1745 449 LXXV
1779 396 2361 454 COMMENTARIUS.

3244 408 3346 465 646

50 496 465 567 subtilior-juxta
507 493 819 567 spiritualem
860 482 1243 567 intelligentiam
1280 495 1578 567 requiratur.
1606 498 1662 567 Et
1682 493 1737 564 Α
1762 498 2116 567 beatitudinem
2156 499 2208 546 in
2231 484 2394 559 primo
2421 502 2623 567 parente
2648 499 2884 567 amiscam
2909 483 3194 555 studeamus
3216 520 3354 567 rapa.

48 564 173 610 sunt
197 560 425 620 quidam,
458 559 547 618 qui
576 559 801 618 quinque
826 559 1129 618 psalmorum
1156 558 1311 605 libros
1335 571 1439 605 esse
1466 562 1659 621 volunt,

51 621 697 684 quiaibiquaterﬁat,fiat
714 622 1007 669 inveniunt:
1034 622 1117 667 sed
1143 634 1300 668 unum
1328 622 1511 684 librum
1536 637 1660 682 esse,

52 682 271 735 Actuum
311 686 657 744 Apostolorum
696 685 823 731 liber
844 685 1119 741 continuat,
1143 685 1231 731 ubi
1256 684 1325 731 ait
1361 682 1506 733 Sicut
1526 684 1663 734 scri-

50 755 209 814 ptum
234 747 384 796 estin
411 746 543 795 libro
560 744 901 814 Psatmorum
919 744 1141 814 (Act_1.).

117 814 303 859 Esdras
344 816 528 865 autem,
571 823 683 856 cum
724 811 915 856 oratoris
948 809 1156 869 psalmis
1190 810 1360 856 titulos
1394 810 1660 870 posuisset,

56 876 180 923 huic
200 873 395 932 psalmo
410 874 522 920 ideo
541 886 640 919 non
659 872 939 932 adscripsit,
958 874 1078 932 quia
1094 872 1181 919 iste
1197 873 1419 932 psalmus
1434 874 1661 920 omnium

55 939 275 985 aliorum
307 939 380 983 est
404 936 597 982 titulus.
627 936 762 981 Sicut
791 935 922 982 enim
951 936 1127 982 titulus
1152 935 1420 994 illuminat,
1444 940 1489 982 et
1516 940 1662 982 totam

58 999 320 1047 materiam
338 1002 623 1059 sequentem
650 997 879 1056 praelibat
901 1006 913 1045 :
941 997 1009 1044 ita
1034 998 1256 1058 psalmus
1280 998 1388 1057 isto,
1421 997 1509 1057 qui
1536 1012 1665 1057 prse-

55 1063 207 1121 ccdit,
247 1064 393 1109 totam
422 1060 674 1107 materiam
701 1060 957 1121 sequentis
981 1060 1143 1119 operis
1163 1061 1336 1120 tangit.
1360 1063 1421 1106 De
1438 1062 1531 1107 hac
1547 1074 1663 1107 vero

57 1125 269 1172 materia
294 1126 389 1172 hoc
411 1124 558 1170 modo
579 1127 746 1169 tractat
772 1135 783 1170 :
833 1123 1140 1169 ostendendo
1165 1123 1433 1182 potentiam
1467 1123 1666 1169 divini—

59 1188 194 1246 tatis,
239 1187 589 1247 perfectionem
618 1185 947 1232 humanitatis
970 1186 1173 1247 Christi,
1197 1185 1570 1232 universitatem
1595 1198 1667 1232 sa-

2 1298 3 1301 η
57 1245 617 1307 ῐιίιεῐὶέωθωιποωω,
633 1245 1356 1307 conversionem'peccatorum,
1374 1249 1664 1307 patientiam

2 1342 3 1355 ι
56 1319 107 1361 et
134 1313 351 1374 gloriam
381 1311 629 1360 omnium.
665 1312 879 1359 Intentio
910 1324 1002 1358 sua
1025 1316 1115 1375 est,
1141 1324 1234 1360 nos
1256 1324 1588 1369 commonere,
1612 1314 1667 1358 ut

2 1910 9 1939 Ρ

2 2036 7 2067 l

2 2290 7 2321 l

2 2328 9 2383 ἱ

2 2418 7 2446 ι

2 2542 9 2573 t

1 2606 7 2636 ι

2 2668 7 2699 l

2 2732 7 2763 ι

2 2794 7 2825 Ι

2 2920 7 2952 ξ

548 2099 872 2152 PSALMUS
910 2098 1189 2152 PRIMUS.

136 2252 191 2320 5
230 2252 283 2307 1.
312 2252 509 2303 Beatus
534 2251 639 2312 vir,
671 2254 778 2303 etc.
810 2251 1128 2313 Postquam
1168 2249 1386 2303 dictum
1415 2254 1529 2313 est,
1561 2264 1672 2300 non

60 2326 231 2388 abiit,
250 2324 605 2388 superﬂuum
624 2321 852 2374 videtur
869 2334 999 2373 esse
1020 2320 1170 2385 quod
1187 2321 1433 2385 additur,
1450 2336 1563 2371 non
1577 2327 1678 2371 ste-

63 2398 156 2457 tit,
176 2401 360 2448 etnon
376 2394 526 2445 sedit.
552 2392 661 2454 Qui
679 2393 833 2445 enim
850 2405 966 2444 non
981 2392 1269 2444 consentit
1284 2397 1535 2457 peccato,
1553 2393 1675 2456 jam

63 2481 180 2521 nec
195 2467 259 2520 in
275 2479 342 2519 eo
361 2470 513 2518 stare
532 2463 706 2521 valet,
724 2468 827 2516 aut
844 2476 1231 2528 perseverare.
1268 2464 1376 2515 Sed
1407 2464 1541 2516 ideo
1564 2465 1674 2516 hoc

63 2540 226 2597 facit,
261 2538 399 2602 quia
418 2537 676 2589 ordinem
710 2535 837 2587 vult
865 2535 1089 2598 exequi,
1120 2547 1236 2598 quo
1259 2535 1476 2599 primus
1503 2536 1676 2588 homo

64 2610 335 2678 peccavit
373 2623 387 2659 :
438 2609 759 2661 secundum
802 2606 1095 2658 hominem
1135 2606 1404 2658 ostendat
1435 2620 1469 2658 a
1494 2607 1677 2671 primo

64 2683 307 2749 penitus
349 2692 479 2732 esse
516 2679 869 2731 dissimilem.
907 2678 1101 2727 Beatus
1142 2678 1228 2726 vir
1259 2678 1356 2741 qui
1384 2693 1497 2727 non
1524 2678 1677 2734 abiit.

65 2756 107 2821 ['
133 2757 223 2807 De
243 2752 487 2806 Domino
515 2756 713 2803 nostro
736 2752 875 2801 Jesu
909 2750 1129 2801 Christo
1152 2749 1545 2813 accipiendum
1567 2757 1676 2818 est,

66 2827 172 2893 qui
196 2840 315 2875 non
339 2823 472 2873 abiit
489 2824 548 2873 in
571 2821 793 2873 consilio
810 2821 1129 2885 impiorum,
1148 2821 1298 2872 sicut
1310 2822 1482 2874 homo
1500 2827 1679 2876 terre-

65 2913 206 2960 nus,
240 2896 341 2961 qui
366 2896 533 2949 uxori
554 2894 850 2948 consensit
864 2894 1117 2956 deceptae
1140 2904 1174 2943 a
1190 2899 1470 2957 serpente,
1484 2901 1549 2947 ut
1567 2898 1682 2947 Do-

2 3006 3 3011 η
65 2970 219 3025 mini
266 2972 555 3034 praecepta
597 2970 991 3019 contemneret
1030 2965 1177 3027 (Gen.
1213 2964 1263 3018 3.
1297 2966 1387 3027 6.).
1412 2967 1479 3015 Et
1503 2967 1565 3016 in
1588 2970 1679 3018 via

63 3046 418 3109 peccatorum
444 3054 558 3090 non
586 3039 739 3088 stetit.
768 3037 939 3089 Venit
957 3035 1191 3109 quidem
1215 3036 1275 3086 in
1307 3036 1397 3088 via
1418 3044 1681 3101 peccato-

244 3111 536 3165 nascendo
554 3110 703 3163 sicut
718 3113 1046 3174 peccatores
1065 3122 1078 3169 ;
1098 3108 1199 3160 sed
1219 3121 1337 3160 non
1353 3109 1528 3173 stetit,
1546 3112 1680 3174 quia

62 3185 344 3240 illecebra
372 3182 646 3236 secularis
681 3194 815 3234 eum
843 3193 963 3233 non
991 3180 1176 3233 tenuit
1220 3179 1289 3229 Et
1317 3181 1379 3230 in
1411 3180 1677 3233 Cathedra

63 3274 158 3323 pes
175 3257 383 3308 ilentiaz
403 3271 518 3305 non
540 3255 693 3305 sedit.
722 3252 915 3305 Noluit
943 3252 1097 3305 enim
1123 3256 1411 3305 terrenum
1435 3267 1679 3319 regnum

64 3342 211 3383 cum
230 3327 502 3393 superbia
523 3327 702 3388 (Joan.
724 3323 850 3389 78.).
881 3327 1023 3387 Quae
1045 3324 1317 3377 cathedra
1338 3326 1679 3390 pestilentiae

62 3403 201 3456 ideo
239 3405 398 3455 recte
430 3398 787 3463 intelligitur,
825 3398 961 3461 quia
992 3397 1158 3462 pauci
1182 3402 1337 3457 sunt,
1369 3398 1468 3462 qui
1488 3411 1680 3453 amore

1765 575 1872 608 rare
1905 562 1962 628 _in
1991 561 2154 628 nobis,
2182 567 2228 609 et
2253 562 2480 628 exemplo
2502 567 2645 628 notro
2668 562 2722 609 in
2747 564 2862 628 aliis
2885 581 2897 612 :
2926 567 3057 626 quod
3088 573 3142 615 ut
3167 561 3332 628 possi-

1760 638 1874 671 mus
1898 624 2072 686 facere,
2090 625 2314 672 hortatur
2330 638 2418 671 nos
2435 625 2647 683 imagini
2666 626 2778 673 novi
2796 624 3018 676 hominis
3035 624 3215 679 Christi
3232 646 3352 680 con-

1760 687 1962 734 formari
1995 699 2008 736 :
2034 688 2095 734 de
2115 702 2217 747 quo
2241 688 2293 733 in
2320 689 2413 734 hoc
2434 688 2593 747 primo
2616 690 2805 748 psalmo
2834 692 2935 750 agit
2958 693 3049 739 hoc
3072 695 3236 742 modo.
3264 698 3353 743 Be-

1760 754 1924 816 movet
1958 751 2023 816 ab
2051 765 2124 816 oo,
2144 751 2316 798 omnia
2335 752 2484 809 mala,
2513 755 2616 816 tam,
2633 752 2967 815 cogitationis,
2994 768 3144 814 quam
3167 760 3349 816 operis.

1761 814 2081 862 Commendat
2113 814 2164 860 in
2200 827 2256 860 eo
2279 826 2476 860 omnem
2502 812 2853 871 perfectionem
2877 812 3091 866 virtutis.
3130 812 3354 869 Ostendit

1761 888 1875 943 eum
1903 876 2076 943 utilem
2102 876 2393 943 essenobis.
2423 876 2687 924 Sciendum
2715 891 2830 943 vero
2855 884 2946 939 est,
2970 881 3102 939 quod
3120 882 3233 931 illas
3247 896 3354 943 per-

1762 938 1999 1004 fectiones
2029 938 2089 984 de
2107 938 2318 1004 Christo,
2338 951 2463 1004 quas
2477 940 2805 1004 communiter
2821 938 2964 1000 ponit
2978 938 3029 989 in
3048 945 3203 1002 priori
3220 938 3354 1004 psal-

1762 1013 1863 1059 mo,
1900 1001 1954 1046 in
1997 1002 2188 1067 cantoris
2214 999 2441 1067 psalmis,
2480 999 2875 1067 quisequunlur,
2901 999 3244 1065 multipliciter
3266 1020 3355 1067 per

1761 1067 1926 1121 partes
1960 1061 2238 1121 exequitur.
2278 1063 2403 1118 Quia
2430 1061 2553 1122 ergo
2581 1077 2755 1111 omnes
2778 1064 2839 1112 ad
2864 1061 3217 1116 beatitudinem
3246 1061 3355 1117 ten-

1763 1126 1914 1193 dunt,
1952 1138 2043 1172 nec
2073 1125 2203 1193 beati
2227 1136 2347 1193 esse,
2380 1123 2478 1172 nisi
2507 1138 2592 1184 per
2617 1127 2886 1190 Christum,
2910 1135 3117 1188 possunt
3144 1130 3353 1193 (tantum

1763 1188 1933 1235 enimb
1955 1201 2111 1235 onum
2135 1192 2207 1235 est
2230 1189 2426 1235 beatum
2451 1200 2573 1248 esse,
2601 1193 2655 1235 ut
2676 1201 2850 1237 omnes
2873 1188 2973 1239 hoc
3000 1188 3212 1241 velint'et
3236 1195 3356 1242 boni

1764 1249 1994 1318 et_mal_i),
2019 1251 2251 1318 proponit
2274 1251 2526 1299 Christum
2550 1252 2697 1300 nobis
2714 1252 2769 1299 in
2791 1254 3094 1314 exemplum.
3111 1257 3357 1318 Etincipit

1763 1325 1794 1359 a
1816 1313 2123 1361 beatitudine
2147 1313 2238 1361 sic.

60 1491 1426 1826 COMMENTARIUS
1586 1634 1762 1822 IN
1894 1638 2363 1823 LXXV
2529 1499 3360 1832 Puni/itis

1690 2040 1744 2115 B
1771 2035 2123 2115 utquisquis
2141 2035 2215 2088 ad
2232 2037 2477 2115 bonum
2489 2049 2635 2102 opus
2660 2037 2893 2115 tendere
2916 2040 3216 2115 desiderat,
3254 2056 3369 2109 quo

1777 2107 1989 2160 scilicet
2003 2109 2165 2159 beate
2190 2108 2364 2172 vivat,
2396 2108 2553 2172 prius
2574 2110 2794 2161 malum
2819 2123 3020 2164 cavere
3036 2107 3288 2174 studeat;
3295 2128 3371 2168 ne

1775 2179 1993 2230 bonum
2013 2178 2166 2241 quod
2183 2179 2318 2243 agit,
2343 2179 2632 2243 impediat.
2656 2180 2817 2232 Unde
2834 2181 3109 2246 scriptum
3123 2188 3243 2235 est:
3262 2188 3369 2238 De-

1775 2248 1922 2302 clina
1944 2262 1979 2301 a
2008 2248 2179 2314 malo,
2218 2256 2275 2302 et
2307 2249 2395 2301 fac
2423 2250 2642 2302 bonum
2667 2252 2827 2312 (Psat.
2855 2251 2982 2317 33.).
3016 2256 3281 2319 Sequitur
3298 2257 3370 2309 de

1773 2322 2016 2373 Domino
2044 2322 2250 2373 Nostro
2276 2323 2418 2372 Jesu
2442 2322 2685 2373 Christo.

1839 2390 1888 2445 2.
1929 2393 2029 2443 Sed
2057 2392 2119 2440 in
2147 2392 2255 2457 lege
2283 2392 2509 2443 Domini
2538 2394 2785 2442 voluntas
2811 2394 2944 2460 ejus,
2973 2400 3020 2444 et
3045 2396 3107 2445 in
3131 2396 3236 2460 lege
3256 2398 3372 2462 ejus

1777 2463 2121 2513 meditabitur
2136 2463 2298 2535 dieac
2311 2471 2476 2515 nocte.
2497 2464 2659 2527 Quod
2673 2464 2881 2516 Christi
2896 2466 3164 2519 voluntas
3176 2468 3236 2519 in
3246 2469 3374 2535 lege

1778 2535 1880 2587 Dei
1896 2535 2077 2586 Patris
2093 2534 2281 2599 fuerit,
2307 2538 2503 2587 textus
2525 2536 2707 2587 sancti
2722 2537 3015 2602 Evangelii
3031 2540 3170 2590 satis
3185 2545 3374 2592 osten-

1778 2605 1899 2669 dit;
1936 2607 2036 2656 ubi
2070 2607 2224 2657 Luca
2248 2612 2518 2659 narrante
2552 2607 2774 2668 dicitur,
2812 2608 3053 2671 qualiter
3074 2610 3135 2661 in
3162 2613 3374 2676 templo

1778 2677 2007 2729 Domini
2022 2690 2163 2742 puer
2175 2679 2206 2729 J
2213 2690 2349 2729 esus
2366 2680 2657 2732 invenitur
2672 2679 2880 2731 sedens
2894 2681 2951 2731 in
2966 2682 3154 2733 medio
3170 2684 3377 2736 Docto-

1777 2761 1908 2801 rum
1932 2754 1990 2800 et
2011 2749 2393 2814 interrogans,
2420 2751 2642 2802 cunctis
2667 2751 3034 2815 stupentibus
3059 2765 3230 2817 super
3251 2768 3378 2819 pru-

1778 2821 1973 2873 dentia
2009 2825 2067 2872 et
2098 2822 2394 2885 responsis
2424 2823 2553 2886 ejus
2581 2824 2727 2884 (Luc.
2755 2822 2846 2884 2.).
2879 2824 2985 2884 Qui
3011 2825 3320 2888 inquisitus
3342 2840 3378 2880 a

1778 2892 2112 2956 parentibus
2141 2894 2223 2944 ait
2248 2910 2259 2942 :
2285 2894 2429 2954 Quid
2453 2898 2543 2945 est
2558 2894 2713 2957 quod
2725 2906 2822 2945 me
2837 2897 3181 2958 quaer-abacis
3196 2890 3218 2945 '7
3235 2900 3385 2950 Nes-

1780 2964 2013 3016 ciebatis
2044 2964 2178 3028 quia
2198 2964 2257 3016 in
2280 2965 2371 3016 his
2395 2977 2526 3029 quae
2551 2966 2731 3016 Patris
2748 2967 2861 3017 mei
2872 2971 3031 3030 sunt,
3040 2973 3271 3032 oportet
3283 2982 3377 3023 me

1779 3049 1910 3091 esse
1940 3035 2110 3101 (Ibid)
2126 3039 2153 3086 9
2176 3039 2322 3101 Ergo
2344 3037 2405 3088 in
2431 3036 2559 3101 lege
2580 3037 2807 3093 Domini
2824 3037 3092 3090 voluntas
3107 3040 3252 3103 ejus.
3269 3042 3380 3094 Ne—
3480 3042 3483 3043 ⁷

1779 3120 2070 3172 quaquam
2086 3120 2226 3172 puer
2238 3112 2265 3159 .l
2274 3122 2409 3160 esus
2426 3109 2621 3161 invitis
2632 3110 2966 3173 parentibus
2978 3110 3039 3161 in
3055 3113 3265 3177 templo
3276 3115 3382 3166 Do-

1776 3180 1917 3250 mini
1944 3181 2339 3244 remansisset,
2378 3180 2428 3231 si
2469 3180 2530 3232 in
2558 3181 2684 3245 lege
2710 3181 2939 3232 Domini
2960 3182 3228 3236 voluntas
3251 3186 3378 3250 ejus

1782 3249 1836 3320 6
1878 3264 1993 3304 non
2020 3252 2238 3315 fuisset,
2271 3253 2339 3301 Et
2366 3253 2427 3301 in
2459 3252 2565 3317 tege
2587 3253 2700 3317 ejus
2727 3253 3073 3303 meditabitur
3095 3256 3179 3305 die
3202 3249 3381 3308 aeno-

1778 3331 1868 3373 cte.
1900 3326 2158 3387 Namque
2180 3325 2241 3375 in
2269 3324 2359 3376 die
2388 3326 2444 3375 et
2463 3329 2632 3377 nocte
2659 3325 2993 3389 praedicavit
3013 3327 3290 3381 Christus.
3317 3332 3382 3383 In

1780 3397 1871 3448 die
1900 3396 2141 3448 docebat
2180 3396 2396 3458 turbas,
2420 3402 2588 3449 nocte
2615 3398 2774 3450 verbi
2795 3399 3069 3462 mysteria
3090 3400 3383 3467 discipulis

2 3492 5 3523 ς
65 3472 415 3528 dominandi
442 3476 693 3533 careant,
712 3475 771 3523 et
785 3470 1100 3522 humanam
1114 3468 1354 3533 gloriam
1372 3484 1491 3524 non
1505 3486 1678 3539 appe—
1700 3465 1749 3541 ρ
1785 3469 2076 3521 revelabat
2114 3468 2293 3531 (Joan.
2334 3466 2427 3533 8.).
2467 3469 2571 3520 Vel
2598 3468 2659 3520 in
2697 3469 2823 3535 lege
2852 3472 3079 3523 Domini
3111 3465 3382 3527 voluntas

2 3562 7 3586 ι
68 3551 222 3601 tant.
262 3544 593 3597 Pestilentia
625 3554 761 3595 vero
791 3546 881 3594 est
913 3542 1152 3593 morbus
1186 3541 1300 3594 late
1324 3551 1669 3609 pervagatus

1 3626 7 3693 ζ
66 3630 293 3693 omnes
302 3621 403 3669 aut
426 3627 801 3693 peneomnes
824 3612 1279 3693 involvens:_Vel
1302 3600 1571 3693 cathedra
1591 3600 1689 3693 pe.’

2 3686 7 3715 *
68 3689 354 3745 stilentiae
382 3687 701 3754 perniciosa
723 3686 978 3740 doctrina
991 3685 1229 3751 intelligi
1243 3692 1451 3751 potest.
1470 3685 1689 3757 Deinde

1 3770 7 3797 θ
67 3760 557 3833 considerandus,
590 3763 680 3833 est
714 3758 852 3812 ordo
877 3758 1203 3833 verborum,
1226 3758 1373 3833 Abiit
1398 3764 1565 3833 Stetit,
1596 3774 1691 3824 se.

2 3848 5 3879 :
68 3837 171 3886 dit.
220 3834 381 3886 Abiit
407 3832 518 3895 ille,
560 3832 658 3896 qui
687 3830 926 3884 recessit
948 3843 983 3883 a
1008 3832 1143 3883 Deo.
1166 3831 1349 3897 Stetit,
1380 3848 1512 3891 cum
1540 3830 1690 3898 dele.

1 3920 5 3931 ί
68 3912 275 3965 ctatus
320 3910 412 3959 est
442 3905 503 3957 in
535 3908 788 3978 chcato.
825 3903 996 3978 Sedit,
1028 3903 1252 3978 cumin
1281 3918 1389 3959 sua
1420 3916 1690 3978 superbia

2 3990 5 4009 *
67 3980 476 4033 conﬁrmatus.
500 3976 685 4029 redire
699 3989 819 4029 non
840 3974 1026 4040 potuit
1049 3988 1063 4025 :
1080 3974 1192 4027 nisi
1220 3986 1321 4038 per
1334 3993 1468 4034 eum
1486 3974 1692 4040 libera.

1 4046 5 4059 ⁸
68 4059 196 4117 tus,
223 4050 325 4115 qui
350 4062 539 4113 neque
560 4049 698 4102 abiit
712 4049 777 4102 in
792 4047 1028 4101 consilio
1042 4047 1366 4117 impiorum,
1391 4067 1500 4108 nec
1523 4058 1583 4110 in
1597 4061 1693 4113 via

2 4124 5 4197 ἰ
66 4127 451 4198 peccawrm
470 4121 772 4198 Spem-{ch
783 4122 845 4198 in
862 4120 1487 4198 cathedrapestilentiaa
1502 4131 1691 4198 sedit]

2 4192 5 4263 ξ
66 4200 282 4251 Potest
311 4194 484 4249 etiam
502 4193 742 4266 intelligi
766 4194 838 4245 de
854 4192 1107 4266 quolibet
1121 4196 1277 4253 justo
1295 4200 1447 4260 quod
1465 4192 1689 4266 dicitur,

1 4302 6 4313 .
66 4272 178 4331 ire,
216 4271 314 4321 est
341 4266 537 4332 pravis
552 4265 803 4319 consiliis
820 4265 1120 4317 assentire.
1135 4267 1203 4317 In
1217 4267 1312 4319 via
1325 4265 1693 4334 peccatorum

2 4356 5 4388 ί
70 4347 219 4407 stat,
251 4339 351 4405 qui
386 4339 448 4391 in
468 4338 635 4391 malis
664 4338 934 4403 operibus
959 4345 1301 4402 perseverat.
1336 4344 1401 4395 In
1426 4349 1697 4402 cathedra

2 4438 6 4453 .
68 4426 220 4470 vero
244 4411 572 4485 pestlentiaa
602 4411 783 4475 sedet,
815 4411 916 4475 qui
943 4410 1162 4485 malum
1192 4415 1349 4475 quod
1377 4419 1514 4485 agit,
1554 4420 1695 4474 alios

1 4491 7 4503 '
70 4486 254 4542 docet
273 4484 552 4548 Quisquis
564 4496 696 4549 ergo
716 4484 882 4536 beate
906 4482 1100 4536 vivere
1123 4485 1339 4551 studet,
1358 4482 1535 4551 prava
1557 4504 1698 4545 con-

1 4558 6 4625 ξ
84 4560 227 4615 sitia
254 4569 624 4621 summopere
651 4569 851 4609 cavere
894 4556 1082 4608 debet.
1105 4557 1389 4621 Scriptum
1404 4567 1496 4615 est
1509 4564 1693 4615 enim:

1 4628 7 4695 ;
73 4633 480 4694 Οοιταωρωιι
495 4641 692 4682 mores
706 4629 892 4680 bonos
907 4628 1186 4691 colloquia
1195 4630 1399 4696 malam
1412 4634 1554 4686 .Cor.
1570 4635 1702 4699 15,).

2 4738 5 4769 ι
75 4708 279 4759 Prava
294 4713 528 4765 quoque
544 4713 716 4765 Opera
730 4704 789 4752 et
802 4700 1069 4764 exempla
1080 4700 1453 4756 nihilominus
1465 4707 1700 4760 vitanda

2 4812 5 4821 ,
76 4778 232 4831 sunt
260 4791 272 4823 :
302 4772 439 4837 quia
462 4772 611 4825 sicut
630 4773 912 4824 bonorum
937 4772 1201 4837 operibus
1223 4778 1281 4826 et
1302 4778 1579 4844 exemplis
1598 4779 1695 4841 mi,

2 4875 4 4884 ι
74 4863 201 4903 nus
220 4846 364 4899 boni
377 4844 450 4897 ad
469 4844 706 4898 meliora
722 4856 947 4909 semper
969 4845 1302 4908 proﬁciunt:
1324 4848 1405 4901 sic
1421 4863 1701 4904 nonnum-

73 4932 267 4990 quam
292 4918 624 4982 iniquorum
644 4918 807 4970 factis
829 4922 891 4990 et
912 4917 1190 4990 exemplis
1212 4918 1424 4974 inﬁrmi
1446 4924 1519 4975 ad
1540 4923 1699 4977 dete-

73 4989 241 5049 riora
262 4990 696 5044 tendunt-Hinc
721 4989 1022 5042 Psalmista
1043 4989 1177 5043 alibi
1200 4992 1310 5045 ait:
1336 4995 1479 5048 Cum
1500 5001 1699 5049 sancto

76 5069 334 5121 sanctus
369 5063 498 5115 eris.
530 5065 600 5115 Et
628 5063 796 5128 paulo
823 5066 956 5127 post
989 5062 1254 5116 subditur
1278 5079 1293 5116 :
1325 5068 1551 5120 Etcum
1572 5081 1698 5134 per-

73 5150 263 5195 verso
306 5136 649 5202 perverteris
679 5134 845 5200 (Psat.
878 5133 1004 5198 17.).
1038 5136 1221 5188 Tanto
1251 5138 1445 5204 itaque
1480 5133 1699 5195 studio-

77 5213 212 5266 sius
259 5213 489 5274 oportet
521 5209 651 5261 hmo
686 5208 902 5273 fugere,
936 5212 1154 5272 quanto
1184 5209 1403 5264 facilius
1436 5213 1699 5267 incautas

74 5288 325 5339 mentes
354 5285 603 5347 possunt
625 5280 903 5346 decipere.
924 5280 1030 5333 Via
1044 5292 1180 5347 ergo
1198 5283 1572 5338 beatitudinis
1610 5291 1702 5339 est

146 5422 166 5441 ·
184 5408 392 5469 Multa,
418 5406 905 5473 quemadmodum
921 5408 983 5460 in
997 5408 1334 5465 Praefatione
1350 5410 1700 5477 monuimus,

80 5485 317 5539 Auctor
340 5485 536 5532 noster
551 5493 622 5533 ex
644 5482 698 5533 S.
718 5481 1027 5546 Augustini
1043 5483 1358 5536 Comment.
1377 5489 1701 5539 mutuatur:

1788 3542 1915 3606 ejus
1934 3541 2053 3603 fuit,
2072 3541 2206 3604 quia
2218 3553 2253 3593 a
2265 3541 2567 3606 praeceptis
2582 3543 2764 3593 Patris
2778 3555 3078 3607 nunquam
3090 3545 3264 3597 Filius
3276 3546 3387 3598 dis-

1789 3614 2064 3667 eordavit.
2104 3614 2253 3665 Hinc
2287 3618 2379 3666 est
2410 3614 2565 3678 quod
2594 3614 2718 3679 ipse
2749 3615 2863 3667 ait:
2904 3618 3029 3668 Non
3052 3617 3183 3669 veni
3204 3619 3385 3672 facere

1789 3685 2145 3739 voluntatem
2154 3698 2362 3749 meam,
2378 3686 2481 3738 sed
2495 3687 2849 3738 voluntatem
2861 3689 2987 3753 ejus
2999 3688 3264 3753 quimisit
3273 3704 3383 3754 me,

1788 3757 1969 3809 Patris
2002 3759 2179 3819 (Joan.
2207 3758 2299 3819 6.).
2334 3759 2642 3822 Exquibus
2669 3760 2862 3821 verbis
2889 3759 3027 3823 quid
3050 3761 3204 3813 aliud
3233 3763 3390 3815 colli-

1786 3830 1998 3894 gimus,
2014 3829 2127 3880 nisi
2143 3829 2297 3892 quod
2323 3831 2628 3895 praeceptis
2649 3830 2951 3883 dominicis
2972 3832 3201 3885 obedire
3214 3834 3389 3887 debe-

1786 3914 1939 3959 mus,
1972 3914 2090 3953 non
2123 3901 2395 3964 timendo,
2440 3902 2543 3953 sed
2566 3902 2847 3954 amando:
2880 3914 2999 3955 non
3028 3916 3103 3956 ex
3133 3907 3390 3958 necessi-

1789 3978 1922 4034 tate,
1948 3974 2050 4024 sed
2073 3985 2148 4025 ex
2168 3973 2483 4026 voluntate.
2510 3973 2634 4025 Non
2662 3974 2817 4024 enim
2838 3974 3011 4026 timor
3022 3980 3125 4028 aut
3144 3979 3389 4031 necessi-

1789 4051 1896 4108 tas,
1942 4046 2045 4098 sed
2082 4045 2206 4098 sola
2236 4044 2441 4097 caritas
2471 4044 2670 4109 implet
2698 4045 2903 4110 legem.
2932 4046 3081 4099 Hinc
3110 4053 3201 4100 est
3233 4050 3386 4115 quod

1791 4118 2103 4184 Apostolus
2143 4118 2265 4170 ait:
2310 4116 2417 4178 Qui
2464 4118 2616 4170 enim
2656 4116 2854 4182 diligit,
2896 4118 3088 4184 legem
3130 4120 3387 4187 implevit

1792 4194 1963 4256 (Rom.
1990 4190 2114 4254 13.).
2150 4193 2265 4244 Nec
2289 4191 2502 4242 mirum
2525 4190 2576 4241 si
2596 4189 2666 4255 is,
2692 4190 2789 4254 qui
2807 4192 3042 4245 caritate
3063 4193 3387 4259 repleturin

1791 4266 1918 4331 lege
1938 4264 2182 4330 Domini,
2206 4265 2299 4317 die
2313 4276 2379 4317 ac
2394 4268 2577 4316 nocte.
2596 4260 2655 4315 id
2671 4268 2777 4327 est,
2794 4265 3029 4318 assidue
3042 4267 3383 4325 meditatur:

1793 4340 1886 4392 vel
1905 4338 1997 4391 die
2016 4350 2083 4390 ac
2105 4342 2289 4399 nocte,
2315 4336 2372 4389 id
2396 4341 2503 4400 est,
2526 4336 2587 4387 in
2606 4337 2892 4401 prosperis
2906 4342 2964 4390 et
2982 4338 3263 4393 adversis.
3283 4343 3390 4395 Ubi

1794 4412 1946 4465 enim
1978 4414 2070 4462 est
2101 4423 2237 4463 vera
2267 4410 2510 4473 dilectio,
2534 4409 2612 4460 ibi
2632 4408 2855 4462 Divinas
2872 4410 3017 4476 legis
3037 4418 3126 4465 est
3144 4413 3388 4467 medita-

1797 4486 1873 4537 tio
1906 4502 1917 4533 :
1946 4488 2005 4534 et
2030 4494 2217 4545 mens,
2244 4494 2377 4546 quae
2398 4494 2592 4535 amore
2616 4482 2719 4534 Dei
2748 4484 3091 4550 accenditur,
3120 4497 3229 4539 nec
3259 4498 3388 4553 pro«

1798 4556 1980 4624 speris
2011 4569 2114 4608 nec
2145 4555 2405 4608 adversis
2429 4559 2831 4609 commutatur.

1862 4628 1916 4684 3.
1943 4629 2011 4677 Et
2044 4629 2144 4677 erit
2170 4634 2434 4693 tanquam
2466 4628 2677 4693 lignum
2709 4628 2854 4693 quod
2874 4628 3186 4694 plumatum
3213 4636 3285 4683 est
3311 4644 3390 4684 se-

1799 4717 1891 4753 cus
1920 4702 2175 4752 decursus
2203 4714 2498 4766 aquarum,
2533 4701 2680 4767 quod
2703 4702 2943 4766 fructum
2970 4717 3132 4754 suum
3160 4705 3306 4756 dabit
3337 4706 3399 4757 in

1802 4780 2032 4838 tempore
2063 4788 2178 4824 suo.
2216 4774 2299 4825 De
2334 4773 2610 4837 sapientia
2639 4785 2741 4839 per
2774 4775 3133 4829 Salomonem
3156 4777 3360 4831 dicitur
3385 4796 3397 4829 t

1730 4854 1788 4929 D
1804 4847 2051 4929 lignum
2073 4846 2210 4898 vitae
2233 4850 2322 4929 est
2336 4845 2426 4929 his
2443 4846 3054 4929 quiapprehenderunt
3067 4862 3215 4929 eam,
3232 4851 3402 4929 e_t_qui

1810 4918 2059 4973 tenuerit
2079 4929 2225 4982 eam,
2252 4918 2455 4970 beatus
2472 4918 2737 4981 (Proverb.
2754 4918 2843 4984 3.).
2877 4921 3022 4984 Quid
3036 4927 3230 4976 autem
3246 4924 3405 4976 cmi.

1810 4996 1955 5051 stus,
1992 4989 2103 5041 nisi
2135 4989 2235 5041 Dei
2262 4990 2465 5052 virtus,
2498 4994 2558 5042 et
2591 4990 2694 5043 Dei
2726 4992 3007 5056 sapientia
3036 4993 3102 5054 (1.
3129 4995 3251 5044 Cor.
3281 4994 3353 5059 1.)
3376 4997 3405 5046 τ

1798 5066 1977 5127 Quem
2001 5061 2262 5126 quisquis
2277 5061 2524 5114 amando
2538 5066 2597 5114 et
2623 5062 3000 5116 desiderando
3009 5065 3401 5133 apprehendit,

1795 5137 1857 5189 in
1885 5140 2168 5189 aeternum
2200 5134 2573 5198 proculdubio
2597 5134 2756 5187 vivit.
2790 5134 3059 5200 Legimus
3083 5137 3141 5188 in
3158 5136 3403 5200 paradso

1797 5209 2020 5273 lignum
2034 5206 2169 5259 vitae
2188 5218 2337 5271 esse,
2364 5205 2436 5257 de
2452 5218 2566 5269 quo
2581 5206 2799 5258 dictum
2815 5212 2904 5258 est
2922 5224 2933 5256 :
2955 5206 3155 5259 Videte
3170 5219 3244 5260 ne
3260 5207 3403 5263 forte

1803 5284 1997 5333 sumat
2025 5279 2098 5332 de
2119 5276 2275 5343 ligno
2302 5278 2459 5341 vitm,
2484 5282 2542 5331 et
2564 5278 2724 5331 vivat
2742 5277 2804 5331 in
2828 5284 3111 5332 aeternum
3134 5280 3280 5344 (Gen.
3310 5279 3401 5347 3.).

1804 5410 2012 5463 Beatus
2047 5406 2148 5467 vir,
2175 5404 2274 5471 qui
2299 5417 2419 5458 non
2441 5404 2582 5458 abiit
2598 5405 2659 5457 in
2678 5405 2912 5460 consilio
2928 5406 3250 5471 impiorum,
3267 5407 3404 5458 sicut

1809 5484 1968 5534 homo
1995 5486 2249 5540 terrenus,
2282 5480 2378 5543 qui
2392 5479 2559 5528 umori
2582 5479 2843 5529 consensit
2865 5479 3084 5544 decepta:
3098 5495 3134 5530 α
3148 5485 3400 5545 serpente,

80 5556 267 5621 cujus
311 5553 395 5605 rei
431 5551 592 5604 locus
633 5552 761 5617 iste,
799 5554 899 5618 qui
930 5554 1111 5618 primo
1141 5556 1400 5620 occurrit,
1443 5559 1708 5624 exemplo
1808 5562 1869 5607 ut
1890 5555 1989 5605 Dei
2009 5557 2275 5620 praecepta
2294 5551 2607 5617 praeteriret.
2633 5550 2841 5603 Omisit
2860 5550 2988 5604 heic
3014 5558 3212 5605 noster
3230 5553 3406 5605 verba

82 5629 229 5692 erit;
263 5624 539 5691 pleraque
568 5626 721 5677 enim
736 5624 846 5678 alia
860 5626 1255 5691 imposterum,
1276 5628 1573 5683 brevitatis
1589 5644 1712 5696 gra-

85 5701 192 5767 uti,

1815 5630 1912 5683 hoc
1927 5634 1997 5678 est
2019 5627 2237 5678 homine
2250 5625 2554 5687 Dominico,
2578 5624 2730 5689 quod
2755 5624 2925 5677 sciret
2938 5626 3011 5677 ab
3025 5626 3272 5690 ipsomet
3287 5629 3409 5679 Au-

231 5698 394 5770 satis
414 5696 778 5770 habebimus,
808 5699 1043 5752 nomine
1072 5702 1127 5753 S.
1164 5702 1347 5754 Patris
1382 5704 1714 5767 parenthesi
1813 5702 2049 5769 gustino
2091 5702 2462 5769 postmodum
2499 5703 2561 5755 in
2593 5701 2644 5758 1.
2684 5704 2931 5756 Retract.
2957 5703 3045 5759 19.
3070 5704 3409 5770 improbata.

85 5762 352 5843 incluso,
383 5769 689 5843 indicasse.
724 5771 798 5821 De
830 5770 1083 5836 Domino,
1120 5772 1325 5838 inquit,
1370 5762 1552 5828 nostra
1587 5777 1714 5828 Jesu
1814 5762 2055 5839 Reliqua
2092 5762 2316 5831 uncinis
2361 5775 2588 5843 signata
2633 5776 2870 5832 totidem
2912 5776 3032 5835 fere
3074 5762 3267 5835 verbis
3315 5777 3412 5833 de-

92 5836 325 5899 Christo
342 5879 359 5908 ,
389 5842 489 5895 hoc
516 5847 616 5909 est,
652 5844 874 5897 homine
899 5836 1594 5913 Dominieoﬁaceipiendum
1622 5854 1713 5912 est,

1820 5847 2063 5913 scripsit.
