3900 6406
547 352 651 410 647

545 457 603 509 Si
644 468 780 521 ergo
809 454 881 507 de
908 453 1019 507 hoc
1045 452 1200 518 ligno
1232 460 1469 502 sumens
1497 448 1557 500 in
1586 454 1869 523 internum
1898 447 2139 523 viveret,
2162 451 2223 523 Α

537 520 741 581 merito
754 527 908 591 ligno
924 525 1180 576 Christus
1196 524 1570 585 comparatur,
1588 521 1685 583 qui
1701 522 1789 571 est
1803 520 1966 570 cibus
1978 520 2140 591 vitae,

548 612 665 665 quo
698 590 964 664 quisquis
995 595 1268 656 vescitur,
1300 592 1419 644 vita
1446 591 1602 643 vivet
1628 596 1686 643 et
1711 604 1828 642 non
1851 590 2138 665 morietur.

541 662 694 724 Solet
716 662 910 722 autem
935 668 991 719 in
1012 666 1303 730 Scriptura
1319 676 1481 716 sacra
1493 675 1769 727 aquarum
1785 663 2017 715 nomine
2031 662 2139 714 ali-

540 744 767 808 quando
793 740 1037 807 populus
1065 737 1374 802 designari,
1405 737 1554 788 sicut
1568 736 1772 800 legitur
1784 736 1845 808 in
1862 735 2141 808 Apocalyf

538 805 643 880 psi,
676 813 771 864 ubi
794 805 901 877 per
923 811 1193 875 angelum
1219 808 1428 860 dicitur
1453 822 1465 857 ε
1496 812 1678 870 Aquas
1700 807 1914 865 multa,
1944 805 2137 880 populi

538 877 704 937 inulti
728 888 865 935 sunt
886 883 1066 946 (Apoc.
1096 880 1223 942 17.).
1253 881 1544 930 Decursus
1572 891 1704 929 vero
1728 890 2005 941 aquarum
2032 877 2138 941 (Ea:

538 956 858 1020 Augustino)
903 953 1189 1018 signiﬁcat
1215 952 1441 1016 lapsum
1472 951 1571 1014 qui
1599 950 1665 1001 ﬁt
1690 962 1790 1014 per
1818 954 2134 1013 peccatum.

539 1030 711 1080 Recte
734 1039 867 1091 ergo
890 1027 1172 1077 Dominus
1199 1036 1368 1075 secus
1384 1023 1666 1074 decursus
1680 1034 1959 1085 aquarum
1976 1020 2137 1086 plano

538 1103 692 1151 tatus
729 1111 859 1151 esse
896 1095 1266 1159 describitur,
1307 1095 1443 1158 quia
1479 1094 1627 1145 inter
1663 1093 1932 1145 homines
1971 1093 2137 1144 ﬂuxu

538 1170 899 1223 mortalitatis
936 1174 995 1222 et
1030 1167 1247 1234 peccati
1278 1166 1643 1218 decurrentes
1673 1165 1833 1217 nasci
1863 1165 2135 1229 dignatus

535 1248 643 1295 est.
672 1242 779 1305 Qui
796 1247 1070 1305 tanquam
1085 1240 1307 1304 lignum
1326 1251 1425 1303 per
1445 1238 1577 1289 vitae
1592 1237 1909 1288 novitatem
1927 1236 2131 1289 viruit:

532 1326 633 1379 per
653 1326 804 1366 nova
827 1314 1001 1364 verba
1026 1311 1190 1375 quasi
1216 1323 1371 1362 nova
1396 1309 1529 1361 folia
1558 1309 1825 1359 immisit:
1850 1321 1945 1372 per
1960 1308 2134 1360 mira-

533 1386 663 1436 cula
690 1384 908 1445 ﬂoruit,
940 1383 1340 1434 remissionem
1370 1380 1630 1433 omnium
1659 1384 2045 1444 peccatorum,
2078 1385 2136 1432 et

531 1458 712 1509 vitam
736 1460 1009 1507 aeternam
1029 1453 1373 1519 prmstando,
1394 1452 1616 1503 fructus
1636 1451 1809 1503 dedit.
1832 1453 1981 1502 Bene
1998 1464 2139 1523 ergo

531 1528 817 1591 subditur,
842 1526 994 1590 quod
1024 1526 1275 1577 fructum
1302 1536 1475 1575 suum
1503 1524 1662 1574 dabit
1677 1524 1734 1573 in
1753 1526 2007 1586 tempore
2026 1535 2134 1575 suo

538 1599 606 1665 (1.
634 1600 795 1650 Joan.
827 1596 919 1661 2.).
947 1600 1026 1649 De
1053 1609 1167 1661 quo
1195 1601 1449 1661 tempore
1473 1600 1529 1646 et
1553 1594 1743 1645 fructu
1768 1607 1869 1658 per
1894 1594 2134 1646 Paulum

532 1669 738 1723 dicitur
768 1684 782 1721 :
820 1671 1131 1733 Postquam
1162 1668 1318 1720 venit
1345 1666 1633 1731 plenitudo
1659 1667 1948 1730 temporis,
1977 1666 2134 1717 misit

532 1744 686 1794 Deus
711 1740 915 1793 Filium
939 1753 1112 1792 suum
1136 1739 1198 1791 in
1221 1739 1405 1799 terris,
1432 1738 1650 1789 factum
1676 1750 1748 1789 ex
1771 1736 2025 1799 muliere,
2053 1737 2137 1788 fa-

1558 306 1565 313 ‘
1595 347 1862 400 RUFINO
1899 342 2360 398 PRESBYTERO
2394 339 2829 393 ADSCRIPTUS
3783 338 3868 393 64$

2242 444 2458 506 folium,
2488 442 2544 493 id
2561 446 2651 493 est
2667 441 2909 493 verbum
2937 449 3053 490 non
3082 436 3328 490 deﬂuat:
3364 438 3491 503 ipse
3515 438 3580 491 in
3604 450 3868 504 evange-

2238 516 2314 568 lio
2330 515 2703 572 demonstrat,
2738 513 2831 562 ubi
2863 510 2974 562 ait:
3004 510 3223 561 Caelum
3251 514 3308 561 et
3331 514 3480 562 terra
3507 512 3867 563 transibunt

2238 588 2416 640 verba
2443 590 2635 637 autem
2675 595 2806 635 mea
2846 594 2965 634 non
3008 582 3292 633 transient
3332 582 3546 643 (Matth.
3581 580 3705 646 24;
3774 585 3868 634 ιω

2237 657 2370 722 21.).
2400 660 2469 709 Et
2486 658 2532 708 si
2563 656 2715 708 enim
2746 667 2927 707 sonus
2958 654 3268 706 verborum
3304 658 3578 717 transeat,
3622 668 3700 707 ea
3742 670 3868 720 qua

2238 731 2431 783 verbis
2458 729 2814 793 exprimitur,
2844 726 3131 778 sententia
3156 725 3442 791 perdurat.
3473 728 3542 778 Et
3569 727 3868 793 quicquid

2238 815 2377 854 voce
2410 801 2664 853 veritatis
2689 799 2913 859 dicitur,
2943 799 3065 850 sive
3087 798 3147 849 in
3175 800 3342 862 Lege,
3372 799 3493 850 sive
3520 799 3584 850 in
3602 800 3868 865 Prophe-

2238 874 2330 937 tis,
2358 873 2481 923 sive
2504 872 2563 922 in
2589 872 2914 934 Evangelia,
2944 870 3068 921 sive
3094 868 3154 919 in
3171 869 3513 934 Apostolicis
3530 869 3728 932 libris,
3754 872 3868 923 sive

2236 946 2409 996 etiam
2437 956 2535 1007 per
2558 955 2819 1006 quosque
2848 941 3144 1006 religiosos
3173 958 3185 990 :
3223 946 3410 993 totum
3434 954 3536 1006 per
3559 944 3868 1006 operatio-

2234 1028 2369 1068 nem
2397 1014 2819 1077 adimplebitur.
2854 1014 3016 1065 Unde
3054 1013 3336 1077 scriptum
3366 1018 3471 1072 est,
3496 1013 3620 1065 iota
3654 1028 3868 1075 unum,

2233 1093 2333 1140 aut
2357 1100 2505 1138 unus
2530 1099 2675 1150 apex
2699 1097 2817 1137 non
2842 1084 3155 1149 praeteribit
3170 1085 3240 1137 de
3262 1086 3425 1149 Lege,
3445 1085 3635 1138 donec
3654 1088 3868 1138 omnia

2234 1159 2376 1210 ﬁant
2414 1158 2618 1223 (Matth.
2660 1156 2725 1221 5;
2769 1158 2880 1207 Luc
2929 1154 3059 1219 24.).
3094 1158 3164 1208 Et
3191 1156 3328 1220 quia
3356 1158 3561 1221 potens
3584 1157 3655 1210 in
3686 1170 3868 1223 opere

2234 1236 2293 1284 et
2315 1242 2577 1282 sermone
2593 1228 2853 1280 Christus
2870 1224 3078 1280 dicitur
3093 1228 3236 1293 (ipse
3253 1228 3409 1280 enim
3422 1233 3516 1281 est
3534 1228 3638 1281 Dei
3660 1230 3861 1282 virtus

2234 1308 2293 1354 et
2321 1302 2418 1353 Dei
2446 1302 2721 1365 sapientia
2754 1300 2821 1362 τι.
2855 1299 2975 1349 Cor.
3008 1298 3126 1363 2.)),
3154 1301 3358 1351 merito
3380 1299 3453 1351 de
3478 1302 3611 1365 ipso
3643 1302 3864 1353 subdi-

2236 1379 2356 1425 tur:
2377 1374 2441 1421 Et
2458 1373 2647 1421 omnia
2664 1386 2997 1435 quotcunque
3010 1372 3184 1433 faciet,
3204 1370 3702 1436 prospeiubuntur.
3728 1374 3863 1425 Uni-

2233 1445 2464 1509 genitus
2498 1442 2789 1494 Deir‘ilius
2818 1443 2877 1493 in
2905 1454 3077 1493 carne
3112 1444 3348 1495 veniens
3374 1444 3555 1506 (Joan.
3583 1444 3687 1509 1.),
3720 1447 3864 1508 quia

2233 1530 2403 1568 verus
2432 1518 2581 1567 Deus
2607 1520 2663 1567 et
2688 1527 2861 1565 verus
2889 1516 3074 1566 Homo
3102 1514 3310 1576 extitit,
3336 1514 3449 1566 alia
3463 1518 3528 1565 ut
3545 1516 3737 1579 Deus,
3758 1518 3867 1567 alia

2233 1594 2299 1640 ut
2326 1590 2529 1648 Homo,
2562 1591 2620 1638 et
2653 1586 2851 1638 docuit
2872 1591 2927 1638 et
2956 1586 3106 1637 fecit.
3140 1585 3243 1638 Sed
3268 1586 3419 1650 quod
3446 1585 3600 1649 fecit,
3625 1594 3741 1640 aut
3771 1589 3861 1639 do-

2233 1661 2379 1722 cuit,
2419 1664 2484 1710 ut
2525 1660 2697 1719 Deus,
2742 1657 2907 1708 nobis
2950 1656 3161 1722 profuit
3192 1658 3263 1708 ad
3294 1662 3444 1709 recte
3474 1658 3861 1711 credendum.

2236 1730 2397 1793 Quod
2431 1744 2564 1783 vero
2598 1735 2659 1781 ut
2688 1729 2874 1781 Homo
2895 1768 2908 1792 ,
2938 1727 3149 1793 profuit
3171 1729 3338 1781 nobis
3364 1729 3437 1781 ad
3463 1735 3625 1782 recte
3657 1731 3865 1784 viven-

530 1811 684 1899 .°“".“
707 1811 960 1899 5“.b.le§‘?
987 1826 999 1862 ⁵
1027 1816 1241 1899 “P3”:
1261 1808 1481 1899 (ίαὲβιὲδ
1499 1810 1814 1899 1938??“
1832 1808 2134 1899 τθίξίωεῖτθί
2163 1826 2216 1899 Β
2241 1801 2743 1899 ‘3“?L..l.‘”'ilf';i‘f§
2764 1800 3655 1899 .ei???233?..912‘f351fﬁ
3674 1804 3864 1899 “in”

534 1885 726 1949 (ιταιαι.
757 1883 851 1946 4.).
883 1884 1029 1933 illnc
1055 1882 1301 1933 Abrahae
1327 1881 1544 1931 dictum
1569 1885 1675 1931 est.
1702 1883 1768 1930 In
1794 1881 2008 1930 semine
2034 1885 2133 1932 tuo

532 1955 942 2007 benedicentur
969 1966 1171 2005 omnes
1199 1956 1401 2016 gentes
1438 1954 1583 2014 (Gen.
1611 1950 1736 2013 32.).
1768 1952 1892 2002 Non
1916 1952 2052 2002 dicit
2076 1954 2134 2003 in

530 2027 865 2088 seminibus,
896 2026 1059 2088 quasi
1084 2025 1145 2074 in
1177 2023 1395 2083 multis,
1418 2022 1516 2072 sed
1534 2025 1594 2073 in
1611 2023 1828 2073 semine
1846 2027 1961 2082 tuo,
1980 2023 2133 2086 quod

531 2102 618 2151 est
658 2096 917 2148 Christus
947 2096 1127 2161 (Hebr.
1160 2094 1285 2157 11.),
1318 2093 1417 2157 qui
1446 2106 1546 2157 per
1579 2094 1946 2157 semetipsum
1978 2094 2133 2158 dicit,

535 2172 650 2234 Ego
676 2182 807 2220 sum
832 2168 944 2225 via,
966 2168 1173 2220 veritas
1192 2168 1249 2217 et
1270 2166 1389 2218 vita
1403 2165 1576 2228 (Joan.
1599 2164 1722 2227 14.).
1740 2166 1843 2216 Vel
1862 2170 2135 2229 tanquam

530 2244 751 2307 lignum
794 2253 963 2291 secus
1007 2239 1286 2291 decursus
1325 2248 1605 2301 aquarum
1642 2236 1960 2301 plantatur,
2000 2251 2135 2289 cum

531 2312 794 2379 quisquis
826 2313 1023 2376 justus
1061 2324 1163 2375 per
1201 2309 1553 2362 infusionem
1583 2309 1773 2360 Smcti
1806 2309 2047 2373 Spiritus
2077 2311 2136 2361 in

529 2386 765 2439 caritate
792 2383 1078 2435 radicatur
1105 2386 1164 2433 et
1190 2381 1459 2432 fundatur
1481 2380 1645 2444 (Eph.
1670 2379 1762 2443 3.).
1792 2381 1955 2444 Ligni
1980 2382 2134 2433 enim

529 2458 761 2511 nomine
790 2467 945 2519 saepe
978 2454 1064 2505 vir
1089 2455 1308 2518 justus,
1338 2457 1440 2503 aut
1468 2452 1641 2502 etiam
1666 2452 1743 2514 inj
1756 2456 1921 2503 ustus
1946 2454 2137 2517 expri-

532 2528 732 2587 mitur;
772 2526 921 2577 sicut
957 2538 1057 2588 per
1084 2524 1419 2589 prophetam
1442 2522 1651 2573 dicitur
1675 2536 1688 2572 :
1719 2525 1837 2586 Ego
1862 2522 2135 2575 dominus

531 2598 842 2651 humilians
877 2596 1096 2659 lignum
1139 2595 1383 2646 sublime
1412 2593 1617 2656 (Ezech.
1648 2591 1773 2656 22.).
1806 2595 1947 2654 Quia
1970 2598 2137 2654 juxta

531 2669 801 2722 Veritatis
816 2680 1038 2729 vocem,
1057 2667 1245 2719 omnis
1262 2667 1359 2728 qui
1380 2678 1443 2716 se
1462 2667 1690 2727 exaltat,
1711 2665 2132 2718 humiliabitur:

535 2748 593 2795 et
615 2740 713 2806 qui
738 2753 800 2792 se
825 2738 1106 2799 humiliat,
1137 2737 1485 2790 exaltabitur
1511 2737 1717 2801 (Matth.
1744 2735 1839 2797 23;
1860 2739 1986 2788 Luc.
2006 2738 2131 2803 18.).

537 2810 805 2861 Salomon
838 2810 886 2880 7
922 2821 1149 2877 quoque
1177 2809 1256 2860 ait
1286 2823 1298 2859 :
1328 2808 1384 2859 Si
1409 2808 1673 2860 ceciderit
1694 2807 1915 2873 lignum
1930 2809 2002 2861 ad
2019 2814 2137 2861 Au-

538 2886 723 2933 strum
751 2890 852 2937 aut
880 2884 957 2936 ad
985 2880 1357 2947 Aquilonem,
1389 2880 1714 2944 ubicunque
1744 2881 2025 2945 ceciderit,
2058 2882 2137 2935 ibi

535 2953 641 3005 erit
677 2954 887 3017 (Eccles.
929 2955 1056 3019 11.).
1098 2955 1165 3005 In
1195 2952 1286 3003 die
1316 2952 1530 3004 etenim
1559 2952 1761 3003 mortis
1791 2965 1914 3004 suae
1938 2953 2135 3016 justus

531 3025 605 3076 ad
628 3030 903 3079 Austrum
928 3027 1098 3087 cadit,
1123 3028 1389 3089 peccator
1414 3023 1488 3075 ad
1515 3023 1858 3086 Aquilonem
1886 3038 1898 3074 :
1927 3027 2064 3088 quia
2078 3031 2137 3079 et

525 3096 722 3161 justus
746 3111 845 3164 per
869 3104 1145 3152 fervorem
1169 3096 1363 3149 Sancti
1391 3096 1639 3160 Spiritus
1655 3094 1728 3147 ad
1743 3095 1955 3159 gaudia
1970 3097 2133 3148 duci-

528 3171 639 3231 tur,
666 3175 723 3221 et
743 3176 1006 3235 peccator
1029 3182 1162 3221 cum
1185 3172 1448 3231 apostata
1470 3166 1675 3231 angelo
1702 3169 1817 3231 (qui
1842 3167 2006 3229 dixit,
2037 3170 2133 3221 Se-

533 3240 679 3293 debo
720 3243 780 3293 in
818 3248 1014 3295 monte
1052 3239 1384 3293 testamenti
1420 3238 1481 3289 in
1518 3237 1793 3291 lateribus
1832 3240 2131 3303 Aquilonis

541 3312 661 3375 Usa.
689 3311 815 3377 14.1)
840 3314 899 3365 in
923 3312 1127 3378 frigido
1152 3310 1321 3364 corde
1340 3322 1448 3363 suo
1464 3310 1817 3374 reprobatur.
1837 3312 1941 3363 Per
1954 3324 2134 3375 aquas

538 3397 672 3436 vero
697 3385 888 3436 Sancti
912 3386 1154 3450 Spiritus
1169 3384 1354 3448 gratia
1369 3382 1515 3434 solet
1529 3382 1831 3447 designari.
1854 3383 2016 3435 Unde
2032 3398 2134 3437 ve-

536 3456 675 3507 ritas
698 3457 780 3508 ait
805 3475 816 3507 :
846 3458 902 3509 Si
927 3458 1057 3522 quis
1084 3458 1223 3520 sitit,
1251 3455 1446 3508 veniat
1466 3455 1539 3505 ad
1563 3467 1674 3516 me,
1700 3459 1759 3507 et
1782 3454 2132 3520 bibat(.loan.

536 3527 626 3591 7.).
654 3530 741 3591 Et,
764 3530 873 3591 Qui
896 3530 1099 3581 biberit
1122 3540 1197 3580 ex
1221 3539 1373 3591 aqua
1398 3538 1575 3590 quam
1599 3539 1705 3590 ego
1727 3526 1820 3586 do,
1847 3540 1963 3579 non
1978 3529 2135 3582 sitiet

534 3598 595 3650 in
618 3605 901 3653 mternum
924 3601 1103 3665 (Joan.
1131 3600 1227 3662 4.).
1254 3598 1441 3662 Hujus
1467 3611 1636 3662 aqua)
1662 3599 1987 3663 irrigatione
2011 3613 2132 3665 agi-

537 3674 646 3732 tur,
674 3675 740 3723 ut
763 3672 958 3724 anima
981 3671 1165 3723 fidelis
1187 3682 1288 3735 per
1312 3670 1663 3722 viriditatem
1687 3670 1817 3721 ﬁdei
1843 3676 1900 3722 et
1925 3674 2046 3736 spei
2071 3674 2130 3725 in

535 3743 777 3797 Domino
798 3744 1079 3808 proﬁciat,
1106 3747 1283 3806 atque
1309 3741 1371 3793 in
1396 3741 1629 3793 caritate
1653 3742 1834 3806 ipsius
1860 3743 1978 3795 ﬁxa
2002 3757 2128 3808 per-

531 3820 778 3868 maneat.
803 3818 873 3867 Et
894 3816 1029 3880 quia
1053 3816 1259 3867 caritas
1275 3826 1578 3877 nunquam
1594 3814 1777 3867 otiosa
1804 3819 1895 3866 est
1914 3816 2131 3880 (opera-

533 3891 626 3938 tur
648 3887 798 3939 enim
820 3900 1032 3953 magna
1055 3888 1103 3939 si
1128 3889 1255 3951 est),
1283 3891 1437 3938 recte
1463 3884 1683 3937 dicetur
1708 3887 1861 3950 quod
1877 3888 2130 3941 fructum

532 3971 704 4011 suum
719 3960 952 4012 dabitin
968 3965 1219 4024 tempore
1236 3971 1359 4011 suo.
1378 3960 1445 4009 In
1460 3958 1569 4009 hoc
1587 3962 1840 4023 tempore
1856 3961 2128 4023 praesenti

530 4028 781 4083 fructum
797 4044 972 4084 suum
985 4033 1126 4084 dant
1139 4031 1304 4084 electi
1317 4048 1328 4080 :
1348 4031 1486 4095 quia
1498 4031 1715 4082 bonum
1727 4034 1879 4094 quod
1893 4032 2123 4097 faciunt,

530 4103 582 4153 ei
606 4104 929 4157 attribuunt
950 4117 986 4156 a
1009 4116 1123 4168 quo
1150 4103 1282 4155 facti
1309 4106 1462 4154 sunt.
1492 4101 1596 4153 Vel
1611 4102 1860 4156 fructum
1878 4116 2050 4155 suum
2068 4107 2127 4157 in

532 4179 782 4238 tempore
815 4188 922 4228 suo
949 4176 1102 4239 dare,
1120 4180 1211 4227 est
1228 4188 1326 4240 per
1340 4175 1490 4226 hanc
1512 4176 1696 4225 vitam
1718 4180 1931 4227 aeterno
1945 4177 2127 4240 judici

530 4257 702 4309 opera
728 4258 837 4299 sua
860 4251 1226 4312 praesentare.
1258 4245 1420 4297 Unde
1444 4257 1545 4310 per
1571 4245 2006 4299 similitudinem
2031 4260 2125 4313 pa-

530 4316 633 4368 tris
654 4316 899 4370 familias
920 4330 956 4370 a
980 4317 1232 4383 quodam
1246 4316 1472 4376 dicitur,
1489 4316 1750 4375 Domine,
1770 4318 2023 4383 quinque
2040 4326 2126 4371 ta-

525 4386 681 4441 lenta
697 4389 977 4443 tradidisti
992 4390 1129 4442 mihi
1138 4428 1150 4452 ,
1164 4403 1294 4442 ecce
1305 4388 1417 4440 alia
1426 4389 1679 4453 quinque
1692 4402 1719 4440 s
1728 4390 2123 4454 uperlucratus

529 4473 663 4513 sum
686 4462 895 4525 (Matth.
921 4461 1047 4527 25.).
1076 4464 1160 4513 Ex
1187 4463 1399 4527 quibus
1418 4462 1606 4514 verbis
1624 4462 1787 4515 valde
1802 4463 2125 4516 notandum

529 4537 641 4595 est,
694 4535 830 4597 quia
870 4536 1233 4599 omnipotens
1277 4536 1431 4585 Deus
1449 4534 1723 4598 quicquid
1739 4536 1908 4586 nobis
1937 4537 1999 4586 in
2014 4535 2124 4588 hac

526 4604 650 4656 vita
677 4605 893 4670 tribuit,
921 4611 1126 4658 mutuo
1154 4607 1269 4668 dat,
1303 4612 1361 4659 et
1386 4619 1519 4659 cum
1542 4606 1702 4659 lucro
1726 4606 1981 4670 requirit.
2011 4609 2123 4659 Nec

2241 1887 2600 1938 quaecunque
2618 1873 2803 1933 faciet,
2821 1886 2953 1936 pros
2960 1876 3322 1937 perabuntur.
3344 1873 3453 1925 Sed
3471 1874 3733 1927 fortasse
3752 1888 3864 1926 non

2231 1947 2478 1996 creditur
2504 1957 2763 2008 prospere
2793 1946 2981 2005 egisse
3007 1961 3017 1991 :
3049 1944 3279 2007 quando
3306 1956 3340 1995 a
3364 1944 3589 1996 Judaais
3629 1952 3859 2011 captus,

2230 2016 2461 2079 ligatus,
2488 2015 2824 2078 ﬁagellatus,
2862 2014 2915 2081 8
2950 2016 3520 2077 crucifixus,occisus
3558 2022 3658 2068 est
3681 2019 3858 2080 (Joon.

2234 2087 2355 2148 18.).
2386 2090 2567 2138 Immo
2593 2092 2727 2137 tunc
2755 2098 3020 2150 prospere
3048 2087 3179 2150 egit,
3201 2087 3335 2150 quia
3352 2091 3534 2139 morte
3553 2100 3673 2139 sua
3702 2102 3855 2140 mor-

2233 2164 2287 2211 te
2297 2173 2347 2210 :n
2364 2164 2618 2211 nostram
2638 2158 2940 2210 destruxit.
2962 2159 3075 2209 Nec
3089 2157 3396 2222 profuisset
3407 2158 3569 2210 nasci
3581 2160 3640 2211 in
3666 2172 3856 2221 carne,

2234 2232 2280 2282 si
2328 2245 2447 2283 non
2486 2230 2818 2294 contigisset
2856 2230 3001 2282 mori
3031 2235 3088 2281 et
3119 2242 3434 2295 resurgere.
3465 2232 3537 2282 Et
3567 2230 3729 2283 mira
3754 2233 3859 2283 Do-

2234 2304 2372 2354 mini
2398 2302 2770 2366 dispositione
2786 2306 2980 2353 .ictum
2997 2307 3103 2365 est,
3120 2306 3188 2353 ut
3203 2307 3259 2354 et
3274 2302 3461 2354 Judaei
3482 2302 3851 2355 voluntatem

2234 2388 2401 2426 suam
2428 2375 2489 2425 in
2519 2377 2809 2425 Christum
2832 2374 3151 2438 implerent,
3181 2379 3239 2426 et
3264 2375 3470 2425 Christi
3505 2376 3845 2435 consilium,

2234 2446 2387 2511 quod
2404 2447 2683 2511 putabant
2698 2446 3009 2507 destruere,
3029 2446 3378 2510 perlicerent.
3401 2446 3505 2497 Sed
3518 2446 3656 2498 hac
3674 2450 3849 2500 verba

2234 2530 2367 2582 quae
2403 2519 2472 2569 de
2491 2519 2676 2581 capite
2702 2518 2855 2569 dicta
2881 2523 3033 2577 sunt,
3060 2517 3234 2569 etiam
3259 2518 3528 2569 membris
3557 2518 3693 2582 ejus
3716 2531 3852 2571 con-

2233 2603 2434 2655 gruere
2468 2594 2728 2653 possunt.
2755 2590 3024 2653 Quisquis
3042 2589 3193 2641 enim
3211 2590 3325 2641 Deo
3348 2589 3596 2654 perfecte
3623 2592 3845 2643 servire

2234 2663 2603 2726 concupiscit,
2634 2674 2751 2712 non
2775 2660 2965 2713 solum
2990 2673 3176 2726 Opere,
3205 2661 3305 2713 sed
3332 2666 3391 2713 et
3417 2662 3594 2714 verbo
3612 2664 3846 2726 esseju-

2235 2739 2363 2785 stus
2386 2735 2617 2797 appetit.
2639 2733 2874 2784 Dicatur
2898 2746 3032 2797 ergo
3061 2733 3131 2784 de
3146 2732 3399 2797 quolibet
3413 2733 3664 2798 perfecto
3686 2734 3844 2786 viro:

2234 2806 2301 2855 Et
2324 2805 2519 2869 folium
2543 2806 2655 2867 ejus
2680 2820 2791 2854 non
2816 2806 3019 2868 deﬂuat,
3038 2805 3288 2854 etomm'a
3305 2819 3639 2869 quaecunque
3654 2806 3844 2869 faciet,

2233 2876 2694 2943 prosperabuntur
2709 2916 2723 2929 .
2750 2876 2973 2928 Folium
2990 2878 3038 2940 ej
3050 2890 3117 2928 us
3131 2889 3250 2929 non
3265 2877 3662 2941 deﬂuit,cujus
3679 2878 3742 2929 in
3760 2891 3849 2929 ve-

2235 2950 2398 3001 ritate
2427 2962 2616 3000 sermo
2639 2950 2903 3001 consistit
2920 2987 2932 2999 .
2953 2950 3169 3001 Folium
3186 2950 3235 3013 ej
3249 2962 3316 3000 us
3332 2961 3446 3001 non
3463 2949 3687 3013 deﬂuit,
3703 2949 3845 3013 quia

2236 3022 2627 3086 superﬂuitate
2639 3024 2777 3073 verb
2784 3033 2947 3073 orum
2959 3021 3215 3085 linguam
3230 3021 3555 3086 compescit.
3574 3021 3729 3073 Hinc
3742 3034 3843 3085 per

2235 3094 2593 3146 Salomonem
2618 3093 2839 3156 dicitur,
2874 3092 3107 3158 Sapiens
3138 3105 3321 3157 usque
3335 3093 3407 3144 ad
3437 3097 3665 3158 tempus
3682 3095 3840 3144 tace-

2235 3166 2316 3217 bit
2338 3166 2509 3229 (Prov
2527 3203 2541 3217 .
2563 3170 2613 3216 u
2635 3202 2648 3217 .
2668 3167 2682 3229 )
2703 3165 2848 3216 .Psal
2858 3165 3031 3217 mista
3049 3177 3275 3229 quoque
3289 3163 3424 3217 alibi
3463 3164 3559 3226 ait,
3579 3164 3712 3216 Dixi
3742 3177 3838 3215 cu-

2158 3202 2206 3279 C
2234 3202 2480 3290 studiam
2523 3202 2861 3298 viaslmeas,
2900 3202 3342 3302 ne'EEuEEiEaxE
3377 3237 3442 3289 in
3463 3202 3670 3303 “lingua
3706 3249 3836 3289 mea

2236 3308 2383 3373 (Psal
2401 3347 2413 3361 .
2432 3309 2500 3364 38
2519 3312 2549 3373 .)
2572 3349 2584 3361 .
2607 3311 2674 3361 Et
2687 3311 2714 3360 .l
2724 3311 2937 3361 acobus
2952 3309 3213 3374 perhibet
3227 3309 3444 3371 dicens,
3458 3308 3567 3372 Qui
3583 3309 3643 3361 in
3658 3310 3839 3362 verbo

2232 3396 2348 3434 non
2376 3382 2633 3445 oﬁ'endit,
2662 3383 2755 3433 hic
2772 3382 3054 3446 perfectus
3094 3386 3183 3433 est
3215 3382 3331 3447 vir(
3372 3381 3533 3432 Jacob
3551 3419 3565 3433 .
3585 3380 3683 3446 3.)
3706 3419 3721 3433 .
3753 3382 3838 3434 De

2231 3454 2340 3507 hoc
2355 3467 2488 3519 ergo
2506 3456 2751 3519 perfecto
2768 3455 2888 3506 viro
2915 3458 3065 3506 recte
3088 3454 3295 3506 dicitur
3313 3492 3325 3503 .
3375 3454 3443 3503 Et
3477 3454 3665 3504 omnia
3680 3469 3839 3519 qua:-

2230 3541 2456 3591 cunque,
2487 3525 3128 3591 faciet,prosperabuntur
3144 3564 3157 3579 .
3175 3527 3477 3578 Raetorum
3506 3526 3739 3590 quidem
3755 3527 3834 3577 fa-

2231 3602 2322 3652 cta
2358 3602 2494 3651 tunc
2530 3600 3033 3664 prosperabuntur,
3064 3597 3293 3663 quando
3320 3597 3471 3649 mala
3501 3597 3665 3650 bonis
3703 3610 3836 3652 non

2228 3671 2644 3724 admiscentur:
2659 3684 2792 3723 cum
2804 3672 2948 3723 bene
2973 3675 3157 3737 empta
3168 3682 3353 3735 usque
3365 3669 3435 3722 ad
3448 3670 3622 3722 ﬁnem
3634 3669 3836 3735 perdu-

2229 3749 2468 3796 cuntur:
2500 3755 2635 3796 cum
2658 3756 2759 3809 pro
2779 3744 2868 3795 bis
2884 3756 2992 3795 nec
3008 3742 3318 3808 temporale
3333 3741 3575 3803 lucrum,
3595 3753 3703 3794 nec
3720 3748 3834 3795 ter-

2227 3828 2362 3868 rena
2376 3817 2572 3880 gloria,
2589 3829 2695 3867 nec
2711 3816 2872 3869 favor
2887 3816 3207 3880 hominum,
3225 3815 3326 3867 sed
3342 3814 3462 3867 sola
3492 3815 3690 3880 patriae
3720 3827 3832 3868 οω-

2226 3888 2388 3939 lestis
2403 3900 2621 3939 merces
2637 3887 2940 3951 requiritur
2959 3922 2971 3937 .
2989 3887 3098 3939 Sed
3121 3898 3537 3953 nonnunquam
3569 3886 3827 3952 contigit,

2227 3959 2363 4024 quia
2390 3960 2441 4011 is
2467 3960 2568 4024 qui
2582 3960 2824 4025 perfecte
2844 3959 2999 4021 vivit,
3018 3961 3080 4011 in
3097 3961 3273 4013 verbo
3305 3964 3405 4011 aut
3432 3959 3491 4011 in
3517 3970 3685 4024 opere
3712 3959 3818 4011 de—

2226 4032 2436 4096 linquit
2457 4069 2470 4083 .
2494 4034 2605 4083 Nec
2623 4036 2818 4085 tamen
2834 4037 2972 4084 tunc
2991 4033 3231 4085 verbum
3244 4032 3372 4097 ejus
3398 4031 3617 4095 deﬂuit,
3652 4031 3825 4084 etiam

2226 4117 2361 4155 cum
2395 4104 2644 4166 offendit,
2681 4117 2819 4157 nam
2860 4104 3061 4157 tandiu
3097 4103 3264 4170 culpa
3307 4103 3474 4156 corde
3526 4102 3823 4167 retinetur,

2225 4187 2532 4239 quousque
2549 4176 2936 4228 satisfactione
2953 4178 3303 4241 paenitentia
3320 4179 3549 4227 curetur
3566 4211 3581 4226 .
3606 4176 3674 4228 Et
3692 4188 3822 4227 cum

2229 4252 2359 4311 post
2388 4248 2615 4312 culpam
2643 4248 2859 4300 cautior
2881 4248 3026 4300 redit
3038 4248 3111 4299 ad
3119 4248 3425 4312 justitiam,
3441 4245 3596 4310 quod
3618 4246 3821 4300 adver-

2226 4321 2338 4370 sari
2356 4319 2600 4383 videtur,
2618 4325 2913 4383 peccatum
2941 4320 3115 4373 etiam
3145 4324 3541 4385 prosperatur.
3573 4319 3642 4370 Et
3682 4320 3821 4371 miro

2223 4390 2394 4443 modo
2412 4390 2495 4455 ﬁt,
2527 4392 2682 4455 quod
2712 4392 2863 4444 unde
2892 4391 3165 4457 peccavit,
3198 4391 3333 4443 inde
3375 4390 3586 4456 justior
3631 4391 3821 4443 existit

2225 4464 2419 4516 Merito
2436 4476 2570 4529 ergo
2586 4477 2685 4529 per
2702 4464 2942 4517 Paulum
2957 4464 3179 4527 dicitur,
3211 4464 3415 4517 Omnia
3453 4468 3820 4528 cooperantur

2223 4536 2284 4588 in
2294 4537 2511 4588 bonum
2524 4536 2631 4599 his,
2649 4537 2748 4601 qui
2760 4536 3080 4590 secundum
3092 4536 3463 4602 propositum.
3480 4535 3667 4589 vocati
3681 4537 3815 4587 sunt

2224 4609 2415 4660 Sancti
2449 4609 2612 4673 (Rom
2632 4608 2726 4664 .8.
2746 4612 2761 4673 )
2779 4646 2793 4661 .
2812 4609 3017 4662 Onmia
3046 4609 3295 4673 quidem,
3325 4620 3444 4661 non
3479 4607 3665 4659 solum
3685 4620 3812 4672 pro-

527 4675 740 4728 suﬁicit
754 4676 1219 4767 datumservare,
1238 4678 1341 4767 sed
1365 4690 1729 4762 summopere
1745 4678 1882 4729 illud
1900 4684 2123 4767 oportet
2147 4693 2401 4767 Dspera,
2454 4681 2556 4732 sed
2594 4681 2765 4767 etiam
2806 4681 3085 4762 adversa:
3123 4692 3241 4732 non
3281 4681 3467 4767 sqlum
3502 4678 3672 4760 bona,
3709 4677 3811 4767 sed

527 4759 818 4813 quemque
839 4749 1230 4815 multiplicare,
1252 4755 1318 4803 ut
1340 4749 1485 4816 pigri
1502 4751 1651 4803 servi
1668 4751 2011 4803 sententiam
2028 4752 2121 4804 de-
2147 4749 2200 4767 ”
2222 4753 2393 4804 etiam
2417 4757 2597 4805 mala.
2627 4755 2769 4815 Quia
2782 4766 2918 4816 ergo
2946 4755 3191 4819 quisque
3228 4752 3510 4817 perfectus
3537 4750 3643 4814 vir,
3673 4755 3732 4803 et
3761 4752 3813 4803 in

528 4819 775 4886 clinans,
810 4826 1097 4875 mereatur
1135 4823 1332 4877 audire
1362 4822 1512 4888 quod
1540 4822 1654 4875 illic
1682 4822 1889 4874 dicitur
1920 4841 1931 4872 :
1966 4825 2124 4889 Euge

526 4904 690 4943 serve
715 4894 862 4946 bone
885 4900 943 4947 et
963 4894 1167 4958 ﬁdelis,
1194 4896 1330 4960 quia
1358 4909 1532 4960 super
1546 4908 1729 4960 pauca
1743 4896 1899 4947 fuisti
1916 4896 2118 4959 fidelis,

523 4978 695 5029 super
706 4965 889 5020 multa
905 4972 959 5021 te
976 4970 1323 5021 constituam
1340 4986 1353 5017 :
1373 4968 1524 5019 intra
1533 4968 1595 5018 in
1607 4968 1885 5032 gaudium
1896 4969 2123 5021 Domini

524 5037 609 5089 tui
650 5038 869 5101 (Matth.
908 5039 1043 5104 25.).
1087 5042 1234 5105 Ergo
1274 5040 1323 5091 si
1361 5051 1545 5103 pauca
1580 5038 1823 5091 ﬁdeliter
1860 5042 2118 5105 agimus,

522 5107 666 5160 dum
688 5122 869 5175 parvo
897 5112 992 5163 hic
1018 5117 1271 5177 tempore
1297 5111 1548 5162 vivimus
1572 5110 1783 5174 (pauca
1806 5112 1959 5164 enim
1985 5115 2122 5167 sunt

520 5186 730 5234 cuncta
756 5183 1086 5249 temporalia
1099 5183 1173 5234 ad
1188 5181 1569 5235 mternitatem
1585 5195 1781 5248 compa
1789 5189 1930 5249 rata)
1948 5199 2121 5250 super

519 5253 704 5307 multa
727 5258 1160 5308 constituemur.
1189 5255 1364 5305 Multa
1387 5258 1524 5307 sunt
1537 5255 1768 5319 quidem
1787 5257 1934 5309 bona
1948 5258 2121 5310 caele-

518 5324 643 5390 stia,
676 5327 746 5378 de
776 5327 991 5392 quibus
1021 5327 1301 5391 scriptum
1317 5331 1420 5388 est,
1441 5331 1573 5391 quat
1603 5341 1709 5380 nec
1736 5322 1937 5381 oculus
1955 5331 2119 5395 vidit,

520 5399 806 5451 necauris
828 5400 1077 5462 audivit,
1103 5411 1211 5452 nec
1234 5398 1295 5450 in
1321 5412 1418 5451 cor
1441 5399 1691 5452 hominis
1716 5401 2116 5465 ascenderunt,

519 5482 652 5541 quae
699 5473 1043 5538 prmparavit
1095 5474 1250 5523 Deus
1306 5472 1673 5538 diligentibus
1714 5486 1775 5525 se
1817 5474 1962 5538 (Isa.
2007 5473 2113 5541 64;

521 5540 572 5594 1.
604 5542 724 5594 Cor.
755 5541 847 5607 2.).
879 5544 947 5593 Et
972 5543 1168 5607 folium
1191 5543 1304 5608 ejus
1328 5560 1437 5594 non
1463 5546 1676 5608 deﬂuet,
1700 5550 1745 5594 et
1768 5546 1957 5594 omnia
1973 5562 2118 5611 qua:-

519 5628 730 5678 cunque
748 5616 928 5680 [aciet,
950 5616 1429 5681 prosperabuntur.
1450 5620 1555 5669 Per
1570 5618 1767 5669 folium
1782 5617 2117 5683 intelligitur

518 5687 773 5739 verbum.
802 5690 964 5750 Quod
988 5690 1141 5741 enim
1166 5689 1294 5741 folia
1316 5694 1498 5754 agunt
1527 5689 1763 5752 arboris,
1790 5689 1901 5741 hoc
1924 5690 1986 5743 in
2011 5704 2117 5744 no-

518 5755 607 5808 bis
650 5770 750 5822 per
790 5760 1223 5813 similitudinem
1265 5767 1450 5827 agunt
1485 5765 1661 5814 verba
1698 5763 2113 5828 Redemptoris.

516 5828 731 5882 Fructu
746 5832 971 5894 quidem
989 5833 1036 5897 ej
1047 5847 1114 5884 us
1131 5833 1496 5898 spiritualiter
1510 5834 1829 5899 pascimur:
1850 5849 2115 5891 sermone

518 5911 653 5955 vero
680 5901 860 5967 ipsius
887 5916 923 5957 a
949 5903 1106 5961 vitiis
1133 5904 1558 5960 obumbramur.
1592 5907 1888 5969 Quomodo
1916 5916 2113 5964 autem

2220 4824 2508 4876 locutione
2536 4827 2797 4877 maturus
2828 4830 2936 4890 est,
2975 4828 3031 4877 et
3056 4825 3122 4876 in
3162 4824 3489 4888 operatione
3517 4822 3809 4884 discretus,

2221 4896 2445 4950 dicatur
2469 4901 2655 4949 recte:
2684 4896 2751 4946 Et
2780 4897 2979 4961 folium
3006 4897 3121 4961 ejus
3150 4911 3264 4946 non
3305 4895 3508 4959 cie/luet,
3547 4898 3591 4942 et
3629 4896 3809 4943 omnia

2220 4983 2553 5034 quaecunque
2582 4969 2733 5034 facit,
2766 4969 3261 5035 praeparabantur.
3299 4966 3407 5021 Sed
3429 4967 3551 5032 jam
3578 4964 3715 5030 quid
3746 4966 3807 5018 de

2218 5054 2279 5095 re
2283 5042 2478 5106 probis
2494 5042 2621 5106 subj
2631 5045 2824 5106 ungat,
2858 5041 3161 5096 audiamus
3181 5079 3194 5095 .

2281 5114 2314 5169 4
2332 5151 2343 5164 .
2360 5115 2487 5166 Νοη
2509 5115 2586 5165 sic
2609 5116 2789 5179 impii,
2816 5131 2931 5166 non
2966 5116 3043 5166 sic
3062 5155 3077 5169 .
3094 5115 3193 5167 ubi
3220 5112 3473 5180 repetitio
3502 5109 3802 5164 commina-

2219 5186 2297 5239 tio
2332 5190 2437 5247 est,
2464 5200 2532 5239 ac
2564 5187 2613 5239 si
2662 5188 2903 5241 diceret:
2944 5190 3057 5241 Nec
3085 5188 3169 5240 sic
3200 5187 3351 5239 beati
3381 5185 3559 5247 eritis,
3586 5195 3692 5236 nec
3731 5182 3801 5234 sic

2217 5260 2533 5324 prosperari
2547 5262 2822 5325 poteritis,
2842 5261 2944 5311 Sed
2961 5268 3228 5326 tanquam
3242 5260 3436 5324 pulvis,
3455 5271 3611 5322 quem
3641 5254 3800 5321 proﬁc

2216 5332 2285 5381 cit
2305 5338 2541 5383 ventuea
2566 5332 2704 5397 facis
2729 5340 2883 5383 terra
2906 5373 2918 5385 .
2948 5335 3142 5386 Merito
3173 5332 3383 5397 impius
3412 5329 3625 5395 pulveri
3656 5339 3797 5379 com-

2215 5410 2461 5469 paratur,
2493 5406 2631 5470 quia
2656 5408 2912 5472 peccanti
2943 5406 3157 5459 homini
3175 5405 3383 5456 dicitur
3412 5400 3628 5453 :Pulvis
3644 5412 3721 5459 es,
3752 5400 3796 5472 et

2214 5478 2275 5531 in
2290 5478 2581 5544 pulverem
2600 5471 2895 5532 reverteris
2916 5485 2927 5543 (
2946 5479 3056 5530 Gen
3105 5476 3157 5542 3)
3176 5517 3189 5531 .
3207 5476 3311 5540 Qui
3327 5475 3465 5527 dum
3486 5471 3796 5526 mutationi.

2214 5549 2325 5602 bus
2339 5550 2604 5616 agitatur,
2620 5551 2785 5615 quasi
2800 5552 2988 5615 pulvis
3002 5553 3179 5603 vento
3193 5552 3471 5602 movetur.
3486 5548 3659 5609 Quem
3670 5544 3790 5595 dum

2212 5624 2294 5673 ira
2335 5624 2655 5684 conturbat,
2704 5624 2968 5689 superbia
3015 5623 3196 5686 inﬂat,
3228 5634 3378 5675 Vana
3407 5617 3580 5684 gloria
3605 5616 3784 5689 elevat,

2212 5695 2439 5747 luxuria
2456 5698 2711 5757 enervat,
2729 5686 2970 5749 avaritia
2985 5697 3113 5760 subj
3124 5694 3237 5757 icit,
3256 5692 3470 5745 invidia
3485 5686 3787 5747 dividit,tri-

2213 5768 2366 5818 stitia
2382 5769 2690 5831 prosternit
2711 5784 2723 5820 :
2743 5774 2884 5833 quot
2898 5768 3133 5821 tentatio
3143 5780 3279 5818 num
3295 5764 3543 5818 motibus
3555 5765 3783 5833 urgetur,

2212 5827 2473 5903 quasitot
2488 5827 2790 5893 ventorum
2803 5842 3035 5894 ﬂatibus
3045 5840 3237 5905 pulvis
3248 5836 3589 5903 dispergitur
3603 5868 3616 5883 .
3641 5827 3781 5905 Quod

2212 5902 2261 5964 si
2275 5911 2447 5966 facies
2465 5915 2651 5979 terra,
2669 5914 2885 5981 species
2901 5902 3103 5983 patria
3126 5902 3371 5967 caelestis
3397 5907 3663 5975 accipitur
3690 5902 3779 5970 (de
