  <div class='ocr_page' id='page_1' title='image "/cluster/home/n/w/nwhite01/storage/ocr_20150623/21/umn.319510024773153/329.png"; bbox 0 0 3900 6406; ppageno 0'>
   <div class='ocr_carea' id='block_1_1' title="bbox 590 371 690 428">
    <p class='ocr_par' dir='ltr' id='par_1_1' title="bbox 590 371 690 428">
     <span class='ocr_line' id='line_1_1' title="bbox 590 371 690 428; baseline -0.01 0"><span class='ocrx_word' id='word_1_1' title='bbox 590 371 690 428; x_wconf 78' lang='grc'>651</span> 
     </span>
    </p>
   </div>
   <div class='ocr_carea' id='block_1_2' title="bbox 1647 346 3880 411">
    <p class='ocr_par' dir='ltr' id='par_1_2' title="bbox 1647 346 3880 411">
     <span class='ocr_line' id='line_1_2' title="bbox 1647 346 3880 411; baseline 0 -3"><span class='ocrx_word' id='word_1_2' title='bbox 1647 354 1915 409; x_wconf 81' lang='lat' dir='ltr'>RUFINO</span> <span class='ocrx_word' id='word_1_3' title='bbox 1936 356 2390 411; x_wconf 85' lang='lat' dir='ltr'>PRESBYTERO</span> <span class='ocrx_word' id='word_1_4' title='bbox 2415 346 2803 409; x_wconf 77' lang='lat' dir='ltr'>ASCRIPTUS</span> 
     </span>
    </p>
   </div>
   <div class='ocr_carea' id='block_1_3' title="bbox 513 465 3879 547">
    <p class='ocr_par' dir='ltr' id='par_1_3' title="bbox 513 465 3879 547">
     <span class='ocr_line' id='line_1_3' title="bbox 513 465 3879 547; baseline -0.005 -12"><span class='ocrx_word' id='word_1_5' title='bbox 513 508 519 516; x_wconf 95' lang='lat'><strong><em>-</em></strong></span> <span class='ocrx_word' id='word_1_6' title='bbox 587 484 779 535; x_wconf 75' lang='lat' dir='ltr'>dicam</span> <span class='ocrx_word' id='word_1_7' title='bbox 806 478 1123 543; x_wconf 67' lang='lat' dir='ltr'>praeceptum</span> <span class='ocrx_word' id='word_1_8' title='bbox 1134 471 1277 547; x_wconf 69' lang='lat' dir='ltr'>ejus.</span> <span class='ocrx_word' id='word_1_9' title='bbox 1312 471 1447 534; x_wconf 89' lang='lat' dir='ltr'>Ego,</span> <span class='ocrx_word' id='word_1_10' title='bbox 1465 467 1739 547; x_wconf 57' lang='lat' dir='ltr'>inquam,</span> <span class='ocrx_word' id='word_1_11' title='bbox 1766 469 1930 547; x_wconf 70' lang='lat' dir='ltr'>cujus</span> <span class='ocrx_word' id='word_1_12' title='bbox 1956 468 2185 547; x_wconf 63' lang='lat' dir='ltr'>vincula</span> <span class='ocrx_word' id='word_1_13' title='bbox 2209 474 2264 547; x_wconf 78' lang='grc' dir='ltr'><strong>Α</strong></span> <span class='ocrx_word' id='word_1_14' title='bbox 2286 469 2358 547; x_wconf 86' lang='lat' dir='ltr'>ad</span> <span class='ocrx_word' id='word_1_15' title='bbox 2385 467 2818 547; x_wconf 70' lang='lat' dir='ltr'>similitudinem</span> <span class='ocrx_word' id='word_1_16' title='bbox 2847 465 3101 547; x_wconf 73' lang='lat' dir='ltr'>hominis</span> <span class='ocrx_word' id='word_1_17' title='bbox 3126 467 3390 547; x_wconf 62' lang='lat' dir='ltr'>(Philipp.</span> <span class='ocrx_word' id='word_1_18' title='bbox 3410 467 3531 547; x_wconf 34' lang='lat'>“2.).</span> <span class='ocrx_word' id='word_1_19' title='bbox 3558 466 3635 547; x_wconf 70' lang='lat' dir='ltr'>Et</span> <span class='ocrx_word' id='word_1_20' title='bbox 3655 466 3821 517; x_wconf 83' lang='lat' dir='ltr'>unde</span> 
     </span>
    </p>
   </div>
   <div class='ocr_carea' id='block_1_4' title="bbox 582 538 3880 611">
    <p class='ocr_par' dir='ltr' id='par_1_4' title="bbox 582 538 3880 611">
     <span class='ocr_line' id='line_1_4' title="bbox 582 538 3880 611; baseline -0.004 -8"><span class='ocrx_word' id='word_1_21' title='bbox 582 554 665 608; x_wconf 83' lang='lat' dir='ltr'>illi</span> <span class='ocrx_word' id='word_1_22' title='bbox 694 538 1033 611; x_wconf 79' lang='lat' dir='ltr'>dirumpere,</span> <span class='ocrx_word' id='word_1_23' title='bbox 1052 549 1110 595; x_wconf 93' lang='lat' dir='ltr'>et</span> <span class='ocrx_word' id='word_1_24' title='bbox 1123 544 1331 607; x_wconf 88' lang='lat' dir='ltr'>jugum</span> <span class='ocrx_word' id='word_1_25' title='bbox 1354 539 1776 591; x_wconf 73' lang='lat' dir='ltr'>meditabantur</span> <span class='ocrx_word' id='word_1_26' title='bbox 1797 540 2061 603; x_wconf 88' lang='lat' dir='ltr'>abjicere.</span> <span class='ocrx_word' id='word_1_27' title='bbox 2080 542 2187 592; x_wconf 87' lang='lat' dir='ltr'>Per</span> <span class='ocrx_word' id='word_1_28' title='bbox 2209 538 2264 547; x_wconf 81' lang='grc'><strong><em>““</em></strong></span> <span class='ocrx_word' id='word_1_29' title='bbox 2286 542 2359 593; x_wconf 87' lang='lat' dir='ltr'>ad</span> <span class='ocrx_word' id='word_1_30' title='bbox 2391 546 2643 592; x_wconf 81' lang='lat' dir='ltr'>nostram</span> <span class='ocrx_word' id='word_1_31' title='bbox 2677 539 3096 611; x_wconf 86' lang='lat' dir='ltr'>humanitatem</span> <span class='ocrx_word' id='word_1_32' title='bbox 3126 538 3468 611; x_wconf 82' lang='lat' dir='ltr'>humiliavit,</span> <span class='ocrx_word' id='word_1_33' title='bbox 3506 538 3660 611; x_wconf 79' lang='lat' dir='ltr'>inde</span> <span class='ocrx_word' id='word_1_34' title='bbox 3692 551 3807 611; x_wconf 86' lang='lat' dir='ltr'>nos</span> <span class='ocrx_word' id='word_1_35' title='bbox 3832 543 3880 590; x_wconf 66' lang='lat' dir='ltr'>all</span> 
     </span>
    </p>
   </div>
   <div class='ocr_carea' id='block_1_5' title="bbox 588 611 2184 686">
    <p class='ocr_par' dir='ltr' id='par_1_5' title="bbox 588 611 2184 686">
     <span class='ocr_line' id='line_1_5' title="bbox 588 611 2184 686; baseline -0.01 -7"><span class='ocrx_word' id='word_1_36' title='bbox 588 627 724 679; x_wconf 87' lang='lat' dir='ltr'>Sion</span> <span class='ocrx_word' id='word_1_37' title='bbox 752 622 858 686; x_wconf 79' lang='lat' dir='ltr'>(Ea:</span> <span class='ocrx_word' id='word_1_38' title='bbox 887 614 1230 679; x_wconf 77' lang='lat' dir='ltr'>Augustino),</span> <span class='ocrx_word' id='word_1_39' title='bbox 1262 624 1396 686; x_wconf 64' lang='lat' dir='ltr'>quas</span> <span class='ocrx_word' id='word_1_40' title='bbox 1419 611 1707 686; x_wconf 34' lang='lat' dir='ltr'>specula-tio</span> <span class='ocrx_word' id='word_1_41' title='bbox 1731 611 1956 686; x_wconf 84' lang='lat' dir='ltr'>dicitur,</span> <span class='ocrx_word' id='word_1_42' title='bbox 1985 618 2184 686; x_wconf 82' lang='lat' dir='ltr'>sancta</span> 
     </span>
    </p>
   </div>
   <div class='ocr_carea' id='block_1_6' title="bbox 586 681 2183 750">
    <p class='ocr_par' dir='ltr' id='par_1_6' title="bbox 586 681 2183 750">
     <span class='ocr_line' id='line_1_6' title="bbox 586 681 2183 750; baseline -0.01 -1"><span class='ocrx_word' id='word_1_43' title='bbox 586 681 841 750; x_wconf 85' lang='lat' dir='ltr'>Ecclesia</span> <span class='ocrx_word' id='word_1_44' title='bbox 859 686 1223 749; x_wconf 71' lang='lat' dir='ltr'>intelligitur:</span> <span class='ocrx_word' id='word_1_45' title='bbox 1246 684 1413 746; x_wconf 87' lang='lat' dir='ltr'>cujus</span> <span class='ocrx_word' id='word_1_46' title='bbox 1438 681 1678 733; x_wconf 75' lang='lat' dir='ltr'>intentio</span> <span class='ocrx_word' id='word_1_47' title='bbox 1704 683 1957 744; x_wconf 73' lang='lat' dir='ltr'>quotidie</span> <span class='ocrx_word' id='word_1_48' title='bbox 1968 683 2041 733; x_wconf 91' lang='lat' dir='ltr'>ad</span> <span class='ocrx_word' id='word_1_49' title='bbox 2059 696 2183 746; x_wconf 90' lang='lat' dir='ltr'>spe-</span> 
     </span>
    </p>
   </div>
   <div class='ocr_carea' id='block_1_7' title="bbox 587 753 2182 820">
    <p class='ocr_par' dir='ltr' id='par_1_7' title="bbox 587 753 2182 820">
     <span class='ocr_line' id='line_1_7' title="bbox 587 753 2182 820; baseline -0.01 1"><span class='ocrx_word' id='word_1_50' title='bbox 587 766 891 820; x_wconf 91' lang='lat' dir='ltr'>culandam</span> <span class='ocrx_word' id='word_1_51' title='bbox 931 759 1247 810; x_wconf 83' lang='lat' dir='ltr'>claritatem</span> <span class='ocrx_word' id='word_1_52' title='bbox 1278 756 1381 805; x_wconf 87' lang='lat' dir='ltr'>Dei</span> <span class='ocrx_word' id='word_1_53' title='bbox 1414 753 1662 816; x_wconf 79' lang='lat' dir='ltr'>erigitur.</span> <span class='ocrx_word' id='word_1_54' title='bbox 1690 754 1847 804; x_wconf 87' lang='lat' dir='ltr'>Sicut</span> <span class='ocrx_word' id='word_1_55' title='bbox 1870 756 2182 817; x_wconf 79' lang='lat' dir='ltr'>Apostolus</span> 
     </span>
    </p>
   </div>
   <div class='ocr_carea' id='block_1_8' title="bbox 586 825 2184 891">
    <p class='ocr_par' dir='ltr' id='par_1_8' title="bbox 586 825 2184 891">
     <span class='ocr_line' id='line_1_8' title="bbox 586 825 2184 891; baseline -0.009 0"><span class='ocrx_word' id='word_1_56' title='bbox 586 839 723 891; x_wconf 89' lang='lat' dir='ltr'>dicit</span> <span class='ocrx_word' id='word_1_57' title='bbox 745 855 758 887; x_wconf 90' lang='lat'>:</span> <span class='ocrx_word' id='word_1_58' title='bbox 782 837 900 887; x_wconf 90' lang='lat' dir='ltr'>Nos</span> <span class='ocrx_word' id='word_1_59' title='bbox 916 833 1111 884; x_wconf 89' lang='lat' dir='ltr'>autem</span> <span class='ocrx_word' id='word_1_60' title='bbox 1135 826 1383 879; x_wconf 83' lang='lat' dir='ltr'>revelata</span> <span class='ocrx_word' id='word_1_61' title='bbox 1406 825 1547 876; x_wconf 87' lang='lat' dir='ltr'>facie</span> <span class='ocrx_word' id='word_1_62' title='bbox 1559 825 1796 888; x_wconf 81' lang='lat' dir='ltr'>gloriam</span> <span class='ocrx_word' id='word_1_63' title='bbox 1816 827 2041 877; x_wconf 87' lang='lat' dir='ltr'>Domini</span> <span class='ocrx_word' id='word_1_64' title='bbox 2058 840 2184 889; x_wconf 91' lang='lat' dir='ltr'>spe-</span> 
     </span>
    </p>
   </div>
   <div class='ocr_carea' id='block_1_9' title="bbox 586 896 2182 968">
    <p class='ocr_par' dir='ltr' id='par_1_9' title="bbox 586 896 2182 968">
     <span class='ocr_line' id='line_1_9' title="bbox 586 896 2182 968; baseline -0.011 -4"><span class='ocrx_word' id='word_1_65' title='bbox 586 910 847 963; x_wconf 91' lang='lat' dir='ltr'>culantes</span> <span class='ocrx_word' id='word_1_66' title='bbox 870 904 937 968; x_wconf 67' lang='grc'>(2.</span> <span class='ocrx_word' id='word_1_67' title='bbox 961 904 1081 953; x_wconf 79' lang='lat' dir='ltr'>Cor.</span> <span class='ocrx_word' id='word_1_68' title='bbox 1106 899 1198 964; x_wconf 88' lang='lat'>3.).</span> <span class='ocrx_word' id='word_1_69' title='bbox 1236 901 1420 961; x_wconf 91' lang='lat' dir='ltr'>Quam</span> <span class='ocrx_word' id='word_1_70' title='bbox 1443 896 1758 947; x_wconf 77' lang='lat' dir='ltr'>Ecclesium</span> <span class='ocrx_word' id='word_1_71' title='bbox 1775 901 2032 948; x_wconf 84' lang='lat' dir='ltr'>montem</span> <span class='ocrx_word' id='word_1_72' title='bbox 2051 910 2182 949; x_wconf 92' lang='lat' dir='ltr'>san-</span> 
     </span>
    </p>
   </div>
   <div class='ocr_carea' id='block_1_10' title="bbox 585 968 2182 1042">
    <p class='ocr_par' dir='ltr' id='par_1_10' title="bbox 585 968 2182 1042">
     <span class='ocr_line' id='line_1_10' title="bbox 585 968 2182 1042; baseline -0.009 -7"><span class='ocrx_word' id='word_1_73' title='bbox 585 988 745 1035; x_wconf 90' lang='lat' dir='ltr'>ctum</span> <span class='ocrx_word' id='word_1_74' title='bbox 788 974 1037 1042; x_wconf 87' lang='lat' dir='ltr'>appellat</span> <span class='ocrx_word' id='word_1_75' title='bbox 1069 970 1139 1035; x_wconf 72' lang='lat'>(2.</span> <span class='ocrx_word' id='word_1_76' title='bbox 1167 970 1324 1042; x_wconf 82' lang='lat' dir='ltr'>_Petr.</span> <span class='ocrx_word' id='word_1_77' title='bbox 1352 968 1438 1031; x_wconf 85' lang='grc'>1.),</span> <span class='ocrx_word' id='word_1_78' title='bbox 1476 970 1711 1042; x_wconf 75' lang='lat' dir='ltr'>propter</span> <span class='ocrx_word' id='word_1_79' title='bbox 1728 968 2100 1042; x_wconf 87' lang='lat' dir='ltr'>eminentiam</span> <span class='ocrx_word' id='word_1_80' title='bbox 2124 974 2182 1020; x_wconf 91' lang='lat' dir='ltr'>et</span> 
     </span>
    </p>
   </div>
   <div class='ocr_carea' id='block_1_11' title="bbox 583 1038 2178 1107">
    <p class='ocr_par' dir='ltr' id='par_1_11' title="bbox 583 1038 2178 1107">
     <span class='ocr_line' id='line_1_11' title="bbox 583 1038 2178 1107; baseline -0.009 -1"><span class='ocrx_word' id='word_1_81' title='bbox 583 1038 936 1106; x_wconf 74' lang='lat' dir='ltr'>firmitatem.</span> <span class='ocrx_word' id='word_1_82' title='bbox 965 1047 1146 1107; x_wconf 89' lang='lat' dir='ltr'>Super</span> <span class='ocrx_word' id='word_1_83' title='bbox 1166 1040 1318 1107; x_wconf 85' lang='lat' dir='ltr'>hanc</span> <span class='ocrx_word' id='word_1_84' title='bbox 1343 1051 1477 1102; x_wconf 85' lang='lat' dir='ltr'>ergo</span> <span class='ocrx_word' id='word_1_85' title='bbox 1502 1038 1813 1090; x_wconf 86' lang='lat' dir='ltr'>Ecclesiam</span> <span class='ocrx_word' id='word_1_86' title='bbox 1842 1040 2178 1103; x_wconf 89' lang='lat' dir='ltr'>unigenitus</span> 
     </span>
    </p>
   </div>
   <div class='ocr_carea' id='block_1_12' title="bbox 582 1104 2181 1176">
    <p class='ocr_par' dir='ltr' id='par_1_12' title="bbox 582 1104 2181 1176">
     <span class='ocr_line' id='line_1_12' title="bbox 582 1104 2181 1176; baseline -0.008 -1"><span class='ocrx_word' id='word_1_87' title='bbox 582 1104 687 1176; x_wconf 80' lang='lat' dir='ltr'>Dei</span> <span class='ocrx_word' id='word_1_88' title='bbox 711 1120 892 1172; x_wconf 75' lang='lat' dir='ltr'>Patris</span> <span class='ocrx_word' id='word_1_89' title='bbox 907 1128 1010 1167; x_wconf 79' lang='lat' dir='ltr'>rex</span> <span class='ocrx_word' id='word_1_90' title='bbox 1035 1104 1386 1163; x_wconf 76' lang='lat' dir='ltr'>constitutus</span> <span class='ocrx_word' id='word_1_91' title='bbox 1403 1112 1512 1173; x_wconf 90' lang='lat' dir='ltr'>est,</span> <span class='ocrx_word' id='word_1_92' title='bbox 1526 1121 1642 1159; x_wconf 92' lang='lat' dir='ltr'>non</span> <span class='ocrx_word' id='word_1_93' title='bbox 1660 1113 1724 1159; x_wconf 91' lang='lat' dir='ltr'>ut</span> <span class='ocrx_word' id='word_1_94' title='bbox 1752 1116 1971 1161; x_wconf 89' lang='lat' dir='ltr'>terreno</span> <span class='ocrx_word' id='word_1_95' title='bbox 1982 1113 2181 1174; x_wconf 80' lang='lat' dir='ltr'>regnet</span> 
     </span>
    </p>
   </div>
   <div class='ocr_carea' id='block_1_13' title="bbox 580 1181 2180 1260">
    <p class='ocr_par' dir='ltr' id='par_1_13' title="bbox 580 1181 2180 1260">
     <span class='ocr_line' id='line_1_13' title="bbox 580 1181 2180 1260; baseline -0.013 -11"><span class='ocrx_word' id='word_1_96' title='bbox 580 1193 838 1260; x_wconf 82' lang='lat' dir='ltr'>imperio,</span> <span class='ocrx_word' id='word_1_97' title='bbox 860 1187 963 1240; x_wconf 80' lang='lat' dir='ltr'>sed</span> <span class='ocrx_word' id='word_1_98' title='bbox 988 1183 1224 1237; x_wconf 84' lang='lat' dir='ltr'>caelesti.</span> <span class='ocrx_word' id='word_1_99' title='bbox 1237 1182 1331 1260; x_wconf 75' lang='lat' dir='ltr'>Ait</span> <span class='ocrx_word' id='word_1_100' title='bbox 1351 1182 1505 1260; x_wconf 77' lang='lat' dir='ltr'>enim</span> <span class='ocrx_word' id='word_1_101' title='bbox 1528 1181 1589 1231; x_wconf 92' lang='lat' dir='ltr'>in</span> <span class='ocrx_word' id='word_1_102' title='bbox 1613 1181 1865 1260; x_wconf 70' lang='lat' dir='ltr'>quodam</span> <span class='ocrx_word' id='word_1_103' title='bbox 1887 1182 2012 1260; x_wconf 42' lang='lat' dir='ltr'>lonco</span> <span class='ocrx_word' id='word_1_104' title='bbox 2032 1185 2180 1260; x_wconf 85' lang='lat' dir='ltr'>:_Re-</span> 
     </span>
    </p>
   </div>
   <div class='ocr_carea' id='block_1_14' title="bbox 580 1251 2177 1333">
    <p class='ocr_par' dir='ltr' id='par_1_14' title="bbox 580 1251 2177 1333">
     <span class='ocr_line' id='line_1_14' title="bbox 580 1251 2177 1333; baseline -0.009 -14"><span class='ocrx_word' id='word_1_105' title='bbox 580 1251 767 1333; x_wconf 72' lang='lat' dir='ltr'>gnum</span> <span class='ocrx_word' id='word_1_106' title='bbox 788 1251 987 1314; x_wconf 88' lang='lat' dir='ltr'>meum</span> <span class='ocrx_word' id='word_1_107' title='bbox 1008 1267 1125 1333; x_wconf 85' lang='lat' dir='ltr'>non</span> <span class='ocrx_word' id='word_1_108' title='bbox 1148 1254 1331 1333; x_wconf 77' lang='lat' dir='ltr'>est_de</span> <span class='ocrx_word' id='word_1_109' title='bbox 1353 1253 1462 1305; x_wconf 89' lang='lat' dir='ltr'>hoc</span> <span class='ocrx_word' id='word_1_110' title='bbox 1491 1252 1906 1333; x_wconf 37' lang='lat' dir='ltr'>mundo-(toan.</span> <span class='ocrx_word' id='word_1_111' title='bbox 1925 1251 2177 1333; x_wconf 66' lang='lat' dir='ltr'>6.).Ergo</span> 
     </span>
    </p>
   </div>
   <div class='ocr_carea' id='block_1_15' title="bbox 584 1323 2178 1399">
    <p class='ocr_par' dir='ltr' id='par_1_15' title="bbox 584 1323 2178 1399">
     <span class='ocr_line' id='line_1_15' title="bbox 584 1323 2178 1399; baseline -0.009 -9"><span class='ocrx_word' id='word_1_112' title='bbox 584 1323 676 1391; x_wconf 66' lang='grc' dir='ltr'>δεῖ,</span> <span class='ocrx_word' id='word_1_113' title='bbox 705 1344 880 1399; x_wconf 85' lang='lat' dir='ltr'>supra</span> <span class='ocrx_word' id='word_1_114' title='bbox 899 1327 1205 1382; x_wconf 90' lang='lat' dir='ltr'>mundum.</span> <span class='ocrx_word' id='word_1_115' title='bbox 1229 1327 1299 1399; x_wconf 72' lang='lat' dir='ltr'>Et</span> <span class='ocrx_word' id='word_1_116' title='bbox 1321 1336 1455 1376; x_wconf 93' lang='lat' dir='ltr'>cum</span> <span class='ocrx_word' id='word_1_117' title='bbox 1478 1336 1611 1374; x_wconf 90' lang='lat' dir='ltr'>eum</span> <span class='ocrx_word' id='word_1_118' title='bbox 1638 1323 1958 1399; x_wconf 79' lang='lat' dir='ltr'>voluissent</span> <span class='ocrx_word' id='word_1_119' title='bbox 1979 1338 2178 1399; x_wconf 84' lang='lat' dir='ltr'>rapere</span> 
     </span>
    </p>
   </div>
   <div class='ocr_carea' id='block_1_16' title="bbox 581 1395 2175 1472">
    <p class='ocr_par' dir='ltr' id='par_1_16' title="bbox 581 1395 2175 1472">
     <span class='ocr_line' id='line_1_16' title="bbox 581 1395 2175 1472; baseline -0.009 -10"><span class='ocrx_word' id='word_1_120' title='bbox 581 1410 643 1461; x_wconf 92' lang='lat' dir='ltr'>in</span> <span class='ocrx_word' id='word_1_121' title='bbox 665 1395 879 1472; x_wconf 77' lang='lat' dir='ltr'>regem,</span> <span class='ocrx_word' id='word_1_122' title='bbox 905 1406 971 1454; x_wconf 93' lang='lat' dir='ltr'>ut</span> <span class='ocrx_word' id='word_1_123' title='bbox 994 1397 1380 1472; x_wconf 88' lang='lat' dir='ltr'>temporaliter</span> <span class='ocrx_word' id='word_1_124' title='bbox 1404 1398 1671 1472; x_wconf 61' lang='lat' dir='ltr'>regnaret</span> <span class='ocrx_word' id='word_1_125' title='bbox 1692 1395 1905 1472; x_wconf 59' lang='lat' dir='ltr'>inibis,</span> <span class='ocrx_word' id='word_1_126' title='bbox 1931 1397 2175 1472; x_wconf 78' lang='lat' dir='ltr'>aufugit,</span> 
     </span>
    </p>
   </div>
   <div class='ocr_carea' id='block_1_17' title="bbox 552 1467 2180 1535">
    <p class='ocr_par' dir='ltr' id='par_1_17' title="bbox 552 1467 2180 1535">
     <span class='ocr_line' id='line_1_17' title="bbox 552 1467 2180 1535; baseline -0.006 -6"><span class='ocrx_word' id='word_1_127' title='bbox 552 1487 640 1534; x_wconf 81' lang='lat' dir='ltr'>.et</span> <span class='ocrx_word' id='word_1_128' title='bbox 668 1467 959 1531; x_wconf 68' lang='lat' dir='ltr'>terrenum</span> <span class='ocrx_word' id='word_1_129' title='bbox 980 1471 1284 1535; x_wconf 89' lang='lat' dir='ltr'>imperium</span> <span class='ocrx_word' id='word_1_130' title='bbox 1304 1470 1541 1531; x_wconf 85' lang='lat' dir='ltr'>respuit.</span> <span class='ocrx_word' id='word_1_131' title='bbox 1578 1468 1720 1530; x_wconf 81' lang='lat' dir='ltr'>Ergo</span> <span class='ocrx_word' id='word_1_132' title='bbox 1745 1467 2005 1520; x_wconf 87' lang='lat' dir='ltr'>Christus</span> <span class='ocrx_word' id='word_1_133' title='bbox 2024 1469 2180 1533; x_wconf 86' lang='lat' dir='ltr'>spiri-</span> 
     </span>
    </p>
   </div>
   <div class='ocr_carea' id='block_1_18' title="bbox 580 1539 2177 1605">
    <p class='ocr_par' dir='ltr' id='par_1_18' title="bbox 580 1539 2177 1605">
     <span class='ocr_line' id='line_1_18' title="bbox 580 1539 2177 1605; baseline -0.009 1"><span class='ocrx_word' id='word_1_134' title='bbox 580 1552 808 1605; x_wconf 88' lang='lat' dir='ltr'>tualiter</span> <span class='ocrx_word' id='word_1_135' title='bbox 828 1560 931 1601; x_wconf 81' lang='lat' dir='ltr'>rex</span> <span class='ocrx_word' id='word_1_136' title='bbox 946 1542 1301 1597; x_wconf 88' lang='lat' dir='ltr'>constitutus</span> <span class='ocrx_word' id='word_1_137' title='bbox 1319 1541 1479 1591; x_wconf 89' lang='lat' dir='ltr'>estin</span> <span class='ocrx_word' id='word_1_138' title='bbox 1497 1539 1687 1600; x_wconf 89' lang='lat' dir='ltr'>nobis,</span> <span class='ocrx_word' id='word_1_139' title='bbox 1706 1541 1787 1603; x_wconf 88' lang='lat' dir='ltr'>ut,</span> <span class='ocrx_word' id='word_1_140' title='bbox 1805 1540 2047 1604; x_wconf 84' lang='lat' dir='ltr'>expulso</span> <span class='ocrx_word' id='word_1_141' title='bbox 2061 1553 2177 1592; x_wconf 89' lang='lat' dir='ltr'>ma-</span> 
     </span>
    </p>
   </div>
   <div class='ocr_carea' id='block_1_19' title="bbox 577 1611 2177 1689">
    <p class='ocr_par' dir='ltr' id='par_1_19' title="bbox 577 1611 2177 1689">
     <span class='ocr_line' id='line_1_19' title="bbox 577 1611 2177 1689; baseline -0.009 -11"><span class='ocrx_word' id='word_1_142' title='bbox 577 1625 736 1689; x_wconf 86' lang='lat' dir='ltr'>ligno</span> <span class='ocrx_word' id='word_1_143' title='bbox 758 1620 1012 1687; x_wconf 88' lang='lat' dir='ltr'>principe</span> <span class='ocrx_word' id='word_1_144' title='bbox 1036 1615 1108 1667; x_wconf 92' lang='lat' dir='ltr'>de</span> <span class='ocrx_word' id='word_1_145' title='bbox 1131 1613 1400 1689; x_wconf 83' lang='lat' dir='ltr'>cordibus</span> <span class='ocrx_word' id='word_1_146' title='bbox 1412 1611 1642 1689; x_wconf 77' lang='lat' dir='ltr'>nostris,</span> <span class='ocrx_word' id='word_1_147' title='bbox 1662 1613 1995 1689; x_wconf 78' lang='lat' dir='ltr'>regnetipse</span> <span class='ocrx_word' id='word_1_148' title='bbox 2014 1613 2073 1663; x_wconf 91' lang='lat' dir='ltr'>in</span> <span class='ocrx_word' id='word_1_149' title='bbox 2088 1614 2177 1689; x_wconf 86' lang='lat' dir='ltr'>in-</span> 
     </span>
    </p>
   </div>
   <div class='ocr_carea' id='block_1_20' title="bbox 576 1682 2176 1749">
    <p class='ocr_par' dir='ltr' id='par_1_20' title="bbox 576 1682 2176 1749">
     <span class='ocr_line' id='line_1_20' title="bbox 576 1682 2176 1749; baseline -0.009 0"><span class='ocrx_word' id='word_1_150' title='bbox 576 1682 784 1749; x_wconf 51' lang='lat' dir='ltr'>te&#39;riore</span> <span class='ocrx_word' id='word_1_151' title='bbox 806 1694 1041 1744; x_wconf 88' lang='lat' dir='ltr'>homine</span> <span class='ocrx_word' id='word_1_152' title='bbox 1073 1685 1397 1739; x_wconf 90' lang='lat' dir='ltr'>secundum</span> <span class='ocrx_word' id='word_1_153' title='bbox 1421 1682 2039 1747; x_wconf 89' lang='lat' dir='ltr'>spiritum,secundum</span> <span class='ocrx_word' id='word_1_154' title='bbox 2074 1686 2176 1736; x_wconf 91' lang='lat' dir='ltr'>do-</span> 
     </span>
    </p>
   </div>
   <div class='ocr_carea' id='block_1_21' title="bbox 576 1753 2174 1826">
    <p class='ocr_par' dir='ltr' id='par_1_21' title="bbox 576 1753 2174 1826">
     <span class='ocr_line' id='line_1_21' title="bbox 576 1753 2174 1826; baseline -0.008 -7"><span class='ocrx_word' id='word_1_155' title='bbox 576 1767 840 1819; x_wconf 90' lang='lat' dir='ltr'>nationes</span> <span class='ocrx_word' id='word_1_156' title='bbox 864 1760 1193 1826; x_wconf 81' lang='lat' dir='ltr'>gratiarum,</span> <span class='ocrx_word' id='word_1_157' title='bbox 1218 1760 1277 1807; x_wconf 91' lang='lat' dir='ltr'>et</span> <span class='ocrx_word' id='word_1_158' title='bbox 1290 1754 1622 1826; x_wconf 84' lang='lat' dir='ltr'>largitiones</span> <span class='ocrx_word' id='word_1_159' title='bbox 1648 1753 2174 1818; x_wconf 85' lang='lat' dir='ltr'>virtutum,etaedi-</span> 
     </span>
    </p>
   </div>
   <div class='ocr_carea' id='block_1_22' title="bbox 577 1824 2172 1892">
    <p class='ocr_par' dir='ltr' id='par_1_22' title="bbox 577 1824 2172 1892">
     <span class='ocr_line' id='line_1_22' title="bbox 577 1824 2172 1892; baseline -0.007 -3"><span class='ocrx_word' id='word_1_160' title='bbox 577 1824 888 1889; x_wconf 74' lang='lat' dir='ltr'>ﬂcationes</span> <span class='ocrx_word' id='word_1_161' title='bbox 899 1842 1142 1892; x_wconf 89' lang='lat' dir='ltr'>morum,</span> <span class='ocrx_word' id='word_1_162' title='bbox 1157 1828 1231 1879; x_wconf 89' lang='lat' dir='ltr'>ad</span> <span class='ocrx_word' id='word_1_163' title='bbox 1246 1827 1491 1876; x_wconf 85' lang='lat' dir='ltr'>salutem</span> <span class='ocrx_word' id='word_1_164' title='bbox 1507 1824 1828 1874; x_wconf 89' lang='lat' dir='ltr'>animarum</span> <span class='ocrx_word' id='word_1_165' title='bbox 1841 1829 2172 1878; x_wconf 88' lang='lat' dir='ltr'>nostrarum</span> 
     </span>
    </p>
   </div>
   <div class='ocr_carea' id='block_1_23' title="bbox 2282 608 3880 673">
    <p class='ocr_par' dir='ltr' id='par_1_23' title="bbox 2282 608 3880 673">
     <span class='ocr_line' id='line_1_23' title="bbox 2282 608 3880 673; baseline -0.001 -10"><span class='ocrx_word' id='word_1_166' title='bbox 2282 612 2635 663; x_wconf 79' lang='lat' dir='ltr'>liaereditatis</span> <span class='ocrx_word' id='word_1_167' title='bbox 2678 620 2800 659; x_wconf 68' lang='lat' dir='ltr'>sum</span> <span class='ocrx_word' id='word_1_168' title='bbox 2834 608 3071 671; x_wconf 82' lang='lat' dir='ltr'>gloriam</span> <span class='ocrx_word' id='word_1_169' title='bbox 3098 609 3422 662; x_wconf 86' lang='lat' dir='ltr'>sublevavit</span> <span class='ocrx_word' id='word_1_170' title='bbox 3462 609 3689 673; x_wconf 77' lang='lat' dir='ltr'>(Ephcs.</span> <span class='ocrx_word' id='word_1_171' title='bbox 3720 610 3880 672; x_wconf 67' lang='lat'>4.3.1:</span> 
     </span>
    </p>
   </div>
   <div class='ocr_carea' id='block_1_24' title="bbox 2280 680 3880 747">
    <p class='ocr_par' dir='ltr' id='par_1_24' title="bbox 2280 680 3880 747">
     <span class='ocr_line' id='line_1_24' title="bbox 2280 680 3880 747; baseline 0.001 -12"><span class='ocrx_word' id='word_1_172' title='bbox 2280 684 2389 735; x_wconf 90' lang='lat' dir='ltr'>hac</span> <span class='ocrx_word' id='word_1_173' title='bbox 2426 684 2601 747; x_wconf 80' lang='lat' dir='ltr'>igitur</span> <span class='ocrx_word' id='word_1_174' title='bbox 2622 681 2811 731; x_wconf 88' lang='lat' dir='ltr'>carnis</span> <span class='ocrx_word' id='word_1_175' title='bbox 2845 681 3221 743; x_wconf 83' lang='lat' dir='ltr'>generatione</span> <span class='ocrx_word' id='word_1_176' title='bbox 3249 687 3308 733; x_wconf 89' lang='lat' dir='ltr'>et</span> <span class='ocrx_word' id='word_1_177' title='bbox 3329 680 3753 733; x_wconf 86' lang='lat' dir='ltr'>humiliatione</span> <span class='ocrx_word' id='word_1_178' title='bbox 3789 685 3835 733; x_wconf 75' lang='lat' dir='ltr'>ei</span> <span class='ocrx_word' id='word_1_179' title='bbox 3862 700 3880 735; x_wconf 55' lang='grc' dir='ltr'>ελ</span> 
     </span>
    </p>
   </div>
   <div class='ocr_carea' id='block_1_25' title="bbox 2279 755 2704 820">
    <p class='ocr_par' dir='ltr' id='par_1_25' title="bbox 2279 755 2704 820">
     <span class='ocr_line' id='line_1_25' title="bbox 2279 755 2704 820; baseline -0.012 -13"><span class='ocrx_word' id='word_1_180' title='bbox 2279 759 2437 820; x_wconf 89' lang='lat' dir='ltr'>patre</span> <span class='ocrx_word' id='word_1_181' title='bbox 2463 755 2669 805; x_wconf 88' lang='lat' dir='ltr'>dicitur</span> <span class='ocrx_word' id='word_1_182' title='bbox 2691 766 2704 802; x_wconf 90' lang='lat'>:</span> 
     </span>
    </p>
   </div>
   <div class='ocr_carea' id='block_1_26' title="bbox 2343 822 3875 886">
    <p class='ocr_par' dir='ltr' id='par_1_26' title="bbox 2343 822 3875 886">
     <span class='ocr_line' id='line_1_26' title="bbox 2343 822 3875 886; baseline -0.001 -8"><span class='ocrx_word' id='word_1_183' title='bbox 2343 828 2390 880; x_wconf 86' lang='lat'>7.</span> <span class='ocrx_word' id='word_1_184' title='bbox 2430 825 2651 876; x_wconf 85' lang='lat' dir='ltr'>Postuta</span> <span class='ocrx_word' id='word_1_185' title='bbox 2695 840 2730 873; x_wconf 81' lang='grc' dir='ltr'><em>α</em></span> <span class='ocrx_word' id='word_1_186' title='bbox 2773 836 2873 883; x_wconf 79' lang='lat' dir='ltr'>me,</span> <span class='ocrx_word' id='word_1_187' title='bbox 2925 826 2969 872; x_wconf 82' lang='lat' dir='ltr'>et</span> <span class='ocrx_word' id='word_1_188' title='bbox 3007 822 3142 872; x_wconf 87' lang='lat' dir='ltr'>dabo</span> <span class='ocrx_word' id='word_1_189' title='bbox 3175 822 3269 870; x_wconf 78' lang='lat' dir='ltr'>tibi</span> <span class='ocrx_word' id='word_1_190' title='bbox 3298 831 3476 886; x_wconf 78' lang='lat' dir='ltr'>gentes</span> <span class='ocrx_word' id='word_1_191' title='bbox 3514 827 3875 877; x_wconf 55' lang='lat' dir='ltr'>haereditatr</span> 
     </span>
    </p>
   </div>
   <div class='ocr_carea' id='block_1_27' title="bbox 2281 896 3879 963">
    <p class='ocr_par' dir='ltr' id='par_1_27' title="bbox 2281 896 3879 963">
     <span class='ocr_line' id='line_1_27' title="bbox 2281 896 3879 963; baseline 0 -16"><span class='ocrx_word' id='word_1_192' title='bbox 2281 905 2450 963; x_wconf 79' lang='lat' dir='ltr'>tuam,</span> <span class='ocrx_word' id='word_1_193' title='bbox 2498 904 2541 947; x_wconf 85' lang='lat' dir='ltr'>et</span> <span class='ocrx_word' id='word_1_194' title='bbox 2581 896 2966 961; x_wconf 75' lang='lat' dir='ltr'>possessionem</span> <span class='ocrx_word' id='word_1_195' title='bbox 3019 900 3170 943; x_wconf 83' lang='lat' dir='ltr'>tuam</span> <span class='ocrx_word' id='word_1_196' title='bbox 3209 898 3467 945; x_wconf 78' lang='lat' dir='ltr'>terminos</span> <span class='ocrx_word' id='word_1_197' title='bbox 3493 905 3677 951; x_wconf 68' lang='lat' dir='ltr'>terrae.</span> <span class='ocrx_word' id='word_1_198' title='bbox 3718 903 3879 951; x_wconf 44' lang='lat' dir='ltr'>Minus</span> 
     </span>
    </p>
   </div>
   <div class='ocr_carea' id='block_1_28' title="bbox 2280 966 3880 1034">
    <p class='ocr_par' dir='ltr' id='par_1_28' title="bbox 2280 966 3880 1034">
     <span class='ocr_line' id='line_1_28' title="bbox 2280 966 3880 1034; baseline -0.005 -11"><span class='ocrx_word' id='word_1_199' title='bbox 2280 972 2513 1034; x_wconf 85' lang='lat' dir='ltr'>quidem</span> <span class='ocrx_word' id='word_1_200' title='bbox 2540 969 2769 1019; x_wconf 88' lang='lat' dir='ltr'>videtur</span> <span class='ocrx_word' id='word_1_201' title='bbox 2791 966 2884 1018; x_wconf 88' lang='lat' dir='ltr'>ille</span> <span class='ocrx_word' id='word_1_202' title='bbox 2904 967 3002 1029; x_wconf 91' lang='lat' dir='ltr'>qui</span> <span class='ocrx_word' id='word_1_203' title='bbox 3037 966 3309 1031; x_wconf 81' lang='lat' dir='ltr'>postulat,</span> <span class='ocrx_word' id='word_1_204' title='bbox 3335 980 3401 1019; x_wconf 89' lang='lat' dir='ltr'>eo</span> <span class='ocrx_word' id='word_1_205' title='bbox 3426 970 3531 1033; x_wconf 91' lang='lat' dir='ltr'>qui</span> <span class='ocrx_word' id='word_1_206' title='bbox 3557 975 3880 1034; x_wconf 64' lang='lat' dir='ltr'>postulatu:</span> 
     </span>
    </p>
   </div>
   <div class='ocr_carea' id='block_1_29' title="bbox 2279 1039 3879 1108">
    <p class='ocr_par' dir='ltr' id='par_1_29' title="bbox 2279 1039 3879 1108">
     <span class='ocr_line' id='line_1_29' title="bbox 2279 1039 3879 1108; baseline -0.001 -14"><span class='ocrx_word' id='word_1_207' title='bbox 2279 1045 2350 1094; x_wconf 82' lang='lat' dir='ltr'>Et</span> <span class='ocrx_word' id='word_1_208' title='bbox 2366 1043 2506 1094; x_wconf 92' lang='lat' dir='ltr'>dum</span> <span class='ocrx_word' id='word_1_209' title='bbox 2533 1040 3033 1090; x_wconf 85' lang='lat' dir='ltr'>Christuscarnem</span> <span class='ocrx_word' id='word_1_210' title='bbox 3051 1039 3386 1102; x_wconf 87' lang='lat' dir='ltr'>assumpsit,</span> <span class='ocrx_word' id='word_1_211' title='bbox 3412 1053 3447 1091; x_wconf 90' lang='lat' dir='ltr'>a</span> <span class='ocrx_word' id='word_1_212' title='bbox 3470 1047 3643 1105; x_wconf 82' lang='lat' dir='ltr'>patre</span> <span class='ocrx_word' id='word_1_213' title='bbox 3664 1056 3781 1094; x_wconf 88' lang='lat' dir='ltr'>suo</span> <span class='ocrx_word' id='word_1_214' title='bbox 3809 1059 3879 1108; x_wconf 60' lang='lat' dir='ltr'>pc‘</span> 
     </span>
    </p>
   </div>
   <div class='ocr_carea' id='block_1_30' title="bbox 2277 1109 3880 1177">
    <p class='ocr_par' dir='ltr' id='par_1_30' title="bbox 2277 1109 3880 1177">
     <span class='ocr_line' id='line_1_30' title="bbox 2277 1109 3880 1177; baseline 0.003 -16"><span class='ocrx_word' id='word_1_215' title='bbox 2277 1111 2695 1164; x_wconf 85' lang='lat' dir='ltr'>humanitatem</span> <span class='ocrx_word' id='word_1_216' title='bbox 2750 1122 2813 1159; x_wconf 90' lang='lat' dir='ltr'>se</span> <span class='ocrx_word' id='word_1_217' title='bbox 2857 1110 3186 1161; x_wconf 88' lang='lat' dir='ltr'>minoravit.</span> <span class='ocrx_word' id='word_1_218' title='bbox 3224 1109 3287 1159; x_wconf 94' lang='lat' dir='ltr'>ln</span> <span class='ocrx_word' id='word_1_219' title='bbox 3319 1109 3432 1161; x_wconf 87' lang='lat' dir='ltr'>hoc</span> <span class='ocrx_word' id='word_1_220' title='bbox 3458 1113 3624 1162; x_wconf 88' lang='lat' dir='ltr'>enim</span> <span class='ocrx_word' id='word_1_221' title='bbox 3653 1116 3820 1177; x_wconf 89' lang='lat' dir='ltr'>quod</span> <span class='ocrx_word' id='word_1_222' title='bbox 3844 1131 3880 1166; x_wconf 56' lang='grc' dir='ltr'>λδ</span> 
     </span>
    </p>
   </div>
   <div class='ocr_carea' id='block_1_31' title="bbox 2278 1180 3879 1248">
    <p class='ocr_par' dir='ltr' id='par_1_31' title="bbox 2278 1180 3879 1248">
     <span class='ocr_line' id='line_1_31' title="bbox 2278 1180 3879 1248; baseline 0 -15"><span class='ocrx_word' id='word_1_223' title='bbox 2278 1181 2457 1233; x_wconf 88' lang='lat' dir='ltr'>forma</span> <span class='ocrx_word' id='word_1_224' title='bbox 2478 1182 2583 1233; x_wconf 89' lang='lat' dir='ltr'>Dei</span> <span class='ocrx_word' id='word_1_225' title='bbox 2606 1182 2696 1231; x_wconf 89' lang='lat' dir='ltr'>est</span> <span class='ocrx_word' id='word_1_226' title='bbox 2723 1180 2964 1242; x_wconf 66' lang='lat' dir='ltr'>aequalis</span> <span class='ocrx_word' id='word_1_227' title='bbox 3001 1180 3165 1245; x_wconf 81' lang='lat' dir='ltr'>patri,</span> <span class='ocrx_word' id='word_1_228' title='bbox 3201 1192 3318 1230; x_wconf 93' lang='lat' dir='ltr'>non</span> <span class='ocrx_word' id='word_1_229' title='bbox 3357 1184 3627 1245; x_wconf 86' lang='lat' dir='ltr'>postulat</span> <span class='ocrx_word' id='word_1_230' title='bbox 3657 1198 3696 1235; x_wconf 88' lang='lat' dir='ltr'>a</span> <span class='ocrx_word' id='word_1_231' title='bbox 3724 1193 3879 1248; x_wconf 50' lang='lat' dir='ltr'>patr:</span> 
     </span>
    </p>
   </div>
   <div class='ocr_carea' id='block_1_32' title="bbox 2281 1252 3880 1315">
    <p class='ocr_par' dir='ltr' id='par_1_32' title="bbox 2281 1252 3880 1315">
     <span class='ocr_line' id='line_1_32' title="bbox 2281 1252 3880 1315; baseline 0.003 -11"><span class='ocrx_word' id='word_1_232' title='bbox 2281 1254 2382 1304; x_wconf 87' lang='lat' dir='ltr'>sed</span> <span class='ocrx_word' id='word_1_233' title='bbox 2407 1253 2581 1304; x_wconf 88' lang='lat' dir='ltr'>simul</span> <span class='ocrx_word' id='word_1_234' title='bbox 2613 1252 2804 1302; x_wconf 86' lang='lat' dir='ltr'>omnia</span> <span class='ocrx_word' id='word_1_235' title='bbox 2826 1256 3094 1315; x_wconf 86' lang='lat' dir='ltr'>operatur</span> <span class='ocrx_word' id='word_1_236' title='bbox 3110 1264 3243 1302; x_wconf 92' lang='lat' dir='ltr'>cum</span> <span class='ocrx_word' id='word_1_237' title='bbox 3267 1257 3446 1315; x_wconf 87' lang='lat' dir='ltr'>patre.</span> <span class='ocrx_word' id='word_1_238' title='bbox 3474 1254 3545 1305; x_wconf 91' lang='lat' dir='ltr'>In</span> <span class='ocrx_word' id='word_1_239' title='bbox 3571 1254 3693 1307; x_wconf 89' lang='lat' dir='ltr'>hoc</span> <span class='ocrx_word' id='word_1_240' title='bbox 3704 1264 3880 1308; x_wconf 62' lang='lat' dir='ltr'>auten</span> 
     </span>
    </p>
   </div>
   <div class='ocr_carea' id='block_1_33' title="bbox 2279 1323 3880 1392">
    <p class='ocr_par' dir='ltr' id='par_1_33' title="bbox 2279 1323 3880 1392">
     <span class='ocr_line' id='line_1_33' title="bbox 2279 1323 3880 1392; baseline 0.001 -17"><span class='ocrx_word' id='word_1_241' title='bbox 2279 1325 2428 1388; x_wconf 92' lang='lat' dir='ltr'>quod</span> <span class='ocrx_word' id='word_1_242' title='bbox 2452 1337 2552 1388; x_wconf 89' lang='lat' dir='ltr'>pro</span> <span class='ocrx_word' id='word_1_243' title='bbox 2572 1324 2739 1375; x_wconf 91' lang='lat' dir='ltr'>nobis</span> <span class='ocrx_word' id='word_1_244' title='bbox 2761 1335 2823 1373; x_wconf 90' lang='lat' dir='ltr'>se</span> <span class='ocrx_word' id='word_1_245' title='bbox 2847 1323 3120 1386; x_wconf 89' lang='lat' dir='ltr'>dignatus</span> <span class='ocrx_word' id='word_1_246' title='bbox 3137 1327 3226 1374; x_wconf 85' lang='lat' dir='ltr'>est</span> <span class='ocrx_word' id='word_1_247' title='bbox 3240 1323 3567 1389; x_wconf 90' lang='lat' dir='ltr'>humiliare,</span> <span class='ocrx_word' id='word_1_248' title='bbox 3583 1328 3787 1380; x_wconf 85' lang='lat' dir='ltr'>minor</span> <span class='ocrx_word' id='word_1_249' title='bbox 3804 1344 3880 1392; x_wconf 62' lang='grc' dir='ltr'>μς-</span> 
     </span>
    </p>
   </div>
   <div class='ocr_carea' id='block_1_34' title="bbox 2277 1395 3880 1461">
    <p class='ocr_par' dir='ltr' id='par_1_34' title="bbox 2277 1395 3880 1461">
     <span class='ocr_line' id='line_1_34' title="bbox 2277 1395 3880 1461; baseline 0.001 -15"><span class='ocrx_word' id='word_1_250' title='bbox 2277 1400 2362 1447; x_wconf 89' lang='lat' dir='ltr'>tre</span> <span class='ocrx_word' id='word_1_251' title='bbox 2399 1396 2607 1458; x_wconf 86' lang='lat' dir='ltr'>factus,</span> <span class='ocrx_word' id='word_1_252' title='bbox 2647 1407 2765 1445; x_wconf 91' lang='lat' dir='ltr'>non</span> <span class='ocrx_word' id='word_1_253' title='bbox 2802 1396 2994 1445; x_wconf 86' lang='lat' dir='ltr'>cessat</span> <span class='ocrx_word' id='word_1_254' title='bbox 3022 1406 3124 1458; x_wconf 89' lang='lat' dir='ltr'>pro</span> <span class='ocrx_word' id='word_1_255' title='bbox 3160 1395 3326 1444; x_wconf 88' lang='lat' dir='ltr'>nobis</span> <span class='ocrx_word' id='word_1_256' title='bbox 3365 1396 3775 1461; x_wconf 84' lang='lat' dir='ltr'>interpellare.</span> <span class='ocrx_word' id='word_1_257' title='bbox 3808 1402 3880 1448; x_wconf 72' lang='lat' dir='ltr'>P.-</span> 
     </span>
    </p>
   </div>
   <div class='ocr_carea' id='block_1_35' title="bbox 2275 1464 3879 1531">
    <p class='ocr_par' dir='ltr' id='par_1_35' title="bbox 2275 1464 3879 1531">
     <span class='ocr_line' id='line_1_35' title="bbox 2275 1464 3879 1531; baseline -0.001 -16"><span class='ocrx_word' id='word_1_258' title='bbox 2275 1467 2415 1516; x_wconf 79' lang='lat' dir='ltr'>stul-a</span> <span class='ocrx_word' id='word_1_259' title='bbox 2470 1467 2696 1531; x_wconf 86' lang='lat' dir='ltr'>(inquit)</span> <span class='ocrx_word' id='word_1_260' title='bbox 2748 1481 2783 1514; x_wconf 88' lang='lat' dir='ltr'>a</span> <span class='ocrx_word' id='word_1_261' title='bbox 2815 1480 2898 1513; x_wconf 84' lang='lat' dir='ltr'>me</span> <span class='ocrx_word' id='word_1_262' title='bbox 2941 1470 2985 1513; x_wconf 87' lang='lat' dir='ltr'>et</span> <span class='ocrx_word' id='word_1_263' title='bbox 3022 1464 3156 1513; x_wconf 72' lang='lat' dir='ltr'>(tabo</span> <span class='ocrx_word' id='word_1_264' title='bbox 3192 1465 3284 1513; x_wconf 80' lang='lat' dir='ltr'>tibi</span> <span class='ocrx_word' id='word_1_265' title='bbox 3308 1473 3486 1528; x_wconf 79' lang='lat' dir='ltr'>gentes</span> <span class='ocrx_word' id='word_1_266' title='bbox 3518 1470 3879 1518; x_wconf 54' lang='grc' dir='ltr'>Ιιεενείίἱίαίίςη</span> 
     </span>
    </p>
   </div>
   <div class='ocr_carea' id='block_1_36' title="bbox 2276 1536 3879 1601">
    <p class='ocr_par' dir='ltr' id='par_1_36' title="bbox 2276 1536 3879 1601">
     <span class='ocr_line' id='line_1_36' title="bbox 2276 1536 3879 1601; baseline 0.001 -14"><span class='ocrx_word' id='word_1_267' title='bbox 2276 1544 2443 1587; x_wconf 85' lang='lat' dir='ltr'>tuam.</span> <span class='ocrx_word' id='word_1_268' title='bbox 2477 1537 2672 1589; x_wconf 90' lang='lat' dir='ltr'>Sancti</span> <span class='ocrx_word' id='word_1_269' title='bbox 2692 1536 3035 1587; x_wconf 72' lang='lat' dir='ltr'>Patriarchze</span> <span class='ocrx_word' id='word_1_270' title='bbox 3051 1541 3108 1586; x_wconf 92' lang='lat' dir='ltr'>et</span> <span class='ocrx_word' id='word_1_271' title='bbox 3121 1536 3417 1600; x_wconf 64' lang='lat' dir='ltr'>Prophetas</span> <span class='ocrx_word' id='word_1_272' title='bbox 3433 1540 3879 1601; x_wconf 67' lang='lat' dir='ltr'>postulaverunt</span> 
     </span>
    </p>
   </div>
   <div class='ocr_carea' id='block_1_37' title="bbox 2274 1607 3880 1674">
    <p class='ocr_par' dir='ltr' id='par_1_37' title="bbox 2274 1607 3880 1674">
     <span class='ocr_line' id='line_1_37' title="bbox 2274 1607 3880 1674; baseline 0.001 -13"><span class='ocrx_word' id='word_1_273' title='bbox 2274 1622 2376 1674; x_wconf 91' lang='lat' dir='ltr'>pro</span> <span class='ocrx_word' id='word_1_274' title='bbox 2400 1609 2640 1661; x_wconf 87' lang='lat' dir='ltr'>Judaeis.</span> <span class='ocrx_word' id='word_1_275' title='bbox 2667 1609 2797 1671; x_wconf 89' lang='lat' dir='ltr'>Ipse</span> <span class='ocrx_word' id='word_1_276' title='bbox 2822 1607 3159 1669; x_wconf 89' lang='lat' dir='ltr'>unigenitus</span> <span class='ocrx_word' id='word_1_277' title='bbox 3185 1607 3361 1657; x_wconf 79' lang='lat' dir='ltr'>Filius</span> <span class='ocrx_word' id='word_1_278' title='bbox 3393 1609 3520 1669; x_wconf 85' lang='lat' dir='ltr'>Dei,</span> <span class='ocrx_word' id='word_1_279' title='bbox 3539 1610 3735 1663; x_wconf 86' lang='lat' dir='ltr'>homo</span> <span class='ocrx_word' id='word_1_280' title='bbox 3753 1614 3811 1663; x_wconf 93' lang='lat' dir='ltr'>in</span> <span class='ocrx_word' id='word_1_281' title='bbox 3823 1620 3880 1663; x_wconf 68' lang='lat' dir='ltr'>te:</span> 
     </span>
    </p>
   </div>
   <div class='ocr_carea' id='block_1_38' title="bbox 2273 1678 3880 1746">
    <p class='ocr_par' dir='ltr' id='par_1_38' title="bbox 2273 1678 3880 1746">
     <span class='ocr_line' id='line_1_38' title="bbox 2273 1678 3880 1746; baseline 0.001 -14"><span class='ocrx_word' id='word_1_282' title='bbox 2273 1681 2539 1732; x_wconf 90' lang='lat' dir='ltr'>homines</span> <span class='ocrx_word' id='word_1_283' title='bbox 2552 1681 2755 1739; x_wconf 87' lang='lat' dir='ltr'>factus,</span> <span class='ocrx_word' id='word_1_284' title='bbox 2770 1679 3057 1742; x_wconf 88' lang='lat' dir='ltr'>postulare</span> <span class='ocrx_word' id='word_1_285' title='bbox 3071 1678 3339 1742; x_wconf 87' lang='lat' dir='ltr'>dignatus</span> <span class='ocrx_word' id='word_1_286' title='bbox 3354 1684 3443 1730; x_wconf 86' lang='lat' dir='ltr'>est</span> <span class='ocrx_word' id='word_1_287' title='bbox 3457 1694 3568 1744; x_wconf 90' lang='lat' dir='ltr'>pro</span> <span class='ocrx_word' id='word_1_288' title='bbox 3588 1685 3880 1746; x_wconf 76' lang='lat' dir='ltr'>gentibus.</span> 
     </span>
    </p>
   </div>
   <div class='ocr_carea' id='block_1_39' title="bbox 2272 1751 3880 1817">
    <p class='ocr_par' dir='ltr' id='par_1_39' title="bbox 2272 1751 3880 1817">
     <span class='ocr_line' id='line_1_39' title="bbox 2272 1751 3880 1817; baseline 0.001 -14"><span class='ocrx_word' id='word_1_289' title='bbox 2272 1753 2356 1804; x_wconf 87' lang='lat' dir='ltr'>Illi</span> <span class='ocrx_word' id='word_1_290' title='bbox 2400 1753 2840 1817; x_wconf 88' lang='lat' dir='ltr'>postulaverunt</span> <span class='ocrx_word' id='word_1_291' title='bbox 2872 1751 3031 1814; x_wconf 80' lang='lat' dir='ltr'>genti</span> <span class='ocrx_word' id='word_1_292' title='bbox 3065 1763 3187 1801; x_wconf 79' lang='lat' dir='ltr'>suae</span> <span class='ocrx_word' id='word_1_293' title='bbox 3226 1753 3492 1813; x_wconf 88' lang='lat' dir='ltr'>salutem,</span> <span class='ocrx_word' id='word_1_294' title='bbox 3534 1760 3600 1805; x_wconf 87' lang='lat' dir='ltr'>et</span> <span class='ocrx_word' id='word_1_295' title='bbox 3627 1756 3798 1807; x_wconf 87' lang='lat' dir='ltr'>misit</span> <span class='ocrx_word' id='word_1_296' title='bbox 3818 1758 3880 1807; x_wconf 63' lang='lat' dir='ltr'>ei:</span> 
     </span>
    </p>
   </div>
   <div class='ocr_carea' id='block_1_40' title="bbox 2272 1822 3875 1885">
    <p class='ocr_par' dir='ltr' id='par_1_40' title="bbox 2272 1822 3875 1885">
     <span class='ocr_line' id='line_1_40' title="bbox 2272 1822 3875 1885; baseline 0.002 -10"><span class='ocrx_word' id='word_1_297' title='bbox 2272 1825 2427 1876; x_wconf 92' lang='lat' dir='ltr'>Deus</span> <span class='ocrx_word' id='word_1_298' title='bbox 2470 1825 2837 1876; x_wconf 81' lang='lat' dir='ltr'>Salvatorein.</span> <span class='ocrx_word' id='word_1_299' title='bbox 2865 1822 2974 1874; x_wconf 87' lang='lat' dir='ltr'>Sed</span> <span class='ocrx_word' id='word_1_300' title='bbox 3020 1824 3153 1885; x_wconf 88' lang='lat' dir='ltr'>quia</span> <span class='ocrx_word' id='word_1_301' title='bbox 3196 1823 3351 1873; x_wconf 86' lang='lat' dir='ltr'>hunc</span> <span class='ocrx_word' id='word_1_302' title='bbox 3378 1825 3437 1875; x_wconf 89' lang='lat' dir='ltr'>in</span> <span class='ocrx_word' id='word_1_303' title='bbox 3472 1838 3580 1876; x_wconf 90' lang='lat' dir='ltr'>eas</span> <span class='ocrx_word' id='word_1_304' title='bbox 3612 1828 3875 1879; x_wconf 66' lang='lat' dir='ltr'>humile:</span> 
     </span>
    </p>
   </div>
   <div class='ocr_carea' id='block_1_41' title="bbox 582 1895 3879 1975">
    <p class='ocr_par' dir='ltr' id='par_1_41' title="bbox 582 1895 3879 1975">
     <span class='ocr_line' id='line_1_41' title="bbox 582 1895 3879 1975; baseline 0.004 -43"><span class='ocrx_word' id='word_1_305' title='bbox 582 1906 793 1975; x_wconf 49' lang='grc' dir='ltr'>(Ερηεε,</span> <span class='ocrx_word' id='word_1_306' title='bbox 821 1903 897 1967; x_wconf 58' lang='grc'>3,)</span> <span class='ocrx_word' id='word_1_307' title='bbox 920 1917 933 1952; x_wconf 68' lang='grc' dir='ltr'>ε</span> <span class='ocrx_word' id='word_1_308' title='bbox 960 1906 1024 1953; x_wconf 68' lang='grc' dir='ltr'>αι</span> <span class='ocrx_word' id='word_1_309' title='bbox 1047 1902 1168 1964; x_wconf 59' lang='lat' dir='ltr'>jam</span> <span class='ocrx_word' id='word_1_310' title='bbox 1192 1909 1309 1948; x_wconf 80' lang='lat' dir='ltr'>non</span> <span class='ocrx_word' id='word_1_311' title='bbox 1332 1898 1536 1975; x_wconf 75' lang='lat' dir='ltr'>regnet</span> <span class='ocrx_word' id='word_1_312' title='bbox 1556 1899 1866 1975; x_wconf 71' lang='lat' dir='ltr'>peccatum</span> <span class='ocrx_word' id='word_1_313' title='bbox 1883 1896 1945 1975; x_wconf 79' lang='lat' dir='ltr'>in</span> <span class='ocrx_word' id='word_1_314' title='bbox 1968 1902 2168 1975; x_wconf 80' lang='lat' dir='ltr'>nostro</span> <span class='ocrx_word' id='word_1_315' title='bbox 2190 1902 2245 1975; x_wconf 86' lang='lat' dir='ltr'><strong>B</strong></span> <span class='ocrx_word' id='word_1_316' title='bbox 2277 1898 2564 1975; x_wconf 71' lang='lat' dir='ltr'>viderunt,</span> <span class='ocrx_word' id='word_1_317' title='bbox 2613 1897 2859 1975; x_wconf 78' lang='lat' dir='ltr'>superbo</span> <span class='ocrx_word' id='word_1_318' title='bbox 2898 1895 3075 1975; x_wconf 70' lang='lat' dir='ltr'>corde</span> <span class='ocrx_word' id='word_1_319' title='bbox 3111 1899 3184 1975; x_wconf 77' lang='lat' dir='ltr'>et_</span> <span class='ocrx_word' id='word_1_320' title='bbox 3202 1906 3354 1975; x_wconf 81' lang='lat' dir='ltr'>caeco</span> <span class='ocrx_word' id='word_1_321' title='bbox 3380 1900 3879 1975; x_wconf 67' lang='lat' dir='ltr'>contempserunt.</span> 
     </span>
    </p>
   </div>
   <div class='ocr_carea' id='block_1_42' title="bbox 576 1966 2168 2039">
    <p class='ocr_par' dir='ltr' id='par_1_42' title="bbox 576 1966 2168 2039">
     <span class='ocr_line' id='line_1_42' title="bbox 576 1966 2168 2039; baseline -0.009 -7"><span class='ocrx_word' id='word_1_322' title='bbox 576 1966 803 2032; x_wconf 78' lang='lat' dir='ltr'>mortali</span> <span class='ocrx_word' id='word_1_323' title='bbox 826 1966 1078 2039; x_wconf 80' lang='lat' dir='ltr'>cerpore,</span> <span class='ocrx_word' id='word_1_324' title='bbox 1095 1983 1201 2022; x_wconf 88' lang='lat' dir='ltr'>nec</span> <span class='ocrx_word' id='word_1_325' title='bbox 1226 1968 1545 2039; x_wconf 88' lang='lat' dir='ltr'>serviamus</span> <span class='ocrx_word' id='word_1_326' title='bbox 1566 1966 1950 2039; x_wconf 62' lang='lat' dir='ltr'>immunditiis</span> <span class='ocrx_word' id='word_1_327' title='bbox 1974 1967 2046 2039; x_wconf 88' lang='lat' dir='ltr'>ad</span> <span class='ocrx_word' id='word_1_328' title='bbox 2070 1969 2168 2018; x_wconf 91' lang='lat' dir='ltr'>ini-</span> 
     </span>
    </p>
   </div>
   <div class='ocr_carea' id='block_1_43' title="bbox 578 2037 2176 2116">
    <p class='ocr_par' dir='ltr' id='par_1_43' title="bbox 578 2037 2176 2116">
     <span class='ocr_line' id='line_1_43' title="bbox 578 2037 2176 2116; baseline -0.009 -13"><span class='ocrx_word' id='word_1_329' title='bbox 578 2051 879 2116; x_wconf 87' lang='lat' dir='ltr'>quitatem,</span> <span class='ocrx_word' id='word_1_330' title='bbox 926 2037 1027 2096; x_wconf 84' lang='lat' dir='ltr'>sed</span> <span class='ocrx_word' id='word_1_331' title='bbox 1078 2043 1270 2116; x_wconf 74' lang='lat' dir='ltr'>potius</span> <span class='ocrx_word' id='word_1_332' title='bbox 1301 2038 1555 2116; x_wconf 58' lang='lat' dir='ltr'>iustitiae</span> <span class='ocrx_word' id='word_1_333' title='bbox 1584 2037 1652 2116; x_wconf 83' lang='lat' dir='ltr'>in</span> <span class='ocrx_word' id='word_1_334' title='bbox 1670 2038 2176 2116; x_wconf 78' lang='lat' dir='ltr'>sanctiﬁcationem</span> 
     </span>
    </p>
   </div>
   <div class='ocr_carea' id='block_1_44' title="bbox 577 2109 2175 2186">
    <p class='ocr_par' dir='ltr' id='par_1_44' title="bbox 577 2109 2175 2186">
     <span class='ocr_line' id='line_1_44' title="bbox 577 2109 2175 2186; baseline -0.008 -13"><span class='ocrx_word' id='word_1_335' title='bbox 577 2109 747 2186; x_wconf 61' lang='lat' dir='ltr'>(Rom.</span> <span class='ocrx_word' id='word_1_336' title='bbox 774 2109 874 2183; x_wconf 71' lang='lat'>6.).</span> <span class='ocrx_word' id='word_1_337' title='bbox 910 2118 1001 2169; x_wconf 90' lang='lat' dir='ltr'>Sic</span> <span class='ocrx_word' id='word_1_338' title='bbox 1023 2127 1160 2179; x_wconf 90' lang='lat' dir='ltr'>ergo</span> <span class='ocrx_word' id='word_1_339' title='bbox 1185 2112 1446 2186; x_wconf 83' lang='lat' dir='ltr'>Christus</span> <span class='ocrx_word' id='word_1_340' title='bbox 1463 2110 1530 2186; x_wconf 86' lang='lat' dir='ltr'>_i_n</span> <span class='ocrx_word' id='word_1_341' title='bbox 1560 2109 1729 2186; x_wconf 82' lang='lat' dir='ltr'>nobis</span> <span class='ocrx_word' id='word_1_342' title='bbox 1756 2111 2175 2186; x_wconf 81' lang='lat' dir='ltr'>regnare_desi-</span> 
     </span>
    </p>
   </div>
   <div class='ocr_carea' id='block_1_45' title="bbox 575 2181 2175 2258">
    <p class='ocr_par' dir='ltr' id='par_1_45' title="bbox 575 2181 2175 2258">
     <span class='ocr_line' id='line_1_45' title="bbox 575 2181 2175 2258; baseline -0.011 -10"><span class='ocrx_word' id='word_1_343' title='bbox 575 2181 757 2258; x_wconf 82' lang='lat' dir='ltr'>derat,</span> <span class='ocrx_word' id='word_1_344' title='bbox 779 2181 847 2243; x_wconf 84' lang='lat' dir='ltr'>ut</span> <span class='ocrx_word' id='word_1_345' title='bbox 865 2190 937 2241; x_wconf 91' lang='lat' dir='ltr'>ab</span> <span class='ocrx_word' id='word_1_346' title='bbox 960 2186 1278 2239; x_wconf 88' lang='lat' dir='ltr'>immundis</span> <span class='ocrx_word' id='word_1_347' title='bbox 1296 2182 1662 2258; x_wconf 77' lang='lat' dir='ltr'>spiritibuset</span> <span class='ocrx_word' id='word_1_348' title='bbox 1676 2181 1832 2233; x_wconf 82' lang='lat' dir='ltr'>vitiis</span> <span class='ocrx_word' id='word_1_349' title='bbox 1856 2194 1963 2232; x_wconf 93' lang='lat' dir='ltr'>nos</span> <span class='ocrx_word' id='word_1_350' title='bbox 1983 2182 2175 2258; x_wconf 83' lang='lat' dir='ltr'>defen-</span> 
     </span>
    </p>
   </div>
   <div class='ocr_carea' id='block_1_46' title="bbox 574 2254 2173 2330">
    <p class='ocr_par' dir='ltr' id='par_1_46' title="bbox 574 2254 2173 2330">
     <span class='ocr_line' id='line_1_46' title="bbox 574 2254 2173 2330; baseline -0.008 -10"><span class='ocrx_word' id='word_1_351' title='bbox 574 2268 689 2330; x_wconf 89' lang='lat' dir='ltr'>dat,</span> <span class='ocrx_word' id='word_1_352' title='bbox 720 2254 786 2316; x_wconf 85' lang='lat' dir='ltr'>ut</span> <span class='ocrx_word' id='word_1_353' title='bbox 813 2260 1129 2317; x_wconf 77' lang='lat' dir='ltr'>virtutibus</span> <span class='ocrx_word' id='word_1_354' title='bbox 1154 2262 1210 2308; x_wconf 90' lang='lat' dir='ltr'>et</span> <span class='ocrx_word' id='word_1_355' title='bbox 1234 2257 1412 2330; x_wconf 84' lang='lat' dir='ltr'>sacris</span> <span class='ocrx_word' id='word_1_356' title='bbox 1427 2255 1696 2330; x_wconf 84' lang='lat' dir='ltr'>Operibus</span> <span class='ocrx_word' id='word_1_357' title='bbox 1708 2266 1815 2330; x_wconf 91' lang='lat' dir='ltr'>nos</span> <span class='ocrx_word' id='word_1_358' title='bbox 1835 2254 2173 2307; x_wconf 90' lang='lat' dir='ltr'>muniat.Sic</span> 
     </span>
    </p>
   </div>
   <div class='ocr_carea' id='block_1_47' title="bbox 572 2325 2172 2397">
    <p class='ocr_par' dir='ltr' id='par_1_47' title="bbox 572 2325 2172 2397">
     <span class='ocr_line' id='line_1_47' title="bbox 572 2325 2172 2397; baseline -0.008 -7"><span class='ocrx_word' id='word_1_359' title='bbox 572 2338 634 2390; x_wconf 84' lang='lat' dir='ltr'>in</span> <span class='ocrx_word' id='word_1_360' title='bbox 650 2325 819 2389; x_wconf 85' lang='lat' dir='ltr'>nobis</span> <span class='ocrx_word' id='word_1_361' title='bbox 841 2343 1083 2397; x_wconf 89' lang='lat' dir='ltr'>regnare</span> <span class='ocrx_word' id='word_1_362' title='bbox 1105 2327 1340 2393; x_wconf 89' lang='lat' dir='ltr'>appetit,</span> <span class='ocrx_word' id='word_1_363' title='bbox 1366 2330 1433 2377; x_wconf 92' lang='lat' dir='ltr'>ut</span> <span class='ocrx_word' id='word_1_364' title='bbox 1454 2326 1527 2376; x_wconf 90' lang='lat' dir='ltr'>ad</span> <span class='ocrx_word' id='word_1_365' title='bbox 1552 2325 1784 2377; x_wconf 80' lang='lat' dir='ltr'>caeleste</span> <span class='ocrx_word' id='word_1_366' title='bbox 1802 2338 2049 2389; x_wconf 81' lang='lat' dir='ltr'>regnum</span> <span class='ocrx_word' id='word_1_367' title='bbox 2067 2340 2172 2378; x_wconf 90' lang='lat' dir='ltr'>suo</span> 
     </span>
    </p>
   </div>
   <div class='ocr_carea' id='block_1_48' title="bbox 572 2397 2172 2471">
    <p class='ocr_par' dir='ltr' id='par_1_48' title="bbox 572 2397 2172 2471">
     <span class='ocr_line' id='line_1_48' title="bbox 572 2397 2172 2471; baseline -0.008 -9"><span class='ocrx_word' id='word_1_368' title='bbox 572 2422 678 2461; x_wconf 93' lang='lat' dir='ltr'>nos</span> <span class='ocrx_word' id='word_1_369' title='bbox 700 2406 977 2471; x_wconf 90' lang='lat' dir='ltr'>regimine</span> <span class='ocrx_word' id='word_1_370' title='bbox 1001 2402 1210 2453; x_wconf 89' lang='lat' dir='ltr'>ducere</span> <span class='ocrx_word' id='word_1_371' title='bbox 1234 2399 1437 2463; x_wconf 89' lang='lat' dir='ltr'>possit.</span> <span class='ocrx_word' id='word_1_372' title='bbox 1463 2397 1571 2471; x_wconf 93' lang='lat' dir='ltr'>Sed</span> <span class='ocrx_word' id='word_1_373' title='bbox 1597 2398 1731 2460; x_wconf 90' lang='lat' dir='ltr'>quia</span> <span class='ocrx_word' id='word_1_374' title='bbox 1753 2398 1943 2448; x_wconf 88' lang='lat' dir='ltr'>adhuc</span> <span class='ocrx_word' id='word_1_375' title='bbox 1968 2411 2172 2471; x_wconf 86' lang='lat' dir='ltr'>sumus</span> 
     </span>
    </p>
   </div>
   <div class='ocr_carea' id='block_1_49' title="bbox 571 2470 2172 2537">
    <p class='ocr_par' dir='ltr' id='par_1_49' title="bbox 571 2470 2172 2537">
     <span class='ocr_line' id='line_1_49' title="bbox 571 2470 2172 2537; baseline -0.009 -3"><span class='ocrx_word' id='word_1_376' title='bbox 571 2482 631 2532; x_wconf 90' lang='lat' dir='ltr'>in</span> <span class='ocrx_word' id='word_1_377' title='bbox 664 2470 993 2537; x_wconf 82' lang='lat' dir='ltr'>certamine,</span> <span class='ocrx_word' id='word_1_378' title='bbox 1026 2473 1147 2524; x_wconf 88' lang='lat' dir='ltr'>suis</span> <span class='ocrx_word' id='word_1_379' title='bbox 1168 2483 1274 2522; x_wconf 91' lang='lat' dir='ltr'>nos</span> <span class='ocrx_word' id='word_1_380' title='bbox 1289 2470 1591 2534; x_wconf 76' lang='lat' dir='ltr'>praeceptis</span> <span class='ocrx_word' id='word_1_381' title='bbox 1614 2481 1732 2519; x_wconf 90' lang='lat' dir='ltr'>non</span> <span class='ocrx_word' id='word_1_382' title='bbox 1762 2472 1953 2520; x_wconf 87' lang='lat' dir='ltr'>cessat</span> <span class='ocrx_word' id='word_1_383' title='bbox 1975 2470 2172 2521; x_wconf 86' lang='lat' dir='ltr'>admo-</span> 
     </span>
    </p>
   </div>
   <div class='ocr_carea' id='block_1_50' title="bbox 571 2541 2166 2604">
    <p class='ocr_par' dir='ltr' id='par_1_50' title="bbox 571 2541 2166 2604">
     <span class='ocr_line' id='line_1_50' title="bbox 571 2541 2166 2604; baseline -0.009 0"><span class='ocrx_word' id='word_1_384' title='bbox 571 2563 724 2603; x_wconf 89' lang='lat' dir='ltr'>nere.</span> <span class='ocrx_word' id='word_1_385' title='bbox 749 2548 913 2601; x_wconf 87' lang='lat' dir='ltr'>Unde</span> <span class='ocrx_word' id='word_1_386' title='bbox 947 2547 1093 2596; x_wconf 84' lang='lat' dir='ltr'>bene</span> <span class='ocrx_word' id='word_1_387' title='bbox 1117 2541 1655 2603; x_wconf 76' lang='lat' dir='ltr'>dicitur,Praedicans</span> <span class='ocrx_word' id='word_1_388' title='bbox 1679 2546 1999 2604; x_wconf 56' lang='lat' dir='ltr'>praecpitem</span> <span class='ocrx_word' id='word_1_389' title='bbox 2026 2541 2166 2604; x_wconf 76' lang='lat' dir='ltr'>ejus:</span> 
     </span>
    </p>
   </div>
   <div class='ocr_carea' id='block_1_51' title="bbox 573 2612 2171 2688">
    <p class='ocr_par' dir='ltr' id='par_1_51' title="bbox 573 2612 2171 2688">
     <span class='ocr_line' id='line_1_51' title="bbox 573 2612 2171 2688; baseline -0.008 -13"><span class='ocrx_word' id='word_1_390' title='bbox 573 2624 709 2688; x_wconf 89' lang='lat' dir='ltr'>quia</span> <span class='ocrx_word' id='word_1_391' title='bbox 735 2633 855 2672; x_wconf 92' lang='lat' dir='ltr'>non</span> <span class='ocrx_word' id='word_1_392' title='bbox 884 2617 1187 2688; x_wconf 85' lang='lat' dir='ltr'>praecepta,</span> <span class='ocrx_word' id='word_1_393' title='bbox 1222 2612 1334 2688; x_wconf 82' lang='lat' dir='ltr'>sed</span> <span class='ocrx_word' id='word_1_394' title='bbox 1351 2617 1702 2675; x_wconf 82' lang='lat' dir='ltr'>praeceptum</span> <span class='ocrx_word' id='word_1_395' title='bbox 1726 2612 1883 2674; x_wconf 88' lang='lat' dir='ltr'>dicit,</span> <span class='ocrx_word' id='word_1_396' title='bbox 1909 2612 2171 2688; x_wconf 81' lang='lat' dir='ltr'>fortassis</span> 
     </span>
    </p>
   </div>
   <div class='ocr_carea' id='block_1_52' title="bbox 573 2683 2169 2747">
    <p class='ocr_par' dir='ltr' id='par_1_52' title="bbox 573 2683 2169 2747">
     <span class='ocr_line' id='line_1_52' title="bbox 573 2683 2169 2747; baseline -0.008 0"><span class='ocrx_word' id='word_1_397' title='bbox 573 2683 870 2747; x_wconf 75' lang='lat' dir='ltr'>caritatem</span> <span class='ocrx_word' id='word_1_398' title='bbox 897 2688 1067 2740; x_wconf 89' lang='lat' dir='ltr'>nobis</span> <span class='ocrx_word' id='word_1_399' title='bbox 1089 2684 1298 2746; x_wconf 86' lang='lat' dir='ltr'>innuit,</span> <span class='ocrx_word' id='word_1_400' title='bbox 1321 2683 1382 2733; x_wconf 91' lang='lat' dir='ltr'>in</span> <span class='ocrx_word' id='word_1_401' title='bbox 1407 2695 1522 2745; x_wconf 89' lang='lat' dir='ltr'>qua</span> <span class='ocrx_word' id='word_1_402' title='bbox 1544 2688 1753 2733; x_wconf 90' lang='lat' dir='ltr'>cuncta</span> <span class='ocrx_word' id='word_1_403' title='bbox 1780 2688 2067 2747; x_wconf 64' lang='lat' dir='ltr'>praecepta</span> <span class='ocrx_word' id='word_1_404' title='bbox 2100 2685 2169 2735; x_wconf 81' lang='lat' dir='ltr'>ll-</span> 
     </span>
    </p>
   </div>
   <div class='ocr_carea' id='block_1_53' title="bbox 572 2753 2172 2826">
    <p class='ocr_par' dir='ltr' id='par_1_53' title="bbox 572 2753 2172 2826">
     <span class='ocr_line' id='line_1_53' title="bbox 572 2753 2172 2826; baseline -0.006 -8"><span class='ocrx_word' id='word_1_405' title='bbox 572 2768 814 2818; x_wconf 89' lang='lat' dir='ltr'>niuntur</span> <span class='ocrx_word' id='word_1_406' title='bbox 844 2761 912 2826; x_wconf 84' lang='grc'>(1.</span> <span class='ocrx_word' id='word_1_407' title='bbox 942 2761 1062 2810; x_wconf 87' lang='lat' dir='ltr'>Cor.</span> <span class='ocrx_word' id='word_1_408' title='bbox 1090 2756 1194 2819; x_wconf 85' lang='grc'>13.)</span> <span class='ocrx_word' id='word_1_409' title='bbox 1224 2773 1237 2805; x_wconf 85' lang='lat'>:</span> <span class='ocrx_word' id='word_1_410' title='bbox 1272 2759 1329 2805; x_wconf 89' lang='lat' dir='ltr'>et</span> <span class='ocrx_word' id='word_1_411' title='bbox 1354 2754 1565 2826; x_wconf 82' lang='lat' dir='ltr'>siquis</span> <span class='ocrx_word' id='word_1_412' title='bbox 1597 2753 1936 2826; x_wconf 84' lang='lat' dir='ltr'>impleverit,</span> <span class='ocrx_word' id='word_1_413' title='bbox 1964 2762 2172 2809; x_wconf 65' lang='lat' dir='ltr'>caetera</span> 
     </span>
    </p>
   </div>
   <div class='ocr_carea' id='block_1_54' title="bbox 569 2823 2169 2901">
    <p class='ocr_par' dir='ltr' id='par_1_54' title="bbox 569 2823 2169 2901">
     <span class='ocr_line' id='line_1_54' title="bbox 569 2823 2169 2901; baseline -0.009 -11"><span class='ocrx_word' id='word_1_414' title='bbox 569 2840 643 2891; x_wconf 89' lang='lat' dir='ltr'>ab</span> <span class='ocrx_word' id='word_1_415' title='bbox 675 2837 800 2901; x_wconf 92' lang='lat' dir='ltr'>ipso</span> <span class='ocrx_word' id='word_1_416' title='bbox 831 2823 1224 2901; x_wconf 83' lang='lat' dir='ltr'>implebuntur</span> <span class='ocrx_word' id='word_1_417' title='bbox 1256 2825 1463 2889; x_wconf 87' lang='lat' dir='ltr'>(Matth.</span> <span class='ocrx_word' id='word_1_418' title='bbox 1503 2823 1632 2901; x_wconf 66' lang='lat'>22.).</span> <span class='ocrx_word' id='word_1_419' title='bbox 1666 2828 1788 2901; x_wconf 69' lang='lat' dir='ltr'>lioc</span> <span class='ocrx_word' id='word_1_420' title='bbox 1817 2833 2169 2892; x_wconf 62' lang='lat' dir='ltr'>prmeeptum</span> 
     </span>
    </p>
   </div>
   <div class='ocr_carea' id='block_1_55' title="bbox 569 2897 2171 2970">
    <p class='ocr_par' dir='ltr' id='par_1_55' title="bbox 569 2897 2171 2970">
     <span class='ocr_line' id='line_1_55' title="bbox 569 2897 2171 2970; baseline -0.008 -6"><span class='ocrx_word' id='word_1_421' title='bbox 569 2897 739 2965; x_wconf 76' lang='lat' dir='ltr'>nobis</span> <span class='ocrx_word' id='word_1_422' title='bbox 778 2903 1034 2970; x_wconf 90' lang='lat' dir='ltr'>quotidie</span> <span class='ocrx_word' id='word_1_423' title='bbox 1068 2900 1330 2951; x_wconf 87' lang='lat' dir='ltr'>Christus</span> <span class='ocrx_word' id='word_1_424' title='bbox 1365 2898 1657 2970; x_wconf 87' lang='lat' dir='ltr'>praedicat,</span> <span class='ocrx_word' id='word_1_425' title='bbox 1683 2897 1794 2970; x_wconf 84' lang='lat' dir='ltr'>hoc</span> <span class='ocrx_word' id='word_1_426' title='bbox 1818 2902 2104 2963; x_wconf 86' lang='lat' dir='ltr'>praecepto</span> <span class='ocrx_word' id='word_1_427' title='bbox 2137 2912 2171 2951; x_wconf 90' lang='lat' dir='ltr'>a</span> 
     </span>
    </p>
   </div>
   <div class='ocr_carea' id='block_1_56' title="bbox 570 2969 2171 3037">
    <p class='ocr_par' dir='ltr' id='par_1_56' title="bbox 570 2969 2171 3037">
     <span class='ocr_line' id='line_1_56' title="bbox 570 2969 2171 3037; baseline -0.009 -1"><span class='ocrx_word' id='word_1_428' title='bbox 570 2981 739 3037; x_wconf 85' lang='lat' dir='ltr'>terris</span> <span class='ocrx_word' id='word_1_429' title='bbox 762 2969 835 3030; x_wconf 86' lang='lat' dir='ltr'>ad</span> <span class='ocrx_word' id='word_1_430' title='bbox 847 2973 1099 3028; x_wconf 81' lang='lat' dir='ltr'>caelestia</span> <span class='ocrx_word' id='word_1_431' title='bbox 1113 2970 1379 3023; x_wconf 81' lang='lat' dir='ltr'>sublevat</span> <span class='ocrx_word' id='word_1_432' title='bbox 1395 2984 1408 3021; x_wconf 90' lang='lat'>:</span> <span class='ocrx_word' id='word_1_433' title='bbox 1426 2974 1484 3020; x_wconf 89' lang='lat' dir='ltr'>et</span> <span class='ocrx_word' id='word_1_434' title='bbox 1501 2969 1772 3032; x_wconf 88' lang='lat' dir='ltr'>quicquid</span> <span class='ocrx_word' id='word_1_435' title='bbox 1788 2982 1887 3033; x_wconf 86' lang='lat' dir='ltr'>per</span> <span class='ocrx_word' id='word_1_436' title='bbox 1900 2970 2010 3022; x_wconf 86' lang='lat' dir='ltr'>alia</span> <span class='ocrx_word' id='word_1_437' title='bbox 2020 2984 2171 3035; x_wconf 85' lang='lat' dir='ltr'>prae-</span> 
     </span>
    </p>
   </div>
   <div class='ocr_carea' id='block_1_57' title="bbox 571 3040 2169 3121">
    <p class='ocr_par' dir='ltr' id='par_1_57' title="bbox 571 3040 2169 3121">
     <span class='ocr_line' id='line_1_57' title="bbox 571 3040 2169 3121; baseline -0.006 -16"><span class='ocrx_word' id='word_1_438' title='bbox 571 3058 738 3121; x_wconf 91' lang='lat' dir='ltr'>cepta</span> <span class='ocrx_word' id='word_1_439' title='bbox 784 3049 940 3109; x_wconf 88' lang='lat' dir='ltr'>dicit,</span> <span class='ocrx_word' id='word_1_440' title='bbox 965 3046 1193 3121; x_wconf 74' lang='lat' dir='ltr'>mittere</span> <span class='ocrx_word' id='word_1_441' title='bbox 1228 3054 1337 3121; x_wconf 79' lang='lat' dir='ltr'>nos</span> <span class='ocrx_word' id='word_1_442' title='bbox 1360 3040 1567 3121; x_wconf 66' lang='lat' dir='ltr'>adhoc</span> <span class='ocrx_word' id='word_1_443' title='bbox 1590 3054 1776 3121; x_wconf 72' lang='lat' dir='ltr'>unum</span> <span class='ocrx_word' id='word_1_444' title='bbox 1812 3049 2169 3121; x_wconf 81' lang='lat' dir='ltr'>praeceptum</span> 
     </span>
    </p>
   </div>
   <div class='ocr_carea' id='block_1_58' title="bbox 570 3112 2167 3192">
    <p class='ocr_par' dir='ltr' id='par_1_58' title="bbox 570 3112 2167 3192">
     <span class='ocr_line' id='line_1_58' title="bbox 570 3112 2167 3192; baseline -0.004 -18"><span class='ocrx_word' id='word_1_445' title='bbox 570 3112 797 3192; x_wconf 72' lang='lat' dir='ltr'>semper</span> <span class='ocrx_word' id='word_1_446' title='bbox 833 3117 1100 3192; x_wconf 73' lang='lat' dir='ltr'>intendit.</span> <span class='ocrx_word' id='word_1_447' title='bbox 1127 3114 1289 3192; x_wconf 83' lang='lat' dir='ltr'>Quod</span> <span class='ocrx_word' id='word_1_448' title='bbox 1313 3112 1549 3192; x_wconf 49' lang='lat' dir='ltr'>quidem</span> <span class='ocrx_word' id='word_1_449' title='bbox 1573 3112 1788 3192; x_wconf 75' lang='lat' dir='ltr'>duplex</span> <span class='ocrx_word' id='word_1_450' title='bbox 1811 3119 1903 3165; x_wconf 92' lang='lat' dir='ltr'>est</span> <span class='ocrx_word' id='word_1_451' title='bbox 1926 3116 2167 3192; x_wconf 70' lang='lat' dir='ltr'>manda-</span> 
     </span>
    </p>
   </div>
   <div class='ocr_carea' id='block_1_59' title="bbox 570 3184 2169 3253">
    <p class='ocr_par' dir='ltr' id='par_1_59' title="bbox 570 3184 2169 3253">
     <span class='ocr_line' id='line_1_59' title="bbox 570 3184 2169 3253; baseline -0.008 0"><span class='ocrx_word' id='word_1_452' title='bbox 570 3184 734 3253; x_wconf 50' lang='lat' dir='ltr'>tum&quot;:</span> <span class='ocrx_word' id='word_1_453' title='bbox 764 3206 901 3247; x_wconf 90' lang='lat' dir='ltr'>nam</span> <span class='ocrx_word' id='word_1_454' title='bbox 923 3192 985 3243; x_wconf 91' lang='lat' dir='ltr'>in</span> <span class='ocrx_word' id='word_1_455' title='bbox 1012 3188 1315 3240; x_wconf 87' lang='lat' dir='ltr'>dilectione</span> <span class='ocrx_word' id='word_1_456' title='bbox 1336 3186 1441 3236; x_wconf 88' lang='lat' dir='ltr'>Dei</span> <span class='ocrx_word' id='word_1_457' title='bbox 1463 3188 1552 3235; x_wconf 89' lang='lat' dir='ltr'>est</span> <span class='ocrx_word' id='word_1_458' title='bbox 1574 3184 1799 3237; x_wconf 90' lang='lat' dir='ltr'>dilectio</span> <span class='ocrx_word' id='word_1_459' title='bbox 1829 3187 2169 3249; x_wconf 82' lang='lat' dir='ltr'>proximi.Et</span> 
     </span>
    </p>
   </div>
   <div class='ocr_carea' id='block_1_60' title="bbox 572 3256 2244 3352">
    <p class='ocr_par' dir='ltr' id='par_1_60' title="bbox 572 3256 2244 3352">
     <span class='ocr_line' id='line_1_60' title="bbox 572 3256 2244 3352; baseline -0.007 -29"><span class='ocrx_word' id='word_1_460' title='bbox 572 3271 850 3333; x_wconf 85' lang='lat' dir='ltr'>scriptum</span> <span class='ocrx_word' id='word_1_461' title='bbox 877 3268 989 3352; x_wconf 55' lang='lat' dir='ltr'>estL,</span> <span class='ocrx_word' id='word_1_462' title='bbox 1011 3259 1238 3352; x_wconf 35' lang='lat' dir='ltr'>Quiafiln</span> <span class='ocrx_word' id='word_1_463' title='bbox 1376 3257 1620 3352; x_wconf 39' lang='lat' dir='ltr'>duobus</span> <span class='ocrx_word' id='word_1_464' title='bbox 1633 3256 1922 3352; x_wconf 54' lang='lat' dir='ltr'>mandatis</span> <span class='ocrx_word' id='word_1_465' title='bbox 1958 3261 2169 3352; x_wconf 74' lang='lat' dir='ltr'>pendet</span> <span class='ocrx_word' id='word_1_466' title='bbox 2194 3276 2244 3352; x_wconf 62' lang='grc' dir='ltr'><strong>ρ</strong></span> 
     </span>
    </p>
   </div>
   <div class='ocr_carea' id='block_1_61' title="bbox 570 3326 2166 3401">
    <p class='ocr_par' dir='ltr' id='par_1_61' title="bbox 570 3326 2166 3401">
     <span class='ocr_line' id='line_1_61' title="bbox 570 3326 2166 3401; baseline 0.02 -46"><span class='ocrx_word' id='word_1_467' title='bbox 570 3343 667 3394; x_wconf 67' lang='lat' dir='ltr'>lex</span> <span class='ocrx_word' id='word_1_468' title='bbox 685 3326 776 3389; x_wconf 62' lang='grc' dir='ltr'>-θι</span> <span class='ocrx_word' id='word_1_469' title='bbox 816 3334 1112 3401; x_wconf 57' lang='lat' dir='ltr'>propheta;</span> <span class='ocrx_word' id='word_1_470' title='bbox 1158 3329 1365 3392; x_wconf 84' lang='lat' dir='ltr'>(Matth.</span> <span class='ocrx_word' id='word_1_471' title='bbox 1411 3326 1539 3401; x_wconf 66' lang='lat'>22.).</span> <span class='ocrx_word' id='word_1_472' title='bbox 1577 3328 1856 3401; x_wconf 87' lang='lat' dir='ltr'>Quicquid</span> <span class='ocrx_word' id='word_1_473' title='bbox 1893 3343 2028 3395; x_wconf 87' lang='lat' dir='ltr'>ergo</span> <span class='ocrx_word' id='word_1_474' title='bbox 2052 3332 2166 3400; x_wconf 81' lang='lat' dir='ltr'>lex,</span> 
     </span>
    </p>
   </div>
   <div class='ocr_carea' id='block_1_62' title="bbox 573 3399 2170 3477">
    <p class='ocr_par' dir='ltr' id='par_1_62' title="bbox 573 3399 2170 3477">
     <span class='ocr_line' id='line_1_62' title="bbox 573 3399 2170 3477; baseline 0.002 -24"><span class='ocrx_word' id='word_1_475' title='bbox 573 3399 844 3477; x_wconf 77' lang='lat' dir='ltr'>quicquid</span> <span class='ocrx_word' id='word_1_476' title='bbox 861 3403 1175 3477; x_wconf 78' lang='lat' dir='ltr'>prophetia,</span> <span class='ocrx_word' id='word_1_477' title='bbox 1193 3399 1469 3477; x_wconf 80' lang='lat' dir='ltr'>quicquid</span> <span class='ocrx_word' id='word_1_478' title='bbox 1483 3399 1877 3477; x_wconf 71' lang='lat' dir='ltr'>Evangelium,</span> <span class='ocrx_word' id='word_1_479' title='bbox 1895 3405 2170 3468; x_wconf 91' lang='lat' dir='ltr'>quicquid</span> 
     </span>
    </p>
   </div>
   <div class='ocr_carea' id='block_1_63' title="bbox 574 3470 2175 3542">
    <p class='ocr_par' dir='ltr' id='par_1_63' title="bbox 574 3470 2175 3542">
     <span class='ocr_line' id='line_1_63' title="bbox 574 3470 2175 3542; baseline -0.008 -6"><span class='ocrx_word' id='word_1_480' title='bbox 574 3470 763 3537; x_wconf 73' lang='lat' dir='ltr'>sermo</span> <span class='ocrx_word' id='word_1_481' title='bbox 785 3470 1153 3542; x_wconf 79' lang='lat' dir='ltr'>Apostolicus</span> <span class='ocrx_word' id='word_1_482' title='bbox 1170 3471 1443 3536; x_wconf 75' lang='lat' dir='ltr'>praedicat</span> <span class='ocrx_word' id='word_1_483' title='bbox 1464 3485 1477 3520; x_wconf 92' lang='lat'>:</span> <span class='ocrx_word' id='word_1_484' title='bbox 1495 3470 1689 3521; x_wconf 88' lang='lat' dir='ltr'>omnia</span> <span class='ocrx_word' id='word_1_485' title='bbox 1712 3470 1798 3539; x_wconf 73' lang='grc'><strong>12</strong></span> <span class='ocrx_word' id='word_1_486' title='bbox 1828 3486 2007 3525; x_wconf 90' lang='lat' dir='ltr'>unum</span> <span class='ocrx_word' id='word_1_487' title='bbox 2031 3490 2175 3540; x_wconf 67' lang='lat' dir='ltr'>prae.</span> 
     </span>
    </p>
   </div>
   <div class='ocr_carea' id='block_1_64' title="bbox 574 3545 2171 3619">
    <p class='ocr_par' dir='ltr' id='par_1_64' title="bbox 574 3545 2171 3619">
     <span class='ocr_line' id='line_1_64' title="bbox 574 3545 2171 3619; baseline -0.009 -11"><span class='ocrx_word' id='word_1_488' title='bbox 574 3557 827 3619; x_wconf 90' lang='lat' dir='ltr'>ceptum,</span> <span class='ocrx_word' id='word_1_489' title='bbox 850 3549 1016 3619; x_wconf 81' lang='lat' dir='ltr'>idest,</span> <span class='ocrx_word' id='word_1_490' title='bbox 1035 3545 1392 3619; x_wconf 77' lang='lat' dir='ltr'>caritasuna</span> <span class='ocrx_word' id='word_1_491' title='bbox 1414 3551 1799 3619; x_wconf 79' lang='lat' dir='ltr'>consummat.</span> <span class='ocrx_word' id='word_1_492' title='bbox 1827 3545 2085 3619; x_wconf 15' lang='lat' dir='ltr'>Sedrquia</span> <span class='ocrx_word' id='word_1_493' title='bbox 2101 3551 2171 3601; x_wconf 87' lang='lat' dir='ltr'>de</span> 
     </span>
    </p>
   </div>
   <div class='ocr_carea' id='block_1_65' title="bbox 573 3613 2172 3692">
    <p class='ocr_par' dir='ltr' id='par_1_65' title="bbox 573 3613 2172 3692">
     <span class='ocr_line' id='line_1_65' title="bbox 573 3613 2172 3692; baseline -0.003 -16"><span class='ocrx_word' id='word_1_494' title='bbox 573 3613 832 3692; x_wconf 72' lang='lat' dir='ltr'>potentia</span> <span class='ocrx_word' id='word_1_495' title='bbox 853 3617 1203 3692; x_wconf 84' lang='lat' dir='ltr'>audivimus,</span> <span class='ocrx_word' id='word_1_496' title='bbox 1235 3614 1305 3692; x_wconf 80' lang='lat' dir='ltr'>de</span> <span class='ocrx_word' id='word_1_497' title='bbox 1321 3613 1800 3692; x_wconf 71' lang='lat' dir='ltr'>dignitatehujus</span> <span class='ocrx_word' id='word_1_498' title='bbox 1824 3618 1977 3681; x_wconf 91' lang='lat' dir='ltr'>regis</span> <span class='ocrx_word' id='word_1_499' title='bbox 1989 3621 2172 3673; x_wconf 87' lang='lat' dir='ltr'>nostri</span> 
     </span>
    </p>
   </div>
   <div class='ocr_carea' id='block_1_66' title="bbox 500 3685 1662 3753">
    <p class='ocr_par' dir='ltr' id='par_1_66' title="bbox 500 3685 1662 3753">
     <span class='ocr_line' id='line_1_66' title="bbox 500 3685 1662 3753; baseline -0.013 -1"><span class='ocrx_word' id='word_1_500' title='bbox 500 3710 505 3717; x_wconf 83' lang='lat'><strong><em>&#39;</em></strong></span> <span class='ocrx_word' id='word_1_501' title='bbox 574 3685 897 3751; x_wconf 74' lang='lat' dir='ltr'>audiamus.</span> <span class='ocrx_word' id='word_1_502' title='bbox 925 3688 1193 3753; x_wconf 89' lang='lat' dir='ltr'>Sequitur</span> <span class='ocrx_word' id='word_1_503' title='bbox 1214 3686 1386 3749; x_wconf 90' lang='lat' dir='ltr'>enim,</span> <span class='ocrx_word' id='word_1_504' title='bbox 1411 3689 1467 3737; x_wconf 90' lang='lat' dir='ltr'>et</span> <span class='ocrx_word' id='word_1_505' title='bbox 1486 3685 1623 3735; x_wconf 89' lang='lat' dir='ltr'>dicit</span> <span class='ocrx_word' id='word_1_506' title='bbox 1647 3701 1662 3737; x_wconf 91' lang='lat'>:</span> 
     </span>
    </p>
   </div>
   <div class='ocr_carea' id='block_1_67' title="bbox 636 3758 2168 3828">
    <p class='ocr_par' dir='ltr' id='par_1_67' title="bbox 636 3758 2168 3828">
     <span class='ocr_line' id='line_1_67' title="bbox 636 3758 2168 3828; baseline 0 -15"><span class='ocrx_word' id='word_1_507' title='bbox 636 3773 683 3822; x_wconf 78' lang='grc' dir='ltr'>ὃ,</span> <span class='ocrx_word' id='word_1_508' title='bbox 719 3766 1000 3817; x_wconf 79' lang='lat' dir='ltr'>Dominus</span> <span class='ocrx_word' id='word_1_509' title='bbox 1040 3760 1183 3810; x_wconf 71' lang='lat' dir='ltr'>dixit</span> <span class='ocrx_word' id='word_1_510' title='bbox 1227 3759 1299 3808; x_wconf 79' lang='lat' dir='ltr'>ad</span> <span class='ocrx_word' id='word_1_511' title='bbox 1336 3772 1436 3819; x_wconf 83' lang='lat' dir='ltr'>me,</span> <span class='ocrx_word' id='word_1_512' title='bbox 1471 3758 1643 3807; x_wconf 77' lang='lat' dir='ltr'>Filius</span> <span class='ocrx_word' id='word_1_513' title='bbox 1690 3775 1837 3809; x_wconf 84' lang='lat' dir='ltr'>meus</span> <span class='ocrx_word' id='word_1_514' title='bbox 1872 3777 1922 3811; x_wconf 84' lang='lat' dir='ltr'>es</span> <span class='ocrx_word' id='word_1_515' title='bbox 1947 3768 2021 3824; x_wconf 84' lang='lat' dir='ltr'>tu,</span> <span class='ocrx_word' id='word_1_516' title='bbox 2047 3779 2168 3828; x_wconf 73' lang='lat' dir='ltr'>ergo</span> 
     </span>
    </p>
   </div>
   <div class='ocr_carea' id='block_1_68' title="bbox 576 3830 2170 3904">
    <p class='ocr_par' dir='ltr' id='par_1_68' title="bbox 576 3830 2170 3904">
     <span class='ocr_line' id='line_1_68' title="bbox 576 3830 2170 3904; baseline -0.004 -11"><span class='ocrx_word' id='word_1_517' title='bbox 576 3841 734 3893; x_wconf 80' lang='lat' dir='ltr'>hodie</span> <span class='ocrx_word' id='word_1_518' title='bbox 767 3839 929 3904; x_wconf 84' lang='lat' dir='ltr'>genui</span> <span class='ocrx_word' id='word_1_519' title='bbox 962 3841 1023 3886; x_wconf 87' lang='lat' dir='ltr'>te.</span> <span class='ocrx_word' id='word_1_520' title='bbox 1062 3831 1228 3894; x_wconf 90' lang='lat' dir='ltr'>Quod</span> <span class='ocrx_word' id='word_1_521' title='bbox 1253 3843 1354 3904; x_wconf 79' lang='lat' dir='ltr'>per</span> <span class='ocrx_word' id='word_1_522' title='bbox 1385 3830 1724 3904; x_wconf 82' lang='lat' dir='ltr'>Prophetam</span> <span class='ocrx_word' id='word_1_523' title='bbox 1748 3833 2035 3899; x_wconf 91' lang='lat' dir='ltr'>audimus,</span> <span class='ocrx_word' id='word_1_524' title='bbox 2061 3838 2170 3887; x_wconf 89' lang='lat' dir='ltr'>hoc</span> 
     </span>
    </p>
   </div>
   <div class='ocr_carea' id='block_1_69' title="bbox 573 3902 2170 3976">
    <p class='ocr_par' dir='ltr' id='par_1_69' title="bbox 573 3902 2170 3976">
     <span class='ocr_line' id='line_1_69' title="bbox 573 3902 2170 3976; baseline -0.006 -9"><span class='ocrx_word' id='word_1_525' title='bbox 573 3915 747 3967; x_wconf 88' lang='lat' dir='ltr'>etiam</span> <span class='ocrx_word' id='word_1_526' title='bbox 771 3902 871 3976; x_wconf 83' lang='lat' dir='ltr'>per</span> <span class='ocrx_word' id='word_1_527' title='bbox 887 3905 1260 3970; x_wconf 86' lang='lat' dir='ltr'>Evangelium</span> <span class='ocrx_word' id='word_1_528' title='bbox 1284 3902 1549 3966; x_wconf 86' lang='lat' dir='ltr'>legimus.</span> <span class='ocrx_word' id='word_1_529' title='bbox 1564 3904 1647 3955; x_wconf 91' lang='lat' dir='ltr'>Ibi</span> <span class='ocrx_word' id='word_1_530' title='bbox 1663 3905 1815 3956; x_wconf 90' lang='lat' dir='ltr'>enim</span> <span class='ocrx_word' id='word_1_531' title='bbox 1831 3906 2038 3959; x_wconf 90' lang='lat' dir='ltr'>dicitur</span> <span class='ocrx_word' id='word_1_532' title='bbox 2049 3912 2170 3969; x_wconf 84' lang='lat' dir='ltr'>quia</span> 
     </span>
    </p>
   </div>
   <div class='ocr_carea' id='block_1_70' title="bbox 574 3978 2168 4042">
    <p class='ocr_par' dir='ltr' id='par_1_70' title="bbox 574 3978 2168 4042">
     <span class='ocr_line' id='line_1_70' title="bbox 574 3978 2168 4042; baseline -0.005 -2"><span class='ocrx_word' id='word_1_533' title='bbox 574 4000 706 4040; x_wconf 91' lang='lat' dir='ltr'>cum</span> <span class='ocrx_word' id='word_1_534' title='bbox 732 3984 1015 4037; x_wconf 89' lang='lat' dir='ltr'>Dominus</span> <span class='ocrx_word' id='word_1_535' title='bbox 1038 3981 1213 4031; x_wconf 86' lang='lat' dir='ltr'>Jesus</span> <span class='ocrx_word' id='word_1_536' title='bbox 1230 3978 1631 4040; x_wconf 89' lang='lat' dir='ltr'>baptizaretur,</span> <span class='ocrx_word' id='word_1_537' title='bbox 1654 3979 1897 4042; x_wconf 90' lang='lat' dir='ltr'>Spiritus</span> <span class='ocrx_word' id='word_1_538' title='bbox 1923 3982 2168 4032; x_wconf 91' lang='lat' dir='ltr'>Sanctus</span> 
     </span>
    </p>
   </div>
   <div class='ocr_carea' id='block_1_71' title="bbox 573 4049 2224 4118">
    <p class='ocr_par' dir='ltr' id='par_1_71' title="bbox 573 4049 2224 4118">
     <span class='ocr_line' id='line_1_71' title="bbox 573 4049 2224 4118; baseline -0.004 -7"><span class='ocrx_word' id='word_1_539' title='bbox 573 4060 636 4111; x_wconf 92' lang='lat' dir='ltr'>in</span> <span class='ocrx_word' id='word_1_540' title='bbox 658 4057 943 4110; x_wconf 77' lang='lat' dir='ltr'>columbae</span> <span class='ocrx_word' id='word_1_541' title='bbox 964 4052 1153 4118; x_wconf 89' lang='lat' dir='ltr'>specie</span> <span class='ocrx_word' id='word_1_542' title='bbox 1176 4049 1490 4113; x_wconf 89' lang='lat' dir='ltr'>descendit,</span> <span class='ocrx_word' id='word_1_543' title='bbox 1513 4051 1570 4100; x_wconf 89' lang='lat' dir='ltr'>et</span> <span class='ocrx_word' id='word_1_544' title='bbox 1592 4062 1706 4102; x_wconf 85' lang='lat' dir='ltr'>vox</span> <span class='ocrx_word' id='word_1_545' title='bbox 1724 4051 2171 4105; x_wconf 88' lang='lat' dir='ltr'>Patrisintonuit</span> <span class='ocrx_word' id='word_1_546' title='bbox 2214 4086 2224 4093; x_wconf 65' lang='lat'><strong>~</strong></span> 
     </span>
    </p>
   </div>
   <div class='ocr_carea' id='block_1_72' title="bbox 574 4120 2168 4187">
    <p class='ocr_par' dir='ltr' id='par_1_72' title="bbox 574 4120 2168 4187">
     <span class='ocr_line' id='line_1_72' title="bbox 574 4120 2168 4187; baseline -0.004 -5"><span class='ocrx_word' id='word_1_547' title='bbox 574 4131 682 4182; x_wconf 90' lang='lat' dir='ltr'>Hic</span> <span class='ocrx_word' id='word_1_548' title='bbox 705 4133 795 4180; x_wconf 91' lang='lat' dir='ltr'>est</span> <span class='ocrx_word' id='word_1_549' title='bbox 816 4127 993 4178; x_wconf 89' lang='lat' dir='ltr'>Filius</span> <span class='ocrx_word' id='word_1_550' title='bbox 1015 4134 1199 4186; x_wconf 90' lang='lat' dir='ltr'>meus,</span> <span class='ocrx_word' id='word_1_551' title='bbox 1223 4120 1284 4172; x_wconf 89' lang='lat' dir='ltr'>in</span> <span class='ocrx_word' id='word_1_552' title='bbox 1308 4133 1422 4184; x_wconf 87' lang='lat' dir='ltr'>quo</span> <span class='ocrx_word' id='word_1_553' title='bbox 1446 4120 1586 4171; x_wconf 87' lang='lat' dir='ltr'>mihi</span> <span class='ocrx_word' id='word_1_554' title='bbox 1610 4121 2168 4187; x_wconf 86' lang='lat' dir='ltr'>complacuit,ipsum</span> 
     </span>
    </p>
   </div>
   <div class='ocr_carea' id='block_1_73' title="bbox 574 4190 2170 4262">
    <p class='ocr_par' dir='ltr' id='par_1_73' title="bbox 574 4190 2170 4262">
     <span class='ocr_line' id='line_1_73' title="bbox 574 4190 2170 4262; baseline -0.005 -8"><span class='ocrx_word' id='word_1_555' title='bbox 574 4201 768 4254; x_wconf 87' lang='lat' dir='ltr'>audite</span> <span class='ocrx_word' id='word_1_556' title='bbox 802 4199 981 4262; x_wconf 80' lang='lat' dir='ltr'>(Joan.</span> <span class='ocrx_word' id='word_1_557' title='bbox 1016 4195 1077 4259; x_wconf 73' lang='lat'>1;</span> <span class='ocrx_word' id='word_1_558' title='bbox 1104 4193 1294 4243; x_wconf 83' lang='lat' dir='ltr'>Matth.</span> <span class='ocrx_word' id='word_1_559' title='bbox 1324 4191 1389 4245; x_wconf 83' lang='grc'>17</span> <span class='ocrx_word' id='word_1_560' title='bbox 1399 4190 1451 4255; x_wconf 94' lang='grc'>.).</span> <span class='ocrx_word' id='word_1_561' title='bbox 1481 4191 1588 4242; x_wconf 91' lang='lat' dir='ltr'>Ubi</span> <span class='ocrx_word' id='word_1_562' title='bbox 1613 4193 1919 4245; x_wconf 86' lang='lat' dir='ltr'>manifeste</span> <span class='ocrx_word' id='word_1_563' title='bbox 1950 4208 2011 4245; x_wconf 88' lang='lat' dir='ltr'>se</span> <span class='ocrx_word' id='word_1_564' title='bbox 2047 4197 2170 4247; x_wconf 90' lang='lat' dir='ltr'>Tri-</span> 
     </span>
    </p>
   </div>
   <div class='ocr_carea' id='block_1_74' title="bbox 574 4264 2170 4329">
    <p class='ocr_par' dir='ltr' id='par_1_74' title="bbox 574 4264 2170 4329">
     <span class='ocr_line' id='line_1_74' title="bbox 574 4264 2170 4329; baseline -0.006 0"><span class='ocrx_word' id='word_1_565' title='bbox 574 4275 729 4329; x_wconf 86' lang='lat' dir='ltr'>nitas</span> <span class='ocrx_word' id='word_1_566' title='bbox 755 4273 1028 4325; x_wconf 74' lang='lat' dir='ltr'>humanaa</span> <span class='ocrx_word' id='word_1_567' title='bbox 1060 4268 1286 4318; x_wconf 87' lang='lat' dir='ltr'>naturae</span> <span class='ocrx_word' id='word_1_568' title='bbox 1315 4264 1600 4315; x_wconf 90' lang='lat' dir='ltr'>ostendit:</span> <span class='ocrx_word' id='word_1_569' title='bbox 1625 4266 1760 4327; x_wconf 89' lang='lat' dir='ltr'>quia</span> <span class='ocrx_word' id='word_1_570' title='bbox 1782 4265 1957 4317; x_wconf 85' lang='lat' dir='ltr'>Filius</span> <span class='ocrx_word' id='word_1_571' title='bbox 1983 4267 2083 4318; x_wconf 89' lang='lat' dir='ltr'>Dei</span> <span class='ocrx_word' id='word_1_572' title='bbox 2109 4267 2170 4320; x_wconf 91' lang='lat' dir='ltr'>in</span> 
     </span>
    </p>
   </div>
   <div class='ocr_carea' id='block_1_75' title="bbox 576 4336 2168 4415">
    <p class='ocr_par' dir='ltr' id='par_1_75' title="bbox 576 4336 2168 4415">
     <span class='ocr_line' id='line_1_75' title="bbox 576 4336 2168 4415; baseline -0.007 -14"><span class='ocrx_word' id='word_1_573' title='bbox 576 4346 766 4415; x_wconf 89' lang='lat' dir='ltr'>specie</span> <span class='ocrx_word' id='word_1_574' title='bbox 808 4340 1081 4403; x_wconf 88' lang='lat' dir='ltr'>hominis,</span> <span class='ocrx_word' id='word_1_575' title='bbox 1116 4336 1743 4415; x_wconf 80' lang='lat' dir='ltr'>et_Spirit_us___Sanctus</span> <span class='ocrx_word' id='word_1_576' title='bbox 1776 4337 1837 4388; x_wconf 93' lang='lat' dir='ltr'>in</span> <span class='ocrx_word' id='word_1_577' title='bbox 1862 4339 2045 4402; x_wconf 91' lang='lat' dir='ltr'>specie</span> <span class='ocrx_word' id='word_1_578' title='bbox 2069 4352 2168 4415; x_wconf 89' lang='lat' dir='ltr'>co-</span> 
     </span>
    </p>
   </div>
   <div class='ocr_carea' id='block_1_76' title="bbox 572 4408 2168 4479">
    <p class='ocr_par' dir='ltr' id='par_1_76' title="bbox 572 4408 2168 4479">
     <span class='ocr_line' id='line_1_76' title="bbox 572 4408 2168 4479; baseline -0.006 -5"><span class='ocrx_word' id='word_1_579' title='bbox 572 4408 806 4479; x_wconf 60' lang='lat' dir='ltr'>lumba,</span> <span class='ocrx_word' id='word_1_580' title='bbox 833 4420 891 4469; x_wconf 90' lang='lat' dir='ltr'>et</span> <span class='ocrx_word' id='word_1_581' title='bbox 914 4427 1026 4467; x_wconf 87' lang='lat' dir='ltr'>vox</span> <span class='ocrx_word' id='word_1_582' title='bbox 1043 4411 1227 4463; x_wconf 88' lang='lat' dir='ltr'>Patris</span> <span class='ocrx_word' id='word_1_583' title='bbox 1246 4411 1306 4460; x_wconf 91' lang='lat' dir='ltr'>in</span> <span class='ocrx_word' id='word_1_584' title='bbox 1332 4408 1707 4460; x_wconf 90' lang='lat' dir='ltr'>similitudine</span> <span class='ocrx_word' id='word_1_585' title='bbox 1723 4409 1995 4463; x_wconf 81' lang='lat' dir='ltr'>humanae</span> <span class='ocrx_word' id='word_1_586' title='bbox 2008 4414 2168 4464; x_wconf 88' lang='lat' dir='ltr'>vocis</span> 
     </span>
    </p>
   </div>
   <div class='ocr_carea' id='block_1_77' title="bbox 574 4480 2169 4558">
    <p class='ocr_par' dir='ltr' id='par_1_77' title="bbox 574 4480 2169 4558">
     <span class='ocr_line' id='line_1_77' title="bbox 574 4480 2169 4558; baseline -0.007 -12"><span class='ocrx_word' id='word_1_587' title='bbox 574 4492 842 4558; x_wconf 86' lang='lat' dir='ltr'>apparuit</span> <span class='ocrx_word' id='word_1_588' title='bbox 878 4489 1017 4555; x_wconf 86' lang='lat' dir='ltr'>(Luc.</span> <span class='ocrx_word' id='word_1_589' title='bbox 1054 4483 1336 4558; x_wconf 10' lang='lat' dir='ltr'>2:74Matth,</span> <span class='ocrx_word' id='word_1_590' title='bbox 1362 4480 1820 4558; x_wconf 77' lang='lat' dir='ltr'>_‘2.).Quanquam</span> <span class='ocrx_word' id='word_1_591' title='bbox 1844 4485 2169 4558; x_wconf 15' lang='lat' dir='ltr'>autemr(Eac</span> 
     </span>
    </p>
   </div>
   <div class='ocr_carea' id='block_1_78' title="bbox 575 4554 2166 4628">
    <p class='ocr_par' dir='ltr' id='par_1_78' title="bbox 575 4554 2166 4628">
     <span class='ocr_line' id='line_1_78' title="bbox 575 4554 2166 4628; baseline -0.005 -12"><span class='ocrx_word' id='word_1_592' title='bbox 575 4554 896 4628; x_wconf 54' lang='lat' dir='ltr'>A—dgustino)</span> <span class='ocrx_word' id='word_1_593' title='bbox 916 4559 1099 4626; x_wconf 89' lang='lat' dir='ltr'>possit</span> <span class='ocrx_word' id='word_1_594' title='bbox 1112 4556 1207 4609; x_wconf 89' lang='lat' dir='ltr'>ille</span> <span class='ocrx_word' id='word_1_595' title='bbox 1223 4556 1345 4607; x_wconf 89' lang='lat' dir='ltr'>dies</span> <span class='ocrx_word' id='word_1_596' title='bbox 1359 4555 1418 4628; x_wconf 90' lang='lat' dir='ltr'>in</span> <span class='ocrx_word' id='word_1_597' title='bbox 1435 4555 1732 4628; x_wconf 86' lang='lat' dir='ltr'>prophetia</span> <span class='ocrx_word' id='word_1_598' title='bbox 1750 4554 1940 4607; x_wconf 90' lang='lat' dir='ltr'>dictus</span> <span class='ocrx_word' id='word_1_599' title='bbox 1966 4557 2166 4623; x_wconf 91' lang='lat' dir='ltr'>videri,</span> 
     </span>
    </p>
   </div>
   <div class='ocr_carea' id='block_1_79' title="bbox 576 4627 2165 4699">
    <p class='ocr_par' dir='ltr' id='par_1_79' title="bbox 576 4627 2165 4699">
     <span class='ocr_line' id='line_1_79' title="bbox 576 4627 2165 4699; baseline -0.004 -12"><span class='ocrx_word' id='word_1_600' title='bbox 576 4627 692 4699; x_wconf 84' lang='lat' dir='ltr'>quo</span> <span class='ocrx_word' id='word_1_601' title='bbox 713 4637 742 4684; x_wconf 89' lang='lat' dir='ltr'><strong>J</strong></span> <span class='ocrx_word' id='word_1_602' title='bbox 748 4645 884 4686; x_wconf 91' lang='lat' dir='ltr'>esus</span> <span class='ocrx_word' id='word_1_603' title='bbox 904 4631 1163 4683; x_wconf 89' lang='lat' dir='ltr'>Christus</span> <span class='ocrx_word' id='word_1_604' title='bbox 1188 4627 1509 4679; x_wconf 90' lang='lat' dir='ltr'>secundum</span> <span class='ocrx_word' id='word_1_605' title='bbox 1529 4627 1823 4679; x_wconf 90' lang='lat' dir='ltr'>hominem</span> <span class='ocrx_word' id='word_1_606' title='bbox 1838 4632 2012 4680; x_wconf 87' lang='lat' dir='ltr'>natus</span> <span class='ocrx_word' id='word_1_607' title='bbox 2047 4634 2165 4681; x_wconf 92' lang='lat' dir='ltr'>est:</span> 
     </span>
    </p>
   </div>
   <div class='ocr_carea' id='block_1_80' title="bbox 580 4699 2169 4767">
    <p class='ocr_par' dir='ltr' id='par_1_80' title="bbox 580 4699 2169 4767">
     <span class='ocr_line' id='line_1_80' title="bbox 580 4699 2169 4767; baseline -0.003 -8"><span class='ocrx_word' id='word_1_608' title='bbox 580 4712 774 4759; x_wconf 88' lang='lat' dir='ltr'>tamen</span> <span class='ocrx_word' id='word_1_609' title='bbox 796 4703 964 4755; x_wconf 90' lang='lat' dir='ltr'>hodie</span> <span class='ocrx_word' id='word_1_610' title='bbox 981 4700 1495 4767; x_wconf 78' lang='lat' dir='ltr'>quiapraesentiam</span> <span class='ocrx_word' id='word_1_611' title='bbox 1517 4699 1996 4765; x_wconf 79' lang='lat' dir='ltr'>signiﬁcat,atque</span> <span class='ocrx_word' id='word_1_612' title='bbox 2018 4702 2078 4753; x_wconf 92' lang='lat' dir='ltr'>in</span> <span class='ocrx_word' id='word_1_613' title='bbox 2093 4714 2169 4755; x_wconf 79' lang='lat' dir='ltr'>ae-</span> 
     </span>
    </p>
   </div>
   <div class='ocr_carea' id='block_1_81' title="bbox 578 4770 2171 4838">
    <p class='ocr_par' dir='ltr' id='par_1_81' title="bbox 578 4770 2171 4838">
     <span class='ocr_line' id='line_1_81' title="bbox 578 4770 2171 4838; baseline -0.004 -7"><span class='ocrx_word' id='word_1_614' title='bbox 578 4778 839 4832; x_wconf 89' lang='lat' dir='ltr'>ternitate</span> <span class='ocrx_word' id='word_1_615' title='bbox 860 4787 967 4826; x_wconf 90' lang='lat' dir='ltr'>nec</span> <span class='ocrx_word' id='word_1_616' title='bbox 990 4773 1362 4837; x_wconf 86' lang='lat' dir='ltr'>praeteritum,</span> <span class='ocrx_word' id='word_1_617' title='bbox 1378 4784 1487 4822; x_wconf 90' lang='lat' dir='ltr'>nec</span> <span class='ocrx_word' id='word_1_618' title='bbox 1508 4770 1763 4823; x_wconf 85' lang='lat' dir='ltr'>futurum</span> <span class='ocrx_word' id='word_1_619' title='bbox 1776 4778 1883 4836; x_wconf 93' lang='lat' dir='ltr'>est,</span> <span class='ocrx_word' id='word_1_620' title='bbox 1897 4773 1999 4824; x_wconf 91' lang='lat' dir='ltr'>sed</span> <span class='ocrx_word' id='word_1_621' title='bbox 2019 4787 2171 4838; x_wconf 69' lang='lat' dir='ltr'>prai—</span> 
     </span>
    </p>
   </div>
   <div class='ocr_carea' id='block_1_82' title="bbox 580 4843 2171 4912">
    <p class='ocr_par' dir='ltr' id='par_1_82' title="bbox 580 4843 2171 4912">
     <span class='ocr_line' id='line_1_82' title="bbox 580 4843 2171 4912; baseline -0.004 -8"><span class='ocrx_word' id='word_1_622' title='bbox 580 4864 710 4904; x_wconf 86' lang='lat' dir='ltr'>sens</span> <span class='ocrx_word' id='word_1_623' title='bbox 734 4863 746 4899; x_wconf 92' lang='lat'>:</span> <span class='ocrx_word' id='word_1_624' title='bbox 774 4846 1048 4899; x_wconf 87' lang='lat' dir='ltr'>divinitus</span> <span class='ocrx_word' id='word_1_625' title='bbox 1071 4843 1348 4907; x_wconf 86' lang='lat' dir='ltr'>accipitur</span> <span class='ocrx_word' id='word_1_626' title='bbox 1377 4843 1697 4895; x_wconf 89' lang='lat' dir='ltr'>secundum</span> <span class='ocrx_word' id='word_1_627' title='bbox 1718 4844 1777 4895; x_wconf 91' lang='lat' dir='ltr'>id</span> <span class='ocrx_word' id='word_1_628' title='bbox 1800 4845 2035 4910; x_wconf 90' lang='lat' dir='ltr'>dictum,</span> <span class='ocrx_word' id='word_1_629' title='bbox 2058 4848 2171 4912; x_wconf 87' lang='lat' dir='ltr'>Ego</span> 
     </span>
    </p>
   </div>
   <div class='ocr_carea' id='block_1_83' title="bbox 581 4913 2173 4985">
    <p class='ocr_par' dir='ltr' id='par_1_83' title="bbox 581 4913 2173 4985">
     <span class='ocr_line' id='line_1_83' title="bbox 581 4913 2173 4985; baseline -0.003 -11"><span class='ocrx_word' id='word_1_630' title='bbox 581 4922 738 4975; x_wconf 76' lang='lat' dir='ltr'>hodie</span> <span class='ocrx_word' id='word_1_631' title='bbox 761 4917 928 4985; x_wconf 78' lang='lat' dir='ltr'>genui</span> <span class='ocrx_word' id='word_1_632' title='bbox 943 4923 1018 4966; x_wconf 86' lang='lat' dir='ltr'>te:</span> <span class='ocrx_word' id='word_1_633' title='bbox 1044 4928 1158 4979; x_wconf 89' lang='lat' dir='ltr'>quo</span> <span class='ocrx_word' id='word_1_634' title='bbox 1183 4913 1589 4977; x_wconf 89' lang='lat' dir='ltr'>sempiternam</span> <span class='ocrx_word' id='word_1_635' title='bbox 1609 4918 2038 4979; x_wconf 82' lang='lat' dir='ltr'>generationem</span> <span class='ocrx_word' id='word_1_636' title='bbox 2061 4920 2173 4972; x_wconf 90' lang='lat' dir='ltr'>vir-</span> 
     </span>
    </p>
   </div>
   <div class='ocr_carea' id='block_1_84' title="bbox 590 4985 2170 5055">
    <p class='ocr_par' dir='ltr' id='par_1_84' title="bbox 590 4985 2170 5055">
     <span class='ocr_line' id='line_1_84' title="bbox 590 4985 2170 5055; baseline -0.004 -6"><span class='ocrx_word' id='word_1_637' title='bbox 590 4995 732 5049; x_wconf 87' lang='lat' dir='ltr'>tutis</span> <span class='ocrx_word' id='word_1_638' title='bbox 756 4997 812 5044; x_wconf 86' lang='lat' dir='ltr'>et</span> <span class='ocrx_word' id='word_1_639' title='bbox 826 4988 1121 5055; x_wconf 73' lang='lat' dir='ltr'>sapientiae.</span> <span class='ocrx_word' id='word_1_640' title='bbox 1138 4985 1359 5049; x_wconf 90' lang='lat' dir='ltr'>Dei,qui</span> <span class='ocrx_word' id='word_1_641' title='bbox 1374 4990 1465 5037; x_wconf 90' lang='lat' dir='ltr'>est</span> <span class='ocrx_word' id='word_1_642' title='bbox 1479 4987 1812 5049; x_wconf 88' lang='lat' dir='ltr'>unigenitus</span> <span class='ocrx_word' id='word_1_643' title='bbox 1828 4990 2170 5055; x_wconf 79' lang='lat' dir='ltr'>Filius,fides</span> 
     </span>
    </p>
   </div>
   <div class='ocr_carea' id='block_1_85' title="bbox 584 5059 2174 5127">
    <p class='ocr_par' dir='ltr' id='par_1_85' title="bbox 584 5059 2174 5127">
     <span class='ocr_line' id='line_1_85' title="bbox 584 5059 2174 5127; baseline -0.004 -6"><span class='ocrx_word' id='word_1_644' title='bbox 584 5066 859 5122; x_wconf 71' lang='lat' dir='ltr'>eatholica</span> <span class='ocrx_word' id='word_1_645' title='bbox 880 5060 1169 5127; x_wconf 73' lang='lat' dir='ltr'>praedicat.</span> <span class='ocrx_word' id='word_1_646' title='bbox 1201 5059 1356 5108; x_wconf 92' lang='lat' dir='ltr'>Duas</span> <span class='ocrx_word' id='word_1_647' title='bbox 1389 5070 1523 5121; x_wconf 86' lang='lat' dir='ltr'>ergo</span> <span class='ocrx_word' id='word_1_648' title='bbox 1547 5059 1607 5109; x_wconf 91' lang='lat' dir='ltr'>in</span> <span class='ocrx_word' id='word_1_649' title='bbox 1631 5059 1851 5111; x_wconf 89' lang='lat' dir='ltr'>Christo</span> <span class='ocrx_word' id='word_1_650' title='bbox 1864 5065 2174 5124; x_wconf 80' lang='lat' dir='ltr'>generatio-</span> 
     </span>
    </p>
   </div>
   <div class='ocr_carea' id='block_1_86' title="bbox 577 5128 2172 5194">
    <p class='ocr_par' dir='ltr' id='par_1_86' title="bbox 577 5128 2172 5194">
     <span class='ocr_line' id='line_1_86' title="bbox 577 5128 2172 5194; baseline -0.005 0"><span class='ocrx_word' id='word_1_651' title='bbox 577 5153 683 5193; x_wconf 88' lang='lat' dir='ltr'>nes</span> <span class='ocrx_word' id='word_1_652' title='bbox 717 5149 847 5190; x_wconf 90' lang='lat' dir='ltr'>esse</span> <span class='ocrx_word' id='word_1_653' title='bbox 872 5132 1195 5185; x_wconf 89' lang='lat' dir='ltr'>credimus:</span> <span class='ocrx_word' id='word_1_654' title='bbox 1222 5140 1398 5180; x_wconf 90' lang='lat' dir='ltr'>unam</span> <span class='ocrx_word' id='word_1_655' title='bbox 1410 5128 1681 5194; x_wconf 91' lang='lat' dir='ltr'>divinam,</span> <span class='ocrx_word' id='word_1_656' title='bbox 1706 5130 1944 5183; x_wconf 87' lang='lat' dir='ltr'>alteram</span> <span class='ocrx_word' id='word_1_657' title='bbox 1966 5134 2172 5187; x_wconf 89' lang='lat' dir='ltr'>huma-</span> 
     </span>
    </p>
   </div>
   <div class='ocr_carea' id='block_1_87' title="bbox 575 5200 2171 5268">
    <p class='ocr_par' dir='ltr' id='par_1_87' title="bbox 575 5200 2171 5268">
     <span class='ocr_line' id='line_1_87' title="bbox 575 5200 2171 5268; baseline -0.001 -6"><span class='ocrx_word' id='word_1_658' title='bbox 575 5224 745 5266; x_wconf 84' lang='lat' dir='ltr'>nam:</span> <span class='ocrx_word' id='word_1_659' title='bbox 775 5218 954 5260; x_wconf 88' lang='lat' dir='ltr'>unam</span> <span class='ocrx_word' id='word_1_660' title='bbox 977 5217 1095 5268; x_wconf 92' lang='lat' dir='ltr'>qua</span> <span class='ocrx_word' id='word_1_661' title='bbox 1117 5215 1190 5254; x_wconf 81' lang='lat' dir='ltr'>ex</span> <span class='ocrx_word' id='word_1_662' title='bbox 1201 5205 1358 5266; x_wconf 89' lang='lat' dir='ltr'>patre</span> <span class='ocrx_word' id='word_1_663' title='bbox 1382 5201 1440 5251; x_wconf 92' lang='lat' dir='ltr'>in</span> <span class='ocrx_word' id='word_1_664' title='bbox 1452 5200 1591 5252; x_wconf 84' lang='lat' dir='ltr'>caelo</span> <span class='ocrx_word' id='word_1_665' title='bbox 1615 5207 1788 5253; x_wconf 87' lang='lat' dir='ltr'>natus</span> <span class='ocrx_word' id='word_1_666' title='bbox 1810 5209 1901 5255; x_wconf 90' lang='lat' dir='ltr'>est</span> <span class='ocrx_word' id='word_1_667' title='bbox 1917 5205 2040 5258; x_wconf 90' lang='lat' dir='ltr'>sine</span> <span class='ocrx_word' id='word_1_668' title='bbox 2056 5221 2171 5260; x_wconf 88' lang='lat' dir='ltr'>ma-</span> 
     </span>
    </p>
   </div>
   <div class='ocr_carea' id='block_1_88' title="bbox 575 5274 2168 5346">
    <p class='ocr_par' dir='ltr' id='par_1_88' title="bbox 575 5274 2168 5346">
     <span class='ocr_line' id='line_1_88' title="bbox 575 5274 2168 5346; baseline -0.003 -8"><span class='ocrx_word' id='word_1_669' title='bbox 575 5287 680 5346; x_wconf 85' lang='lat' dir='ltr'>tre,</span> <span class='ocrx_word' id='word_1_670' title='bbox 720 5280 961 5335; x_wconf 90' lang='lat' dir='ltr'>alteram</span> <span class='ocrx_word' id='word_1_671' title='bbox 1008 5288 1124 5340; x_wconf 89' lang='lat' dir='ltr'>qua</span> <span class='ocrx_word' id='word_1_672' title='bbox 1153 5274 1214 5325; x_wconf 92' lang='lat' dir='ltr'>in</span> <span class='ocrx_word' id='word_1_673' title='bbox 1239 5275 1388 5325; x_wconf 87' lang='lat' dir='ltr'>terra</span> <span class='ocrx_word' id='word_1_674' title='bbox 1414 5284 1487 5324; x_wconf 85' lang='lat' dir='ltr'>ex</span> <span class='ocrx_word' id='word_1_675' title='bbox 1510 5277 1693 5326; x_wconf 90' lang='lat' dir='ltr'>matre</span> <span class='ocrx_word' id='word_1_676' title='bbox 1726 5280 1902 5328; x_wconf 89' lang='lat' dir='ltr'>natus</span> <span class='ocrx_word' id='word_1_677' title='bbox 1933 5284 2022 5331; x_wconf 90' lang='lat' dir='ltr'>est</span> <span class='ocrx_word' id='word_1_678' title='bbox 2044 5281 2168 5335; x_wconf 88' lang='lat' dir='ltr'>sine</span> 
     </span>
    </p>
   </div>
   <div class='ocr_carea' id='block_1_89' title="bbox 574 5345 2167 5422">
    <p class='ocr_par' dir='ltr' id='par_1_89' title="bbox 574 5345 2167 5422">
     <span class='ocr_line' id='line_1_89' title="bbox 574 5345 2167 5422; baseline -0.004 -13"><span class='ocrx_word' id='word_1_679' title='bbox 574 5361 751 5422; x_wconf 88' lang='lat' dir='ltr'>patre.</span> <span class='ocrx_word' id='word_1_680' title='bbox 780 5350 1109 5422; x_wconf 91' lang='lat' dir='ltr'>Secundum</span> <span class='ocrx_word' id='word_1_681' title='bbox 1130 5346 1303 5407; x_wconf 87' lang='lat' dir='ltr'>illam,</span> <span class='ocrx_word' id='word_1_682' title='bbox 1331 5358 1465 5397; x_wconf 90' lang='lat' dir='ltr'>cum</span> <span class='ocrx_word' id='word_1_683' title='bbox 1477 5345 1912 5422; x_wconf 72' lang='lat' dir='ltr'>nihilessemus,</span> <span class='ocrx_word' id='word_1_684' title='bbox 1929 5366 2018 5400; x_wconf 89' lang='lat' dir='ltr'>nos</span> <span class='ocrx_word' id='word_1_685' title='bbox 2034 5368 2167 5403; x_wconf 85' lang='lat' dir='ltr'>crea-</span> 
     </span>
    </p>
   </div>
   <div class='ocr_carea' id='block_1_90' title="bbox 574 5418 2169 5485">
    <p class='ocr_par' dir='ltr' id='par_1_90' title="bbox 574 5418 2169 5485">
     <span class='ocr_line' id='line_1_90' title="bbox 574 5418 2169 5485; baseline -0.002 -4"><span class='ocrx_word' id='word_1_686' title='bbox 574 5418 677 5481; x_wconf 63' lang='lat' dir='ltr'>vit.</span> <span class='ocrx_word' id='word_1_687' title='bbox 706 5422 1035 5479; x_wconf 89' lang='lat' dir='ltr'>Secundum</span> <span class='ocrx_word' id='word_1_688' title='bbox 1052 5421 1245 5482; x_wconf 88' lang='lat' dir='ltr'>istam,</span> <span class='ocrx_word' id='word_1_689' title='bbox 1270 5430 1403 5469; x_wconf 89' lang='lat' dir='ltr'>cum</span> <span class='ocrx_word' id='word_1_690' title='bbox 1426 5418 1633 5482; x_wconf 83' lang='lat' dir='ltr'>perditi</span> <span class='ocrx_word' id='word_1_691' title='bbox 1659 5432 2063 5485; x_wconf 85' lang='lat' dir='ltr'>essemus,nos</span> <span class='ocrx_word' id='word_1_692' title='bbox 2080 5439 2169 5478; x_wconf 91' lang='lat' dir='ltr'>re-</span> 
     </span>
    </p>
   </div>
   <div class='ocr_carea' id='block_1_91' title="bbox 573 5490 2167 5558">
    <p class='ocr_par' dir='ltr' id='par_1_91' title="bbox 573 5490 2167 5558">
     <span class='ocr_line' id='line_1_91' title="bbox 573 5490 2167 5558; baseline -0.002 -6"><span class='ocrx_word' id='word_1_693' title='bbox 573 5498 862 5553; x_wconf 84' lang='lat' dir='ltr'>formavit.</span> <span class='ocrx_word' id='word_1_694' title='bbox 889 5492 1232 5558; x_wconf 83' lang='lat' dir='ltr'>Unigenitus</span> <span class='ocrx_word' id='word_1_695' title='bbox 1252 5503 1386 5555; x_wconf 87' lang='lat' dir='ltr'>ergo</span> <span class='ocrx_word' id='word_1_696' title='bbox 1409 5490 1564 5542; x_wconf 82' lang='lat' dir='ltr'>Illius</span> <span class='ocrx_word' id='word_1_697' title='bbox 1588 5502 1659 5542; x_wconf 80' lang='lat' dir='ltr'>ex</span> <span class='ocrx_word' id='word_1_698' title='bbox 1683 5497 1842 5555; x_wconf 89' lang='lat' dir='ltr'>patre</span> <span class='ocrx_word' id='word_1_699' title='bbox 1866 5495 1989 5547; x_wconf 91' lang='lat' dir='ltr'>sine</span> <span class='ocrx_word' id='word_1_700' title='bbox 2018 5501 2167 5550; x_wconf 90' lang='lat' dir='ltr'>tem-</span> 
     </span>
    </p>
   </div>
   <div class='ocr_carea' id='block_1_92' title="bbox 570 5563 2167 5638">
    <p class='ocr_par' dir='ltr' id='par_1_92' title="bbox 570 5563 2167 5638">
     <span class='ocr_line' id='line_1_92' title="bbox 570 5563 2167 5638; baseline -0.001 -13"><span class='ocrx_word' id='word_1_701' title='bbox 570 5585 710 5638; x_wconf 89' lang='lat' dir='ltr'>pore</span> <span class='ocrx_word' id='word_1_702' title='bbox 731 5575 922 5629; x_wconf 91' lang='lat' dir='ltr'>natus,</span> <span class='ocrx_word' id='word_1_703' title='bbox 936 5567 1072 5631; x_wconf 89' lang='lat' dir='ltr'>quia</span> <span class='ocrx_word' id='word_1_704' title='bbox 1086 5564 1378 5617; x_wconf 79' lang='lat' dir='ltr'>caelestem</span> <span class='ocrx_word' id='word_1_705' title='bbox 1402 5576 1565 5615; x_wconf 90' lang='lat' dir='ltr'>suam</span> <span class='ocrx_word' id='word_1_706' title='bbox 1587 5563 1983 5638; x_wconf 60' lang='lat' dir='ltr'>haereditatem</span> <span class='ocrx_word' id='word_1_707' title='bbox 2008 5570 2167 5623; x_wconf 83' lang='lat' dir='ltr'>solus</span> 
     </span>
    </p>
   </div>
   <div class='ocr_carea' id='block_1_93' title="bbox 571 5636 2168 5706">
    <p class='ocr_par' dir='ltr' id='par_1_93' title="bbox 571 5636 2168 5706">
     <span class='ocr_line' id='line_1_93' title="bbox 571 5636 2168 5706; baseline -0.001 -9"><span class='ocrx_word' id='word_1_708' title='bbox 571 5636 781 5696; x_wconf 80' lang='lat' dir='ltr'>habere</span> <span class='ocrx_word' id='word_1_709' title='bbox 803 5640 1006 5702; x_wconf 88' lang='lat' dir='ltr'>noluit,</span> <span class='ocrx_word' id='word_1_710' title='bbox 1023 5638 1338 5689; x_wconf 88' lang='lat' dir='ltr'>humanam</span> <span class='ocrx_word' id='word_1_711' title='bbox 1356 5639 1624 5687; x_wconf 88' lang='lat' dir='ltr'>naturam</span> <span class='ocrx_word' id='word_1_712' title='bbox 1646 5636 1720 5688; x_wconf 93' lang='lat' dir='ltr'>ad</span> <span class='ocrx_word' id='word_1_713' title='bbox 1732 5642 2168 5706; x_wconf 89' lang='lat' dir='ltr'>contemplatio-</span> 
     </span>
    </p>
   </div>
   <div class='ocr_carea' id='block_1_94' title="bbox 570 5706 2162 5779">
    <p class='ocr_par' dir='ltr' id='par_1_94' title="bbox 570 5706 2162 5779">
     <span class='ocr_line' id='line_1_94' title="bbox 570 5706 2162 5779; baseline 0.001 -13"><span class='ocrx_word' id='word_1_714' title='bbox 570 5726 708 5766; x_wconf 91' lang='lat' dir='ltr'>nem</span> <span class='ocrx_word' id='word_1_715' title='bbox 729 5711 928 5778; x_wconf 75' lang='lat' dir='ltr'>glorite</span> <span class='ocrx_word' id='word_1_716' title='bbox 952 5721 1077 5762; x_wconf 68' lang='lat' dir='ltr'>suae.</span> <span class='ocrx_word' id='word_1_717' title='bbox 1099 5706 1372 5760; x_wconf 90' lang='lat' dir='ltr'>condidit.</span> <span class='ocrx_word' id='word_1_718' title='bbox 1389 5707 1497 5759; x_wconf 88' lang='lat' dir='ltr'>Sed</span> <span class='ocrx_word' id='word_1_719' title='bbox 1515 5708 1651 5771; x_wconf 90' lang='lat' dir='ltr'>quia</span> <span class='ocrx_word' id='word_1_720' title='bbox 1672 5712 1961 5773; x_wconf 89' lang='lat' dir='ltr'>peccando</span> <span class='ocrx_word' id='word_1_721' title='bbox 1978 5715 2162 5779; x_wconf 81' lang='lat' dir='ltr'>periit,</span> 
     </span>
    </p>
   </div>
   <div class='ocr_carea' id='block_1_95' title="bbox 569 5779 2165 5851">
    <p class='ocr_par' dir='ltr' id='par_1_95' title="bbox 569 5779 2165 5851">
     <span class='ocr_line' id='line_1_95' title="bbox 569 5779 2165 5851; baseline 0.001 -12"><span class='ocrx_word' id='word_1_722' title='bbox 569 5785 664 5839; x_wconf 87' lang='lat' dir='ltr'>ille</span> <span class='ocrx_word' id='word_1_723' title='bbox 685 5785 862 5837; x_wconf 90' lang='lat' dir='ltr'>etiam</span> <span class='ocrx_word' id='word_1_724' title='bbox 882 5783 1034 5835; x_wconf 89' lang='lat' dir='ltr'>hanc</span> <span class='ocrx_word' id='word_1_725' title='bbox 1054 5781 1117 5833; x_wconf 92' lang='lat' dir='ltr'>in</span> <span class='ocrx_word' id='word_1_726' title='bbox 1139 5792 1311 5832; x_wconf 88' lang='lat' dir='ltr'>carne</span> <span class='ocrx_word' id='word_1_727' title='bbox 1326 5779 1617 5832; x_wconf 90' lang='lat' dir='ltr'>nascendo</span> <span class='ocrx_word' id='word_1_728' title='bbox 1636 5783 1964 5846; x_wconf 87' lang='lat' dir='ltr'>requisivit:</span> <span class='ocrx_word' id='word_1_729' title='bbox 1992 5790 2049 5839; x_wconf 88' lang='lat' dir='ltr'>et</span> <span class='ocrx_word' id='word_1_730' title='bbox 2064 5788 2165 5851; x_wconf 89' lang='lat' dir='ltr'>qui</span> 
     </span>
    </p>
   </div>
   <div class='ocr_carea' id='block_1_96' title="bbox 569 5851 2167 5915">
    <p class='ocr_par' dir='ltr' id='par_1_96' title="bbox 569 5851 2167 5915">
     <span class='ocr_line' id='line_1_96' title="bbox 569 5851 2167 5915; baseline 0.001 -6"><span class='ocrx_word' id='word_1_731' title='bbox 569 5855 864 5909; x_wconf 89' lang='lat' dir='ltr'>hominem</span> <span class='ocrx_word' id='word_1_732' title='bbox 886 5853 1096 5906; x_wconf 81' lang='lat' dir='ltr'>fecerat</span> <span class='ocrx_word' id='word_1_733' title='bbox 1115 5851 1191 5904; x_wconf 88' lang='lat' dir='ltr'>ad</span> <span class='ocrx_word' id='word_1_734' title='bbox 1210 5851 1519 5915; x_wconf 79' lang='lat' dir='ltr'>imaginem</span> <span class='ocrx_word' id='word_1_735' title='bbox 1537 5855 1595 5905; x_wconf 90' lang='lat' dir='ltr'>et</span> <span class='ocrx_word' id='word_1_736' title='bbox 1610 5853 2040 5911; x_wconf 88' lang='lat' dir='ltr'>similitudinem</span> <span class='ocrx_word' id='word_1_737' title='bbox 2062 5859 2167 5912; x_wconf 89' lang='lat' dir='ltr'>Dei</span> 
     </span>
    </p>
   </div>
   <div class='ocr_carea' id='block_1_97' title="bbox 568 5922 2163 5997">
    <p class='ocr_par' dir='ltr' id='par_1_97' title="bbox 568 5922 2163 5997">
     <span class='ocr_line' id='line_1_97' title="bbox 568 5922 2163 5997; baseline 0.001 -13"><span class='ocrx_word' id='word_1_738' title='bbox 568 5928 776 5994; x_wconf 70' lang='lat' dir='ltr'>(Genu.</span> <span class='ocrx_word' id='word_1_739' title='bbox 808 5924 1052 5991; x_wconf 76' lang='lat' dir='ltr'>1.),miro</span> <span class='ocrx_word' id='word_1_740' title='bbox 1071 5933 1200 5980; x_wconf 63' lang='lat' dir='ltr'>sum</span> <span class='ocrx_word' id='word_1_741' title='bbox 1221 5922 1478 5979; x_wconf 86' lang='lat' dir='ltr'>caritatis</span> <span class='ocrx_word' id='word_1_742' title='bbox 1498 5924 1709 5983; x_wconf 77' lang='lat' dir='ltr'>affectu</span> <span class='ocrx_word' id='word_1_743' title='bbox 1728 5928 1915 5984; x_wconf 84' lang='lat' dir='ltr'>factus</span> <span class='ocrx_word' id='word_1_744' title='bbox 1930 5933 2023 5985; x_wconf 87' lang='lat' dir='ltr'>est</span> <span class='ocrx_word' id='word_1_745' title='bbox 2037 5930 2163 5997; x_wconf 87' lang='lat' dir='ltr'>ipse</span> 
     </span>
    </p>
   </div>
   <div class='ocr_carea' id='block_1_98' title="bbox 2191 4657 2249 4730">
    <p class='ocr_par' dir='ltr' id='par_1_98' title="bbox 2191 4657 2249 4730">
     <span class='ocr_line' id='line_1_98' title="bbox 2191 4657 2249 4730; baseline 0 0"><span class='ocrx_word' id='word_1_746' title='bbox 2191 4657 2249 4730; x_wconf 95' lang='lat' dir='ltr'>D</span> 
     </span>
    </p>
   </div>
   <div class='ocr_carea' id='block_1_99' title="bbox 2277 1965 3880 2032">
    <p class='ocr_par' dir='ltr' id='par_1_99' title="bbox 2277 1965 3880 2032">
     <span class='ocr_line' id='line_1_99' title="bbox 2277 1965 3880 2032; baseline 0.004 -14"><span class='ocrx_word' id='word_1_747' title='bbox 2277 1971 2455 2030; x_wconf 90' lang='lat' dir='ltr'>Quem</span> <span class='ocrx_word' id='word_1_748' title='bbox 2483 1982 2614 2021; x_wconf 92' lang='lat' dir='ltr'>vero</span> <span class='ocrx_word' id='word_1_749' title='bbox 2636 1967 2841 2018; x_wconf 66' lang='lat' dir='ltr'>Judaza</span> <span class='ocrx_word' id='word_1_750' title='bbox 2860 1965 3007 2017; x_wconf 88' lang='lat' dir='ltr'>elata</span> <span class='ocrx_word' id='word_1_751' title='bbox 3029 1966 3254 2029; x_wconf 88' lang='lat' dir='ltr'>repuht,</span> <span class='ocrx_word' id='word_1_752' title='bbox 3276 1969 3430 2019; x_wconf 89' lang='lat' dir='ltr'>hunc</span> <span class='ocrx_word' id='word_1_753' title='bbox 3454 1971 3772 2032; x_wconf 78' lang='lat' dir='ltr'>gentilitas</span> <span class='ocrx_word' id='word_1_754' title='bbox 3792 1974 3880 2023; x_wconf 83' lang='lat' dir='ltr'>hu-</span> 
     </span>
    </p>
   </div>
   <div class='ocr_carea' id='block_1_100' title="bbox 2272 2039 3875 2103">
    <p class='ocr_par' dir='ltr' id='par_1_100' title="bbox 2272 2039 3875 2103">
     <span class='ocr_line' id='line_1_100' title="bbox 2272 2039 3875 2103; baseline 0.004 -13"><span class='ocrx_word' id='word_1_755' title='bbox 2272 2041 2492 2091; x_wconf 87' lang='lat' dir='ltr'>miliata</span> <span class='ocrx_word' id='word_1_756' title='bbox 2535 2040 2807 2103; x_wconf 90' lang='lat' dir='ltr'>suscepit.</span> <span class='ocrx_word' id='word_1_757' title='bbox 2842 2039 2944 2089; x_wconf 86' lang='lat' dir='ltr'>Illa</span> <span class='ocrx_word' id='word_1_758' title='bbox 2978 2051 3079 2101; x_wconf 92' lang='lat' dir='ltr'>per</span> <span class='ocrx_word' id='word_1_759' title='bbox 3114 2040 3437 2102; x_wconf 88' lang='lat' dir='ltr'>superbiam</span> <span class='ocrx_word' id='word_1_760' title='bbox 3472 2042 3875 2096; x_wconf 65' lang='lat' dir='ltr'>haereditate:</span> 
     </span>
    </p>
   </div>
   <div class='ocr_carea' id='block_1_101' title="bbox 2272 2110 3880 2176">
    <p class='ocr_par' dir='ltr' id='par_1_101' title="bbox 2272 2110 3880 2176">
     <span class='ocr_line' id='line_1_101' title="bbox 2272 2110 3880 2176; baseline 0.002 -13"><span class='ocrx_word' id='word_1_761' title='bbox 2272 2113 2550 2176; x_wconf 90' lang='lat' dir='ltr'>perdidit:</span> <span class='ocrx_word' id='word_1_762' title='bbox 2572 2112 2697 2163; x_wconf 66' lang='lat' dir='ltr'>haec</span> <span class='ocrx_word' id='word_1_763' title='bbox 2721 2123 2822 2175; x_wconf 92' lang='lat' dir='ltr'>per</span> <span class='ocrx_word' id='word_1_764' title='bbox 2840 2110 3225 2163; x_wconf 87' lang='lat' dir='ltr'>humilitatem</span> <span class='ocrx_word' id='word_1_765' title='bbox 3248 2110 3321 2161; x_wconf 85' lang='lat' dir='ltr'>ad</span> <span class='ocrx_word' id='word_1_766' title='bbox 3344 2112 3770 2167; x_wconf 84' lang='lat' dir='ltr'>liaereditatem</span> <span class='ocrx_word' id='word_1_767' title='bbox 3796 2131 3880 2167; x_wconf 77' lang='lat' dir='ltr'>ve-</span> 
     </span>
    </p>
   </div>
   <div class='ocr_carea' id='block_1_102' title="bbox 2272 2183 3880 2248">
    <p class='ocr_par' dir='ltr' id='par_1_102' title="bbox 2272 2183 3880 2248">
     <span class='ocr_line' id='line_1_102' title="bbox 2272 2183 3880 2248; baseline 0.001 -13"><span class='ocrx_word' id='word_1_768' title='bbox 2272 2185 2374 2236; x_wconf 88' lang='lat' dir='ltr'>nit.</span> <span class='ocrx_word' id='word_1_769' title='bbox 2395 2185 2504 2235; x_wconf 91' lang='lat' dir='ltr'>Sed</span> <span class='ocrx_word' id='word_1_770' title='bbox 2530 2186 2667 2248; x_wconf 91' lang='lat' dir='ltr'>quia</span> <span class='ocrx_word' id='word_1_771' title='bbox 2688 2184 2799 2234; x_wconf 92' lang='lat' dir='ltr'>hoc</span> <span class='ocrx_word' id='word_1_772' title='bbox 2825 2196 2944 2233; x_wconf 91' lang='lat' dir='ltr'>non</span> <span class='ocrx_word' id='word_1_773' title='bbox 2969 2183 3090 2232; x_wconf 89' lang='lat' dir='ltr'>suis</span> <span class='ocrx_word' id='word_1_774' title='bbox 3116 2184 3354 2245; x_wconf 84' lang='lat' dir='ltr'>meritis,</span> <span class='ocrx_word' id='word_1_775' title='bbox 3387 2184 3489 2234; x_wconf 83' lang='lat' dir='ltr'>sed</span> <span class='ocrx_word' id='word_1_776' title='bbox 3514 2187 3627 2237; x_wconf 89' lang='lat' dir='ltr'>Dei</span> <span class='ocrx_word' id='word_1_777' title='bbox 3646 2191 3779 2237; x_wconf 78' lang='lat' dir='ltr'>Filio</span> <span class='ocrx_word' id='word_1_778' title='bbox 3810 2206 3880 2236; x_wconf 71' lang='lat' dir='ltr'>w-</span> 
     </span>
    </p>
   </div>
   <div class='ocr_carea' id='block_1_103' title="bbox 2268 2255 3880 2320">
    <p class='ocr_par' dir='ltr' id='par_1_103' title="bbox 2268 2255 3880 2320">
     <span class='ocr_line' id='line_1_103' title="bbox 2268 2255 3880 2320; baseline 0.003 -13"><span class='ocrx_word' id='word_1_779' title='bbox 2268 2255 2438 2320; x_wconf 88' lang='lat' dir='ltr'>lente,</span> <span class='ocrx_word' id='word_1_780' title='bbox 2480 2261 2536 2308; x_wconf 92' lang='lat' dir='ltr'>et</span> <span class='ocrx_word' id='word_1_781' title='bbox 2573 2259 2737 2306; x_wconf 89' lang='lat' dir='ltr'>Patre</span> <span class='ocrx_word' id='word_1_782' title='bbox 2769 2257 2896 2319; x_wconf 91' lang='lat' dir='ltr'>ejus</span> <span class='ocrx_word' id='word_1_783' title='bbox 2934 2259 3226 2305; x_wconf 89' lang='lat' dir='ltr'>annuente</span> <span class='ocrx_word' id='word_1_784' title='bbox 3263 2256 3475 2306; x_wconf 74' lang='lat' dir='ltr'>factum</span> <span class='ocrx_word' id='word_1_785' title='bbox 3494 2263 3612 2319; x_wconf 83' lang='lat' dir='ltr'>est,</span> <span class='ocrx_word' id='word_1_786' title='bbox 3648 2267 3812 2311; x_wconf 85' lang='lat' dir='ltr'>recte</span> <span class='ocrx_word' id='word_1_787' title='bbox 3844 2275 3880 2311; x_wconf 76' lang='lat' dir='ltr'>El</span> 
     </span>
    </p>
   </div>
   <div class='ocr_carea' id='block_1_104' title="bbox 2272 2325 3875 2390">
    <p class='ocr_par' dir='ltr' id='par_1_104' title="bbox 2272 2325 3875 2390">
     <span class='ocr_line' id='line_1_104' title="bbox 2272 2325 3875 2390; baseline -0.002 -10"><span class='ocrx_word' id='word_1_788' title='bbox 2272 2328 2494 2390; x_wconf 82' lang='lat' dir='ltr'>dicitur,</span> <span class='ocrx_word' id='word_1_789' title='bbox 2525 2327 2748 2377; x_wconf 76' lang='lat' dir='ltr'>Postulo</span> <span class='ocrx_word' id='word_1_790' title='bbox 2771 2343 2806 2375; x_wconf 85' lang='grc' dir='ltr'><em>α</em></span> <span class='ocrx_word' id='word_1_791' title='bbox 2835 2342 2931 2387; x_wconf 84' lang='lat' dir='ltr'>me,</span> <span class='ocrx_word' id='word_1_792' title='bbox 2956 2332 3001 2374; x_wconf 86' lang='lat' dir='ltr'>et</span> <span class='ocrx_word' id='word_1_793' title='bbox 3026 2325 3160 2373; x_wconf 84' lang='lat' dir='ltr'>dabo</span> <span class='ocrx_word' id='word_1_794' title='bbox 3190 2325 3281 2374; x_wconf 79' lang='lat' dir='ltr'>tibi</span> <span class='ocrx_word' id='word_1_795' title='bbox 3306 2332 3483 2390; x_wconf 79' lang='lat' dir='ltr'>gentes</span> <span class='ocrx_word' id='word_1_796' title='bbox 3509 2330 3875 2380; x_wconf 48' lang='lat' dir='ltr'>hereditates;</span> 
     </span>
    </p>
   </div>
   <div class='ocr_carea' id='block_1_105' title="bbox 2271 2397 3880 2468">
    <p class='ocr_par' dir='ltr' id='par_1_105' title="bbox 2271 2397 3880 2468">
     <span class='ocr_line' id='line_1_105' title="bbox 2271 2397 3880 2468; baseline -0.001 -19"><span class='ocrx_word' id='word_1_797' title='bbox 2271 2405 2441 2450; x_wconf 86' lang='lat' dir='ltr'>tuam.</span> <span class='ocrx_word' id='word_1_798' title='bbox 2464 2402 2589 2451; x_wconf 89' lang='lat' dir='ltr'>Non</span> <span class='ocrx_word' id='word_1_799' title='bbox 2618 2400 2771 2450; x_wconf 89' lang='lat' dir='ltr'>enim</span> <span class='ocrx_word' id='word_1_800' title='bbox 2805 2399 2897 2459; x_wconf 81' lang='lat' dir='ltr'>ait,</span> <span class='ocrx_word' id='word_1_801' title='bbox 2924 2397 3222 2448; x_wconf 89' lang='lat' dir='ltr'>Postulent</span> <span class='ocrx_word' id='word_1_802' title='bbox 3243 2398 3355 2449; x_wconf 62' lang='lat' dir='ltr'>illa:</span> <span class='ocrx_word' id='word_1_803' title='bbox 3387 2403 3617 2465; x_wconf 87' lang='lat' dir='ltr'>gentes,</span> <span class='ocrx_word' id='word_1_804' title='bbox 3660 2405 3769 2454; x_wconf 89' lang='lat' dir='ltr'>sed</span> <span class='ocrx_word' id='word_1_805' title='bbox 3794 2419 3880 2468; x_wconf 73' lang='lat' dir='ltr'>po.</span> 
     </span>
    </p>
   </div>
   <div class='ocr_carea' id='block_1_106' title="bbox 2272 2470 3879 2537">
    <p class='ocr_par' dir='ltr' id='par_1_106' title="bbox 2272 2470 3879 2537">
     <span class='ocr_line' id='line_1_106' title="bbox 2272 2470 3879 2537; baseline -0.003 -14"><span class='ocrx_word' id='word_1_806' title='bbox 2272 2472 2427 2523; x_wconf 87' lang='lat' dir='ltr'>stula</span> <span class='ocrx_word' id='word_1_807' title='bbox 2450 2476 2531 2523; x_wconf 91' lang='lat' dir='ltr'>tu.</span> <span class='ocrx_word' id='word_1_808' title='bbox 2559 2474 2644 2522; x_wconf 82' lang='lat' dir='ltr'>Ex</span> <span class='ocrx_word' id='word_1_809' title='bbox 2670 2470 2879 2534; x_wconf 87' lang='lat' dir='ltr'>quibus</span> <span class='ocrx_word' id='word_1_810' title='bbox 2906 2470 3093 2521; x_wconf 86' lang='lat' dir='ltr'>verbis</span> <span class='ocrx_word' id='word_1_811' title='bbox 3112 2471 3253 2520; x_wconf 87' lang='lat' dir='ltr'>satis</span> <span class='ocrx_word' id='word_1_812' title='bbox 3269 2470 3574 2534; x_wconf 84' lang='lat' dir='ltr'>colligitur,</span> <span class='ocrx_word' id='word_1_813' title='bbox 3608 2476 3879 2537; x_wconf 58' lang='lat' dir='ltr'>quiageh-</span> 
     </span>
    </p>
   </div>
   <div class='ocr_carea' id='block_1_107' title="bbox 2274 2541 3875 2609">
    <p class='ocr_par' dir='ltr' id='par_1_107' title="bbox 2274 2541 3875 2609">
     <span class='ocr_line' id='line_1_107' title="bbox 2274 2541 3875 2609; baseline 0.002 -14"><span class='ocrx_word' id='word_1_814' title='bbox 2274 2544 2452 2596; x_wconf 90' lang='lat' dir='ltr'>tilitas</span> <span class='ocrx_word' id='word_1_815' title='bbox 2491 2556 2608 2595; x_wconf 93' lang='lat' dir='ltr'>non</span> <span class='ocrx_word' id='word_1_816' title='bbox 2643 2541 2729 2609; x_wconf 84' lang='lat' dir='ltr'>I3</span> <span class='ocrx_word' id='word_1_817' title='bbox 2759 2543 2882 2592; x_wconf 88' lang='lat' dir='ltr'>suis</span> <span class='ocrx_word' id='word_1_818' title='bbox 2904 2542 3144 2604; x_wconf 90' lang='lat' dir='ltr'>meritis,</span> <span class='ocrx_word' id='word_1_819' title='bbox 3172 2541 3421 2593; x_wconf 90' lang='lat' dir='ltr'>salvator</span> <span class='ocrx_word' id='word_1_820' title='bbox 3457 2558 3472 2593; x_wconf 86' lang='lat'>:</span> <span class='ocrx_word' id='word_1_821' title='bbox 3510 2546 3625 2595; x_wconf 89' lang='lat' dir='ltr'>Sed</span> <span class='ocrx_word' id='word_1_822' title='bbox 3656 2546 3759 2598; x_wconf 91' lang='lat' dir='ltr'>ille</span> <span class='ocrx_word' id='word_1_823' title='bbox 3782 2549 3875 2597; x_wconf 58' lang='lat' dir='ltr'>hoc</span> 
     </span>
    </p>
   </div>
   <div class='ocr_carea' id='block_1_108' title="bbox 2245 2613 3871 2680">
    <p class='ocr_par' dir='ltr' id='par_1_108' title="bbox 2245 2613 3871 2680">
     <span class='ocr_line' id='line_1_108' title="bbox 2245 2613 3871 2680; baseline 0.002 -13"><span class='ocrx_word' id='word_1_824' title='bbox 2245 2616 2394 2673; x_wconf 74' lang='lat' dir='ltr'>,ﬁeri</span> <span class='ocrx_word' id='word_1_825' title='bbox 2422 2616 2586 2680; x_wconf 90' lang='lat' dir='ltr'>petiit</span> <span class='ocrx_word' id='word_1_826' title='bbox 2612 2617 2711 2679; x_wconf 88' lang='lat' dir='ltr'>qui</span> <span class='ocrx_word' id='word_1_827' title='bbox 2736 2614 2887 2665; x_wconf 83' lang='lat' dir='ltr'>Patri</span> <span class='ocrx_word' id='word_1_828' title='bbox 2917 2626 3017 2676; x_wconf 87' lang='lat' dir='ltr'>pro</span> <span class='ocrx_word' id='word_1_829' title='bbox 3037 2613 3203 2663; x_wconf 90' lang='lat' dir='ltr'>nobis</span> <span class='ocrx_word' id='word_1_830' title='bbox 3229 2626 3414 2677; x_wconf 89' lang='lat' dir='ltr'>usque</span> <span class='ocrx_word' id='word_1_831' title='bbox 3437 2616 3505 2665; x_wconf 89' lang='lat' dir='ltr'>ad</span> <span class='ocrx_word' id='word_1_832' title='bbox 3540 2620 3871 2680; x_wconf 65' lang='lat' dir='ltr'>passionem</span> 
     </span>
    </p>
   </div>
   <div class='ocr_carea' id='block_1_109' title="bbox 2268 2686 3874 2749">
    <p class='ocr_par' dir='ltr' id='par_1_109' title="bbox 2268 2686 3874 2749">
     <span class='ocr_line' id='line_1_109' title="bbox 2268 2686 3874 2749; baseline -0.001 -11"><span class='ocrx_word' id='word_1_833' title='bbox 2268 2692 2472 2739; x_wconf 90' lang='lat' dir='ltr'>mortis</span> <span class='ocrx_word' id='word_1_834' title='bbox 2499 2686 2775 2738; x_wconf 90' lang='lat' dir='ltr'>obedivit.</span> <span class='ocrx_word' id='word_1_835' title='bbox 2795 2688 2863 2737; x_wconf 90' lang='lat' dir='ltr'>Et</span> <span class='ocrx_word' id='word_1_836' title='bbox 2886 2688 3021 2748; x_wconf 88' lang='lat' dir='ltr'>quia</span> <span class='ocrx_word' id='word_1_837' title='bbox 3041 2686 3270 2747; x_wconf 79' lang='lat' dir='ltr'>gentilis</span> <span class='ocrx_word' id='word_1_838' title='bbox 3286 2686 3532 2749; x_wconf 86' lang='lat' dir='ltr'>populus</span> <span class='ocrx_word' id='word_1_839' title='bbox 3549 2691 3624 2739; x_wconf 87' lang='lat' dir='ltr'>ab</span> <span class='ocrx_word' id='word_1_840' title='bbox 3639 2695 3874 2740; x_wconf 61' lang='lat' dir='ltr'>extremis</span> 
     </span>
    </p>
   </div>
   <div class='ocr_carea' id='block_1_110' title="bbox 2271 2756 3870 2821">
    <p class='ocr_par' dir='ltr' id='par_1_110' title="bbox 2271 2756 3870 2821">
     <span class='ocr_line' id='line_1_110' title="bbox 2271 2756 3870 2821; baseline 0.001 -12"><span class='ocrx_word' id='word_1_841' title='bbox 2271 2760 2475 2811; x_wconf 92' lang='lat' dir='ltr'>mundi</span> <span class='ocrx_word' id='word_1_842' title='bbox 2496 2760 2753 2821; x_wconf 86' lang='lat' dir='ltr'>partibus</span> <span class='ocrx_word' id='word_1_843' title='bbox 2776 2757 2849 2808; x_wconf 89' lang='lat' dir='ltr'>ad</span> <span class='ocrx_word' id='word_1_844' title='bbox 2873 2756 3047 2806; x_wconf 81' lang='lat' dir='ltr'>ﬁdem</span> <span class='ocrx_word' id='word_1_845' title='bbox 3077 2757 3349 2807; x_wconf 88' lang='lat' dir='ltr'>collectus</span> <span class='ocrx_word' id='word_1_846' title='bbox 3373 2762 3477 2818; x_wconf 82' lang='lat' dir='ltr'>est,</span> <span class='ocrx_word' id='word_1_847' title='bbox 3497 2766 3659 2812; x_wconf 88' lang='lat' dir='ltr'>recte</span> <span class='ocrx_word' id='word_1_848' title='bbox 3676 2765 3870 2811; x_wconf 80' lang='lat' dir='ltr'>dicitur.</span> 
     </span>
    </p>
   </div>
   <div class='ocr_carea' id='block_1_111' title="bbox 2270 2830 3872 2896">
    <p class='ocr_par' dir='ltr' id='par_1_111' title="bbox 2270 2830 3872 2896">
     <span class='ocr_line' id='line_1_111' title="bbox 2270 2830 3872 2896; baseline -0.002 -16"><span class='ocrx_word' id='word_1_849' title='bbox 2270 2831 2317 2880; x_wconf 81' lang='grc' dir='ltr'><em>Ε</em></span> <span class='ocrx_word' id='word_1_850' title='bbox 2322 2837 2336 2879; x_wconf 84' lang='grc' dir='ltr'><em>ι</em></span> <span class='ocrx_word' id='word_1_851' title='bbox 2356 2832 2737 2896; x_wconf 74' lang='lat' dir='ltr'>possessionem</span> <span class='ocrx_word' id='word_1_852' title='bbox 2761 2836 2911 2877; x_wconf 88' lang='lat' dir='ltr'>tuam</span> <span class='ocrx_word' id='word_1_853' title='bbox 2931 2830 3184 2877; x_wconf 81' lang='lat' dir='ltr'>terminos</span> <span class='ocrx_word' id='word_1_854' title='bbox 3204 2835 3369 2893; x_wconf 77' lang='lat' dir='ltr'>terrae,</span> <span class='ocrx_word' id='word_1_855' title='bbox 3407 2832 3721 2894; x_wconf 87' lang='lat' dir='ltr'>subaudis,</span> <span class='ocrx_word' id='word_1_856' title='bbox 3752 2837 3872 2883; x_wconf 48' lang='lat' dir='ltr'>dati...</span> 
     </span>
    </p>
   </div>
   <div class='ocr_carea' id='block_1_112' title="bbox 2271 2900 3875 2967">
    <p class='ocr_par' dir='ltr' id='par_1_112' title="bbox 2271 2900 3875 2967">
     <span class='ocr_line' id='line_1_112' title="bbox 2271 2900 3875 2967; baseline 0.005 -17"><span class='ocrx_word' id='word_1_857' title='bbox 2271 2901 2384 2954; x_wconf 82' lang='lat' dir='ltr'>tibi.</span> <span class='ocrx_word' id='word_1_858' title='bbox 2416 2905 2569 2953; x_wconf 90' lang='lat' dir='ltr'>Dum</span> <span class='ocrx_word' id='word_1_859' title='bbox 2591 2903 2746 2953; x_wconf 90' lang='lat' dir='ltr'>enim</span> <span class='ocrx_word' id='word_1_860' title='bbox 2768 2900 3089 2965; x_wconf 90' lang='lat' dir='ltr'>persecutio</span> <span class='ocrx_word' id='word_1_861' title='bbox 3111 2901 3173 2951; x_wconf 92' lang='lat' dir='ltr'>in</span> <span class='ocrx_word' id='word_1_862' title='bbox 3194 2902 3399 2952; x_wconf 66' lang='lat' dir='ltr'>Judaaa</span> <span class='ocrx_word' id='word_1_863' title='bbox 3430 2904 3645 2967; x_wconf 87' lang='lat' dir='ltr'>agitur,</span> <span class='ocrx_word' id='word_1_864' title='bbox 3672 2914 3875 2957; x_wconf 66' lang='lat' dir='ltr'>sancta</span> 
     </span>
    </p>
   </div>
   <div class='ocr_carea' id='block_1_113' title="bbox 2269 2973 3876 3038">
    <p class='ocr_par' dir='ltr' id='par_1_113' title="bbox 2269 2973 3876 3038">
     <span class='ocr_line' id='line_1_113' title="bbox 2269 2973 3876 3038; baseline 0.002 -12"><span class='ocrx_word' id='word_1_865' title='bbox 2269 2976 2676 3038; x_wconf 87' lang='lat' dir='ltr'>Apostolorum</span> <span class='ocrx_word' id='word_1_866' title='bbox 2700 2973 3027 3037; x_wconf 80' lang='lat' dir='ltr'>praedicatio</span> <span class='ocrx_word' id='word_1_867' title='bbox 3049 2973 3111 3023; x_wconf 90' lang='lat' dir='ltr'>in</span> <span class='ocrx_word' id='word_1_868' title='bbox 3124 2973 3462 3025; x_wconf 89' lang='lat' dir='ltr'>universum</span> <span class='ocrx_word' id='word_1_869' title='bbox 3474 2978 3783 3029; x_wconf 86' lang='lat' dir='ltr'>mundum</span> <span class='ocrx_word' id='word_1_870' title='bbox 3802 2980 3876 3030; x_wconf 86' lang='lat' dir='ltr'>di-</span> 
     </span>
    </p>
   </div>
   <div class='ocr_carea' id='block_1_114' title="bbox 2271 3045 3871 3110">
    <p class='ocr_par' dir='ltr' id='par_1_114' title="bbox 2271 3045 3871 3110">
     <span class='ocr_line' id='line_1_114' title="bbox 2271 3045 3871 3110; baseline 0.001 -13"><span class='ocrx_word' id='word_1_871' title='bbox 2271 3047 2559 3110; x_wconf 86' lang='lat' dir='ltr'>spergitur</span> <span class='ocrx_word' id='word_1_872' title='bbox 2583 3060 2596 3097; x_wconf 86' lang='lat'>:</span> <span class='ocrx_word' id='word_1_873' title='bbox 2627 3046 2778 3096; x_wconf 91' lang='lat' dir='ltr'>sicut</span> <span class='ocrx_word' id='word_1_874' title='bbox 2803 3045 3075 3108; x_wconf 90' lang='lat' dir='ltr'>scriptum</span> <span class='ocrx_word' id='word_1_875' title='bbox 3096 3049 3202 3107; x_wconf 89' lang='lat' dir='ltr'>est,</span> <span class='ocrx_word' id='word_1_876' title='bbox 3219 3046 3660 3099; x_wconf 87' lang='lat' dir='ltr'>Vobismissum</span> <span class='ocrx_word' id='word_1_877' title='bbox 3690 3050 3871 3102; x_wconf 79' lang='lat' dir='ltr'>fuerat</span> 
     </span>
    </p>
   </div>
   <div class='ocr_carea' id='block_1_115' title="bbox 2271 3114 3870 3185">
    <p class='ocr_par' dir='ltr' id='par_1_115' title="bbox 2271 3114 3870 3185">
     <span class='ocr_line' id='line_1_115' title="bbox 2271 3114 3870 3185; baseline 0.003 -16"><span class='ocrx_word' id='word_1_878' title='bbox 2271 3118 2513 3170; x_wconf 86' lang='lat' dir='ltr'>verbum</span> <span class='ocrx_word' id='word_1_879' title='bbox 2536 3117 2662 3169; x_wconf 90' lang='lat' dir='ltr'>Dei:</span> <span class='ocrx_word' id='word_1_880' title='bbox 2680 3117 2774 3167; x_wconf 88' lang='lat' dir='ltr'>sed</span> <span class='ocrx_word' id='word_1_881' title='bbox 2813 3116 2947 3179; x_wconf 89' lang='lat' dir='ltr'>quia</span> <span class='ocrx_word' id='word_1_882' title='bbox 2961 3114 3233 3178; x_wconf 89' lang='lat' dir='ltr'>indignos</span> <span class='ocrx_word' id='word_1_883' title='bbox 3258 3129 3363 3168; x_wconf 92' lang='lat' dir='ltr'>vos</span> <span class='ocrx_word' id='word_1_884' title='bbox 3383 3118 3721 3185; x_wconf 85' lang='lat' dir='ltr'>judicastis,</span> <span class='ocrx_word' id='word_1_885' title='bbox 3749 3136 3870 3173; x_wconf 68' lang='lat' dir='ltr'>ecce</span> 
     </span>
    </p>
   </div>
   <div class='ocr_carea' id='block_1_116' title="bbox 2269 3187 3869 3255">
    <p class='ocr_par' dir='ltr' id='par_1_116' title="bbox 2269 3187 3869 3255">
     <span class='ocr_line' id='line_1_116' title="bbox 2269 3187 3869 3255; baseline 0.003 -14"><span class='ocrx_word' id='word_1_886' title='bbox 2269 3188 2421 3241; x_wconf 90' lang='lat' dir='ltr'>imus</span> <span class='ocrx_word' id='word_1_887' title='bbox 2456 3189 2529 3241; x_wconf 87' lang='lat' dir='ltr'>ad</span> <span class='ocrx_word' id='word_1_888' title='bbox 2566 3192 2768 3252; x_wconf 82' lang='lat' dir='ltr'>gentes</span> <span class='ocrx_word' id='word_1_889' title='bbox 2797 3190 2924 3251; x_wconf 85' lang='lat' dir='ltr'>(Act.</span> <span class='ocrx_word' id='word_1_890' title='bbox 2956 3187 3061 3251; x_wconf 87' lang='grc'>13).</span> <span class='ocrx_word' id='word_1_891' title='bbox 3092 3190 3197 3239; x_wconf 86' lang='lat' dir='ltr'>Pro</span> <span class='ocrx_word' id='word_1_892' title='bbox 3222 3188 3558 3241; x_wconf 89' lang='lat' dir='ltr'>crudelitate</span> <span class='ocrx_word' id='word_1_893' title='bbox 3584 3204 3728 3255; x_wconf 87' lang='lat' dir='ltr'>ergo</span> <span class='ocrx_word' id='word_1_894' title='bbox 3753 3207 3869 3245; x_wconf 85' lang='lat' dir='ltr'>ma-</span> 
     </span>
    </p>
   </div>
   <div class='ocr_carea' id='block_1_117' title="bbox 2270 3259 3867 3326">
    <p class='ocr_par' dir='ltr' id='par_1_117' title="bbox 2270 3259 3867 3326">
     <span class='ocr_line' id='line_1_117' title="bbox 2270 3259 3867 3326; baseline 0.001 -14"><span class='ocrx_word' id='word_1_895' title='bbox 2270 3260 2410 3314; x_wconf 62' lang='lat' dir='ltr'>litiae</span> <span class='ocrx_word' id='word_1_896' title='bbox 2434 3274 2567 3325; x_wconf 68' lang='lat' dir='ltr'>quae.</span> <span class='ocrx_word' id='word_1_897' title='bbox 2588 3264 2838 3312; x_wconf 90' lang='lat' dir='ltr'>mentem</span> <span class='ocrx_word' id='word_1_898' title='bbox 2862 3259 3085 3311; x_wconf 69' lang='lat' dir='ltr'>Judaem</span> <span class='ocrx_word' id='word_1_899' title='bbox 3113 3264 3518 3324; x_wconf 88' lang='lat' dir='ltr'>concremavit,</span> <span class='ocrx_word' id='word_1_900' title='bbox 3545 3268 3867 3326; x_wconf 80' lang='lat' dir='ltr'>omnipotens</span> 
     </span>
    </p>
   </div>
   <div class='ocr_carea' id='block_1_118' title="bbox 2271 3332 3865 3400">
    <p class='ocr_par' dir='ltr' id='par_1_118' title="bbox 2271 3332 3865 3400">
     <span class='ocr_line' id='line_1_118' title="bbox 2271 3332 3865 3400; baseline 0.003 -16"><span class='ocrx_word' id='word_1_901' title='bbox 2271 3335 2419 3385; x_wconf 85' lang='lat' dir='ltr'>Deus</span> <span class='ocrx_word' id='word_1_902' title='bbox 2442 3338 2644 3399; x_wconf 88' lang='lat' dir='ltr'>gentes</span> <span class='ocrx_word' id='word_1_903' title='bbox 2666 3338 2725 3383; x_wconf 83' lang='lat' dir='ltr'>in</span> <span class='ocrx_word' id='word_1_904' title='bbox 2748 3332 3138 3383; x_wconf 75' lang='lat' dir='ltr'>htei&#39;editatem</span> <span class='ocrx_word' id='word_1_905' title='bbox 3155 3334 3431 3396; x_wconf 89' lang='lat' dir='ltr'>sumpsit:</span> <span class='ocrx_word' id='word_1_906' title='bbox 3453 3347 3592 3397; x_wconf 84' lang='lat' dir='ltr'>quia</span> <span class='ocrx_word' id='word_1_907' title='bbox 3615 3349 3721 3400; x_wconf 84' lang='lat' dir='ltr'>per</span> <span class='ocrx_word' id='word_1_908' title='bbox 3746 3339 3865 3397; x_wconf 86' lang='lat' dir='ltr'>hoc;</span> 
     </span>
    </p>
   </div>
   <div class='ocr_carea' id='block_1_119' title="bbox 2272 3406 3870 3470">
    <p class='ocr_par' dir='ltr' id='par_1_119' title="bbox 2272 3406 3870 3470">
     <span class='ocr_line' id='line_1_119' title="bbox 2272 3406 3870 3470; baseline 0.001 -13"><span class='ocrx_word' id='word_1_909' title='bbox 2272 3406 2425 3469; x_wconf 91' lang='lat' dir='ltr'>quod</span> <span class='ocrx_word' id='word_1_910' title='bbox 2454 3406 2551 3457; x_wconf 90' lang='lat' dir='ltr'>illa</span> <span class='ocrx_word' id='word_1_911' title='bbox 2570 3407 2987 3469; x_wconf 88' lang='lat' dir='ltr'>redemptorem</span> <span class='ocrx_word' id='word_1_912' title='bbox 3004 3417 3177 3455; x_wconf 91' lang='lat' dir='ltr'>suum</span> <span class='ocrx_word' id='word_1_913' title='bbox 3200 3417 3267 3456; x_wconf 91' lang='lat' dir='ltr'>ac</span> <span class='ocrx_word' id='word_1_914' title='bbox 3279 3406 3539 3457; x_wconf 90' lang='lat' dir='ltr'>membra</span> <span class='ocrx_word' id='word_1_915' title='bbox 3560 3409 3697 3470; x_wconf 88' lang='lat' dir='ltr'>ejus</span> <span class='ocrx_word' id='word_1_916' title='bbox 3710 3424 3870 3470; x_wconf 77' lang='lat' dir='ltr'>perse-</span> 
     </span>
    </p>
   </div>
   <div class='ocr_carea' id='block_1_120' title="bbox 2271 3476 3868 3543">
    <p class='ocr_par' dir='ltr' id='par_1_120' title="bbox 2271 3476 3868 3543">
     <span class='ocr_line' id='line_1_120' title="bbox 2271 3476 3868 3543; baseline 0.001 -16"><span class='ocrx_word' id='word_1_917' title='bbox 2271 3483 2405 3530; x_wconf 86' lang='lat' dir='ltr'>cuta</span> <span class='ocrx_word' id='word_1_918' title='bbox 2427 3483 2531 3539; x_wconf 90' lang='lat' dir='ltr'>est,</span> <span class='ocrx_word' id='word_1_919' title='bbox 2558 3479 2781 3529; x_wconf 89' lang='lat' dir='ltr'>Sanctis</span> <span class='ocrx_word' id='word_1_920' title='bbox 2802 3477 3090 3542; x_wconf 88' lang='lat' dir='ltr'>Apostolis</span> <span class='ocrx_word' id='word_1_921' title='bbox 3106 3489 3207 3541; x_wconf 91' lang='lat' dir='ltr'>per</span> <span class='ocrx_word' id='word_1_922' title='bbox 3220 3476 3444 3530; x_wconf 80' lang='lat' dir='ltr'>diversa</span> <span class='ocrx_word' id='word_1_923' title='bbox 3458 3479 3771 3543; x_wconf 88' lang='lat' dir='ltr'>dispersis,</span> <span class='ocrx_word' id='word_1_924' title='bbox 3786 3499 3868 3530; x_wconf 69' lang='lat' dir='ltr'>n0:</span> 
     </span>
    </p>
   </div>
   <div class='ocr_carea' id='block_1_121' title="bbox 2270 3550 3869 3618">
    <p class='ocr_par' dir='ltr' id='par_1_121' title="bbox 2270 3550 3869 3618">
     <span class='ocr_line' id='line_1_121' title="bbox 2270 3550 3869 3618; baseline 0.003 -17"><span class='ocrx_word' id='word_1_925' title='bbox 2270 3552 2605 3614; x_wconf 69' lang='lat' dir='ltr'>quiJudzeaa</span> <span class='ocrx_word' id='word_1_926' title='bbox 2626 3551 2687 3601; x_wconf 89' lang='lat' dir='ltr'>in</span> <span class='ocrx_word' id='word_1_927' title='bbox 2711 3550 2949 3601; x_wconf 90' lang='lat' dir='ltr'>circuitu</span> <span class='ocrx_word' id='word_1_928' title='bbox 2974 3562 3197 3609; x_wconf 90' lang='lat' dir='ltr'>sumus,</span> <span class='ocrx_word' id='word_1_929' title='bbox 3216 3550 3367 3601; x_wconf 90' lang='lat' dir='ltr'>dono</span> <span class='ocrx_word' id='word_1_930' title='bbox 3391 3551 3643 3603; x_wconf 60' lang='lat' dir='ltr'>caelestis</span> <span class='ocrx_word' id='word_1_931' title='bbox 3670 3557 3869 3618; x_wconf 44' lang='lat' dir='ltr'>gratia»</span> 
     </span>
    </p>
   </div>
   <div class='ocr_carea' id='block_1_122' title="bbox 2270 3622 3867 3687">
    <p class='ocr_par' dir='ltr' id='par_1_122' title="bbox 2270 3622 3867 3687">
     <span class='ocr_line' id='line_1_122' title="bbox 2270 3622 3867 3687; baseline 0.003 -12"><span class='ocrx_word' id='word_1_932' title='bbox 2270 3624 2634 3687; x_wconf 89' lang='lat' dir='ltr'>splendorem</span> <span class='ocrx_word' id='word_1_933' title='bbox 2653 3623 3024 3677; x_wconf 84' lang='lat' dir='ltr'>veriluminis</span> <span class='ocrx_word' id='word_1_934' title='bbox 3041 3622 3323 3675; x_wconf 90' lang='lat' dir='ltr'>videmus.</span> <span class='ocrx_word' id='word_1_935' title='bbox 3351 3624 3457 3674; x_wconf 91' lang='lat' dir='ltr'>Sed</span> <span class='ocrx_word' id='word_1_936' title='bbox 3482 3626 3623 3687; x_wconf 89' lang='lat' dir='ltr'>quia</span> <span class='ocrx_word' id='word_1_937' title='bbox 3643 3626 3710 3677; x_wconf 89' lang='lat' dir='ltr'>in</span> <span class='ocrx_word' id='word_1_938' title='bbox 3735 3630 3867 3679; x_wconf 69' lang='lat' dir='ltr'>vitae</span> 
     </span>
    </p>
   </div>
   <div class='ocr_carea' id='block_1_123' title="bbox 2269 3693 3869 3762">
    <p class='ocr_par' dir='ltr' id='par_1_123' title="bbox 2269 3693 3869 3762">
     <span class='ocr_line' id='line_1_123' title="bbox 2269 3693 3869 3762; baseline 0.004 -15"><span class='ocrx_word' id='word_1_939' title='bbox 2269 3696 2601 3749; x_wconf 82' lang='lat' dir='ltr'>fortitudine</span> <span class='ocrx_word' id='word_1_940' title='bbox 2634 3709 2740 3747; x_wconf 92' lang='lat' dir='ltr'>nos</span> <span class='ocrx_word' id='word_1_941' title='bbox 2772 3695 3011 3758; x_wconf 90' lang='lat' dir='ltr'>invenit,</span> <span class='ocrx_word' id='word_1_942' title='bbox 3037 3697 3094 3747; x_wconf 90' lang='lat' dir='ltr'>et</span> <span class='ocrx_word' id='word_1_943' title='bbox 3117 3693 3191 3747; x_wconf 91' lang='lat' dir='ltr'>ad</span> <span class='ocrx_word' id='word_1_944' title='bbox 3208 3695 3451 3757; x_wconf 68' lang='lat' dir='ltr'>justitiae</span> <span class='ocrx_word' id='word_1_945' title='bbox 3479 3701 3755 3762; x_wconf 86' lang='lat' dir='ltr'>regulam</span> <span class='ocrx_word' id='word_1_946' title='bbox 3790 3714 3869 3753; x_wconf 87' lang='lat' dir='ltr'>re-</span> 
     </span>
    </p>
   </div>
   <div class='ocr_carea' id='block_1_124' title="bbox 2269 3768 2957 3831">
    <p class='ocr_par' dir='ltr' id='par_1_124' title="bbox 2269 3768 2957 3831">
     <span class='ocr_line' id='line_1_124' title="bbox 2269 3768 2957 3831; baseline -0.003 -13"><span class='ocrx_word' id='word_1_947' title='bbox 2269 3768 2455 3831; x_wconf 80' lang='lat' dir='ltr'>duxit,</span> <span class='ocrx_word' id='word_1_948' title='bbox 2482 3770 2627 3819; x_wconf 91' lang='lat' dir='ltr'>bene</span> <span class='ocrx_word' id='word_1_949' title='bbox 2654 3768 2957 3819; x_wconf 89' lang='lat' dir='ltr'>subditur:</span> 
     </span>
    </p>
   </div>
   <div class='ocr_carea' id='block_1_125' title="bbox 2331 3838 3868 3907">
    <p class='ocr_par' dir='ltr' id='par_1_125' title="bbox 2331 3838 3868 3907">
     <span class='ocr_line' id='line_1_125' title="bbox 2331 3838 3868 3907; baseline -0.001 -13"><span class='ocrx_word' id='word_1_950' title='bbox 2331 3840 2383 3894; x_wconf 81' lang='lat'>8.</span> <span class='ocrx_word' id='word_1_951' title='bbox 2396 3842 2552 3904; x_wconf 81' lang='lat' dir='ltr'>Reges</span> <span class='ocrx_word' id='word_1_952' title='bbox 2568 3857 2651 3890; x_wconf 84' lang='lat' dir='ltr'>eos</span> <span class='ocrx_word' id='word_1_953' title='bbox 2676 3843 2733 3889; x_wconf 78' lang='lat' dir='ltr'>in</span> <span class='ocrx_word' id='word_1_954' title='bbox 2757 3841 2912 3903; x_wconf 78' lang='lat' dir='ltr'>virga</span> <span class='ocrx_word' id='word_1_955' title='bbox 2928 3838 3172 3901; x_wconf 81' lang='lat' dir='ltr'>ferrea,et</span> <span class='ocrx_word' id='word_1_956' title='bbox 3190 3844 3455 3902; x_wconf 84' lang='lat' dir='ltr'>tanquam</span> <span class='ocrx_word' id='word_1_957' title='bbox 3475 3857 3565 3890; x_wconf 83' lang='lat' dir='ltr'>vos</span> <span class='ocrx_word' id='word_1_958' title='bbox 3578 3844 3749 3907; x_wconf 76' lang='lat' dir='ltr'>ﬁguli</span> <span class='ocrx_word' id='word_1_959' title='bbox 3761 3862 3868 3894; x_wconf 79' lang='lat' dir='ltr'>con-</span> 
     </span>
    </p>
   </div>
   <div class='ocr_carea' id='block_1_126' title="bbox 2266 3912 3868 3980">
    <p class='ocr_par' dir='ltr' id='par_1_126' title="bbox 2266 3912 3868 3980">
     <span class='ocr_line' id='line_1_126' title="bbox 2266 3912 3868 3980; baseline 0.006 -20"><span class='ocrx_word' id='word_1_960' title='bbox 2266 3912 2474 3977; x_wconf 80' lang='lat' dir='ltr'>fringes</span> <span class='ocrx_word' id='word_1_961' title='bbox 2505 3929 2606 3964; x_wconf 86' lang='lat' dir='ltr'>eos.</span> <span class='ocrx_word' id='word_1_962' title='bbox 2634 3913 2808 3977; x_wconf 87' lang='lat' dir='ltr'>Virga</span> <span class='ocrx_word' id='word_1_963' title='bbox 2827 3912 3008 3963; x_wconf 88' lang='lat' dir='ltr'>ferrea</span> <span class='ocrx_word' id='word_1_964' title='bbox 3043 3912 3321 3975; x_wconf 88' lang='lat' dir='ltr'>accipitur</span> <span class='ocrx_word' id='word_1_965' title='bbox 3342 3914 3682 3966; x_wconf 78' lang='lat' dir='ltr'>inﬂexibilis</span> <span class='ocrx_word' id='word_1_966' title='bbox 3701 3918 3868 3980; x_wconf 84' lang='lat' dir='ltr'>justi-</span> 
     </span>
    </p>
   </div>
   <div class='ocr_carea' id='block_1_127' title="bbox 2268 3982 3866 4052">
    <p class='ocr_par' dir='ltr' id='par_1_127' title="bbox 2268 3982 3866 4052">
     <span class='ocr_line' id='line_1_127' title="bbox 2268 3982 3866 4052; baseline 0.003 -16"><span class='ocrx_word' id='word_1_967' title='bbox 2268 3986 2366 4049; x_wconf 90' lang='lat' dir='ltr'>tia,</span> <span class='ocrx_word' id='word_1_968' title='bbox 2408 3997 2539 4048; x_wconf 84' lang='lat' dir='ltr'>quae</span> <span class='ocrx_word' id='word_1_969' title='bbox 2583 3984 2712 4035; x_wconf 91' lang='lat' dir='ltr'>ideo</span> <span class='ocrx_word' id='word_1_970' title='bbox 2748 3984 2930 4047; x_wconf 87' lang='lat' dir='ltr'>virga,</span> <span class='ocrx_word' id='word_1_971' title='bbox 2957 3982 3093 4045; x_wconf 90' lang='lat' dir='ltr'>quia</span> <span class='ocrx_word' id='word_1_972' title='bbox 3122 3988 3313 4033; x_wconf 86' lang='lat' dir='ltr'>recta:</span> <span class='ocrx_word' id='word_1_973' title='bbox 3351 3983 3479 4035; x_wconf 91' lang='lat' dir='ltr'>ideo</span> <span class='ocrx_word' id='word_1_974' title='bbox 3504 3984 3719 4051; x_wconf 75' lang='lat' dir='ltr'>ferrea,</span> <span class='ocrx_word' id='word_1_975' title='bbox 3748 3991 3866 4052; x_wconf 79' lang='lat' dir='ltr'>quia</span> 
     </span>
    </p>
   </div>
   <div class='ocr_carea' id='block_1_128' title="bbox 2269 4054 3867 4125">
    <p class='ocr_par' dir='ltr' id='par_1_128' title="bbox 2269 4054 3867 4125">
     <span class='ocr_line' id='line_1_128' title="bbox 2269 4054 3867 4125; baseline 0.003 -18"><span class='ocrx_word' id='word_1_976' title='bbox 2269 4054 2431 4109; x_wconf 89' lang='lat' dir='ltr'>dura.</span> <span class='ocrx_word' id='word_1_977' title='bbox 2456 4058 2633 4107; x_wconf 85' lang='lat' dir='ltr'>Recta</span> <span class='ocrx_word' id='word_1_978' title='bbox 2655 4055 2843 4119; x_wconf 90' lang='lat' dir='ltr'>nobis,</span> <span class='ocrx_word' id='word_1_979' title='bbox 2870 4056 3012 4106; x_wconf 88' lang='lat' dir='ltr'>dura</span> <span class='ocrx_word' id='word_1_980' title='bbox 3036 4054 3231 4105; x_wconf 88' lang='lat' dir='ltr'>malis:</span> <span class='ocrx_word' id='word_1_981' title='bbox 3253 4055 3463 4106; x_wconf 89' lang='lat' dir='ltr'>blanda</span> <span class='ocrx_word' id='word_1_982' title='bbox 3477 4058 3682 4125; x_wconf 87' lang='lat' dir='ltr'>justis,</span> <span class='ocrx_word' id='word_1_983' title='bbox 3701 4077 3867 4122; x_wconf 79' lang='lat' dir='ltr'>aspera</span> 
     </span>
    </p>
   </div>
   <div class='ocr_carea' id='block_1_129' title="bbox 2267 4128 3867 4192">
    <p class='ocr_par' dir='ltr' id='par_1_129' title="bbox 2267 4128 3867 4192">
     <span class='ocr_line' id='line_1_129' title="bbox 2267 4128 3867 4192; baseline 0.004 -13"><span class='ocrx_word' id='word_1_984' title='bbox 2267 4128 2570 4192; x_wconf 90' lang='lat' dir='ltr'>perversis.</span> <span class='ocrx_word' id='word_1_985' title='bbox 2595 4132 2664 4180; x_wconf 90' lang='lat' dir='ltr'>Et</span> <span class='ocrx_word' id='word_1_986' title='bbox 2687 4130 2822 4191; x_wconf 91' lang='lat' dir='ltr'>quia</span> <span class='ocrx_word' id='word_1_987' title='bbox 2840 4140 2937 4191; x_wconf 92' lang='lat' dir='ltr'>per</span> <span class='ocrx_word' id='word_1_988' title='bbox 2959 4128 3106 4178; x_wconf 91' lang='lat' dir='ltr'>hanc</span> <span class='ocrx_word' id='word_1_989' title='bbox 3132 4128 3411 4179; x_wconf 88' lang='lat' dir='ltr'>Dominus</span> <span class='ocrx_word' id='word_1_990' title='bbox 3436 4130 3777 4192; x_wconf 88' lang='lat' dir='ltr'>spirituales</span> <span class='ocrx_word' id='word_1_991' title='bbox 3800 4147 3867 4185; x_wconf 89' lang='lat' dir='ltr'>re-</span> 
     </span>
    </p>
   </div>
   <div class='ocr_carea' id='block_1_130' title="bbox 2267 4199 3863 4271">
    <p class='ocr_par' dir='ltr' id='par_1_130' title="bbox 2267 4199 3863 4271">
     <span class='ocr_line' id='line_1_130' title="bbox 2267 4199 3863 4271; baseline 0 -20"><span class='ocrx_word' id='word_1_992' title='bbox 2267 4202 2367 4264; x_wconf 89' lang='lat' dir='ltr'>git,</span> <span class='ocrx_word' id='word_1_993' title='bbox 2400 4201 2654 4252; x_wconf 86' lang='lat' dir='ltr'>carnales</span> <span class='ocrx_word' id='word_1_994' title='bbox 2679 4199 3007 4263; x_wconf 82' lang='lat' dir='ltr'>confringit,</span> <span class='ocrx_word' id='word_1_995' title='bbox 3032 4204 3185 4250; x_wconf 92' lang='lat' dir='ltr'>recte</span> <span class='ocrx_word' id='word_1_996' title='bbox 3209 4200 3415 4251; x_wconf 89' lang='lat' dir='ltr'>dicitur</span> <span class='ocrx_word' id='word_1_997' title='bbox 3445 4215 3459 4251; x_wconf 91' lang='lat'>:</span> <span class='ocrx_word' id='word_1_998' title='bbox 3502 4203 3573 4251; x_wconf 74' lang='lat' dir='ltr'>Et</span> <span class='ocrx_word' id='word_1_999' title='bbox 3598 4209 3863 4271; x_wconf 80' lang='lat' dir='ltr'>tanquam</span> 
     </span>
    </p>
   </div>
   <div class='ocr_carea' id='block_1_131' title="bbox 2268 4271 3866 4336">
    <p class='ocr_par' dir='ltr' id='par_1_131' title="bbox 2268 4271 3866 4336">
     <span class='ocr_line' id='line_1_131' title="bbox 2268 4271 3866 4336; baseline 0.004 -15"><span class='ocrx_word' id='word_1_1000' title='bbox 2268 4287 2359 4321; x_wconf 81' lang='lat' dir='ltr'>vas</span> <span class='ocrx_word' id='word_1_1001' title='bbox 2391 4273 2547 4336; x_wconf 79' lang='lat' dir='ltr'>ﬁguli</span> <span class='ocrx_word' id='word_1_1002' title='bbox 2577 4273 2883 4335; x_wconf 58' lang='lat' dir='ltr'>con/ﬁnges</span> <span class='ocrx_word' id='word_1_1003' title='bbox 2898 4286 2996 4323; x_wconf 83' lang='lat' dir='ltr'>eos.</span> <span class='ocrx_word' id='word_1_1004' title='bbox 3024 4271 3170 4332; x_wconf 88' lang='lat' dir='ltr'>Quid</span> <span class='ocrx_word' id='word_1_1005' title='bbox 3192 4272 3346 4323; x_wconf 88' lang='lat' dir='ltr'>enim</span> <span class='ocrx_word' id='word_1_1006' title='bbox 3360 4278 3586 4326; x_wconf 88' lang='lat' dir='ltr'>terrena</span> <span class='ocrx_word' id='word_1_1007' title='bbox 3598 4285 3751 4329; x_wconf 90' lang='lat' dir='ltr'>sunt</span> <span class='ocrx_word' id='word_1_1008' title='bbox 3765 4292 3866 4330; x_wconf 87' lang='lat' dir='ltr'>cor-</span> 
     </span>
    </p>
   </div>
   <div class='ocr_carea' id='block_1_132' title="bbox 2265 4343 3864 4408">
    <p class='ocr_par' dir='ltr' id='par_1_132' title="bbox 2265 4343 3864 4408">
     <span class='ocr_line' id='line_1_132' title="bbox 2265 4343 3864 4408; baseline 0.003 -14"><span class='ocrx_word' id='word_1_1009' title='bbox 2265 4343 2355 4408; x_wconf 90' lang='lat' dir='ltr'>da,</span> <span class='ocrx_word' id='word_1_1010' title='bbox 2382 4344 2495 4394; x_wconf 88' lang='lat' dir='ltr'>nisi</span> <span class='ocrx_word' id='word_1_1011' title='bbox 2517 4356 2656 4396; x_wconf 89' lang='lat' dir='ltr'>vasa</span> <span class='ocrx_word' id='word_1_1012' title='bbox 2680 4343 2919 4394; x_wconf 80' lang='lat' dir='ltr'>ﬁctilia?</span> <span class='ocrx_word' id='word_1_1013' title='bbox 2944 4344 3062 4394; x_wconf 86' lang='lat' dir='ltr'>Vas</span> <span class='ocrx_word' id='word_1_1014' title='bbox 3090 4343 3241 4394; x_wconf 91' lang='lat' dir='ltr'>enim</span> <span class='ocrx_word' id='word_1_1015' title='bbox 3266 4344 3450 4406; x_wconf 79' lang='lat' dir='ltr'>ﬁctile,</span> <span class='ocrx_word' id='word_1_1016' title='bbox 3492 4350 3799 4401; x_wconf 85' lang='lat' dir='ltr'>terrenum</span> <span class='ocrx_word' id='word_1_1017' title='bbox 3822 4355 3864 4402; x_wconf 83' lang='lat' dir='ltr'>et</span> 
     </span>
    </p>
   </div>
   <div class='ocr_carea' id='block_1_133' title="bbox 2263 4414 3865 4483">
    <p class='ocr_par' dir='ltr' id='par_1_133' title="bbox 2263 4414 3865 4483">
     <span class='ocr_line' id='line_1_133' title="bbox 2263 4414 3865 4483; baseline 0.002 -17"><span class='ocrx_word' id='word_1_1018' title='bbox 2263 4414 2462 4481; x_wconf 84' lang='lat' dir='ltr'>fragile</span> <span class='ocrx_word' id='word_1_1019' title='bbox 2487 4421 2578 4468; x_wconf 89' lang='lat' dir='ltr'>est</span> <span class='ocrx_word' id='word_1_1020' title='bbox 2606 4414 2672 4479; x_wconf 91' lang='grc'>(1.</span> <span class='ocrx_word' id='word_1_1021' title='bbox 2702 4416 2821 4466; x_wconf 84' lang='lat' dir='ltr'>Cor.</span> <span class='ocrx_word' id='word_1_1022' title='bbox 2842 4415 2933 4479; x_wconf 73' lang='grc'>4,).</span> <span class='ocrx_word' id='word_1_1023' title='bbox 2953 4415 3207 4466; x_wconf 88' lang='lat' dir='ltr'>Carnalia</span> <span class='ocrx_word' id='word_1_1024' title='bbox 3227 4428 3361 4479; x_wconf 91' lang='lat' dir='ltr'>ergo</span> <span class='ocrx_word' id='word_1_1025' title='bbox 3374 4417 3563 4481; x_wconf 89' lang='lat' dir='ltr'>corda,</span> <span class='ocrx_word' id='word_1_1026' title='bbox 3582 4432 3725 4483; x_wconf 78' lang='lat' dir='ltr'>quae</span> <span class='ocrx_word' id='word_1_1027' title='bbox 3744 4429 3865 4470; x_wconf 79' lang='lat' dir='ltr'>trau-</span> 
     </span>
    </p>
   </div>
   <div class='ocr_carea' id='block_1_134' title="bbox 2270 4487 3865 4555">
    <p class='ocr_par' dir='ltr' id='par_1_134' title="bbox 2270 4487 3865 4555">
     <span class='ocr_line' id='line_1_134' title="bbox 2270 4487 3865 4555; baseline 0.004 -16"><span class='ocrx_word' id='word_1_1028' title='bbox 2270 4488 2466 4541; x_wconf 90' lang='lat' dir='ltr'>sitoria</span> <span class='ocrx_word' id='word_1_1029' title='bbox 2487 4493 2783 4555; x_wconf 90' lang='lat' dir='ltr'>appetunt,</span> <span class='ocrx_word' id='word_1_1030' title='bbox 2806 4488 2915 4538; x_wconf 92' lang='lat' dir='ltr'>hoc</span> <span class='ocrx_word' id='word_1_1031' title='bbox 2941 4487 3097 4550; x_wconf 91' lang='lat' dir='ltr'>quod</span> <span class='ocrx_word' id='word_1_1032' title='bbox 3126 4487 3488 4551; x_wconf 89' lang='lat' dir='ltr'>corruptibile</span> <span class='ocrx_word' id='word_1_1033' title='bbox 3511 4494 3570 4541; x_wconf 92' lang='lat' dir='ltr'>et</span> <span class='ocrx_word' id='word_1_1034' title='bbox 3612 4492 3737 4545; x_wconf 87' lang='lat' dir='ltr'>vile</span> <span class='ocrx_word' id='word_1_1035' title='bbox 3772 4500 3865 4555; x_wconf 86' lang='lat' dir='ltr'>est,</span> 
     </span>
    </p>
   </div>
   <div class='ocr_carea' id='block_1_135' title="bbox 2269 4559 3863 4627">
    <p class='ocr_par' dir='ltr' id='par_1_135' title="bbox 2269 4559 3863 4627">
     <span class='ocr_line' id='line_1_135' title="bbox 2269 4559 3863 4627; baseline 0.003 -15"><span class='ocrx_word' id='word_1_1036' title='bbox 2269 4561 2533 4627; x_wconf 89' lang='lat' dir='ltr'>diligunt,</span> <span class='ocrx_word' id='word_1_1037' title='bbox 2552 4562 2795 4615; x_wconf 88' lang='lat' dir='ltr'>terrenis</span> <span class='ocrx_word' id='word_1_1038' title='bbox 2818 4560 2995 4611; x_wconf 90' lang='lat' dir='ltr'>rebus</span> <span class='ocrx_word' id='word_1_1039' title='bbox 3022 4560 3155 4611; x_wconf 89' lang='lat' dir='ltr'>totis</span> <span class='ocrx_word' id='word_1_1040' title='bbox 3181 4559 3475 4611; x_wconf 89' lang='lat' dir='ltr'>desideriis</span> <span class='ocrx_word' id='word_1_1041' title='bbox 3498 4562 3863 4625; x_wconf 79' lang='lat' dir='ltr'>incumbunt,</span> 
     </span>
    </p>
   </div>
   <div class='ocr_carea' id='block_1_136' title="bbox 2273 4635 3865 4701">
    <p class='ocr_par' dir='ltr' id='par_1_136' title="bbox 2273 4635 3865 4701">
     <span class='ocr_line' id='line_1_136' title="bbox 2273 4635 3865 4701; baseline 0.003 -17"><span class='ocrx_word' id='word_1_1042' title='bbox 2273 4635 2413 4697; x_wconf 91' lang='lat' dir='ltr'>quid</span> <span class='ocrx_word' id='word_1_1043' title='bbox 2434 4635 2607 4701; x_wconf 90' lang='lat' dir='ltr'>aliud,</span> <span class='ocrx_word' id='word_1_1044' title='bbox 2627 4646 2801 4699; x_wconf 92' lang='lat' dir='ltr'>quam</span> <span class='ocrx_word' id='word_1_1045' title='bbox 2828 4637 3051 4684; x_wconf 88' lang='lat' dir='ltr'>terrena</span> <span class='ocrx_word' id='word_1_1046' title='bbox 3078 4645 3216 4683; x_wconf 88' lang='lat' dir='ltr'>vasa</span> <span class='ocrx_word' id='word_1_1047' title='bbox 3233 4636 3403 4683; x_wconf 84' lang='lat' dir='ltr'>sunt?</span> <span class='ocrx_word' id='word_1_1048' title='bbox 3428 4635 3565 4693; x_wconf 73' lang='lat' dir='ltr'>Quae</span> <span class='ocrx_word' id='word_1_1049' title='bbox 3582 4637 3865 4691; x_wconf 78' lang='lat' dir='ltr'>Dominus</span> 
     </span>
    </p>
   </div>
   <div class='ocr_carea' id='block_1_137' title="bbox 2271 4702 3865 4771">
    <p class='ocr_par' dir='ltr' id='par_1_137' title="bbox 2271 4702 3865 4771">
     <span class='ocr_line' id='line_1_137' title="bbox 2271 4702 3865 4771; baseline 0.001 -14"><span class='ocrx_word' id='word_1_1050' title='bbox 2271 4719 2370 4770; x_wconf 88' lang='lat' dir='ltr'>per</span> <span class='ocrx_word' id='word_1_1051' title='bbox 2398 4708 2618 4771; x_wconf 84' lang='lat' dir='ltr'>virgam</span> <span class='ocrx_word' id='word_1_1052' title='bbox 2648 4707 2892 4758; x_wconf 84' lang='lat' dir='ltr'>ferream</span> <span class='ocrx_word' id='word_1_1053' title='bbox 2916 4702 3243 4768; x_wconf 82' lang='lat' dir='ltr'>confringit,</span> <span class='ocrx_word' id='word_1_1054' title='bbox 3268 4717 3399 4755; x_wconf 92' lang='lat' dir='ltr'>cum</span> <span class='ocrx_word' id='word_1_1055' title='bbox 3415 4718 3512 4769; x_wconf 89' lang='lat' dir='ltr'>per</span> <span class='ocrx_word' id='word_1_1056' title='bbox 3521 4709 3740 4767; x_wconf 75' lang='lat' dir='ltr'>justitiae</span> <span class='ocrx_word' id='word_1_1057' title='bbox 3758 4714 3865 4760; x_wconf 75' lang='lat' dir='ltr'>recti</span> 
     </span>
    </p>
   </div>
   <div class='ocr_carea' id='block_1_138' title="bbox 2272 4774 3867 4839">
    <p class='ocr_par' dir='ltr' id='par_1_138' title="bbox 2272 4774 3867 4839">
     <span class='ocr_line' id='line_1_138' title="bbox 2272 4774 3867 4839; baseline 0.001 -11"><span class='ocrx_word' id='word_1_1058' title='bbox 2272 4778 2531 4830; x_wconf 82' lang='lat' dir='ltr'>tudinem</span> <span class='ocrx_word' id='word_1_1059' title='bbox 2552 4777 2790 4830; x_wconf 90' lang='lat' dir='ltr'>suamin</span> <span class='ocrx_word' id='word_1_1060' title='bbox 2815 4777 2896 4827; x_wconf 89' lang='lat' dir='ltr'>eis</span> <span class='ocrx_word' id='word_1_1061' title='bbox 2921 4774 3313 4827; x_wconf 87' lang='lat' dir='ltr'>carnalitatem</span> <span class='ocrx_word' id='word_1_1062' title='bbox 3325 4776 3585 4839; x_wconf 87' lang='lat' dir='ltr'>destruit,</span> <span class='ocrx_word' id='word_1_1063' title='bbox 3599 4794 3721 4829; x_wconf 88' lang='lat' dir='ltr'>cum</span> <span class='ocrx_word' id='word_1_1064' title='bbox 3739 4798 3867 4830; x_wconf 64' lang='lat' dir='ltr'>meno</span> 
     </span>
    </p>
   </div>
   <div class='ocr_carea' id='block_1_139' title="bbox 2272 4848 3867 4916">
    <p class='ocr_par' dir='ltr' id='par_1_139' title="bbox 2272 4848 3867 4916">
     <span class='ocr_line' id='line_1_139' title="bbox 2272 4848 3867 4916; baseline 0.002 -16"><span class='ocrx_word' id='word_1_1065' title='bbox 2272 4850 2345 4901; x_wconf 91' lang='lat' dir='ltr'>tis</span> <span class='ocrx_word' id='word_1_1066' title='bbox 2379 4850 2687 4903; x_wconf 88' lang='lat' dir='ltr'>elationem</span> <span class='ocrx_word' id='word_1_1067' title='bbox 2728 4848 2988 4909; x_wconf 90' lang='lat' dir='ltr'>conterit,</span> <span class='ocrx_word' id='word_1_1068' title='bbox 3026 4861 3158 4899; x_wconf 90' lang='lat' dir='ltr'>cum</span> <span class='ocrx_word' id='word_1_1069' title='bbox 3193 4848 3494 4902; x_wconf 75' lang='lat' dir='ltr'>inﬁrmitas</span> <span class='ocrx_word' id='word_1_1070' title='bbox 3532 4854 3767 4916; x_wconf 90' lang='lat' dir='ltr'>propria</span> <span class='ocrx_word' id='word_1_1071' title='bbox 3806 4854 3867 4906; x_wconf 88' lang='lat' dir='ltr'>ad</span> 
     </span>
    </p>
   </div>
   <div class='ocr_carea' id='block_1_140' title="bbox 2270 4921 3868 4985">
    <p class='ocr_par' dir='ltr' id='par_1_140' title="bbox 2270 4921 3868 4985">
     <span class='ocr_line' id='line_1_140' title="bbox 2270 4921 3868 4985; baseline 0.004 -13"><span class='ocrx_word' id='word_1_1072' title='bbox 2270 4924 2605 4975; x_wconf 88' lang='lat' dir='ltr'>memoriam</span> <span class='ocrx_word' id='word_1_1073' title='bbox 2641 4922 2950 4985; x_wconf 90' lang='lat' dir='ltr'>reducitur,</span> <span class='ocrx_word' id='word_1_1074' title='bbox 2979 4924 3037 4971; x_wconf 91' lang='lat' dir='ltr'>et</span> <span class='ocrx_word' id='word_1_1075' title='bbox 3076 4921 3455 4984; x_wconf 88' lang='lat' dir='ltr'>corruptionis</span> <span class='ocrx_word' id='word_1_1076' title='bbox 3489 4924 3725 4977; x_wconf 87' lang='lat' dir='ltr'>miseria</span> <span class='ocrx_word' id='word_1_1077' title='bbox 3748 4926 3868 4977; x_wconf 86' lang='lat' dir='ltr'>dili-</span> 
     </span>
    </p>
   </div>
   <div class='ocr_carea' id='block_1_141' title="bbox 2270 4993 3868 5063">
    <p class='ocr_par' dir='ltr' id='par_1_141' title="bbox 2270 4993 3868 5063">
     <span class='ocr_line' id='line_1_141' title="bbox 2270 4993 3868 5063; baseline 0.004 -18"><span class='ocrx_word' id='word_1_1078' title='bbox 2270 5000 2471 5057; x_wconf 91' lang='lat' dir='ltr'>genter</span> <span class='ocrx_word' id='word_1_1079' title='bbox 2492 4995 2821 5057; x_wconf 87' lang='lat' dir='ltr'>attenditur,</span> <span class='ocrx_word' id='word_1_1080' title='bbox 2835 4999 2891 5047; x_wconf 93' lang='lat' dir='ltr'>et</span> <span class='ocrx_word' id='word_1_1081' title='bbox 2916 4993 3184 5044; x_wconf 88' lang='lat' dir='ltr'>vitiorum</span> <span class='ocrx_word' id='word_1_1082' title='bbox 3206 4993 3453 5046; x_wconf 88' lang='lat' dir='ltr'>fractura</span> <span class='ocrx_word' id='word_1_1083' title='bbox 3468 4994 3713 5048; x_wconf 87' lang='lat' dir='ltr'>solerter</span> <span class='ocrx_word' id='word_1_1084' title='bbox 3731 5012 3868 5063; x_wconf 85' lang='lat' dir='ltr'>pen-</span> 
     </span>
    </p>
   </div>
   <div class='ocr_carea' id='block_1_142' title="bbox 2272 5066 3866 5133">
    <p class='ocr_par' dir='ltr' id='par_1_142' title="bbox 2272 5066 3866 5133">
     <span class='ocr_line' id='line_1_142' title="bbox 2272 5066 3866 5133; baseline 0.004 -17"><span class='ocrx_word' id='word_1_1085' title='bbox 2272 5071 2450 5119; x_wconf 89' lang='lat' dir='ltr'>satur.</span> <span class='ocrx_word' id='word_1_1086' title='bbox 2479 5069 2620 5130; x_wconf 90' lang='lat' dir='ltr'>Quia</span> <span class='ocrx_word' id='word_1_1087' title='bbox 2642 5080 2777 5133; x_wconf 89' lang='lat' dir='ltr'>ergo</span> <span class='ocrx_word' id='word_1_1088' title='bbox 2802 5067 2981 5132; x_wconf 89' lang='lat' dir='ltr'>pietas</span> <span class='ocrx_word' id='word_1_1089' title='bbox 3019 5078 3249 5117; x_wconf 89' lang='lat' dir='ltr'>summa</span> <span class='ocrx_word' id='word_1_1090' title='bbox 3273 5066 3356 5117; x_wconf 92' lang='lat' dir='ltr'>sic</span> <span class='ocrx_word' id='word_1_1091' title='bbox 3382 5080 3491 5119; x_wconf 94' lang='lat' dir='ltr'>nos</span> <span class='ocrx_word' id='word_1_1092' title='bbox 3514 5069 3665 5133; x_wconf 87' lang='lat' dir='ltr'>fecit,</span> <span class='ocrx_word' id='word_1_1093' title='bbox 3693 5075 3761 5121; x_wconf 85' lang='lat' dir='ltr'>ut</span> <span class='ocrx_word' id='word_1_1094' title='bbox 3786 5085 3866 5123; x_wconf 88' lang='lat' dir='ltr'>re-</span> 
     </span>
    </p>
   </div>
   <div class='ocr_carea' id='block_1_143' title="bbox 2269 5137 3863 5203">
    <p class='ocr_par' dir='ltr' id='par_1_143' title="bbox 2269 5137 3863 5203">
     <span class='ocr_line' id='line_1_143' title="bbox 2269 5137 3863 5203; baseline 0.004 -15"><span class='ocrx_word' id='word_1_1095' title='bbox 2269 5142 2397 5201; x_wconf 89' lang='lat' dir='ltr'>gat:</span> <span class='ocrx_word' id='word_1_1096' title='bbox 2434 5139 2516 5189; x_wconf 88' lang='lat' dir='ltr'>sic</span> <span class='ocrx_word' id='word_1_1097' title='bbox 2553 5140 2873 5203; x_wconf 79' lang='lat' dir='ltr'>confringit,</span> <span class='ocrx_word' id='word_1_1098' title='bbox 2909 5142 2975 5190; x_wconf 92' lang='lat' dir='ltr'>ut</span> <span class='ocrx_word' id='word_1_1099' title='bbox 3003 5137 3209 5190; x_wconf 90' lang='lat' dir='ltr'>melius</span> <span class='ocrx_word' id='word_1_1100' title='bbox 3242 5139 3525 5203; x_wconf 90' lang='lat' dir='ltr'>restituat,</span> <span class='ocrx_word' id='word_1_1101' title='bbox 3559 5140 3701 5192; x_wconf 93' lang='lat' dir='ltr'>dum</span> <span class='ocrx_word' id='word_1_1102' title='bbox 3732 5155 3863 5194; x_wconf 83' lang='lat' dir='ltr'>vasa</span> 
     </span>
    </p>
   </div>
   <div class='ocr_carea' id='block_1_144' title="bbox 2267 5209 3862 5279">
    <p class='ocr_par' dir='ltr' id='par_1_144' title="bbox 2267 5209 3862 5279">
     <span class='ocr_line' id='line_1_144' title="bbox 2267 5209 3862 5279; baseline 0.004 -18"><span class='ocrx_word' id='word_1_1103' title='bbox 2267 5209 2369 5263; x_wconf 67' lang='lat' dir='ltr'>ira:</span> <span class='ocrx_word' id='word_1_1104' title='bbox 2406 5217 2726 5264; x_wconf 88' lang='lat' dir='ltr'>commutat</span> <span class='ocrx_word' id='word_1_1105' title='bbox 2756 5213 2813 5262; x_wconf 91' lang='lat' dir='ltr'>in</span> <span class='ocrx_word' id='word_1_1106' title='bbox 2843 5224 2986 5263; x_wconf 89' lang='lat' dir='ltr'>vasa</span> <span class='ocrx_word' id='word_1_1107' title='bbox 3020 5212 3444 5276; x_wconf 64' lang='lat' dir='ltr'>misericordia),</span> <span class='ocrx_word' id='word_1_1108' title='bbox 3489 5216 3545 5263; x_wconf 91' lang='lat' dir='ltr'>et</span> <span class='ocrx_word' id='word_1_1109' title='bbox 3568 5226 3713 5266; x_wconf 89' lang='lat' dir='ltr'>vasa</span> <span class='ocrx_word' id='word_1_1110' title='bbox 3735 5221 3862 5279; x_wconf 80' lang='lat' dir='ltr'>apta</span> 
     </span>
    </p>
   </div>
   <div class='ocr_carea' id='block_1_145' title="bbox 2268 5282 3860 5349">
    <p class='ocr_par' dir='ltr' id='par_1_145' title="bbox 2268 5282 3860 5349">
     <span class='ocr_line' id='line_1_145' title="bbox 2268 5282 3860 5349; baseline 0.004 -16"><span class='ocrx_word' id='word_1_1111' title='bbox 2268 5282 2341 5333; x_wconf 91' lang='lat' dir='ltr'>ad</span> <span class='ocrx_word' id='word_1_1112' title='bbox 2361 5282 2652 5336; x_wconf 83' lang='lat' dir='ltr'>interitum</span> <span class='ocrx_word' id='word_1_1113' title='bbox 2676 5284 2812 5336; x_wconf 89' lang='lat' dir='ltr'>facit</span> <span class='ocrx_word' id='word_1_1114' title='bbox 2826 5290 2958 5348; x_wconf 91' lang='lat' dir='ltr'>apta</span> <span class='ocrx_word' id='word_1_1115' title='bbox 2971 5284 3041 5334; x_wconf 89' lang='lat' dir='ltr'>ad</span> <span class='ocrx_word' id='word_1_1116' title='bbox 3058 5284 3297 5347; x_wconf 87' lang='lat' dir='ltr'>gloriam</span> <span class='ocrx_word' id='word_1_1117' title='bbox 3316 5286 3491 5349; x_wconf 82' lang='lat' dir='ltr'>(Rom.</span> <span class='ocrx_word' id='word_1_1118' title='bbox 3504 5284 3583 5348; x_wconf 87' lang='lat'>9.)</span> <span class='ocrx_word' id='word_1_1119' title='bbox 3605 5301 3617 5337; x_wconf 88' lang='lat'>:</span> <span class='ocrx_word' id='word_1_1120' title='bbox 3637 5286 3860 5339; x_wconf 84' lang='lat' dir='ltr'>dicatur</span> 
     </span>
    </p>
   </div>
   <div class='ocr_carea' id='block_1_146' title="bbox 2268 5357 3864 5423">
    <p class='ocr_par' dir='ltr' id='par_1_146' title="bbox 2268 5357 3864 5423">
     <span class='ocr_line' id='line_1_146' title="bbox 2268 5357 3864 5423; baseline -0.001 -16"><span class='ocrx_word' id='word_1_1121' title='bbox 2268 5359 2438 5419; x_wconf 90' lang='lat' dir='ltr'>recte,</span> <span class='ocrx_word' id='word_1_1122' title='bbox 2462 5358 2620 5421; x_wconf 84' lang='lat' dir='ltr'>Reges</span> <span class='ocrx_word' id='word_1_1123' title='bbox 2642 5373 2724 5407; x_wconf 81' lang='lat' dir='ltr'>eos</span> <span class='ocrx_word' id='word_1_1124' title='bbox 2748 5358 2809 5406; x_wconf 79' lang='lat' dir='ltr'>in</span> <span class='ocrx_word' id='word_1_1125' title='bbox 2834 5358 2988 5420; x_wconf 78' lang='lat' dir='ltr'>virga</span> <span class='ocrx_word' id='word_1_1126' title='bbox 3013 5357 3209 5419; x_wconf 77' lang='lat' dir='ltr'>ferrea,</span> <span class='ocrx_word' id='word_1_1127' title='bbox 3232 5362 3280 5406; x_wconf 84' lang='lat' dir='ltr'>et</span> <span class='ocrx_word' id='word_1_1128' title='bbox 3303 5363 3572 5422; x_wconf 82' lang='lat' dir='ltr'>tanquam</span> <span class='ocrx_word' id='word_1_1129' title='bbox 3595 5374 3688 5407; x_wconf 85' lang='lat' dir='ltr'>vas</span> <span class='ocrx_word' id='word_1_1130' title='bbox 3710 5360 3864 5423; x_wconf 75' lang='lat' dir='ltr'>ﬁguli</span> 
     </span>
    </p>
   </div>
   <div class='ocr_carea' id='block_1_147' title="bbox 2268 5427 3859 5495">
    <p class='ocr_par' dir='ltr' id='par_1_147' title="bbox 2268 5427 3859 5495">
     <span class='ocr_line' id='line_1_147' title="bbox 2268 5427 3859 5495; baseline 0.005 -20"><span class='ocrx_word' id='word_1_1131' title='bbox 2268 5428 2577 5493; x_wconf 78' lang='lat' dir='ltr'>confringes</span> <span class='ocrx_word' id='word_1_1132' title='bbox 2604 5445 2704 5480; x_wconf 85' lang='lat' dir='ltr'>eos.</span> <span class='ocrx_word' id='word_1_1133' title='bbox 2747 5430 2901 5489; x_wconf 92' lang='lat' dir='ltr'>Quos</span> <span class='ocrx_word' id='word_1_1134' title='bbox 2919 5429 3043 5491; x_wconf 88' lang='lat' dir='ltr'>jam</span> <span class='ocrx_word' id='word_1_1135' title='bbox 3064 5427 3296 5480; x_wconf 79' lang='lat' dir='ltr'>divinus</span> <span class='ocrx_word' id='word_1_1136' title='bbox 3323 5442 3509 5482; x_wconf 91' lang='lat' dir='ltr'>sermo</span> <span class='ocrx_word' id='word_1_1137' title='bbox 3536 5430 3859 5495; x_wconf 87' lang='lat' dir='ltr'>alloquitur,</span> 
     </span>
    </p>
   </div>
   <div class='ocr_carea' id='block_1_148' title="bbox 2268 5501 2766 5564">
    <p class='ocr_par' dir='ltr' id='par_1_148' title="bbox 2268 5501 2766 5564">
     <span class='ocr_line' id='line_1_148' title="bbox 2268 5501 2766 5564; baseline 0.004 -14"><span class='ocrx_word' id='word_1_1138' title='bbox 2268 5512 2401 5551; x_wconf 91' lang='lat' dir='ltr'>cum</span> <span class='ocrx_word' id='word_1_1139' title='bbox 2422 5501 2724 5564; x_wconf 85' lang='lat' dir='ltr'>subjungit</span> <span class='ocrx_word' id='word_1_1140' title='bbox 2754 5516 2766 5553; x_wconf 90' lang='lat'>:</span> 
     </span>
    </p>
   </div>
   <div class='ocr_carea' id='block_1_149' title="bbox 2329 5572 3859 5640">
    <p class='ocr_par' dir='ltr' id='par_1_149' title="bbox 2329 5572 3859 5640">
     <span class='ocr_line' id='line_1_149' title="bbox 2329 5572 3859 5640; baseline 0.003 -16"><span class='ocrx_word' id='word_1_1141' title='bbox 2329 5572 2378 5625; x_wconf 88' lang='lat'>9.</span> <span class='ocrx_word' id='word_1_1142' title='bbox 2416 5573 2484 5621; x_wconf 85' lang='lat' dir='ltr'>Et</span> <span class='ocrx_word' id='word_1_1143' title='bbox 2506 5589 2668 5635; x_wconf 84' lang='lat' dir='ltr'>nunc,</span> <span class='ocrx_word' id='word_1_1144' title='bbox 2695 5589 2857 5637; x_wconf 75' lang='lat' dir='ltr'>rcges,</span> <span class='ocrx_word' id='word_1_1145' title='bbox 2881 5572 3187 5637; x_wconf 76' lang='lat' dir='ltr'>intelligite:</span> <span class='ocrx_word' id='word_1_1146' title='bbox 3207 5573 3512 5624; x_wconf 76' lang='lat' dir='ltr'>erudimini</span> <span class='ocrx_word' id='word_1_1147' title='bbox 3542 5576 3636 5640; x_wconf 86' lang='lat' dir='ltr'>qui</span> <span class='ocrx_word' id='word_1_1148' title='bbox 3652 5575 3859 5640; x_wconf 79' lang='lat' dir='ltr'>judica-</span> 
     </span>
    </p>
   </div>
   <div class='ocr_carea' id='block_1_150' title="bbox 2266 5643 3857 5715">
    <p class='ocr_par' dir='ltr' id='par_1_150' title="bbox 2266 5643 3857 5715">
     <span class='ocr_line' id='line_1_150' title="bbox 2266 5643 3857 5715; baseline 0.006 -25"><span class='ocrx_word' id='word_1_1149' title='bbox 2266 5643 2333 5691; x_wconf 80' lang='lat' dir='ltr'>tis</span> <span class='ocrx_word' id='word_1_1150' title='bbox 2356 5650 2572 5695; x_wconf 76' lang='lat' dir='ltr'>terram.</span> <span class='ocrx_word' id='word_1_1151' title='bbox 2596 5646 2665 5694; x_wconf 85' lang='lat' dir='ltr'>Et</span> <span class='ocrx_word' id='word_1_1152' title='bbox 2700 5661 2865 5707; x_wconf 76' lang='lat' dir='ltr'>nunc,</span> <span class='ocrx_word' id='word_1_1153' title='bbox 2892 5646 3059 5707; x_wconf 91' lang='lat' dir='ltr'>idest,</span> <span class='ocrx_word' id='word_1_1154' title='bbox 3077 5647 3199 5709; x_wconf 85' lang='lat' dir='ltr'>jam</span> <span class='ocrx_word' id='word_1_1155' title='bbox 3229 5645 3491 5698; x_wconf 89' lang='lat' dir='ltr'>innovati</span> <span class='ocrx_word' id='word_1_1156' title='bbox 3518 5650 3622 5711; x_wconf 74' lang='lat' dir='ltr'>(Eas</span> <span class='ocrx_word' id='word_1_1157' title='bbox 3644 5650 3857 5715; x_wconf 81' lang='lat' dir='ltr'>Augus—</span> 
     </span>
    </p>
   </div>
   <div class='ocr_carea' id='block_1_151' title="bbox 2267 5715 3854 5782">
    <p class='ocr_par' dir='ltr' id='par_1_151' title="bbox 2267 5715 3854 5782">
     <span class='ocr_line' id='line_1_151' title="bbox 2267 5715 3854 5782; baseline 0.008 -19"><span class='ocrx_word' id='word_1_1158' title='bbox 2267 5715 2417 5778; x_wconf 86' lang='lat' dir='ltr'>tino),</span> <span class='ocrx_word' id='word_1_1159' title='bbox 2441 5716 2563 5779; x_wconf 88' lang='lat' dir='ltr'>jam</span> <span class='ocrx_word' id='word_1_1160' title='bbox 2588 5718 2848 5770; x_wconf 89' lang='lat' dir='ltr'>contritis</span> <span class='ocrx_word' id='word_1_1161' title='bbox 2870 5717 3042 5769; x_wconf 88' lang='lat' dir='ltr'>luteis</span> <span class='ocrx_word' id='word_1_1162' title='bbox 3055 5718 3399 5782; x_wconf 86' lang='lat' dir='ltr'>tegumentis</span> <span class='ocrx_word' id='word_1_1163' title='bbox 3418 5719 3746 5772; x_wconf 85' lang='lat' dir='ltr'>carnalibus</span> <span class='ocrx_word' id='word_1_1164' title='bbox 3761 5735 3854 5775; x_wconf 86' lang='lat' dir='ltr'>va-</span> 
     </span>
    </p>
   </div>
   <div class='ocr_carea' id='block_1_152' title="bbox 2266 5787 3853 5856">
    <p class='ocr_par' dir='ltr' id='par_1_152' title="bbox 2266 5787 3853 5856">
     <span class='ocr_line' id='line_1_152' title="bbox 2266 5787 3853 5856; baseline 0.004 -19"><span class='ocrx_word' id='word_1_1165' title='bbox 2266 5787 2348 5837; x_wconf 90' lang='lat' dir='ltr'>sis</span> <span class='ocrx_word' id='word_1_1166' title='bbox 2372 5789 2595 5854; x_wconf 88' lang='lat' dir='ltr'>erroris,</span> <span class='ocrx_word' id='word_1_1167' title='bbox 2620 5802 2749 5855; x_wconf 85' lang='lat' dir='ltr'>quae</span> <span class='ocrx_word' id='word_1_1168' title='bbox 2769 5790 2843 5842; x_wconf 89' lang='lat' dir='ltr'>ad</span> <span class='ocrx_word' id='word_1_1169' title='bbox 2863 5790 3151 5842; x_wconf 89' lang='lat' dir='ltr'>carnalem</span> <span class='ocrx_word' id='word_1_1170' title='bbox 3174 5790 3357 5842; x_wconf 85' lang='lat' dir='ltr'>vitam</span> <span class='ocrx_word' id='word_1_1171' title='bbox 3380 5792 3695 5856; x_wconf 88' lang='lat' dir='ltr'>pertinent:</span> <span class='ocrx_word' id='word_1_1172' title='bbox 3713 5810 3853 5844; x_wconf 76' lang='lat' dir='ltr'>nunc</span> 
     </span>
    </p>
   </div>
   <div class='ocr_carea' id='block_1_153' title="bbox 2263 5858 3858 5929">
    <p class='ocr_par' dir='ltr' id='par_1_153' title="bbox 2263 5858 3858 5929">
     <span class='ocr_line' id='line_1_153' title="bbox 2263 5858 3858 5929; baseline 0.006 -22"><span class='ocrx_word' id='word_1_1173' title='bbox 2263 5858 2539 5925; x_wconf 75' lang='lat' dir='ltr'>intelligitc</span> <span class='ocrx_word' id='word_1_1174' title='bbox 2558 5864 2682 5927; x_wconf 87' lang='lat' dir='ltr'>jam</span> <span class='ocrx_word' id='word_1_1175' title='bbox 2709 5876 2894 5928; x_wconf 86' lang='lat' dir='ltr'>reges,</span> <span class='ocrx_word' id='word_1_1176' title='bbox 2918 5863 2977 5916; x_wconf 91' lang='lat' dir='ltr'>id</span> <span class='ocrx_word' id='word_1_1177' title='bbox 3001 5866 3091 5915; x_wconf 87' lang='lat' dir='ltr'>est</span> <span class='ocrx_word' id='word_1_1178' title='bbox 3113 5864 3370 5917; x_wconf 88' lang='lat' dir='ltr'>valentes</span> <span class='ocrx_word' id='word_1_1179' title='bbox 3400 5877 3598 5929; x_wconf 86' lang='lat' dir='ltr'>regere</span> <span class='ocrx_word' id='word_1_1180' title='bbox 3623 5870 3858 5929; x_wconf 83' lang='lat' dir='ltr'>quicquid</span> 
     </span>
    </p>
   </div>
   <div class='ocr_carea' id='block_1_154' title="bbox 2264 5933 3854 6002">
    <p class='ocr_par' dir='ltr' id='par_1_154' title="bbox 2264 5933 3854 6002">
     <span class='ocr_line' id='line_1_154' title="bbox 2264 5933 3854 6002; baseline 0.003 -15"><span class='ocrx_word' id='word_1_1181' title='bbox 2264 5933 2429 5988; x_wconf 86' lang='lat' dir='ltr'>vobis</span> <span class='ocrx_word' id='word_1_1182' title='bbox 2449 5935 2670 6000; x_wconf 87' lang='lat' dir='ltr'>servile,</span> <span class='ocrx_word' id='word_1_1183' title='bbox 2694 5941 2753 5992; x_wconf 86' lang='lat' dir='ltr'>et</span> <span class='ocrx_word' id='word_1_1184' title='bbox 2774 5935 3009 5991; x_wconf 84' lang='lat' dir='ltr'>bestiale</span> <span class='ocrx_word' id='word_1_1185' title='bbox 3030 5939 3150 5991; x_wconf 86' lang='lat' dir='ltr'>est:</span> <span class='ocrx_word' id='word_1_1186' title='bbox 3170 5936 3520 6002; x_wconf 77' lang='lat' dir='ltr'>castigantes</span> <span class='ocrx_word' id='word_1_1187' title='bbox 3542 5944 3736 5992; x_wconf 84' lang='lat' dir='ltr'>vestra</span> <span class='ocrx_word' id='word_1_1188' title='bbox 3748 5953 3854 5995; x_wconf 69' lang='lat' dir='ltr'>cor</span> 
     </span>
    </p>
   </div>
  </div>
