3900 6388
552 367 658 425 sus

1602 348 1871 405 RUFINO
1905 339 2368 399 PRESBYTERO
2400 336 2789 391 ASCRIPTUS

3748 340 3869 394 656

554 483 688 537 bolo
718 482 774 533 et
795 476 1016 543 angelis
1040 476 1164 533 eius
1186 481 1282 535 ρει·
1303 467 1510 520 ῐιοκίδε
1535 462 1959 543 δυεὲθὲίίρηθδν
1978 457 2146 543 ‘iEdS'.
2165 460 2227 531 A
2250 447 3871 543 ΡὲθέδτθὶλθὶξἮθὲἓὲξῖάῗές,Ρὶθέῗὲῗμξῖθῖδῗῖῗῖἓῖῗλδε

558 526 906 619 glacialis?"
920 526 1312 619 operantibus,
1377 526 1679 619 verissime

556 601 976 677 dicentttnimw.
1002 630 1145 678 mese,
1195 601 1323 661 Non
1363 612 1434 657 est
1457 606 1606 655 salus
1650 604 1754 668 ipsi
1799 602 1862 649 in
1885 601 1991 650 Deo
2015 601 2147 678 ejus.

559 673 669 749 Sed
681 691 946 757 quisquis
963 700 1071 740 nos
1083 673 1452 757 adversarius
1461 678 1769 757 oppugnet,
1783 673 2151 757 quaequesi?

558 743 772 820 hui—aiio
782 743 998 826 gravet,
1013 766 1241 819 semper
1251 748 1563 803 dicendum
1574 751 1680 805 est,
1697 743 2146 826 quodsequitur:

694 814 771 884 Tu
783 814 972 881 autem
988 814 1243 889 Domine,
1265 825 1535 884 susceptor
1555 832 1702 866 meus
1736 831 1786 891 es
1808 814 1982 878 gloria
2010 826 2149 891 mea,

556 883 852 959 cteraane
871 904 1039 966 caput
1062 883 1262 947 meum.
1280 883 1492 966 Capitis
1507 891 1742 966 nomine
1763 887 1823 937 in
1847 883 2150 966 sacroelot

557 954 903 1045 qui'ommens
932 954 1080 1025 solet
1130 954 1379 1045 intelligi
1399 965 1578 1027 (Joan.

557 1027 712 1103 Enim
726 1027 763 1099 a
776 1027 962 1110 capite
972 1040 1252 1102 membra,
1279 1027 1586 1110 sicsensus
1605 1044 1641 1084 a
1660 1035 1855 1110 mente
1876 1027 2155 1110 reguntur

563 1094 1011 1181 ﬁEih‘Séiha
1059 1094 1292 1181 bonitas
1334 1107 1577 1181 libenter
1621 1100 2056 1181 suscipittquos

557 1204 732 1246 suum
753 1173 1104 1253 adiutorium
1113 1179 1408 1234 humiliter
1426 1176 1739 1253 confugere
1759 1173 1942 1253 cernit
1955 1185 1968 1220 :
1981 1173 2051 1253 ‘et
2066 1179 2155 1253 ca-

555 1240 897 1331 put—idest,
920 1261 1175 1331 mentem
1186 1261 1385 1331 eorum
1409 1249 1563 1330 dono
1587 1258 1711 1331 sum
1727 1240 2153 1331 gratiashelevat,

560 1315 710 1401 quos
720 1345 842 1385 non
856 1315 918 1382 in
931 1328 1043 1401 hoc
1054 1324 1267 1401 seculo,
1282 1333 1405 1401 non.
1414 1321 1475 1371 in
1488 1319 1692 1401 seipsis
1705 1352 1715 1371 ,
1727 1315 1830 1401 sed
1840 1315 2154 1401 inDornino

559 1385 680 1460 Deo
696 1416 802 1456 suo
819 1399 1046 1467 gloriari
1057 1398 1320 1470 delectat.
1333 1389 1813 1470 Vlline-Appstolus
1830 1398 1938 1470 nos
1954 1385 2156 1470 admo:

558 1458 679 1542 net,
723 1458 950 1528 dicens:
1003 1470 1118 1542 Qui
1142 1467 1437 1542 gloriatur,
1489 1466 1552 1542 in
1582 1460 1825 1542 Domino
1875 1458 2158 1542 glorietur

559 1531 761 1615 (1.6072
781 1546 846 1610 1;
870 1543 921 1598 2.
951 1531 1071 1615 Cor.
1092 1540 1242 1615 1Q.)._
1258 1537 1314 1588 Si
1343 1540 1407 1615 tu
1422 1535 1577 1615 enim
1600 1532 1857 1615 gloriaris
1879 1531 2159 1615 inADomi-ﬂ-

558 1600 655 1686 no,
679 1600 845 1671 Deus,
863 1600 1304 1686 gloriaturinte.
1340 1607 1399 1659 Si
1426 1611 1507 1686 _tu
1529 1616 1652 1657 non
1679 1609 1858 1686 tuam,
1881 1685 1884 1686 ν
1905 1600 2014 1686 sed
2031 1600 2079 1686 ej
2089 1611 2158 1686 us

558 1672 799 1756 gloriam
821 1672 1038 1751 quieris
1073 1674 1761 1756 ipsetqumritquomolo
1784 1679 1842 1725 te
1854 1672 2080 1756 exedet
2102 1674 2161 1722 et

559 1746 1039 1828 amnica—(Marc.
1066 1746 1197 1828 23_;_
1227 1752 1355 1828 Luc.
1382 1747 1678 1828 18.).‘Irlinc
1701 1746 1894 1828 Sancti
1916 1746 2160 1828 Patriar:

561 1814 689 1886 chao
711 1836 770 1883 et
792 1814 1120 1910 Prophetas,
1144 1814 1279 1903 hinc
1300 1819 1559 1910 Apost‘oli
1575 1825 1648 1910 ‘et
1662 1817 1858 1910 caeleri
1873 1817 2020 1896 justi
2047 1814 2155 1865 viri
2179 1836 2232 1910 B

562 1904 850 1958 aDomino
866 1886 983 1950 Deo
999 1886 1232 1949 exaltati
1248 1896 1306 1943 et
1316 1890 1614 1956 gloriﬁcati
1628 1888 1921 1952 sunt,quia
1933 1886 2154 1948 seipsos

562 1977 625 2029 in
645 1976 756 2027 hoc
782 1970 997 2024 saeculo
1038 1967 1490 2019 contemnentes.
1517 1962 1757 2025 gloriam
1782 1958 2163 2019 Domini,non

565 2059 730 2101 suam
750 2042 1105 2109 quaesierunt
1151 2038 1332 2101 (Joan.
1368 2034 1461 2097 1.).
1498 2035 1604 2084 Vel
1628 2033 1738 2084 hoc
1756 2029 2161 2109 quoddicitur,

574 2120 653 2170 Tu
667 2105 848 2167 autEm
890 2111 1140 2173 Domine,
1184 2112 1454 2171 susceptor
1475 2119 1624 2153 meus
1652 2119 1722 2167 es,
1753 2107 1809 2153 et
1824 2105 2050 2164 caetera,
2069 2114 2164 2173 se-

566 2189 827 2243 cundum
848 2172 1143 2237 hominem
1154 2179 1365 2231 dicitur
1382 2186 1400 2206 ·
1430 2194 1443 2227 :
1461 2176 1596 2239 quia
1610 2174 1861 2226 hominis
1875 2172 2164 2236 susceptio

566 2267 658 2315 est
679 2259 935 2311 Verbum
951 2266 1080 2305 caro
1096 2251 1332 2303 factum.
1346 2247 1593 2300 Gloriam
1606 2258 1832 2309 quoque
1845 2257 2011 2296 suam
2031 2243 2166 2295 dicit

567 2330 800 2385 Domini
823 2329 997 2380 etiam
1018 2324 1131 2388 ille,
1163 2333 1335 2386 quem
1361 2319 1443 2370 sic
1488 2316 1744 2381 suscepit
1766 2317 1870 2367 Dei
1894 2318 2164 2380 Verbum,

568 2410 637 2457 ut
664 2399 866 2455 similis
889 2410 1023 2450 cum
1046 2394 1143 2446 illo
1167 2396 1328 2444 lleret
1352 2393 1508 2443 Deus
1525 2391 1609 2440 Ex
1646 2390 1755 2439 hac
1770 2388 1970 2452 regula
1987 2390 2168 2440 intro-

569 2475 856 2537 ducimur,
880 2482 955 2522 ne
979 2468 1112 2532 quis
1133 2465 1243 2516 sibi
1277 2464 1348 2514 de
1372 2474 1433 2513 se
1444 2460 1731 2537 glorietur.
1758 2462 1941 2537 Caput
1975 2465 2169 2537 autem

571 2547 834 2599 Christus
845 2532 918 2593 in
945 2538 1210 2604 passione
1233 2546 1339 2586 sua
1367 2532 1686 2604 exaltatum
1707 2532 1926 2604 habuit,
1952 2532 2087 2595 quia
2107 2533 2171 2584 in

574 2620 735 2671 tanta
751 2602 1040 2681 passionis
1053 2605 1395 2669 humilitate,
1417 2603 1630 2656 mentis
1646 2602 2037 2656 fortitudinem
2051 2617 2171 2657 non

691 2687 784 2738 sit.

571 2688 850 2814 agsgoce
871 2752 1075 2816 inquit,
1093 2764 1214 2799 mea
1236 2746 1309 2798 ad
1343 2746 1641 2796 Dominum
1663 2744 1913 2811 clamavi,
1939 2750 1985 2795 et
2007 2762 2169 2798 cacata-

577 2831 708 2883 divit
731 2843 813 2879 me
836 2827 899 2877 de
920 2829 1099 2874 monte
1118 2826 1302 2870 sancto
1324 2833 1439 2867 suo.
1467 2818 1618 2868 Voce
1636 2830 1743 2868 sua
1764 2817 1838 2868 ad
1863 2818 2171 2871 Dominum

580 2904 848 2963 clamare,
874 2900 963 2950 est
989 2896 1209 2946 intente
1230 2890 1543 2943 Dominum
1565 2888 1872 2952 deprecari.
1889 2891 2040 2963 Voce
2065 2904 2172 2944 sua

588 2977 797 3029 clamat
837 2961 971 3022 cum
1014 2965 1280 3030 quisquis
1299 2964 1378 3014 ita
1399 2962 1618 3012 intente
1651 2965 1793 3022 orat,
1812 2961 1966 3024 quod
1992 2975 2170 3015 sonus

588 3046 746 3101 vocis
768 3045 840 3096 ab
868 3038 1181 3093 intentione
1192 3034 1377 3088 cordis
1386 3044 1504 3084 non
1527 3032 1831 3096 discrepat.
1847 3033 1996 3085 Hinc
2011 3046 2172 3098 egre-

577 3120 709 3184 gius
729 3116 929 3168 doctor
943 3112 1040 3174 ait,
1058 3107 1298 3184 Psalmis
1315 3109 1373 3157 et
1387 3103 1707 3184 hymnis‘cu
1714 3104 1964 3184 mnoratis
1977 3106 2174 3184 Domi-

580 3174 745 3251 num,
768 3188 879 3239 hoc
903 3184 1168 3236 versetur
1190 3179 1251 3229 in
1269 3176 1460 3251 corde,
1488 3174 1643 3251 quod
1657 3174 1943 3251 profertur
1972 3176 2034 3227 in
2056 3189 2169 3228 ore.

532 3294 537 3299 ι
577 3266 649 3315 Et
665 3245 975 3325 Apostolus
986 3254 1143 3325 dicit,
1156 3249 1402 3325 Psallam
1418 3245 1889 3325 spiritq.ps._allam
1904 3251 1963 3299 et
1984 3251 2176 3300 mente

579 3334 631 3398 (1
646 3369 659 3384 .
694 3318 822 3382 Cor.
843 3326 964 3391 14.).
994 3324 1161 3376 Tales
1184 3322 1428 3398 libenter
1441 3318 2002 3398 exauditDominus,
2028 3333 2174 3398 quos

580 3389 797 3459 scilicet
817 3401 897 3452 ita
911 3389 1159 3450 Clamare
1181 3390 1490 3455 conspicit:
1517 3389 1671 3440 unde
1694 3390 2063 3455 benedicitur,
2105 3392 2176 3441 Et

580 3473 861 3527 exaudivit
883 3484 967 3519 me
996 3468 1059 3517 de
1093 3470 1270 3515 monte
1300 3467 1489 3512 sancto
1517 3475 1634 3522 suo,
1664 3460 1718 3511 id
1754 3464 1860 3523 est,
1887 3463 1959 3513 de
1981 3463 2176 3514 altitu-

581 3547 716 3599 dine
734 3542 980 3608 justitim
1005 3550 1151 3589 suae.
1175 3534 1443 3608 Legimus
1463 3532 1636 3608 enim,
1660 3533 1689 3582 J
1698 3532 1903 3608 ustitia
1913 3537 2013 3608 tua
2029 3534 2178 3587 sicut

582 3603 810 3671 montes
829 3614 932 3666 Dei
957 3608 1210 3677 (Isa.3li.).
1248 3608 1317 3659 Et
1340 3606 1567 3669 justum
1589 3603 1672 3677 sic
1695 3607 1815 3655 erat
1842 3605 1945 3668 (Eae
1964 3606 2177 3670 Augus.

584 3690 714 3753 tino)
742 3693 808 3740 ut
854 3676 1221 3737 innocentem
1256 3677 1535 3753 pccisum,
1587 3676 1695 3753 cui
1722 3677 1998 3753 retributa
2041 3683 2179 3731 sunt

583 3748 737 3814 mala
758 3771 861 3824 pro
894 3755 1063 3808 nobis
1103 3755 1221 3816 (lsa.
1251 3748 1380 3814 34.),
1405 3760 1441 3799 a
1485 3749 1732 3824 mortuis
1771 3750 2095 3824 suscitaret,
2122 3756 2179 3803 et

584 3820 779 3899 digna
821 3825 1303 3896 persequentibus
1365 3820 1702 3899 retribueret
1775 3821 2012 3899 (91.3.).
2061 3824 2178 3899 Nos

585 3893 841 3972 quoque
868 3903 939 3953 de
991 3901 1190 3950 monte
1244 3898 1596 3972 sanctohsuo
1644 3893 1896 3972 exaudit,
1920 3895 2179 3972 _quando

584 3966 783 4046 preces
815 3979 1065 4046 nostras,
1094 3982 1210 4046 non
1232 3980 1307 4020 ex
1328 3966 1547 4046 meritis
1573 3966 1943 4046 nos_tris,_sed
1975 3979 2049 4018 ex
2074 3980 2182 4020 sua

586 4038 789 4106 sancta
802 4042 1195 4100 misericordia
1206 4039 1598 4104 suscipit.Non
1610 4038 1765 4089 enim
1780 4038 1940 4103 digni
1956 4052 2177 4105 sumus,

584 4129 653 4177 ut
675 4121 999 4180 audiamur,
1046 4114 1151 4167 sed
1191 4114 1317 4178 ipse
1372 4111 1694 4162 misericors
1736 4113 1844 4174 est,
1901 4116 1965 4164 ut
1997 4124 2178 4164 exau-

587 4195 708 4248 diat
740 4193 813 4254 (1.
872 4191 1012 4240 Tim.
1066 4186 1160 4250 2.).
1205 4186 1352 4236 Hinc
1386 4183 1673 4254 estquod
1718 4196 1820 4247 per
1840 4184 2181 4247 Apostolum

597 4253 916 4335 |7dicitur.
954 4261 1083 4335 Non
1133 4270 1206 4308 ex
1238 4253 1775 4335 operibusjustitiaa
1799 4256 2179 4335 quaafecimus

586 4326 822 4398 nos,sed
835 4332 1159 4386 secundum
1174 4326 1621 4380 misericordiam
1634 4340 1798 4379 suam
1813 4330 1978 4377 salvos
2001 4342 2088 4377 ncs
2113 4331 2180 4377 fe-

589 4411 695 4471 cit(
710 4409 808 4458 Tit.
827 4404 917 4468 3.).
933 4403 1083 4456 Dicit
1099 4405 1293 4452 autem
1303 4398 1425 4462 ipse
1438 4410 1536 4462 per
1547 4410 1719 4462 quem
1736 4399 1943 4451 salvati
1956 4413 2184 4465 sumus,

589 4483 703 4547 Ego
718 4477 973 4541 dormivi,
999 4480 1049 4524 et
1075 4476 1525 4547 soporatussum,
1550 4475 1594 4518 et
1606 4486 1672 4547 ea:
1684 4472 1894 4547 urrexi,
1919 4471 2053 4534 quia
2071 4474 2179 4523 Do-

588 4541 775 4603 minus
806 4547 1033 4612 suscepit
1054 4559 1153 4594 me.
1178 4541 1458 4595 Dormitio
1480 4541 1794 4606 morientis,
1819 4554 2058 4594 somnus
2076 4557 2184 4596 au-

592 4631 709 4679 tem
724 4620 935 4675 mortui
952 4618 1132 4682 accipi
1147 4620 1334 4681 potest
1351 4632 1362 4664 :
1378 4618 1443 4667 ut
1457 4614 1723 4667 dormitio
1746 4614 1839 4677 sit,
1857 4626 1971 4677 qua
2004 4620 2185 4672 trans-

590 4698 707 4750 itur
727 4694 802 4747 ad
816 4702 1106 4752 somnum,
1120 4688 1300 4741 veluti
1315 4686 1748 4752 expergefactio,
1763 4698 1880 4749 qua
1904 4692 2184 4747 transitur

592 4763 1120 4830 adevigilationem.
1147 4762 1300 4812 Bene
1327 4757 1769 4830 ergoaccipitur:
1791 4758 1906 4823 Ego
1955 4760 2191 4816 dormivi

592 4845 639 4891 et
663 4829 946 4903 soporatus
964 4848 1103 4884 sum.
1129 4835 1247 4898 Ego
1270 4844 1364 4883 me
1391 4829 1645 4903 passioni
1668 4829 2012 4903 permissi,et
2032 4848 2190 4890 mors

594 4900 907 4965 consecuta
941 4910 1047 4959 est.
1081 4905 1187 4957 Vel
1209 4909 1350 4956 tunc
1365 4900 1931 4963 dormivitChristus.
1957 4910 2191 4968 quando

596 4981 1105 5046 susceptamortea
1128 4972 1432 5052 temporali
1454 4972 1646 5052 dolore
1665 4973 1898 5052 quievit.
1914 4976 2075 5030 Tunc
2099 4994 2193 5032 so-

593 5043 829 5123 poratus
844 5053 952 5113 est,
968 5048 1203 5123 quando
1228 5045 1322 5098 die
1345 5043 1525 5123 altera
1539 5043 1599 5093 in
1616 5043 1910 5123 sepultura
1920 5058 2191 5123 moratus

594 5114 686 5182 est
714 5138 729 5190 ;
753 5124 845 5177 die
858 5135 996 5177 vero
1023 5121 1188 5174 tertia
1217 5131 1252 5170 a
1284 5114 1528 5190 mortuis
1548 5117 1865 5190 resurrexit
1892 5118 2035 5183 (Luc.
2062 5121 2188 5189 24.).

592 5188 755 5255 Unde
774 5198 868 5249 hic
878 5196 976 5261 ait,
994 5194 1059 5245 Et
1082 5190 1383 5250 exsurrexi,
1407 5188 1543 5252 quia
1564 5189 1830 5240 Dominus
1843 5196 2067 5258 suscepit
2089 5212 2189 5251 me.

597 5280 851 5338 Surgens
874 5269 1028 5321 enim
1051 5279 1087 5318 a
1118 5261 1382 5338 mortuis,
1427 5262 1494 5338 in
1512 5261 1691 5325 gloria
1724 5264 1824 5338 Dei
1863 5265 2042 5338 Patris
2070 5282 2193 5321 sus.

595 5332 798 5407 ceptus
821 5345 930 5394 est.
955 5338 1262 5402 Velpotest
1296 5334 1406 5386 hoc
1441 5332 1627 5386 dicere
1650 5336 1914 5399 quisquis
1939 5338 2191 5392 ﬁdelium

595 5416 856 5468 recolens
879 5413 1123 5464 mortem
1142 5410 1515 5472 peccatorum
1528 5419 1787 5473 suorum,
1807 5412 1864 5460 et
1880 5408 2096 5462 donum
2109 5425 2191 5465 re-

596 5484 1002 5554 generationis,
1028 5481 1142 5544 Ego
1166 5478 1421 5542 dormivi,
1447 5482 1505 5530 et
1528 5481 1753 5554 caetera.
1799 5482 2192 5536 Dormivimus

599 5552 771 5623 enim,
789 5568 926 5610 cum
948 5567 983 5606 a
1004 5554 1155 5604 bono
1198 5564 1363 5623 opere
1399 5552 1745 5615 torpuimus:
1773 5565 1905 5603 cum
1926 5554 2195 5607 innostra

598 5622 880 5698 pravitate
897 5622 1309 5679 delectabiliter
1319 5623 1611 5687 jacuimus
1639 5637 1755 5672 cum
1766 5625 1913 5672 dulce
1924 5632 2029 5674 erat
2044 5628 2191 5678 nobis

661 5785 680 5806 ·
704 5738 1032 5838 Supplenda
1052 5781 1127 5823 ex
1140 5769 1388 5834 August.
1413 5779 1531 5820 vox
1552 5766 1658 5817 Deo
1688 5765 1944 5832 videtur;
1972 5772 2100 5823 tum
2121 5771 2194 5826 le-

596 5841 1123 5970 ἥῗέιιὲὲαὶιξιὲὺπαι
1135 5854 1262 5892 cum
1283 5853 1341 5890 eo
1364 5838 1503 5889 Deus
1524 5839 1688 5901 fieret,
1718 5851 1822 5905 pro
1843 5839 2040 5892 similis
2063 5858 2192 5894 cum

598 5924 621 5957 ι
814 5920 840 5955 e
863 5941 879 5968 ,
990 5941 1005 5957 .

598 5920 693 5959 suo
713 5920 879 5968 fieret,
896 5920 1005 5958 etc.

2249 526 2320 574 ab
2345 524 2453 573 hoc
2477 532 2682 572 somno
2702 519 2906 571 mortis
2926 519 3225 571 vivilicans
3235 522 3420 583 gratia
3440 534 3551 573 nos
3575 522 3871 587 evigilare

2250 594 2397 657 fecit,
2412 605 2543 644 cum
2567 591 2717 642 mala
2738 590 3018 643 nostraad
3042 594 3374 643 memoriam
3402 594 3676 645 reduxit:
3727 609 3875 647 cum

2251 665 2619 717 dulcedinem
2636 666 2999 727 peccatorum
3033 663 3093 714 in
3110 665 3562 717 amaritudinem
3605 668 3783 719 vertit
3802 673 3875 719 et

2250 739 2499 789 mentem
2512 740 2772 786 nostram
2794 734 2865 785 ad
2888 734 3141 787 lamenta
3175 737 3535 799 paenitentia
3559 738 3871 801 formavit,

2251 821 2478 871 nosque
2490 809 2551 858 in
2565 808 2727 859 vitiis
2753 812 3064 871 torpentes,
3089 807 3163 858 ad
3180 810 3329 860 bona
3347 822 3524 873 opera
3541 810 3831 862 excitavit
3845 848 3862 859 .

2252 879 2479 931 Domini
2500 882 2693 931 autem
2735 879 2917 942 gratia
2961 881 3417 941 commendatur,
3460 894 3598 933 cum
3630 882 3869 937 dicitur,

2254 952 2504 1015 Surremi,
2531 951 2668 1015 quia
2688 951 2956 1000 Dominus
2979 953 3205 1016 suscepit
3241 967 3339 1001 me.
3397 954 3520 1004 Nisi
3546 954 3716 1005 enim
3740 956 3877 1017 ejus

2253 1023 2438 1088 gratia
2459 1023 2997 1086 susciperet,anima
3012 1028 3212 1075 nostra
3233 1036 3268 1074 a
3290 1028 3478 1076 morte
3494 1025 3735 1090 peccati
3761 1026 3881 1075 mi—

2252 1095 2406 1146 nime
2420 1094 2784 1146 surrexisset.
2821 1094 2932 1145 Sed
2948 1096 3083 1158 quia
3105 1094 3367 1158 quisquis
3396 1109 3431 1148 a
3451 1098 3716 1148 Domino
3741 1110 3882 1148 sus-

2255 1167 2481 1230 citatur,
2497 1166 2581 1219 for
2593 1165 2666 1218 tis
2682 1170 2881 1218 contra
2892 1178 3154 1231 quosque
3179 1166 3545 1221 adversarios
3567 1168 3847 1221 redditur
3864 1184 3880 1227 ;

2254 1243 2407 1291 recte
2458 1238 2740 1290 subditur.

2318 1310 2368 1364 7.
2397 1311 2517 1360 Non
2545 1310 2732 1359 timebo
2757 1310 2936 1360 millia
2969 1309 3159 1375 populi
3194 1312 3589 1364 circumdantis
3611 1328 3731 1367 nte.
3759 1315 3881 1364 Ex-

2255 1395 2431 1447 surge,
2450 1383 2678 1432 Domine
2691 1382 2902 1431 salvum
2916 1398 2998 1431 me
3011 1384 3099 1446 fac
3115 1384 3254 1432 Deus
3277 1399 3441 1436 meus.
3470 1388 3773 1452 Exsurge,
3816 1386 3879 1436 id

2259 1459 2366 1517 est,
2402 1455 2489 1505 fac
2520 1467 2614 1506 me
2638 1466 2968 1518 exsurgere.
2997 1457 3120 1508 Mos
3144 1461 3232 1507 est
3252 1456 3582 1509 divinarum
3606 1460 3883 1522 Scriptu-

2256 1538 2450 1579 rarum
2475 1526 2581 1589 (Ea:
2603 1526 2924 1589 Augustino)
2952 1539 3213 1590 personae
3246 1528 3345 1579 Dei
3367 1530 3693 1581 attribuere
3719 1530 3881 1593 quod

2257 1599 2318 1651 in
2337 1598 2503 1649 nobis
2526 1602 2810 1660 operatur.
2827 1597 2988 1648 Unde
3002 1597 3143 1648 illud
3167 1604 3273 1663 est,
3291 1602 3381 1650 An
3396 1602 3883 1665 experimentum

2265 1670 2526 1733 quaeritis
2557 1668 2682 1732 ejus
2707 1668 2804 1731 qui
2838 1669 2897 1718 in
2934 1681 3026 1720 me
3060 1668 3314 1732 loquitur
3335 1671 3601 1723 Christus
3643 1672 3717 1737 (2.
3752 1674 3881 1723 Cor.

2262 1741 2388 1805 13.).
2416 1743 2544 1792 Non
2562 1740 2717 1791 enim
2732 1741 2830 1803 ait,
2850 1743 2973 1802 Quo
2988 1742 3232 1803 jubente
3261 1744 3496 1806 loquor:
3523 1745 3625 1795 sed
3660 1761 3883 1806 prorsus

2260 1813 2446 1877 ipsam
2479 1813 2827 1864 locutionem
2858 1812 2937 1862 illi
2963 1812 3179 1876 tribuit,
3204 1815 3369 1877 cujus
3392 1828 3636 1867 munere
3663 1818 3882 1879 loquw

2261 1887 2447 1937 batur.
2463 1885 2607 1946 Quia
2630 1896 2765 1935 vero
2780 1883 3133 1935 millenarius
3149 1897 3426 1937 numerus
3451 1889 3753 1950 perfectus
3767 1895 3882 1951 est,

2262 1969 2363 2020 per
2376 1955 2552 2007 millia
2566 1954 2761 2019 populi
2779 1957 3046 2007 universa
3060 1968 3369 2020 pravorum
3386 1959 3711 2011 multitudo
3728 1960 3886 2010 desi-

2262 2034 2491 2095 gnatur.
2530 2030 2585 2078 Is
2622 2040 2758 2091 ergo
2788 2040 2962 2090 quem
2987 2028 3266 2079 Dominus
3296 2033 3541 2081 suscitat
3567 2036 3627 2082 et
3655 2032 3878 2093 salvat,

2263 2102 2442 2153 millia
2456 2097 2649 2164 populi
2666 2113 2785 2151 non
2806 2100 3097 2151 formidat:
3129 2102 3263 2163 quia
3294 2106 3455 2153 tanto
3473 2115 3714 2155 omnem
3752 2116 3889 2154 ma-

2260 2172 2447 2225 lorum
2468 2172 2899 2223 multitudinem
2915 2184 3032 2223 non
3054 2172 3234 2234 timet,
3254 2179 3470 2236 quanto
3485 2187 3675 2226 unum
3692 2176 3891 2226 omni-

2266 2247 2557 2310 potentem
2594 2244 2778 2294 Deum
2802 2248 3179 2307 protectorem
3212 2244 3400 2297 habet.
3435 2247 3536 2298 Vel
3562 2247 3613 2297 si
3637 2259 3721 2298 ex
3746 2260 3887 2311 per-

2270 2328 2413 2367 sona
2440 2314 2670 2366 Domini
2690 2313 2979 2377 loquentis
3015 2315 3290 2379 accipitur
3332 2317 3484 2380 quod
3508 2318 3741 2369 dictum
3762 2325 3883 2381 est,

2267 2388 2393 2438 Non
2415 2385 2602 2436 timebo
2630 2386 2809 2434 millia
2850 2385 3042 2450 populi
3078 2386 3465 2437 circumdantis
3486 2403 3570 2437 me
3594 2404 3607 2439 :
3636 2395 3884 2441 constat

2271 2459 2405 2522 quia
2439 2458 2805 2510 adversarios
2844 2470 2983 2508 suos
3024 2458 3145 2521 jam
3180 2472 3299 2510 non
3321 2460 3500 2525 timet,
3527 2461 3664 2524 quia
3684 2463 3764 2513 ab
3790 2465 3881 2512 eis

2270 2529 2640 2594 corporaliter
2685 2529 2937 2581 tribulari
2968 2541 3084 2581 non
3124 2531 3294 2582 valet.
3329 2532 3588 2584 Christus
3612 2534 3776 2585 enim
3800 2547 3885 2584 re-

2273 2614 2515 2666 surgens
2539 2615 2611 2653 ex
2632 2601 2892 2664 mortuis,
2901 2601 3024 2665 jom
3045 2614 3164 2653 non
3186 2605 3445 2664 moritur,
3461 2617 3621 2657 mors
3638 2606 3728 2657 illi
3744 2611 3883 2657 ultra

2268 2687 2388 2726 non
2437 2673 2826 2724 dominabitur
2871 2674 3040 2735 (Rom.
3067 2672 3156 2737 6.).
3183 2677 3253 2726 Et
3274 2687 3340 2727 eo
3364 2677 3472 2727 sub
3501 2689 3564 2729 se
3601 2677 3882 2732 inimicos

2272 2758 2409 2797 suos
2431 2745 2606 2797 habet
2638 2744 2801 2805 (Psal.
2837 2743 2997 2808 109.).
3025 2757 3138 2809 quo
3161 2746 3234 2797 ad
3270 2747 3563 2800 dexteram
3592 2751 3687 2802 Dei
3714 2756 3882 2801 Patris

2272 2818 2495 2869 sedenti
2540 2821 2597 2869 et
2638 2817 2845 2868 tradita
2885 2822 2975 2868 est
3001 2822 3258 2881 potestas
3284 2820 3343 2871 in
3366 2820 3506 2873 caelo
3537 2824 3593 2873 et
3628 2823 3691 2874 in
3725 2830 3884 2877 terra

2274 2890 2481 2954 (Matth.
2508 2888 2636 2953 28.).
2661 2892 2843 2949 Quare
2866 2894 3063 2942 autem
3104 2903 3222 2942 non
3263 2892 3475 2958 timeat,
3500 2894 3695 2947 reddit
3730 2909 3879 2949 cau-

2273 2973 2417 3023 sam,
2444 2974 2579 3011 cum
2612 2960 2932 3023 subjungit.

2334 3033 2385 3089 8.
2416 3033 2687 3091 Quoniam
2721 3037 2779 3080 tu
2807 3032 3113 3095 percussisti
3152 3048 3334 3084 omnes
3355 3036 3696 3088 adversantes
3728 3042 3878 3090 mihi

2271 3108 2388 3157 sine
2419 3120 2609 3154 caussa
2633 3105 2807 3153 dentes
2827 3108 3165 3168 peccatorum
3195 3107 3507 3159 contrivisti.
3535 3111 3677 3169 Quis
3700 3111 3875 3175 igno-

2272 3184 2377 3241 rat,
2396 3176 2667 3241 quoniam
2685 3175 2808 3225 sine
2830 3186 3038 3227 caussa
3060 3177 3349 3229 adversati
3366 3184 3504 3231 sunt
3518 3181 3875 3235 Christoini-

2204 3257 2253 3331 ρ
2274 3250 2544 3331 miciejus
2562 3248 2706 3331 (isai.
2737 3245 2865 3331 5.3.).
2883 3249 3196 3331 I‘pseenim
3219 3256 3516 3331 peccatum
3562 3266 3704 3331 non
3720 3256 3871 3331 fecit!

2273 3334 2381 3374 nec
2403 3321 2674 3372 inventus
2698 3322 2789 3369 est
2816 3318 2983 3370 dolus
3015 3320 3078 3370 in
3096 3333 3191 3371 ore
3215 3322 3339 3385 ejus
3376 3324 3440 3387 (1.
3462 3325 3604 3376 Petr.
3632 3324 3731 3390 2.).
3768 3328 3874 3379 Sed

2276 3394 2409 3458 quia
2424 3392 2620 3456 justus
2637 3392 2791 3441 Deus
2809 3394 2865 3441 et
2886 3391 3208 3443 misericors
3233 3398 3323 3444 est
3350 3396 3506 3457 (Psal.
3526 3396 3875 3461 10.),omnes

2274 3464 2634 3518 adversarios
2657 3474 2796 3513 suos
2812 3464 3093 3525 percussit
3113 3464 3286 3526 (PsaI.
3306 3465 3448 3530 110.)
3467 3482 3480 3517 :
3497 3469 3644 3520 alios
3670 3473 3873 3521 ultione

2273 3536 2548 3590 vindictae
2563 3535 2636 3585 ad
2655 3534 3101 3595 damnationem,
3135 3534 3277 3587 alios
3300 3538 3491 3590 dolore
3514 3542 3876 3600 paenitentiae

2272 3610 2346 3661 ad
2371 3603 2755 3680 salutem._|8
2787 3606 2948 3665 Quod
2987 3608 3035 3658 si
3078 3620 3177 3670 per
3207 3608 3585 3664 adversantes
3628 3616 3874 3680 maligni

2278 3680 2513 3745 spiritus
2530 3677 2946 3751 intelliguntur,
2970 3680 3281 3743 velquique
3301 3682 3565 3735 homines
3588 3686 3754 3748 mali,
3778 3677 3873 3751 qui

2277 3752 2448 3803 modo
2473 3749 2784 3801 Ecclesiam
2818 3750 3024 3801 Christi
3056 3758 3482 3815 persequuntur
3503 3755 3590 3807 :hi
3615 3749 3875 3821 profecto

2276 3823 2338 3875 in
2358 3823 2471 3873 ﬁne
2495 3821 2746 3895 saeculis.
2768 3822 3011 3895 Domino
3035 3826 3447 3886 percutiuntur.
3472 3827 3663 3878 Dentes
3684 3846 3876 3895 pecca-

2280 3901 2455 3944 torum
2480 3893 2795 3943 contrivisti.
2820 3894 2924 3944 Per
2945 3893 3150 3946 dentes
3175 3896 3280 3959 (Ea:
3300 3899 3667 3964 Augustino.),
3685 3893 3873 3955 verba

2278 3966 2299 3996 ι’
2322 3964 3059 4037 maledictadesignantur:
3084 3968 3155 4019 de
3180 3968 3391 4031 quibus
3412 3984 3510 4035 per
3531 3975 3875 4037 Apostolum

2280 4039 2517 4090 Paulum
2541 4036 2768 4100 dicitur,
2798 4038 2854 4089 Si
2874 4042 3067 4089 autem
3090 4040 3362 4092 mordetis
3387 4036 3656 4109 invicem,
3685 4047 3876 4098 videte

2278 4122 2351 4161 ne
2372 4110 2446 4161 ab
2467 4109 2712 4161 invicem
2736 4111 3161 4162 consumamini
3198 4113 3386 4176 (Galat.
3414 4113 3504 4178 5.).
3542 4118 3804 4170 Possunt
3827 4126 3879 4170 et

2281 4181 2483 4233 dentes
2499 4180 2679 4244 accipi
2701 4180 2983 4245 principes
3013 4188 3389 4249 peccatorum,
3412 4199 3658 4250 quorum
3684 4196 3878 4243 aucto-

2279 4253 2445 4305 ritate
2469 4251 2717 4325 quisque
2739 4264 2774 4303 a
2797 4254 3067 4306 societate
3090 4260 3242 4307 recte
3276 4257 3597 4311 viventium
3622 4264 3879 4325 praecidi-

2281 4329 2392 4387 tur,
2417 4328 2475 4375 et
2498 4324 2665 4386 quasi
2688 4325 2835 4375 male
2867 4326 3201 4378 viventibus
3222 4324 3629 4393 incorporatur.
3657 4336 3876 4387 Dentes

2280 4407 2416 4460 ergo
2440 4399 2805 4458 peccatorum
2828 4398 3111 4450 Dominus
3135 4402 3394 4465 conterit,
3414 4405 3641 4464 quando
3671 4407 3813 4466 ipsos
3836 4416 3877 4456 et

2283 4468 2457 4539 verba
2478 4479 2679 4539 eorum
2690 4468 2761 4518 ad
2776 4468 3020 4521 nihilum
3031 4470 3252 4534 redigit.
3273 4472 3533 4524 Timeant
3544 4487 3678 4539 ergo
3697 4482 3762 4527 ad
3770 4496 3877 4528 ver-

2286 4538 2418 4590 sarii
2439 4537 2599 4589 mali:
2637 4540 2771 4601 quia
2803 4540 2854 4590 si
2890 4541 2999 4604 ipsi
3033 4541 3250 4605 injuste
3282 4537 3627 4610 percutiunt,
3661 4546 3877 4602 habent

2291 4624 2460 4676 super
2496 4625 2557 4663 se
2579 4614 2910 4677 Dominum,
2936 4628 2969 4665 a
3000 4628 3114 4678 quo
3133 4616 3291 4679 juste
3327 4620 3753 4681 percutiuntur.
3795 4625 3879 4673 Ti-

2288 4687 2486 4735 meant
2500 4687 2815 4747 potestates
2826 4686 2995 4738 malae
3012 4701 3024 4737 :
3041 4688 3177 4750 quia
3188 4689 3236 4739 si
3251 4689 3392 4753 ipsae
3406 4691 3548 4742 alios
3566 4696 3879 4755 opprimunt,

2288 4755 2505 4806 habent
2536 4768 2704 4820 super
2741 4769 2801 4808 se
2843 4762 3203 4823 potestatem,
3226 4772 3262 4811 a
3304 4773 3421 4825 qua
3459 4764 3879 4827 opprimuntur.

2290 4830 2431 4890 Quae
2455 4832 2649 4879 autem
2672 4841 2803 4892 spes
2826 4834 3025 4882 nostra
3053 4829 3123 4892 (2.
3150 4832 3270 4883 Cor.
3288 4832 3368 4896 4.)
3393 4836 3419 4885 ?

2351 4898 2401 4953 9.
2419 4899 2641 4973 Domini
2667 4900 2884 4965 (inquit)
2910 4908 2981 4951 est
3002 4904 3166 4969 salus,
3191 4910 3237 4954 et
3257 4921 3418 4971 super
3432 4907 3699 4973 populum
3725 4914 3879 4959 tuum

2268 4970 2579 5021 benedictio
2623 4978 2736 5022 tua.
2789 4975 2906 5026 Nos
2940 4974 3173 5037 quidem
3215 4970 3523 5031 inﬁrmi'et
3565 4980 3879 5033 imbecilles

2292 5042 2359 5106 (1.
2390 5043 2508 5094 Cor.
2546 5041 2647 5107 11,)
2668 5055 2862 5097 :nemo
2879 5046 2949 5097 de
2966 5059 3028 5098 se
3042 5055 3376 5112 praesumat,
3396 5051 3666 5113 quoniam
3682 5056 3875 5101 Domini

2290 5119 2380 5189 est
2404 5114 2792 5189 salus,_salvos
2814 5118 3024 5170 faciens
3038 5131 3073 5171 a
3094 5126 3277 5173 morte
3291 5123 3524 5186 peccati.
3547 5124 3756 5176 Infelix
3776 5138 3877 5189 ego

2287 5186 2481 5260 homo,
2507 5187 2636 5260 quis
2674 5201 2765 5240 me
2795 5189 3058 5242 liberabit
3081 5192 3151 5244 de
3175 5206 3408 5259 corpore
3436 5195 3639 5247 mortis
3664 5186 3869 5260 hujus!

2290 5259 2481 5309 Gratia
2505 5259 2603 5310 Dei
2627 5272 2727 5324 per
2740 5263 2941 5313 Jesum
2964 5264 3254 5317 Christum
3275 5267 3587 5319 Dominum
3610 5274 3873 5321 nostrum

2288 5328 2725 5403 (Rom.7.).Ergo
2742 5334 2966 5384 Domini
2999 5342 3070 5386 est
3093 5339 3257 5391 salus.
3292 5341 3400 5392 Sed
3424 5352 3557 5403 quas
3586 5345 3678 5393 est
3708 5342 3877 5393 bene-

2288 5402 2468 5478 dictio
2484 5404 2698 5478 populi
2740 5406 2924 5478 ipsius
2943 5412 2967 5458 ει
2988 5410 3099 5460 nisi
3145 5411 3257 5474 illa,
3291 5425 3406 5476 qua
3428 5402 3653 5478 dicitur,
3679 5415 3877 5465 Venite

2288 5475 2575 5527 benedicti
2604 5477 2785 5528 Patris
2822 5479 2952 5542 mei,
2988 5482 3258 5547 percipite
3278 5475 3517 5549 regnum
3541 5475 3694 5550 qudd
3717 5488 3875 5539 vobis

2286 5552 2672 5624 praeparatum
2695 5555 2783 5601 est
2805 5551 2878 5603 ab
2898 5552 3114 5617 origine
3136 5556 3337 5607 mundi
3351 5558 3556 5620 (Matth.
3582 5556 3709 5624 27.).
3728 5560 3871 5612 Talis

2288 5619 2608 5673 benedictio
2638 5633 2810 5687 super
2822 5636 2930 5675 nos
2953 5627 3010 5677 et
3039 5639 3211 5691 super
3232 5619 3382 5682 illios
3400 5634 3649 5683 nostros.
3674 5619 3870 5685 Amen.

2350 5762 2372 5793 ³³
2652 5768 2888 5843 rescribi
2918 5771 3182 5843 maledica
3218 5774 3582 5839 Augustinus
3633 5789 3870 5843 quoque,

2284 5833 2634 5917 Accipiamus
2661 5839 2837 5917 dentes
2872 5842 3030 5894 verba
3064 5833 3350 5913 maledica,
3372 5852 3481 5904 etc.
3507 5833 3869 5917 Subs-equens

2290 5913 2444 5962 certe
2461 5909 2624 5964 locus
2644 5916 2946 5971 mutuatus
2967 5917 3040 5971 ab
3061 5918 3160 5972 illo
3183 5924 3290 5974 est.
