3900 6392
29 401 154 457 657

476 518 726 588 TITUS
771 523 1095 591 PSALMI
1141 525 1258 592 IV.

106 654 132 700 1
147 687 162 701 .
207 652 487 728 Sciendum
504 660 750 728 ‘est,_quod
772 662 1077 720 quibusdam
1092 664 1305 728 negotiis
1324 663 1392 711 ita
1411 663 1666 723 praeponi-

34 718 129 788 tur
150 714 661 788 psalmusintitulo,
685 728 738 769 ut
763 714 860 771 n'on
885 732 1120 785 sequatur
1141 714 1666 781 cbnticumiQuibus-

34 778 170 823 dam
199 791 328 851 vero
350 778 717 851 canticum,'ut
738 799 838 832 non
864 778 1100 848 sequatur
1121 788 1382 851 psalmus.
1408 778 1534 836 Aliis
1549 802 1665 835 vero

30 843 381 912 praeponitur
412 843 672 912 psalmus,
698 852 743 895 et
767 843 994 912 sequitur
1022 843 1312 900 canticum.
1349 852 1477 899 Aliis
1499 856 1663 898 autem

38 907 430 977 canticumnet
454 910 672 977 succedit
692 907 935 971 psalmus
961 930 972 967 ;
999 928 1113 972 quas
1139 916 1349 960 varietas
1368 915 1665 961 attendenda

40 971 144 1043 est.
170 967 428 1043 ,Ilbicnim
451 967 707 1043 psalmus~
718 978 906 1043 tantum
927 967 1451 1043 pou-itur,designatur
1465 976 1663 1043 quodin

41 1034 300 1101 sequenti
345 1034 552 1101 n‘egocio
580 1035 884 1101 simpliciter
915 1039 974 1085 de
998 1034 1548 1086 moralitate'tractatur.
1574 1038 1665 1085 Ubi

39 1096 227 1165 autem
253 1096 535 1165 canticum
573 1100 785 1165 tantum,
810 1102 1091 1165 ostenditur
1113 1102 1247 1165 quod
1273 1103 1334 1149 de
1354 1101 1665 1165 jocunditate

38 1156 333 1228 agitur-xliii
357 1156 444 1228 ubi
469 1160 972 1228 praeceditpsalmus,
991 1156 1325 1214 etcanticum
1340 1156 1584 1223 sequitur,
1603 1164 1665 1228 de

44 1218 610 1292 moralitatetractai‘us
634 1218 842 1271 habetur
857 1218 969 1292 rita
989 1232 1172 1292 tamen,
1195 1231 1243 1273 et
1273 1218 1462 1292 mentio
1498 1218 1581 1274 ﬁat
1604 1226 1664 1273 de

46 1284 476 1352 remuneratione
498 1284 560 1329 ad
584 1298 734 1343 quam
761 1288 917 1352 tendit
937 1284 1208 1352 moralitas.
1232 1290 1323 1337 Ubi
1346 1294 1508 1337 autem
1533 1302 1667 1348 prse-

46 1344 515 1416 ceditucantic‘um,
540 1352 586 1393 et
609 1350 826 1416 succedit
842 1350 1102 1412 psalmus,
1116 1352 1496 1409 dejocunditate
1508 1344 1666 1398 remu-

47 1406 347 1476 nerationis
381 1406 442 1476 iit
486 1421 686 1476 sermo:
716 1412 787 1459 sic
831 1406 1012 1470 tamen,
1060 1406 1113 1461 ut
1151 1406 1210 1463 de
1251 1416 1542 1476 moralitate,
1579 1427 1665 1473 per

47 1481 220 1532 quam
243 1469 476 1532 habetur,
492 1470 663 1530 aliqua
674 1476 858 1522 mentio
885 1477 983 1524 ﬁat.
999 1477 1328 1524 Psalmusiste
1349 1478 1422 1524 sic
1440 1469 1667 1525 intitula-

50 1535 169 1606 ωτι
188 1529 259 1577 Ῐη
280 1529 702 1606 Ῑῖηετζιφξαζξηιιξ
721 1537 918 1585 cantici
943 1538 1134 1606 David.
1162 1541 1437 1606 Exponitur
1460 1540 1532 1586 sic
1550 1540 1666 1606 :Iste

50 1594 298 1667 psalmus
326 1594 526 1667 cantici,
557 1598 606 1644 id
636 1604 724 1667 est,
750 1594 1270 1667 praesensexhortatio
1292 1604 1438 1667 bona)
1461 1602 1667 1667 morali-

59 1660 205 1726 tatis,
250 1660 306 1702 in
337 1670 438 1714 qua
475 1660 529 1705 ﬁt
556 1661 744 1726 mentio
767 1664 828 1710 de
857 1665 1067 1726 cantico,
1092 1666 1145 1711 id
1169 1670 1258 1725 est,
1283 1666 1343 1711 de
1358 1665 1667 1723 jocunditate

54 1722 269 1793 aeternae.
291 1723 820 1793 remunerationis,est
844 1727 1019 1793 David,
1042 1722 1095 1793 id
1121 1722 1440 1793 est,AChristi,
1469 1727 1544 1793 vel
1568 1726 1668 1793 ali-

53 1782 216 1853 cujus
242 1780 408 1853 fidelis
431 1785 748 1853 credentis-et
771 1780 1018 1846 sperantis
1040 1791 1091 1836 in
1119 1780 1310 1853 Christo
1334 1802 1346 1837 :
1376 1780 1527 1836 David
1555 1788 1666 1853 dico

54 1844 338 1918 dirigean
356 1858 443 1918 eos
464 1860 591 1918 quos
625 1844 931 1918 exhortatur,
956 1853 1010 1899 in
1041 1853 1207 1914 tinem,
1239 1852 1290 1899 id
1319 1856 1407 1912 est,
1441 1853 1492 1898 in
1518 1851 1665 1918 illum

53 1906 153 1974 qui
179 1912 256 1974 est
280 1906 398 1954 ﬁnis
433 1913 479 1955 et
516 1911 779 1970 completio
805 1906 929 1973 legis
959 1918 1005 1961 et
1027 1906 1506 1974 prophetarum,'Vel
1530 1915 1644 1961 finis

1068 415 1145 468 IN
1177 412 1502 469 PSALMOS
1530 411 1739 466 LXXV
1771 411 2350 470 COMMENTARIUS.

3255 422 3364 480 658

1684 530 1741 606 Α
1776 524 1903 590 (Act.
1935 524 2026 606 3.).
2059 529 2409 606 _Increpatur_
2442 540 2577 595 ergo
2601 541 2796 606 genus
2823 497 3164 594 humanum,
3201 539 3271 588 ut
3291 534 3365 588 ad

1770 611 1905 651 eum
1942 600 2173 652 tandem
2209 603 2281 652 ab
2312 601 2488 666 hujus
2524 602 2728 654 mundi
2761 614 2956 655 amore
2975 610 3360 659 convertatur.

1764 671 1873 724 Sed
1912 671 1959 721 si
1983 685 2155 735 quem
2190 678 2388 725 movet
2421 674 2748 738 conjunctio
2789 676 3180 740 superaddita,
3207 678 3363 741 quod

1761 743 1858 805 ait,
1882 743 1949 791 Et
1971 744 2166 805 scitote,
2187 745 2330 797 sciat
2353 758 2539 807 genus
2555 746 2731 809 hujus
2753 745 3060 799 locutionis
3083 748 3363 802 familiare

1763 828 1892 866 esse
1927 816 2142 879 linguae
2180 817 2591 879 prOphetantis.
2631 820 2776 869 Nam
2816 831 2972 883 saepe
3004 820 3235 872 invenis
3281 822 3362 872 ita

1763 890 2011 950 ceptum.
2053 887 2121 937 Et
2143 886 2290 937 dixit
2319 888 2600 939 Dominus
2627 889 2701 940 ad
2723 887 2885 940 illum
2929 894 3016 942 :et
3031 890 3246 944 factum
3272 896 3367 944 est

1762 958 2005 1009 verbum
2029 957 2259 1008 Domini
2273 958 2346 1009 ad
2362 958 2542 1010 illum.
2561 960 2700 1020 Quae
2716 961 2990 1023 junctura
3006 962 3129 1025 conj
3138 962 3364 1014 unctio-

1761 1029 1855 1080 nis
1886 1042 2018 1079 cum
2037 1030 2324 1081 sententia
2344 1042 2456 1080 non
2480 1032 2855 1094 praecesserit,
2880 1032 2973 1083 cui
2998 1045 3364 1097 consequens

1762 1104 2121 1164 annectatur,
2158 1100 2487 1152 mirabiliter
2519 1102 2777 1153 fortassis
2811 1102 3069 1155 insinuat
3091 1104 3365 1168 prolatio-

1760 1182 1895 1222 nem
1921 1171 2179 1225 veritatis
2200 1173 2261 1223 in
2286 1185 2444 1233 voce,
2471 1184 2601 1224 esse
2631 1173 3005 1236 conjunctam
3039 1187 3173 1225 cum
3198 1175 3366 1228 eavi-

1764 1243 1926 1294 sione
1971 1255 2104 1305 quin
2149 1244 2214 1295 fit
2239 1244 2301 1296 in
2339 1243 2526 1296 corde.
2552 1244 2819 1294 Dominus
2842 1244 3093 1295 exaudiet
3114 1261 3214 1310 me,
3242 1260 3367 1295 cum

1763 1314 2063 1364 clamavero
2109 1314 2183 1364 ad
2226 1331 2368 1368 eum.
2399 1316 2506 1367 Hic
2550 1328 2659 1368 nos
2686 1315 2799 1377 (Ea:
2830 1316 3030 1377 eodem)
3069 1316 3368 1370 admoneri

1764 1385 1950 1448 credo,
1975 1388 2040 1437 ut
2067 1399 2277 1451 magna
2303 1387 2624 1439 intentione
2647 1387 2835 1439 cordis
2857 1388 3139 1440 auxilium
3162 1387 3368 1452 implo-

1763 1468 1958 1507 remus
1980 1457 2084 1509 Dei
2107 1473 2119 1509 :
2153 1458 2425 1522 quoniam
2456 1458 2606 1509 sicut
2627 1458 3038 1523 gratulandum
3054 1464 3144 1511 est
3158 1459 3368 1511 deillu-

1763 1527 2077 1579 minatione
2113 1529 2173 1580 in
2210 1529 2319 1581 hac
2343 1530 2481 1594 vita,
2507 1528 2586 1581 ita
2615 1529 2898 1581 orandum
2923 1534 3013 1580 est
3036 1542 3137 1593 pro
3170 1529 3367 1593 requie

1764 1604 1897 1663 post
1939 1599 2089 1651 hanc
2135 1601 2329 1652 vitam.
2375 1603 2691 1665 Quaproter
2734 1606 2834 1652 aut
2872 1598 2982 1667 2ο
3025 1614 3098 1653 ex
3124 1612 3371 1663 persona

1764 1670 1950 1722 fidelis
1973 1672 2443 1736 evangelizantis,
2470 1676 2570 1723 aut
2592 1684 2663 1723 ex
2687 1672 2872 1736 ipsius
2894 1671 3124 1723 Domini
3152 1672 3201 1722 si
3222 1671 3370 1723 acci-

1766 1742 2043 1806 piendum
2059 1746 2164 1808 est,
2191 1756 2258 1795 ac
2283 1744 2331 1794 si
2355 1744 2573 1796 dictum
2598 1749 2772 1808 esset,
2799 1742 3082 1795 Dominus
3097 1743 3372 1796 exaudiet

1766 1826 1889 1874 vos,
1916 1827 2051 1866 cum
2073 1815 2458 1866 clamaveritis
2483 1815 2556 1865 ad
2581 1827 2734 1867 eum.

1828 1883 1878 1937 5.
1914 1885 2245 1947 Irascimini,
2282 1890 2326 1935 et
2361 1886 2525 1935 nolite
2554 1900 2770 1951 peccare
2807 1903 2818 1933 :
2850 1883 3196 1936 Occurrebat
3218 1885 3373 1937 enim

54 1950 396 2027 {stagnat
412 1950 1015 2024 oi'coﬁéii'rﬁixiugti'd’ioiiﬁé
1027 1950 1663 2036 t}.3’£i§:“tafiina;,‘ia;;i:
1690 1953 1744 2028 Β
1774 1956 2244 2036 (Εοσίίαθαειὶτξο),
2270 1957 2408 2036 Ωυίε
2433 1961 2523 2036 ἔδει
2545 1950 2757 2036 dignus
2784 1956 3077 2036 θῖίδυάἒνιζθ
3093 1957 3210 2036 Au.“
3232 1969 3376 2036 quo:

53 2038 415 2104 consummata
448 2036 975 2104 quiesdbeatitudinis.
1010 2041 1227 2104 intentio
1252 2040 1455 2102 Christi,
1482 2039 1561 2086 vel
1585 2053 1669 2086 cu-

50 2097 375 2167 j‘uscumque
402 2097 747 2167 credentisin
764 2112 896 2167 eum,
928 2103 983 2148 in
1008 2103 1101 2150 hoc
1122 2103 1315 2167 psalmo
1338 2107 1428 2167 est,
1445 2097 1672 2167 persua-

54 2158 182 2230 dere
232 2158 446 2230 hishqui
486 2162 691 2230 terrenis
720 2158 1041 2230 delectantur,
1068 2158 1443 2230 uiegrediendb
1465 2158 1494 2211 ξι
1520 2166 1672 2211 tribu-

59 2220 260 2292 latione
284 2221 543 2292 vitiorum,
566 2227 828 2292 e_t_te_rrena
851 2220 1153 2286 negligendo
1175 2220 1357 2292 interna
1382 2229 1530 2285 bona,
1555 2241 1672 2287 quas

58 2283 121 2329 in
149 2283 273 2351 ﬁne,
300 2283 467 2351 idest,
495 2285 550 2332 in
574 2287 769 2351 Christo
792 2283 1186 2349 sunt,'appetant
1213 2308 1224 2338 :
1250 2291 1472 2350 seipsum
1495 2283 1672 2351 propo-

63 2345 244 2393 nendo
272 2346 346 2395 eis
362 2347 418 2394 in
443 2349 748 2414 exemplum,
773 2356 820 2398 et
843 2345 1168 2403 sicui-cendo.

526 2487 614 2560 l9
667 2483 1068 2550 PSALMUS
1111 2485 1228 2551 IV.

131 2584 187 2639 2.
225 2586 364 2637 Cum
398 2588 724 2652 invocarem,
747 2592 1031 2641 exaudivit
1058 2608 1142 2642 me
1168 2594 1311 2643 Deus
1324 2592 1504 2657 justiae
1525 2606 1666 2641 meae.

65 2658 198 2709 Hoc
250 2659 342 2710 est
384 2660 489 2723 (Ea:
535 2662 881 2728 Augustino),
920 2677 1053 2715 cum
1076 2664 1236 2715 intus
1264 2664 1326 2715 in
1349 2663 1519 2715 corde
1543 2674 1671 2714 meo

64 2741 318 2801 orarem,
346 2732 644 2785 exaudivit
665 2747 759 2785 me
782 2735 901 2798 ipse
924 2748 959 2787 a
982 2749 1096 2799 quo
1125 2739 1215 2787 est
1232 2735 1410 2801 justia
1425 2746 1574 2786 mea.
1606 2734 1672 2783 In

66 2799 423 2872 tribulatione
483 2804 723 2854 dilatasti
767 2807 927 2859 mihi.
964 2809 1084 2859 Hoc
1126 2799 1244 2872 est,
1274 2808 1346 2857 ab
1386 2805 1672 2867 angustiis

67 2871 330 2925 tristitia
347 2873 408 2925 in
428 2874 731 2929 latitudine
747 2879 1087 2942 gaudiorum
1107 2891 1199 2931 me
1221 2871 1531 2930 deduxisti.
1549 2877 1674 2927 Tri-

70 2943 299 2996 bulatio
325 2947 382 2997 et
404 2950 676 3011 angustia
696 2950 757 3001 in
786 2964 1014 3003 omnem
1040 2949 1551 3003 animamhominis
1563 2963 1673 3009 ope-

66 3016 262 3067 rantis
286 3017 505 3070 malum
528 3021 695 3081 (Rom.
721 3020 812 3085 2.).
833 3022 937 3085 Qui
959 3027 1150 3074 autem
1173 3023 1329 3086 dicit,
1341 3022 1671 3073 Gaudemus

68 3087 134 3138 in
160 3088 651 3157 tribulationibus,
695 3094 939 3146 scientes
966 3096 1233 3158 quoniam
1258 3093 1547 3146 tribulatio
1569 3104 1672 3155 pa-

1771 2027 1942 2078 modo
1982 2040 2102 2079 non
2144 2028 2357 2080 frustra
2401 2028 2608 2080 clamat
2642 2032 2907 2092 peccator
2929 2027 3000 2078 ad
3026 2027 3376 2080 Dominum?

1771 2100 1936 2162 Ergo,
1960 2100 2288 2161 Irascimint,
2313 2100 2521 2163 inquit,
2546 2099 2845 2161 subaudis,
2869 2099 3036 2151 vobis
3057 2099 3376 2163 ipsis,valde

1771 2170 2105 2234 paenitendo
2129 2170 2199 2221 de
2224 2169 2529 2233 praeteritis
2552 2170 2910 2231 criminibus,
2925 2173 2981 2220 et
3000 2169 3372 2233 indignando,

1773 2241 1927 2305 quod
1951 2241 2023 2291 ad
2058 2245 2174 2291 tam
2200 2242 2424 2304 abjecta
2446 2246 2503 2292 et
2527 2241 2669 2292 vitia
2683 2238 2979 2293 corruistis
3006 2253 3020 2288 :
3052 2244 3111 2291 et
3131 2239 3375 2291 ulterius

1769 2325 2005 2376 peccare
2028 2313 2291 2364 desinite.
2317 2313 2442 2371 Qum
2470 2312 2647 2362 dicitis
2671 2312 2733 2360 in
2761 2311 3009 2360 cordibus
3026 2311 3229 2360 vestris.
3256 2311 3374 2363 Sub

1770 2382 1955 2446 audls,
1991 2383 2177 2434 dicite.
2221 2381 2406 2433 Nolite
2449 2394 2578 2433 esse
2608 2380 2872 2446 populus,
2919 2380 2991 2432 de
3010 2392 3127 2444 quo
3150 2380 3373 2433 dictum

1769 2457 1874 2505 est.
1908 2455 2097 2504 Labiis
2123 2466 2217 2505 me
2240 2453 2503 2515 honorat,
2526 2455 2631 2504 Cor
2653 2456 2847 2504 autem
2872 2464 3071 2503 eorum
3089 2452 3260 2516 longe
3283 2454 3375 2503 est

1769 2536 1805 2576 a
1830 2537 1923 2576 me
1952 2524 2095 2587 (lsai.
2131 2522 2231 2583 26;
2261 2524 2453 2573 Matth.
2487 2522 2614 2585 15.).
2646 2524 2711 2572 In
2738 2522 2999 2573 cubilibus
3020 2523 3204 2571 vestris
3227 2537 3377 2573 com-

1767 2595 2106 2658 pungimini.
2134 2595 2354 2647 Cubilia
2378 2599 2515 2646 sunt
2544 2594 2615 2646 de
2641 2594 2854 2658 quibus
2866 2594 3145 2645 Dominus
3168 2598 3376 2657 monet,

1771 2671 1837 2719 ut
1858 2667 2017 2718 intus
2040 2679 2271 2718 oremus
2297 2666 2511 2718 clausis
2529 2665 2712 2717 ostiis.
2743 2664 3199 2730 Compungi-mini
3212 2672 3376 2714 autem

1771 2737 1842 2789 ad
1868 2738 2224 2802 paenitentia;
2258 2737 2515 2790 dolorem
2538 2736 2804 2799 refertur,
2828 2741 2896 2789 ut
2913 2736 3163 2800 seipsam
3184 2736 3381 2788 anima

1771 2809 2020 2873 puniens
2060 2806 2445 2873 compungat,
2493 2822 2567 2860 ne
2608 2809 2670 2860 in
2712 2808 2809 2860 Dei
2858 2807 3075 2872 judicio
3106 2807 3382 2860 damnata

1770 2884 2124 2942 torqueatur.
2152 2882 2269 2932 Aut
2289 2881 2363 2930 ad
2385 2890 2402 2908 ·
2431 2880 2841 2932 excitationem
2874 2879 3137 2943 pertinet,
3174 2882 3238 2931 ut
3260 2879 3381 2932 evi-

1769 2952 2016 3015 gilemus
2040 2952 2111 3002 ad
2136 2951 2449 3003 videndam
2470 2950 2659 3003 lucem
2677 2949 2904 3015 Christi,
2923 2954 3200 3013 tanquam
3221 2949 3378 3004 adhi-

1769 3022 1902 3073 bitis
1932 3022 2198 3073 stimulis.

1831 3092 1880 3147 6.
1927 3093 2235 3154 Sacriﬁcate
2265 3092 2599 3155 sacriﬁcium
2625 3091 2867 3155 justitiae,
2892 3095 2939 3140 et
2958 3096 3166 3155 sperate
3187 3092 3250 3140 in
3277 3092 3380 3142 Do-

71 3158 343 3211 tientiam
374 3167 642 3226 operatur
669 3183 680 3214 :
721 3170 777 3217 et
802 3167 1074 3230 quoniam
1099 3168 1315 3219 caritas
1340 3165 1442 3218 Dei
1464 3165 1675 3217 diii‘usa
1765 3165 1937 3216 mino.
1970 3163 2597 3227 Sacriﬁciumjustitiaa,
2616 3174 2789 3227 opera
2800 3163 2945 3225 justi
2960 3164 3098 3214 sunt
3114 3168 3376 3228 postpa-

78 3232 174 3304 est
197 3230 260 3283 in
286 3233 557 3286 cordibus
588 3237 804 3289 nostris
840 3252 941 3303 per
972 3240 1242 3304 Spiritum
1267 3240 1558 3302 Sanctum,
1586 3238 1686 3301 qui

1785 3237 2102 3287 nitentiam.
2130 3235 2274 3297 Quid
2297 3235 2452 3286 enim
2472 3234 2690 3298 justius
2715 3234 2820 3298 (Eae
2840 3234 3185 3299 Augustino),
3203 3247 3377 3299 quam

75 3302 255 3399 datus
299 3310 391 3357 est
432 3308 600 3392 nobis
646 3310 823 3399 (Hom.
842 3302 950 3375 75.).
997 3302 1116 3363 non
1157 3311 1327 3362 habet
1372 3309 1560 3399 cordis
1584 3321 1683 3391 an-
1703 3324 1751 3399 C
1782 3309 1848 3390 ut
1868 3307 1989 3358 suis
2012 3308 2256 3389 quisque
2272 3305 2525 3386 peccatis
2550 3305 2828 3399 irascatur
2849 3305 3041 3399 potius
3056 3318 3230 3399 quam

80 3376 330 3447 gustias,
348 3380 616 3441 quamvis
639 3382 999 3434 extrinsecus
1024 3396 1059 3434 a
1078 3381 1559 3447 persequentibus
1592 3380 1682 3431 in-

76 3446 355 3500 ferantur.
385 3452 448 3500 In
464 3451 572 3502 hoc
596 3459 843 3517 prosunt
858 3454 1034 3518 justis
1058 3446 1259 3517 aspera
1278 3452 1681 3513 tribulationis,

78 3518 220 3581 quia
240 3519 378 3571 dum
396 3521 739 3579 tribulantur
768 3526 828 3576 in
846 3538 1096 3590 corpore,
1119 3525 1428 3575 dilatantur
1441 3523 1501 3574 in
1516 3525 1679 3574 corde:

79 3594 142 3662 et
179 3603 294 3662 quo
318 3605 417 3644 eos
441 3596 653 3647 arctius
677 3597 832 3649 mala
854 3597 1487 3662 temporaliapremunt,
1510 3608 1577 3646 eo
1600 3594 1686 3646 1a-

88 3661 209 3712 tius
235 3661 388 3714 bona
423 3666 673 3718 caelestia
703 3661 1136 3732 concupiscunt.
1163 3666 1307 3728 Quia
1328 3679 1464 3729 ergo
1488 3679 1560 3716 ex
1592 3677 1688 3716 an-

86 3733 297 3797 gustiis
315 3736 699 3790 tribulationis
715 3740 917 3792 crescit
939 3738 1195 3790 dilatatio
1214 3738 1443 3797 mentis,
1464 3736 1688 3788 dicatur

90 3810 267 3857 recte.
308 3808 373 3856 In
412 3809 751 3861 tribulatisnc
794 3810 980 3859 ditasti
1028 3811 1190 3858 mihi.
1228 3808 1462 3860 Mulatio
1491 3813 1688 3859 autem

96 3890 361 3940 persona:
381 3883 562 3935 tertiae
577 3884 649 3934 ad
674 3882 1006 3944 secundam,
1019 3882 1160 3932 forte
1182 3881 1308 3933 ideo
1323 3881 1406 3944 fit,
1422 3882 1488 3931 ut
1503 3883 1690 3930 osten-

86 3948 206 4012 dat,
224 3954 705 4011 quemadmodum
723 3954 1031 4006 exauditus
1058 3952 1150 4010 sit,
1176 3951 1237 4002 in
1251 3952 1377 4014 ipsa
1399 3952 1690 3999 dilatatione

88 4020 339 4084 loquens
373 4026 489 4076 Deo
516 4039 529 4075 :
566 4031 633 4077 ut
665 4026 773 4077 hoc
809 4027 885 4077 sit
918 4024 1085 4076 corde
1118 4022 1358 4085 dilatari,
1381 4023 1502 4085 jam
1533 4020 1688 4075 cordi

87 4092 303 4147 habere
336 4095 591 4148 infusum
618 4100 821 4158 Deum,
861 4109 991 4147 cum
1016 4108 1130 4159 quo
1151 4094 1501 4146 intrinsecus
1522 4091 1689 4144 collo-

105 4170 349 4229 quatur:
381 4169 472 4220 cui
494 4181 653 4221 nunc
675 4174 802 4221 orat
823 4172 879 4221 et
901 4167 1069 4220 dicit:

157 4236 210 4290 εξ.
246 4239 496 4289 Miserere
519 4242 642 4301 mei,
673 4247 720 4291 et
753 4240 956 4290 exaudi
981 4238 1283 4288 orationem
1307 4251 1505 4287 meam.
1531 4235 1694 4298 Quod

100 4307 307 4362 iterum
330 4315 512 4376 rogat,
535 4326 663 4364 cum
670 4314 790 4378 jam
810 4325 871 4363 se
888 4311 1221 4365 exauditum
1239 4309 1606 4361 etdilatatum
1618 4307 1696 4359 in-

99 4380 391 4449 dicaverit,
419 4384 562 4436 forte
583 4385 710 4437 ideo
740 4385 824 4447 ﬁt,
847 4390 912 4437 ut
934 4384 1089 4436 unde
1110 4395 1228 4434 non
1251 4386 1343 4432 est
1364 4380 1695 4450 exauditus,

103 4454 293 4505 adhuc
337 4458 682 4510 exaudiatur
710 4475 722 4507 :
758 4462 858 4508 aut
890 4457 948 4507 in
982 4468 1096 4520 quo
1127 4467 1242 4506 non
1274 4458 1365 4505 est
1392 4452 1694 4516 perfectus,

94 4528 464 4593 perficiatur:
492 4534 592 4581 aut
611 4533 839 4593 propter
857 4528 1000 4579 alios
1024 4526 1386 4587 inchoantes,
1404 4525 1471 4574 ut
1485 4522 1544 4573 in
1566 4522 1695 4592 illis,

95 4602 194 4665 qui
217 4601 574 4666 crediderint,
601 4601 925 4665 perﬁciatur
948 4598 1103 4664 quod
1124 4596 1690 4649 inchoaverunt.Ha—

96 4678 236 4727 bent
259 4675 412 4725 enim
433 4674 577 4739 justi
606 4674 914 4738 proprium,
938 4676 1003 4724 ut
1027 4672 1086 4723 in
1102 4682 1271 4722 omne
1297 4667 1451 4731 quod
1469 4667 1688 4739 dicunt,

1782 3379 1888 3444 nis,
1936 3392 2110 3442 seque
2152 3378 2345 3443 ipsum
2389 3377 2637 3441 puniens
2678 3381 2894 3428 mactet
2933 3377 3381 3429 Deo‘tlnsinuat

1782 3451 1956 3503 etiam
1974 3451 2283 3502 transitum
2299 3449 2370 3501 de
2381 3449 2501 3500 vita
2512 3447 2693 3500 veteri
2713 3447 2785 3499 ad
2796 3460 3030 3500 novam:
3046 3452 3112 3499 ut
3126 3448 3381 3501 extincto

1782 3527 1913 3587 post
1928 3522 2324 3587 paenitentiam
2338 3524 2531 3572 vetere
2542 3519 2792 3583 homine,
2807 3518 3148 3571 sacrificium
3168 3521 3381 3579 justititn

1785 3595 2107 3647 secundum
2146 3592 2638 3657 regenerationem
2673 3591 2812 3643 novi
2832 3591 3087 3643 hominis
3109 3591 3383 3644 offeratur

1784 3668 1902 3718 Deo
1928 3684 1938 3715 :
1965 3678 2101 3717 cum
2126 3668 2374 3729 seipsam
2391 3665 2514 3727 jam
2538 3663 2941 3728 anima[Supp.
2962 3662 3176 3726 abluta]
3196 3662 3379 3724 oti’er’t,

1785 3743 1845 3790 et
1872 3737 2117 3801 imponit
2138 3736 2196 3787 in
2211 3736 2373 3787 alteri
2391 3735 2566 3797 Fidei,
2584 3735 2776 3786 divino
2792 3735 2944 3799 igne,
2968 3733 3028 3785 id
3047 3739 3154 3797 est,
3168 3734 3381 3798 Spiritu

1787 3812 1993 3862 Sancto
2021 3806 2591 3872 comprehendenda:
2618 3806 2805 3857 utiste
2830 3806 2906 3856 sit
2920 3818 3150 3867 sensus,
3168 3804 3384 3867 Sacrifio

1788 3888 1899 3931 cate
1920 3881 2251 3943 sacrificium
2274 3879 2513 3943 justitiae,
2533 3883 2580 3926 et
2603 3883 2807 3942 sperate
2829 3878 2892 3925 in
2915 3878 3171 3937 Domino,
3196 3876 3254 3927 id
3274 3881 3382 3942 est,

1790 3957 1964 4006 Recte
1986 3952 2182 4013 vivite,
2198 3955 2255 4002 et
2280 3954 2503 4014 sperate
2518 3949 2734 4000 donum
2754 3948 2999 4012 Spiritus
3024 3947 3232 3998 Sancti.
3259 3949 3388 4012 Spe-

1789 4031 1991 4078 rantur
2026 4028 2219 4076 autem
2254 4022 2389 4087 quid
2427 4020 2537 4072 nisi
2576 4021 2764 4072 bona?
2789 4019 2897 4071 Sed
2921 4019 3057 4083 quia
3080 4017 3139 4069 id
3166 4018 3385 4069 bonum

1790 4098 1973 4151 vulta
1999 4098 2117 4148 Deo
2142 4096 2447 4159 impetrare
2477 4092 2631 4157 quod
2656 4091 2857 4156 diligit,
2870 4094 2928 4144 et
2949 4089 3115 4156 pauci
3136 4088 3388 4153 suntqui

1791 4168 2315 4235 diligantinteriora
2342 4167 2493 4217 bona
2511 4163 2961 4235 :admirabiliter
2970 4174 3101 4235 cum
3121 4160 3384 4235 dixisset,

1792 4243 1861 4292 Et
1892 4232 2097 4306 sperate
2141 4241 2202 4288 in
2227 4238 2460 4288 Domino
2488 4251 2500 4288 :
2549 4236 2810 4300 subjecit,
2845 4233 3005 4284 Multi
3028 4234 3233 4306 dicunt,
3257 4232 3388 4306 Quis

1793 4304 2020 4366 ostendit
2041 4312 2194 4362 nobis
2217 4312 2541 4371 bona?QutB
2562 4307 2930 4372 interrogatio
2953 4304 3287 4370 quotidiana
3297 4305 3390 4354 est.

1794 4385 2053 4436 omnium
2090 4382 2401 4434 stultorum
2421 4384 2479 4431 et
2498 4378 2845 4442 iniquorum,
2871 4388 3069 4440 pacem
3093 4376 3149 4425 et
3172 4372 3389 4425 securi-

1794 4461 1973 4508 tatem
1987 4454 2293 4519 praesentis
2306 4453 2444 4503 vita;
2464 4448 2932 4508 desiderantium,
2949 4447 3020 4498 de
3034 4445 3230 4519 futura
3247 4442 3386 4519 vita,

1797 4540 1932 4592 quas
1953 4513 2122 4578 nobis
2146 4523 2510 4588 promittitur,
2544 4519 2933 4592 dubitandum
2952 4532 2971 4592 _:
3000 4516 3098 4592 qui
3124 4526 3281 4592 smpe
3302 4513 3390 4567 di-

1788 4586 1945 4659 cunt,
1970 4597 2107 4660 Quis
2128 4586 2309 4659 novit,
2327 4594 2376 4645 si
2398 4604 2534 4645 vera
2557 4594 2695 4642 sunt
2723 4590 2869 4655 (Sap.
2895 4588 2986 4654 2.).
3005 4590 3124 4660 Aut
3135 4586 3268 4652 quis
3284 4598 3389 4639 ve-

1789 4672 1876 4723 nit
1895 4671 1966 4721 ab
1991 4659 2204 4729 inferis,
2228 4671 2293 4719 ut
2308 4666 2417 4717 ista
2439 4663 2805 4716 renunciaret
2818 4664 2845 4712 ετ
2867 4659 3167 4726 Magnifice
3183 4670 3318 4723 ergo
3331 4662 3389 4710 et

95 4751 265 4809 atque
287 4732 451 4809 quod
466 4732 798 4810 agunt,n'on
822 4732 1009 4817 solum
1036 4755 1209 4795 suum
1233 4740 1571 4817 profectum2
1586 4738 1684 4817 sed
1704 4743 1761 4817 D
1791 4742 2042 4817 breviter
2064 4739 2333 4817 ostendit,
2347 4739 2646 4817 quastione
2661 4733 2977 4799 quaerenda
2991 4732 3132 4784 sint:
3152 4742 3388 4795 respon-

98 4819 268 4870 etiam
300 4809 692 4881 proximorum
731 4816 1171 4870 aediﬁcationem
1203 4815 1486 4877 quaerant.
1526 4809 1689 4863 Unde

96 4896 226 4956 apte
251 4891 643 4953 subjungitur:

162 4962 211 5017 3.
244 4963 371 5013 Filii
397 4964 686 5011 hominum
711 4975 912 5026 usqueq
922 4975 987 5009 uo
1002 4959 1158 5023 gravi
1177 4956 1330 5007 corde
1344 4959 1370 5007 ‘I
1386 4958 1443 5004 ut
1467 4954 1600 5018 quid
1614 4953 1693 5003 di-

101 5036 266 5099 ligitis
287 5035 598 5095 vanitatem,
634 5040 679 5083 et
694 5033 933 5099 quaeritis
954 5029 1300 5080 mendacium
1315 5031 1342 5079 ‘t
1374 5030 1454 5079 Ac
1478 5027 1527 5078 si
1547 5026 1693 5078 dice-

102 5113 203 5171 ret,
232 5109 366 5171 Vos,
393 5107 493 5170 qui
510 5107 570 5157 in
587 5105 798 5157 carnali
823 5103 1185 5169 generatione
1198 5104 1449 5152 mentem
1464 5099 1691 5171 habita:

104 5169 200 5241 tis,
223 5169 501 5242 usquead
530 5190 702 5241 quem
737 5178 909 5227 tinem
933 5188 1030 5227 cor
1053 5175 1265 5225 durum
1280 5171 1522 5235 habetis,
1538 5169 1692 5234 quod

109 5254 220 5304 Deo
242 5264 356 5303 non
380 5250 629 5313 creditis,
656 5254 713 5302 et
748 5250 898 5301 bona
919 5246 1226 5299 invisibilia
1247 5256 1364 5296 non
1392 5242 1694 5307 cogitatis?

113 5324 175 5375 Ut
208 5323 339 5387 quid
374 5321 603 5387 diligitis
634 5322 930 5371 vanitatem
967 5324 1012 5369 et
1043 5316 1282 5384 quaeritis
1304 5313 1651 5387 mendacium
1672 5317 1697 5364 P

107 5386 228 5459 Quo
256 5393 465 5458 fructu,
492 5406 606 5457 qua
631 5392 872 5445 utilitate
897 5387 1232 5455 temporalia
1253 5386 1695 5459 amandoqnte-

108 5456 252 5531 ritis,
286 5456 601 5530 quaerendo
636 5464 861 5527 amatis,
902 5474 1032 5527 quae
1060 5473 1212 5516 vana
1246 5464 1402 5520 sunt,
1428 5458 1562 5521 quia
1590 5456 1698 5508 du-

109 5551 229 5591 rare
250 5550 365 5589 non
390 5541 638 5601 possunt
662 5550 674 5587 :
706 5537 762 5588 et
776 5534 1092 5597 mendacia,
1106 5531 1240 5597 quia
1258 5534 1544 5583 amatores
1561 5539 1698 5581 suos

111 5612 259 5665 deciL
272 5610 400 5661 iunt
419 5612 446 5657 P

172 5625 233 5663 θοι
272 5625 400 5661 lunt
419 5625 446 5657 ξ

172 5683 221 5737 4.
236 5625 322 5732 ιΕι
342 5676 535 5743 scitote,
561 5680 825 5745 quoniam
842 5676 1150 5740 mirificavit
1165 5674 1433 5725 Dominus
1450 5676 1700 5745 sanctum

120 5756 443 5805 suum.Eum
469 5743 684 5804 scilicet
709 5752 815 5815 (Ea:
838 5747 1180 5813 Augustino),
1200 5758 1375 5809 quem
1400 5743 1702 5815 suscitavit

116 5828 185 5879 ab
214 5825 426 5888 inferis,
458 5829 517 5878 et
538 5823 598 5876 in
621 5812 760 5876 caelo
789 5821 863 5874 ad
889 5812 1184 5873 dexteram
1210 5828 1376 5869 suam
1398 5812 1702 5868 collocavit

1791 4814 1935 4866 dens
1966 4824 2165 4863 eorum
2186 4807 2634 4873 interrogationi.

1852 4891 1899 4936 '7.
1938 4883 2228 4947 Signatum
2268 4886 2338 4931 est
2384 4894 2545 4945 super
2590 4892 2688 4927 nos
2733 4876 2914 4927 lumen
2939 4876 3123 4926 vultus
3140 4875 3245 4947 tui,
3280 4873 3390 4947 Do-

1787 4956 1952 5007 mine.
1990 4942 2113 5006 Hoc
2140 4954 2335 5004 lumen
2358 4942 2579 5011 est'(Eac
2600 4947 2924 5011 Augustino)
2941 4950 3125 4999 totum
3140 4942 3392 4997 hominis

1788 5028 2024 5088 bonum,
2046 5023 2203 5089 quod
2229 5035 2345 5074 non
2368 5019 2548 5073 oculis
2571 5018 2675 5071 sed
2695 5023 2891 5070 mente
2908 5014 3276 5089 conspicitur.
3296 5012 3391 5063 Si-

1790 5085 2022 5163 gnatum
2049 5085 2119 5145 est
2139 5099 2353 5154 autem,
2380 5092 2543 5156 dixit,
2560 5105 2741 5163 super
2763 5104 2862 5163 nos
2886 5093 3201 5163 :AtAanquam
3222 5085 3393 5163 dena-

1791 5156 1912 5221 rius
1936 5168 2196 5232 signatur
2218 5164 2387 5229 Regis
2398 5162 2649 5227 imagine
2668 5160 2876 5232 (Matth.
2890 5157 2996 5232 22.)
3011 5156 3393 5232 .Homoenim

1792 5224 2105 5293 factus'est
2130 5236 2203 5288 ad
2235 5224 2547 5299 imaginem
2580 5234 2638 5284 et
2671 5224 3102 5282 Similitudinem
3145 5227 3246 5278 Dei
3270 5224 3391 5299 (Ge-

1792 5327 1901 5363 nes.
1928 5310 2018 5373 i.),
2044 5320 2217 5371 quam
2241 5296 2531 5371 peccando
2566 5301 2837 5366 corrupit.
2864 5301 3081 5373 Bonum
3108 5310 3241 5373 ergo
3265 5296 3393 5373 ejus

1795 5386 1884 5436 est
1906 5368 2108 5434 verum
2131 5368 2303 5441 atque
2328 5380 2630 5436 aeternum,
2667 5376 2718 5424 si
2746 5368 3101 5423 renascendo
3131 5368 3395 5441 signetur

1800 5455 1977 5520 (Joan.
2014 5450 2102 5513 3.).
2137 5440 2337 5520 Dedisti
2371 5445 2613 5520 latitiam
2651 5445 2713 5520 in
2736 5441 2903 5520 corde
2933 5455 3076 5520 meo:
3101 5440 3229 5491 Non
3257 5449 3396 5503 ergo

1798 5510 1933 5578 foris
1971 5510 2281 5587 quaerenda
2310 5520 2398 5570 est
2419 5514 2618 5568 laetitia
2639 5515 2712 5567 ab
2736 5512 2826 5565 his
2851 5512 2958 5587 qui
2971 5510 3162 5587 adhuc
3184 5519 3395 5587 graves

1798 5595 1966 5649 corde
1987 5580 2229 5657 diligunt
2258 5588 2589 5649 vanitatem,
2616 5590 2675 5638 et
2697 5585 2969 5657 quarunt
2991 5580 3394 5657 mendacium:

1801 5667 1903 5720 sed
1922 5651 2162 5718 interius
2187 5662 2285 5714 ubi
2310 5661 2602 5724 signatum
2622 5661 2714 5710 est
2730 5655 2930 5708 lumen
2952 5653 3151 5707 vultus
3178 5651 3398 5724 Dei._In

1800 5739 2067 5791 interiore
2103 5736 2257 5787 enim
2294 5721 2524 5784 homine
2560 5729 2785 5781 habitat
2825 5725 3086 5779 Christus
3110 5724 3276 5790 (Eph.
3303 5721 3395 5787 3.).

1802 5810 1911 5864 Sed
1940 5808 2205 5863 homines
2221 5800 2551 5869 temporalia
2568 5804 2873 5863 sectantes,
2894 5796 3036 5850 nihil
3051 5796 3203 5849 aliud
3219 5806 3400 5850 nove-

182 6005 197 6024 ·
234 5995 469 6046 Lectum
495 5995 665 6044 antea
685 5985 1119 6039 exercitationem
1141 5993 1242 6049 pro
1270 5979 1665 6041 excitationem,
1687 5975 1843 6043 quod
1870 5986 1945 6028 ex
1965 5971 2295 6038 Augustino
2319 5965 2717 6023 emendamus.
