3900 6396
526 397 632 455 659

1584 388 1850 442 RUFINO
1883 382 2344 440 PRESBYTERO
2378 381 2761 436 ASCRIPTUS

3732 371 3847 427 660

528 511 666 562 runt
708 509 916 571 dicere,
965 507 1096 569 nisi,
1144 506 1273 564 Quis
1314 502 1540 574 ostendit
1563 573 1572 574 ί
1594 500 1745 551 nobis
1768 500 1907 549 bona
1930 502 1955 551 9
1984 511 2117 551 cum
2142 499 2197 574 Α
2226 506 2329 570 (Ex
2340 504 2660 569 Augustino)
2689 499 2953 566 superius
2970 497 3117 549 dixit
3131 496 3373 558 Exaudi,
3398 494 3575 574 quasi
3590 495 3849 574 inprae-

528 593 662 633 vera
706 582 857 631 bona
901 579 1050 629 intra
1094 575 1433 640 semetipsos
1480 573 1675 625 videre
1719 584 1837 623 non
1852 576 2115 635 possunt.

530 654 726 715 Itaque
761 652 1181 712 consequenter
1217 647 1286 698 de
1322 646 1413 696 his
1447 644 1683 696 dicitur:

591 712 713 777 8ξΑ
751 721 935 783 fructu
983 718 1249 781 frumenti
1296 717 1430 779 vini,
1478 721 1522 764 et
1546 715 1645 764 olei
1666 714 1753 762 sui
1778 712 2126 777 multiplicati

529 798 671 844 sunt.
713 794 839 843 Non
878 795 1044 842 vacat
1064 791 1169 852 (Ex
1190 789 1521 851 Augustino)
1546 786 1699 850 quod
1726 785 1985 836 additum
2015 787 2122 843 est,

531 865 650 927 Sui,
675 862 917 915 estenim
944 862 1295 913 frumentum
1312 860 1414 912 Dei
1434 859 1608 923 (Joan.
1638 856 1741 917 12.)
1768 876 1778 904 :
1811 856 1858 907 si
1893 854 2125 918 quidem

528 926 692 1001 panis
718 934 907 995 vivus,
939 932 1024 999 2|
1050 933 1149 996 qui
1168 932 1238 983 de
1259 931 1399 982 caalo
1421 928 1717 980 descendit
1740 928 1918 1001 (Joan.
1946 927 2033 1001 6.).
2061 926 2128 977 Et

530 998 826 1058 estvinum
848 998 1127 1055 DeiTnam
1139 1002 1573 1054 inebriabuntur
1589 998 1806 1062 (inquit)
1823 998 1895 1048 ab
1909 1000 2127 1045 ubertate

530 1077 736 1129 domus
762 1074 1056 1138 tuae(Psat,
1092 1073 1217 1137 35.).
1246 1075 1347 1124 Est
1366 1076 1422 1124 et
1439 1072 1647 1133 oleum,
1670 1070 1739 1120 de
1764 1081 1878 1132 quo
1908 1068 2127 1138 dictum

530 1152 661 1199 est:
711 1137 1092 1211 Impinguasti
1135 1145 1197 1195 in
1219 1144 1343 1195 oleo
1381 1147 1554 1207 caput
1599 1152 1794 1191 meum
1814 1138 1971 1203 (Psal.
1998 1137 2126 1199 9.1.).

532 1219 635 1272 Isti
646 1223 842 1271 autem
853 1218 1022 1269 multi
1038 1216 1134 1280 qui
1159 1215 1522 1277 dicunt,Quis
1540 1212 1793 1264 ostendit
1806 1214 1948 1259 nobis
1965 1213 2129 1271 bona),

531 1292 575 1341 A
633 1291 818 1353 fructu
871 1289 1155 1355 frumenti,
1180 1287 1296 1336 vini
1326 1294 1370 1336 et
1395 1286 1496 1335 olei
1516 1286 1603 1333 sui
1620 1283 2125 1355 multiplicatisunt.

533 1360 651 1424 Sui,
678 1374 793 1412 non
818 1353 935 1423 Dei,
961 1359 1019 1410 id
1032 1363 1137 1419 est,
1159 1357 1486 1422 temporalis
1506 1369 1626 1407 non
1651 1354 1981 1419 spiritualis.
1996 1353 2129 1403 Istis

2224 568 2367 630 Senti
2383 568 2712 629 siexaudiri
2728 576 2996 637 cuperet:
3023 583 3178 621 nunc
3223 581 3357 621 vero
3382 569 3542 624 dicit,
3577 568 3849 617 Moneta-

2221 650 2493 711 exaudies,
2533 660 2651 698 non
2695 644 2936 697 exaudi:
2969 645 3044 701 et,
3092 641 3176 690 Ad
3214 646 3257 689 te
3304 640 3489 701 orabo,
3530 642 3611 702 et,
3643 640 3849 688 Adsta-

2222 722 2299 784 bo,
2340 725 2398 772 et
2449 718 2637 768 Videbo
2662 722 2684 765 ?
2736 718 2901 768 Forte
2952 714 3207 777 snperior
3245 711 3606 784 ejusoratio
3645 711 3843 784 ipsam

2224 782 2601 844 'VOcationem
2620 788 2885 840 ostendit.
2902 783 3535 847 Caligansauteminter
3548 782 3845 845 procellas

2221 864 2396 927 hujus
2416 861 2628 921 saeculi,
2671 860 2804 922 quia
2826 857 3001 908 sentit
3018 869 3078 906 se
3103 868 3221 927 non
3237 854 3429 927 videre
3448 852 3612 927 quod
3637 854 3844 927 cupit:

2223 924 2349 985 ideo
2394 933 2547 993 dicit,
2572 932 2732 980 Mane
2755 929 3028 979 exaudies.
3057 929 3136 977 Ac
3155 926 3202 976 si
3229 925 3459 987 diceret,
3488 926 3622 975 Non
3651 936 3719 975 es
3750 924 3846 973 ille

2224 1005 2321 1068 qui
2346 1004 2533 1068 possis
2558 1000 2739 1053 videri
2768 1001 2840 1051 ab
2865 998 3019 1061 eis,a
3042 1009 3289 1060 quorum
3318 995 3501 1068 oculis
3539 1007 3669 1045 nox
3718 1007 3851 1059 pec-

2224 1067 2480 1127 eatorum
2496 1069 3031 1124 nondumrecessit:
3059 1068 3160 1119 sed
3176 1082 3352 1129 mane,
3378 1067 3552 1127 idest,
3601 1071 3847 1129 peracta

2224 1146 2429 1199 erroris
2453 1145 2565 1195 mei
2588 1148 2775 1202 nocte,
2810 1146 2868 1193 et
2899 1139 3329 1191 discedentibus
3354 1141 3741 1201 peccatorum
3772 1140 3851 1186 te-

2224 1218 2432 1278 nebris,
2450 1215 2727 1265 Exaudies
2740 1228 2911 1262 vocem
2930 1227 3129 1261 meam:
3147 1210 3313 1267 idest,
3326 1208 3610 1261 ostendes
3627 1221 3847 1260 vocem

2225 1302 2414 1342 meam
2438 1288 2789 1340 exauditam.

2288 1362 2338 1415 4.
2362 1361 2521 1409 Mane
2556 1358 2773 1407 adstabo
2812 1356 2907 1405 tibi
2930 1359 2975 1403 et
2990 1353 3449 1413 videbo.Adslabo,
3477 1351 3845 1415 inquit,non

533 1423 729 1484 autem
753 1431 1096 1495 relictis,qui
1120 1429 1484 1493 multiplicati
1504 1432 1642 1479 sunt
1658 1425 1967 1491 cupiditate
1984 1427 2130 1476 tem—
2217 1433 2439 1498 jacebo.
2468 1434 2668 1483 Jacere
2706 1428 2861 1480 enim
2900 1427 3005 1491 (Εαο
3042 1425 3382 1498 Augustino),
3430 1424 3494 1475 in
3558 1423 3841 1498 terrenis,

533 1502 832 1567 poralium,
877 1503 965 1555 vir
1003 1501 1183 1553 fidelis
1211 1500 1452 1562 exultat,
1475 1503 1532 1550 et
1560 1498 1724 1549 dicit:

595 1573 647 1628 9.
671 1576 735 1624 In
756 1574 959 1640 pacein
972 1573 1212 1637 idipsum
1225 1572 1501 1621 dormiam
1524 1576 1569 1619 et
1586 1568 1935 1640 requiescam,
1956 1567 2131 1640 Recte

534 1645 690 1696 enim
702 1636 1005 1709 superatur
1023 1636 1059 1695 a
1072 1642 1282 1694 talibus
1301 1639 1855 1693 omnimodamentis
1867 1636 2131 1709 alienatio

532 1727 569 1766 a
610 1707 948 1767 mortalibus
976 1715 1170 1776 rebus,
1210 1717 1269 1765 et
1312 1712 1674 1764 miseriarum
1717 1708 1916 1761 sazculi
1951 1707 2128 1771 hujus

536 1785 767 1849 oblivio,
794 1785 1172 1849 quaenomine
1196 1784 1553 1836 dormitionis
1570 1787 1625 1833 et
1650 1781 1837 1833 somni
1863 1781 2131 1831 decenter

2228 1495 2520 1568 quiescere
2546 1505 2652 1554 est.
2668 1503 2795 1552 Non
2817 1504 2905 1551 est
2928 1510 3063 1561 ergo
3081 1496 3485 1549 inhaerendum
3499 1495 3782 1557 terrenis,
3803 1496 3845 1544 si

2227 1577 2500 1628 volumus
2526 1576 2709 1624 Deum
2753 1572 2967 1624 videre.
3003 1569 3328 1632 Etexponit
3350 1580 3635 1619 caussam
3662 1579 3845 1631 quare

2226 1660 2396 1701 mane
2419 1646 2671 1697 adstabit
2694 1649 2751 1695 et
2769 1644 3015 1694 Videbit:
3040 1641 3315 1700 Quoniam
3350 1655 3457 1688 non
3486 1640 3638 1688 Deus
3666 1639 3847 1687 volens

2227 1720 2571 1783 iniquitatem
2598 1722 2733 1765 lues.
2760 1715 3057 1778 Iniquitas,
3073 1713 3413 1775 malignitas,
3434 1711 3845 1783 mendacium,

2228 1782 2624 1851 homicidium,
2660 1788 2827 1839 dolus
2851 1790 2907 1837 et
2931 1784 3203 1849 quicquid
3232 1782 3575 1846 hujusmodi
3594 1788 3715 1844 est,
3730 1795 3855 1855 nox.

536 1859 595 1949 ει
615 1856 944 1921 prephetice
980 1856 1352 1949 signiﬁfatur.
1394 1854 1522 1949 Sed:
1540 1854 1649 1905 hoc
1672 1864 1787 1949 nep
1814 1850 2129 1949 tenetur‘in

580 1938 642 1949 Α..
668 1928 781 1949 ..ξιιι
826 1927 1151 1949 ἕωλα-νυ...ηῇ
1202 1939 1295 1949 ...ν-Α
1320 1926 1471 1949 Αηιέκ
1522 1928 1684 1949 ..ιη-ειη
1780 1936 1841 1949 ΛΑ
1862 1927 1914 1949 nl
1953 1935 2055 1949 vynn
2076 1933 2122 1949 ια

2250 1866 2348 1914 ast:
2376 1874 2509 1924 quae
2525 1862 2874 1949 transeunte,
2892 1858 2957 1949 iit
2970 1869 3152 1917 mane,
3167 1860 3232 1908 ut
3243 1855 3512 1937 videatur
3523 1856 3717 1905 Deus.
3735 1850 3847 1933 Nos

534 1926 645 1978 hac
668 1928 805 1990 vita,
824 1927 940 1978 imo
952 1926 1298 1990 sperandum
1318 1926 1477 1978 estin
1497 1924 1709 1976 futura.
1724 1924 1843 1976 Hoc
1860 1927 1919 1974 et
1953 1921 2130 1975 verba

539 1998 855 2050 ostendunt
913 2010 1049 2061 quae
1107 1997 1283 2049 futuri
1341 1996 1614 2060 temporis
1672 1996 1826 2046 sunt.

600 2069 683 2124 10.
704 2070 976 2129 Quoniam
1018 2074 1074 2117 tu
1113 2069 1356 2132 Domine,
1390 2068 1745 2131 singulariter
1770 2068 1829 2115 in
1850 2081 1936 2130 spe
1952 2065 2139 2115 consti-

540 2142 688 2191 tuisti
718 2157 817 2191 me.
855 2144 1003 2192 Bene
1016 2142 1115 2205 ait,
1133 2141 1515 2204 Singulariter.
1541 2140 1707 2190 Periit
1724 2138 1878 2189 enim
1898 2138 2001 2202 (Ea:
2023 2139 2140 2187 Au-

537 2213 769 2278 gustino)
798 2212 1123 2276 supradicta
1137 2212 1532 2275 multiplicitas
1569 2214 1625 2262 et
1662 2213 1818 2261 tenet
1841 2210 1900 2261 in
1924 2208 2138 2260 sanctis

539 2284 933 2348 singularitas:
962 2284 1032 2334 de
1051 2284 1260 2347 quibus
1283 2283 1563 2335 diciturin
1580 2282 1819 2333 Actibus
1845 2282 2141 2346 Apostolo-

537 2368 685 2408 rum.
706 2355 1092 2407 Multitudinis
1116 2355 1470 2407 credentium
1486 2360 1608 2406 erat
1621 2368 1717 2405 cor
1729 2367 1929 2414 unum,
1956 2358 2014 2405 et
2029 2352 2140 2403 ani-

538 2440 636 2479 ma
657 2440 772 2479 una
792 2428 906 2489 (Act
923 2427 1013 2491 4.).
1056 2427 1382 2491 Singulares
1403 2439 1538 2490 ergo
1555 2432 1613 2478 et
1637 2425 1945 2489 simplices,
1969 2424 2137 2481 idest,

541 2499 747 2549 secreti
760 2510 793 2549 a
807 2497 1176 2549 multitudine
1188 2501 1245 2548 et
1259 2498 1424 2547 turba
1436 2497 1791 2547 nascentium
1804 2508 1993 2547 rerum
2009 2508 2139 2547 esse

542 2568 840 2631 debemus,
859 2574 917 2620 et
939 2572 1224 2620 amatores
1246 2568 1585 2620 aeternitatis
1612 2572 1669 2619 et
1692 2568 1947 2631 unitatis,
1977 2567 2023 2618 si
2038 2565 2141 2617 uni

542 2640 660 2692 Deo
684 2642 742 2692 et
755 2640 1001 2692 Domino
1034 2639 1317 2691 inhaerere
1352 2640 1638 2704 cupimus.

865 2780 1231 2846 TITULUS
1328 2780 1644 2847 PSALMI
1736 2780 1813 2845 V.

609 2914 659 2969 1.
686 2916 883 2964 Titulus
908 2917 1087 2964 Psalmi
1105 2915 1312 2976 est,Pro
1336 2930 1398 2963 ea
1411 2930 1525 2978 qua:
1542 2913 1897 2963 hereditatem
1922 2914 2136 2977 accipit.

548 2978 854 3039 Intelligitur
888 2980 1123 3036 Ecclesia,
1156 2994 1269 3038 qua)
1293 2979 1469 3038 accipit
1489 2980 1840 3038 luereditatem,
1867 2979 1918 3025 id
1943 2984 2031 3037 est,
2060 2980 2139 3024 vi-

550 3046 648 3089 tam
685 3048 914 3089 internum
954 3056 1040 3099 per
1078 3043 1343 3088 Dominum
1368 3044 1535 3088 Jesum
1563 3054 1575 3089 :
1600 3048 1651 3087 ut
1675 3042 1920 3100 possideat
1952 3042 2135 3103 ipsum,

550 3109 597 3152 et
632 3106 695 3152 ab
745 3106 854 3164 ipso
877 3106 1206 3164 possideatur.
1234 3106 1446 3152 Intentio
1474 3106 1696 3164 ejusdem
1733 3106 2043 3151 Ecclesiteest
2068 3105 2139 3150 in-

553 3169 646 3215 hoc
670 3166 878 3227 Psalmo,
905 3169 1086 3215 Omnes
1111 3168 1280 3215 ﬁdeles
1311 3168 1517 3230 orando,
1544 3172 1587 3214 et
1602 3169 1723 3214 bene
1747 3168 2143 3226 operandoinvi-

555 3234 656 3277 tare
684 3231 1100 3277 adhaereditatem
1126 3234 1323 3277 aeternio
1347 3231 1689 3291 beatitudinis,
1716 3230 1930 3289 seipsum
1955 3243 2142 3290 propo-

553 3293 718 3341 nendo
772 3293 827 3341 in
876 3294 1180 3354 exemplum,
1213 3296 1260 3339 et
1282 3293 1471 3340 orando
1495 3292 1586 3341 sic.

1071 3430 1475 3497 PSALMUS
1540 3431 1621 3497 V.

615 3580 663 3627 2.
692 3574 856 3626 Verba
897 3589 1020 3625 mea
1063 3574 1290 3625 auribus
1341 3575 1567 3639 percipe,
1626 3574 1876 3637 Domine,
1921 3574 2154 3637 intelligo

554 3648 843 3698 clamorem
858 3661 1060 3698 meum.
1085 3648 1303 3698 Vocata
1331 3646 1584 3698 Ecclesia
1606 3647 1710 3711 (Ea:
1724 3645 2047 3710 Augustino)
2062 3646 2153 3697 in-

556 3724 725 3773 vocat
736 3720 937 3778 Deum,
952 3724 1015 3769 ut
1027 3720 1111 3780 (eo
1122 3718 1455 3782 opitulante)
1471 3720 1824 3782 pertranseat
1837 3718 2154 3782 nequitiam

556 3789 754 3843 saeculi
770 3790 964 3854 hujus.
977 3792 1033 3841 et
1047 3790 1120 3841 ad
1143 3802 1275 3841 eum
1291 3790 1598 3854 perveniat.
1618 3793 1759 3852 Qua:
1782 3792 1977 3840 autem
2017 3791 2155 3839 sunt

555 3873 723 3914 aures
760 3861 1092 3923 divinitatis,
1136 3861 1249 3913 nisi
1293 3861 1476 3925 pietas
1506 3861 1632 3924 ejus
1655 3866 1711 3913 et
1745 3860 2151 3919 misericordia,

558 3935 772 3998 quibus
793 3946 901 3986 nos
912 3934 1107 3986 audire
1120 3934 1421 3997 dignatur?
1436 3935 1624 3998 Ipsius
1650 3946 1878 3997 quoque
1895 3938 1983 3984 est
1996 3931 2157 3984 intel-

554 4006 731 4071 ligere
769 4005 1077 4057 clamorem
1109 4010 1379 4057 nostrum
1420 4005 1719 4057 attendere
1754 4009 1812 4056 et
1840 4006 2155 4069 approbare

556 4078 740 4129 nostri
772 4076 962 4129 cordis
1007 4077 1375 4129 desiderium.
1424 4078 1614 4129 Verba
1656 4080 1856 4128 nostra
1876 4077 2155 4128 Dominus

557 4149 721 4212 quasi
746 4149 984 4199 auribus
1000 4150 1252 4213 percipit,
1277 4149 1509 4213 quando
1528 4152 1759 4199 nostras
1782 4161 1979 4214 preces
1996 4148 2083 4212 pie
2100 4151 2155 4199 et

555 4219 1000 4271 misericorditer
1034 4220 1293 4284 suscipit.
1322 4222 1553 4271 Etbene
1583 4225 1715 4284 post
1739 4222 1917 4273 verba
1941 4220 2157 4273 clamor

558 4291 627 4341 ad
630 4292 896 4354 jungitur
912 4308 923 4340 :
948 4290 1085 4353 quia
1104 4296 1242 4342 tunc
1256 4291 1483 4354 placent
1500 4293 1616 4342 Deo
1638 4293 1814 4343 verba
1834 4294 2049 4343 nostris
2062 4292 2154 4343 de—

559 4361 925 4427 precationis,
950 4362 1182 4425 quando
1213 4364 1615 4427 proceduntex
1639 4363 1919 4415 desiderio
1946 4364 2151 4415 cordis.

558 4434 705 4485 Hinc
716 4447 815 4499 per
832 4434 1169 4497 Apostolum
1183 4433 1408 4497 dicitur,
1424 4434 1670 4485 Psallam
1688 4436 1910 4498 spiritu,
1941 4437 2153 4497 psallam

558 4511 616 4558 et
638 4510 831 4557 mente
861 4507 921 4570 (1.
941 4506 1059 4556 Cor.
1076 4504 1196 4569 14.).
1225 4505 1330 4557 Sed
1355 4506 1490 4569 quia
1505 4519 1620 4558 non
1646 4507 1877 4568 sufficit,
1901 4512 1967 4559 ut
1984 4508 2156 4558 verba

560 4581 761 4629 nostra
781 4577 977 4629 audiat
1010 4579 1183 4638 Deus,
1201 4583 1257 4629 et
1280 4579 1586 4629 clamorem
1612 4580 1910 4645 intelligat,
1948 4579 2061 4630 nisi
2079 4577 2153 4630 ad

560 4649 829 4700 ell‘ectum
864 4648 1140 4712 perducat
1170 4660 1184 4702 :
1227 4655 1379 4702 recte
1398 4651 1769 4714 subjungitur
1795 4665 1807 4701 :

623 4719 674 4773 3.
702 4720 918 4768 Intende
962 4721 1073 4769 voci
1110 4722 1373 4770 orationis
1419 4738 1559 4782 meae,
1612 4738 1711 4771 rex
1750 4737 1897 4770 meus
1926 4724 1971 4770 et
2016 4722 2155 4771 Deus

562 4806 727 4839 meus.
754 4793 837 4841 Ac
862 4791 909 4841 si
933 4790 1173 4842 diceret:
1196 4793 1284 4843 Sic
1306 4794 1441 4845 audi
1458 4794 1649 4853 verba,
1678 4794 1759 4844 sic
1782 4793 2033 4857 intellige
2058 4793 2158 4845 de-

563 4861 788 4924 sideria,
814 4866 881 4913 ut
896 4864 1189 4926 probetrei
1204 4865 1461 4929 allectus,
1487 4869 1541 4917 te
1557 4865 1847 4917 intentum
1861 4879 1988 4917 esse
2012 4866 2157 4917 meis

562 4933 932 4987 orationibus.
961 4938 1030 4987 Et
1063 4936 1199 5000 quia
1220 4941 1437 4989 sanctae
1461 4936 1731 4988 Ecclesia:
1748 4938 1926 4989 oratio
1950 4951 2048 5001 per
2069 4938 2161 4989 Fi-

561 5006 702 5059 lium
746 5005 995 5059 mittitur
1040 5008 1114 5060 ad
1166 5010 1390 5060 Patrem
1418 5008 1626 5069 (Matth.
1654 5007 1742 5070 6.),
1771 5012 1902 5071 apte
1924 5009 2018 5069 ait,
2044 5010 2157 5059 Rea;

561 5094 709 5128 meus
749 5083 795 5128 et
839 5079 979 5129 Deus
1015 5094 1179 5129 meus.
1232 5081 1336 5131 Per
1370 5091 1566 5142 regem
1606 5080 1761 5130 enim
1798 5080 2158 5146 Filiumzper

561 5152 765 5214 Deum,
800 5152 1021 5203 Patrem
1049 5150 1336 5215 designat.
1376 5152 1447 5201 Et
1473 5149 1652 5200 Filius
1676 5151 1773 5215 ait,
1801 5153 1902 5202 Per
1926 5166 2017 5204 me
2040 5154 2157 5205 itur

559 5224 639 5294 ad,
652 5223 874 5274 Patrem
889 5223 1071 5286 (Joan.
1086 5221 1236 5294 ii_.)._
1255 5222 1426 5294 Recte
1453 5219 1563 5287 22
1585 5235 1712 5279 ergo
1727 5225 1809 5285 (ex
1831 5224 2151 5294 Augustino)

560 5292 743 5357 primo
764 5309 862 5343 reae
887 5307 1035 5341 meus
1068 5291 1274 5343 deinde
1299 5292 1437 5341 Deus
1462 5308 1622 5342 meus.
1653 5295 1766 5345 Nec
1791 5299 1981 5347 tamen
2009 5291 2157 5347 dixit

561 5365 868 5427 Intendite,
895 5364 996 5414 sed
1012 5363 1250 5413 Intende:
1278 5363 1415 5427 quia
1438 5366 1601 5417 Pater
1622 5367 1678 5417 et
1702 5365 1878 5418 Filius
1898 5380 2016 5418 non
2039 5367 2154 5419 duo

561 5436 667 5496 Dii,
686 5435 787 5487 sed
806 5447 958 5486 unus
982 5438 1073 5485 est
1095 5434 1269 5487 Deus.
1310 5436 1552 5486 Causam
1578 5448 1807 5500 quoque
1832 5438 2152 5502 subjungit,

558 5520 736 5570 quare
761 5504 1119 5557 exaudienda
1145 5506 1239 5570 sit,
1286 5519 1419 5558 cum
1454 5508 1803 5559 subinrertur
1830 5524 1842 5560 :

620 5579 671 5634 3.
703 5578 977 5637 Quoniam
1006 5578 1079 5627 ad
1109 5583 1152 5628 te
1176 5579 1336 5629 orabo
1374 5579 1619 5631 Domine.
1658 5581 1726 5631 Et
1762 5580 2026 5644 protinus
2054 5581 2155 5632 ad-

552 5650 765 5715 jungit,
783 5650 944 5700 Mane
953 5650 1207 5700 exaudiet;
1222 5667 1394 5702 vocem
1408 5666 1600 5712 meam,
1615 5656 1724 5704 etc.
1742 5652 1886 5713 Quid
1899 5657 1989 5703 est
2001 5653 2152 5716 quod

624 5802 640 5823 ·
663 5794 834 5858 Apud
858 5795 1181 5859 Augustin,
1214 5794 1739 5848 contradicentibus
1759 5795 2008 5862 vulgatis
2026 5810 2150 5850 om-

557 5865 728 5917 nibus
750 5867 807 5916 et
830 5866 963 5916 Mss.
988 5866 1206 5930 aliquot
1216 5866 1392 5930 libris,
1419 5867 1668 5932 denique
1685 5868 1933 5923 Auctore
1948 5875 2148 5924 nostro

563 5935 884 6001 repositum
916 5938 1019 6000 est,
1086 5938 1494 5993 invocationem.

2172 3249 2221 3321 C

2234 1933 2492 1998 quandiu
2516 1932 2576 1983 in
2604 1931 2711 1983 hoc
2738 1930 2950 1982 szeculo
2972 1930 3122 1981 inter
3144 1927 3490 1981 tentationes
3523 1939 3766 1985 sumus,
3793 1925 3848 1975 in

2235 2008 2602 2070 peccatorum
2620 2003 3140 2065 tenebrisjacemus
3163 2014 3177 2063 ;
3192 2013 3297 2051 nec
3312 2012 3516 2051 verum
3532 1998 3744 2070 statim
3756 1998 3851 2047 11:1-

2236 2069 2459 2138 bemus,
2480 2089 2585 2126 nec
2600 2075 2875 2127 veraciter
2888 2074 3171 2125 videmus.
3186 2071 3474 2123 Veraciter
3488 2069 3655 2120 enim
3677 2071 3848 2125 stare.

2236 2154 2326 2200 est
2349 2149 2409 2200 in
2424 2147 2765 2200 aeternitatis
2795 2145 3148 2197 beatitudine
3176 2154 3531 2207 permanere:
3551 2145 3612 2191 et
3642 2153 3849 2192 verum

2237 2221 2451 2283 videre,
2477 2224 2567 2270 est
2587 2220 2770 2270 Deum
2787 2218 2847 2268 in
2872 2229 2979 2267 sua
3001 2216 3297 2278 majestate
3314 2212 3721 2276 contemplari.
3744 2211 3850 2261 Sed

2237 2292 2330 2344 ille
2344 2292 2441 2355 qui
2458 2291 2737 2342 veraciter
2746 2294 2851 2351 est,
2865 2294 2924 2340 et
2935 2285 3419 2339 incommutabilis
3434 2287 3658 2347 manet,
3674 2284 3852 2349 Apud

2239 2377 2411 2427 quem
2451 2365 2536 2425 (ut
2558 2363 2808 2414 Jacobus
2833 2362 2929 2423 ait)
2942 2372 3059 2411 non
3083 2364 3171 2409 est
3188 2356 3612 2419 transmutatio,
3636 2368 3751 2406 nec
3777 2357 3855 2406 vi-

2238 2434 2593 2486 cissitudinis
2616 2429 3295 2493 obumbratio(Jacob.i.),
3320 2428 3597 2492 quoniam
3621 2441 3752 2479 non
3767 2433 3849 2477 est

2239 2509 2394 2559 Deus
2426 2507 2525 2570 qui
2558 2504 2923 2568 iniquitatem
2943 2503 3082 2554 velit
3107 2519 3118 2550 :
3151 2500 3352 2552 ideoin
3376 2500 3482 2551 hoc
3504 2500 3735 2551 saeculo
3755 2501 3850 2549 ubi

2237 2579 2511 2642 iniquitas
2538 2577 2810 2639 abundat,
2839 2576 3095 2639 seipsum
3132 2585 3250 2624 non
3269 2571 3543 2623 ostendit.
3570 2571 3685 2621 Sed
3715 2572 3850 2633 quia

2238 2650 2498 2701 futurum
2514 2653 2621 2711 est,
2654 2652 2720 2699 ut
2730 2660 2847 2698 nox
2861 2646 3037 2710 hujus
3052 2644 3368 2708 iniquitatis
3384 2646 3771 2707 pertranseat,
3797 2650 3849 2691 et

2238 2734 2423 2783 mane,
2472 2720 2528 2771 id
2566 2724 2672 2779 est,
2719 2719 2779 2770 in
2800 2717 3214 2770 resurrectione
3236 2715 3445 2767 electos
3471 2726 3612 2765 suos
3646 2714 3851 2765 adim—

2238 2792 2601 2844 mortalitatis
2636 2794 2853 2841 statum
2887 2795 2946 2841 et
2970 2802 3094 2841 sum
3116 2786 3619 2851 contemplationis
3645 2786 3847 2835 visum

2241 2864 2533 2916 restituat:
2556 2865 2710 2915 Voce
2734 2862 3005 2914 Ecclesia:
3018 2862 3242 2913 dicatur
3253 2864 3419 2919 recte,
3434 2859 3595 2906 Mane
3616 2858 3847 2905 adstabo

2242 2934 2580 2985 tibietvidebo
2608 2950 2620 2986 :
2641 2934 2907 2998 quoniam
2932 2950 3041 2982 non
3062 2934 3199 2981 Deus
3224 2930 3771 2993 volensiniquitatem
3792 2935 3845 2975 tu

2239 3022 2306 3057 es.
2326 3007 2468 3068 Quia
2492 3018 2628 3057 vero
2651 3004 2711 3055 in
2733 3004 3063 3056 collectione
3079 3004 3369 3067 justorum
3387 2999 3715 3064 reprobatio
3751 2999 3846 3049 fiet

2240 3078 2546 3141 impiorum
2570 3077 2784 3138 (Matth.
2811 3075 2919 3138 '25),
2944 3080 3091 3126 recte
3118 3073 3519 3137 subjungitur:

2305 3148 2356 3203 5.
2383 3150 2566 3212 Neque
2592 3147 2853 3197 habitabit
2877 3146 3047 3210 juxta
3072 3153 3115 3196 te
3139 3146 3851 3210 malignus,nequeperma-

2244 3221 2443 3270 nebunt
2470 3221 2523 3269 in
2524 3220 2649 3284 justi
2678 3225 2801 3268 ante
2821 3219 2997 3268 oculos
3034 3223 3167 3269 tuos.
3194 3216 3474 3282 Malignus
3504 3215 3677 3278 quasi
3698 3216 3847 3266 malo

2248 3292 2382 3356 igne
2405 3292 2608 3357 plenus
2626 3291 2849 3342 dicitur.
2876 3289 3108 3354 Maligni
3140 3302 3275 3353 ergo
3298 3288 3530 3341 nomine
3562 3298 3850 3338 numerus

2249 3363 2565 3415 inﬁdelium
2592 3362 2882 3425 designari
2904 3364 3112 3425 potest,
3142 3359 3467 3425 quidumin
3486 3357 3850 3411 infidelitatis

2252 3447 2438 3486 errore
2454 3435 2791 3498 persistunt,
2810 3433 3165 3497 malignitate
3178 3445 3284 3484 sua
3293 3433 3505 3483 bonum
3520 3430 3718 3495 ignem
3735 3442 3853 3494 gra-

2252 3506 2347 3557 tiae
2373 3504 2685 3569 spiritualis
2710 3506 3104 3557 contemnunt.
3119 3503 3324 3569 Injusti
3340 3506 3535 3555 autem
3547 3503 3685 3553 sunt
3698 3502 3808 3564 qui
3824 3512 3855 3549 a

2252 3578 2404 3629 bono
2428 3590 2593 3641 opere
2616 3579 2961 3643 torpescunt.
2990 3579 3166 3628 Juxta
3195 3576 3502 3628 Dominum
3527 3586 3663 3637 ergo
3683 3572 3854 3625 mali-

2253 3662 2405 3713 gnus
2419 3662 2538 3700 non
2552 3648 2852 3711 habitabit,
2871 3649 3007 3710 quia
3024 3651 3182 3701 tanto
3209 3652 3345 3699 tunc
3360 3648 3432 3698 ab
3444 3650 3675 3697 auctore
3688 3645 3855 3709 justi-

2257 3721 2349 3773 tiaa
2393 3720 2709 3771 inﬁdelium
2756 3732 3031 3770 numerus
3056 3721 3372 3784 elongatur,
3397 3722 3615 3782 quanto
3639 3729 3803 3768 nunc
3824 3729 3853 3766 a

2246 3793 2471 3856 justitia
2513 3792 2645 3842 ﬁdei
2674 3790 3045 3855 disjungitur.
3073 3793 3280 3853 Injusti
3310 3803 3537 3855 quoque
3565 3794 3702 3840 ante
3729 3791 3854 3853 ejus

2254 3864 2451 3917 oculos
2478 3868 2608 3915 tuos
2641 3876 2971 3926 permanere
2982 3876 3099 3914 non
3124 3863 3333 3925 valent,
3352 3864 3672 3927 quianunc,
3690 3862 3852 3912 vide-

2254 3937 2386 3988 licet
2400 3936 2741 3998 inOperibus
2756 3936 3139 3998 tenebrarum,
3165 3934 3470 3997 perdurare
3482 3946 3600 3986 non
3626 3934 3847 3985 timent.

2254 4008 2460 4059 Adhuc
2484 4008 2654 4059 etiam
2680 4007 2749 4057 de
2766 4006 3022 4070 reprobis
3048 4005 3347 4057 subditur:

2318 4080 2367 4133 6.
2399 4079 2566 4129 Odisti
2611 4093 2791 4127 omnes
2836 4078 2932 4141 qui
2965 4083 3262 4142 operantur
3279 4076 3644 4140 iniquitatem,
3670 4077 3852 4141 perdes

2256 4167 2436 4201 omnes
2457 4151 2553 4215 qui
2590 4150 2890 4214 loquuntur
2914 4150 3278 4199 mendacium.
3304 4148 3510 4200 Perdes
3527 4160 3735 4199 omnes
3761 4148 3853 4211 qui

2254 4236 2372 4274 non
2393 4223 2577 4273 solum
2594 4227 2897 4286 operantur
2922 4234 3056 4284 qua;
3073 4221 3262 4283 odisti,
3286 4220 3383 4271 sed
3409 4220 3581 4271 etiam
3605 4218 3850 4283 loquun-

2256 4308 2350 4355 tur
2369 4293 2969 4356 mendacium,falsam
2988 4293 3271 4357 justitiam
3297 4291 3721 4356 praetendendo,
3752 4304 3851 4342 nec

2254 4368 2314 4419 in
2340 4366 2675 4430 paenitentia
2691 4365 3015 4416 confitendo
3042 4364 3151 4432 23
3184 4369 3433 4429 peccata.
3482 4364 3608 4413 Non
3652 4364 3852 4426 perdes

2255 4444 2449 4491 autem
2463 4438 2510 4488 si
2536 4438 2886 4502 paenitendo,
2900 4437 3199 4489 veritatem
3211 4437 3537 4500 loquuntur,
3553 4440 3620 4486 ut
3636 4435 3856 4487 facien-

2255 4511 2508 4562 doistam
2523 4510 2839 4569 veritatem,
2863 4510 3094 4561 veniant
3117 4509 3188 4559 ad
3214 4508 3416 4562 lucem.
3431 4509 3534 4558 Per
3550 4511 3851 4571 operantes

2260 4583 2639 4646 iniquitatem,
2653 4582 3031 4645 designantur
3051 4582 3127 4641 hi,
3143 4581 3240 4644 qui
3251 4594 3364 4632 non
3378 4579 3564 4631 solum
3577 4580 3733 4631 bona
3744 4592 3852 4631 non

2175 4622 2233 4696 D
2262 4622 2496 4714 faciunt,
2513 4622 3071 4718 sedetiambperverse
3088 4622 3306 4704 vivirunt.
3326 4654 3477 4713 Quos
3488 4652 3852 4714 omnipotens

2258 4728 2413 4778 Deus
2446 4726 2583 4785 odit,
2630 4725 2688 4776 id
2712 4730 2818 4788 est,
2835 4725 2963 4776 odio
2982 4738 3087 4775 suo
3109 4725 3316 4789 dignos
3335 4722 3611 4783 ostendit,
3630 4725 3690 4773 et
3719 4725 3849 4786 quia

2255 4810 2354 4849 eos
2371 4798 2431 4848 in
2437 4798 2681 4861 justitiaa
2699 4810 2821 4848 suae
2838 4797 3031 4860 regula
3047 4809 3163 4848 non
3195 4796 3507 4860 cognoscit,
3525 4807 3559 4845 a
3571 4807 3682 4845 suo
3694 4807 3852 4846 amo-

2256 4881 2315 4919 re
2360 4869 2619 4933 repulsos
2655 4869 2712 4919 in
2737 4874 3016 4920 aeternum
3040 4868 3224 4931 punit.
3252 4870 3356 4918 Per
3377 4866 3676 4929 loquentes
3715 4879 3847 4917 vero

2254 4940 2621 4991 mendacium
2634 4940 2887 4993 hmretici
2900 4952 3015 4991 non
3025 4939 3309 4990 immerito
3321 4951 3421 5003 pos
3429 4937 3819 5001 suntintelligi
3834 4952 3844 4986 :

2255 5011 2353 5075 qui
2370 5024 2475 5061 sua
2490 5010 2730 5062 falsitate
2758 5012 3059 5063 veritatem
3088 5011 3217 5062 ﬁdei
3234 5015 3514 5062 conantur
3529 5008 3845 5068 destruere,

2256 5094 2402 5145 quos
2420 5083 2715 5133 districtus
2718 5083 2895 5147 judex
2909 5096 3043 5134 cum
3054 5082 3309 5146 reprobis
3319 5080 3532 5146 perdet.
3546 5078 3691 5140 Quia
3702 5080 3845 5130 sicut

2253 5154 2331 5205 ibi
2348 5154 2697 5206 damnantur
2720 5168 2792 5206 ex
2828 5167 3003 5219 pravo
3040 5167 3225 5218 opere,
3242 5154 3321 5204 ita
3342 5152 3402 5204 hi
3426 5164 3656 5216 quoque
3681 5151 3836 5202 dam-

2253 5225 2429 5276 nandi
2451 5228 2671 5277 suntex
2685 5238 2860 5290 prava
2879 5225 3183 5277 locutione.
3197 5224 3300 5275 Vel
3315 5224 3423 5276 hoc
3453 5222 3624 5273 modo
3660 5225 3841 5286 potest

2253 5297 2464 5361 exponi
2488 5311 2500 5347 :
2526 5298 2718 5347 Perdcs
2741 5312 2921 5347 omnes
2936 5298 3031 5361 qui
3056 5297 3353 5360 loquuntur
3376 5294 3751 5343 mendacium:
3788 5293 3837 5343 id

2253 5373 2359 5429 est,
2378 5368 2604 5421 veritati
2615 5368 2965 5420 contrarium
2981 5386 2990 5416 :
3008 5368 3160 5432 quod
3176 5368 3503 5419 recedentes
3521 5366 3593 5416 ab
3605 5377 3672 5417 eo
3689 5364 3835 5428 quod

2252 5445 2358 5499 est,
2410 5440 2482 5491 ad
2520 5441 2574 5490 id
2600 5440 2751 5503 quod
2776 5453 2894 5492 non
2916 5440 3056 5502 est,“
3082 5439 3386 5491 declinant.
3417 5437 3578 5489 Unde
3598 5437 3701 5499 (Ea:
3724 5437 3837 5485 Au-

2250 5512 2483 5575 gustino)
2499 5512 2809 5575 Apostolus
2823 5512 2919 5575 ait,
2938 5511 3187 5572 Quidicit
3204 5525 3265 5562 se
3280 5512 3337 5562 in
3354 5510 3574 5561 Christo
3593 5516 3835 5559 manere.

2252 5588 2309 5634 et
2322 5583 2592 5634 mandata
2606 5584 2733 5646 ejus
2746 5597 2863 5635 non
2880 5584 3149 5644 custodit,
3169 5582 3418 5633 mendax
3434 5583 3522 5632 est
3536 5580 3601 5645 (1.
3616 5580 3830 5637 Joan.7)

2249 5657 2375 5708 Duo
2400 5660 2537 5707 sunt
2568 5668 2779 5719 genera
2811 5655 3240 5707 mendaciorum
3268 5655 3370 5719 (Ea:
3398 5654 3615 5716 eodem),
3638 5652 3697 5703 in
3714 5651 3834 5716 qui-

2310 5797 2331 5827 δ
2357 5799 2649 5852 Postrema
2698 5798 3006 5865 Augustini
3050 5798 3215 5863 Edit.,
3243 5798 3602 5861 declinantur,
3653 5796 3834 5848 minus

2248 5874 2419 5998 Echetli,
2447 5876 2505 5924 et
2546 5870 2796 5937 vulgatis
2832 5884 3063 5936 quoque
3087 5875 3255 5924 antea
3272 5869 3432 5923 libris
3461 5868 3831 5922 contradicen-
