  <div class='ocr_page' id='page_1' title='image "/cluster/home/n/w/nwhite01/storage/ocr_20150623/21/umn.319510024773153/334.png"; bbox 0 0 3900 6390; ppageno 0'>
   <div class='ocr_carea' id='block_1_1' title="bbox 1030 375 3359 436">
    <p class='ocr_par' dir='ltr' id='par_1_1' title="bbox 1030 375 3359 436">
     <span class='ocr_line' id='line_1_1' title="bbox 1030 375 3359 436; baseline 0 -2"><span class='ocrx_word' id='word_1_1' title='bbox 1030 383 1107 436; x_wconf 87' lang='grc' dir='ltr'>ΙΝ</span> <span class='ocrx_word' id='word_1_2' title='bbox 1164 377 1489 433; x_wconf 82' lang='lat' dir='ltr'>PSALMOS</span> <span class='ocrx_word' id='word_1_3' title='bbox 1542 375 1752 430; x_wconf 78' lang='lat' dir='ltr'><strong>LXXV</strong></span> <span class='ocrx_word' id='word_1_4' title='bbox 1809 376 2384 432; x_wconf 81' lang='lat' dir='ltr'>COMMENTARIUS.</span> <span class='ocrx_word' id='word_1_5' title='bbox 3253 377 3359 435; x_wconf 76' lang='grc'>662</span> 
     </span>
    </p>
   </div>
   <div class='ocr_carea' id='block_1_2' title="bbox 1687 489 3360 576">
    <p class='ocr_par' dir='ltr' id='par_1_2' title="bbox 1687 489 3360 576">
     <span class='ocr_line' id='line_1_2' title="bbox 1687 489 3360 576; baseline -0.003 -32"><span class='ocrx_word' id='word_1_6' title='bbox 1687 491 1742 568; x_wconf 72' lang='grc' dir='ltr'><strong>Α</strong></span> <span class='ocrx_word' id='word_1_7' title='bbox 1762 496 1996 576; x_wconf 73' lang='lat' dir='ltr'>sanctos</span> <span class='ocrx_word' id='word_1_8' title='bbox 2021 491 2326 576; x_wconf 76' lang='lat' dir='ltr'>prophetas</span> <span class='ocrx_word' id='word_1_9' title='bbox 2349 496 2406 545; x_wconf 90' lang='lat' dir='ltr'>et</span> <span class='ocrx_word' id='word_1_10' title='bbox 2420 489 2677 576; x_wconf 72' lang='lat' dir='ltr'>famulos</span> <span class='ocrx_word' id='word_1_11' title='bbox 2695 503 2834 544; x_wconf 89' lang='lat' dir='ltr'>suos</span> <span class='ocrx_word' id='word_1_12' title='bbox 2849 489 3174 576; x_wconf 79' lang='lat' dir='ltr'>secundum</span> <span class='ocrx_word' id='word_1_13' title='bbox 3189 491 3360 576; x_wconf 66' lang='lat' dir='ltr'>distri-</span> 
     </span>
    </p>
   </div>
   <div class='ocr_carea' id='block_1_3' title="bbox 1762 561 3360 630">
    <p class='ocr_par' dir='ltr' id='par_1_3' title="bbox 1762 561 3360 630">
     <span class='ocr_line' id='line_1_3' title="bbox 1762 561 3360 630; baseline 0 -14"><span class='ocrx_word' id='word_1_14' title='bbox 1762 565 2060 617; x_wconf 90' lang='lat' dir='ltr'>butionem</span> <span class='ocrx_word' id='word_1_15' title='bbox 2081 569 2400 630; x_wconf 81' lang='lat' dir='ltr'>temporum</span> <span class='ocrx_word' id='word_1_16' title='bbox 2421 563 2580 616; x_wconf 81' lang='lat' dir='ltr'>dedit</span> <span class='ocrx_word' id='word_1_17' title='bbox 2599 562 2823 616; x_wconf 88' lang='lat' dir='ltr'>minora</span> <span class='ocrx_word' id='word_1_18' title='bbox 2846 566 3131 628; x_wconf 78' lang='lat' dir='ltr'>praecepta</span> <span class='ocrx_word' id='word_1_19' title='bbox 3148 561 3360 627; x_wconf 91' lang='lat' dir='ltr'>populo</span> 
     </span>
    </p>
   </div>
   <div class='ocr_carea' id='block_1_4' title="bbox 1763 633 3360 702">
    <p class='ocr_par' dir='ltr' id='par_1_4' title="bbox 1763 633 3360 702">
     <span class='ocr_line' id='line_1_4' title="bbox 1763 633 3360 702; baseline -0.002 -14"><span class='ocrx_word' id='word_1_20' title='bbox 1763 650 1936 700; x_wconf 86' lang='lat' dir='ltr'>quem</span> <span class='ocrx_word' id='word_1_21' title='bbox 1969 637 2158 690; x_wconf 87' lang='lat' dir='ltr'>adhuc</span> <span class='ocrx_word' id='word_1_22' title='bbox 2182 637 2380 688; x_wconf 82' lang='lat' dir='ltr'>timore</span> <span class='ocrx_word' id='word_1_23' title='bbox 2403 635 2622 702; x_wconf 88' lang='lat' dir='ltr'>alligari</span> <span class='ocrx_word' id='word_1_24' title='bbox 2651 636 2988 700; x_wconf 89' lang='lat' dir='ltr'>oportebat:</span> <span class='ocrx_word' id='word_1_25' title='bbox 3015 647 3116 700; x_wconf 92' lang='lat' dir='ltr'>per</span> <span class='ocrx_word' id='word_1_26' title='bbox 3151 633 3360 686; x_wconf 89' lang='lat' dir='ltr'>Filium</span> 
     </span>
    </p>
   </div>
   <div class='ocr_carea' id='block_1_5' title="bbox 1763 707 3362 774">
    <p class='ocr_par' dir='ltr' id='par_1_5' title="bbox 1763 707 3362 774">
     <span class='ocr_line' id='line_1_5' title="bbox 1763 707 3362 774; baseline -0.001 -13"><span class='ocrx_word' id='word_1_27' title='bbox 1763 723 1937 761; x_wconf 89' lang='lat' dir='ltr'>suum</span> <span class='ocrx_word' id='word_1_28' title='bbox 1980 710 2198 774; x_wconf 86' lang='lat' dir='ltr'>majora</span> <span class='ocrx_word' id='word_1_29' title='bbox 2228 708 2454 774; x_wconf 87' lang='lat' dir='ltr'>pepulo,</span> <span class='ocrx_word' id='word_1_30' title='bbox 2493 721 2666 772; x_wconf 87' lang='lat' dir='ltr'>quem</span> <span class='ocrx_word' id='word_1_31' title='bbox 2699 708 2935 760; x_wconf 89' lang='lat' dir='ltr'>caritate</span> <span class='ocrx_word' id='word_1_32' title='bbox 2967 708 3088 772; x_wconf 90' lang='lat' dir='ltr'>jam</span> <span class='ocrx_word' id='word_1_33' title='bbox 3119 707 3362 774; x_wconf 88' lang='lat' dir='ltr'>liberare</span> 
     </span>
    </p>
   </div>
   <div class='ocr_carea' id='block_1_6' title="bbox 1764 773 3363 844">
    <p class='ocr_par' dir='ltr' id='par_1_6' title="bbox 1764 773 3363 844">
     <span class='ocr_line' id='line_1_6' title="bbox 1764 773 3363 844; baseline -0.002 -11"><span class='ocrx_word' id='word_1_34' title='bbox 1764 773 2127 834; x_wconf 69' lang='lat' dir='ltr'>convenerat.</span> <span class='ocrx_word' id='word_1_35' title='bbox 2177 773 2290 832; x_wconf 87' lang='lat' dir='ltr'>Nec</span> <span class='ocrx_word' id='word_1_36' title='bbox 2339 781 2550 831; x_wconf 90' lang='lat' dir='ltr'>mirum</span> <span class='ocrx_word' id='word_1_37' title='bbox 2595 782 2684 831; x_wconf 88' lang='lat' dir='ltr'>est</span> <span class='ocrx_word' id='word_1_38' title='bbox 2721 779 2876 844; x_wconf 90' lang='lat' dir='ltr'>quod</span> <span class='ocrx_word' id='word_1_39' title='bbox 2911 779 3124 832; x_wconf 89' lang='lat' dir='ltr'>dantur</span> <span class='ocrx_word' id='word_1_40' title='bbox 3145 773 3363 842; x_wconf 74' lang='lat' dir='ltr'>majora</span> 
     </span>
    </p>
   </div>
   <div class='ocr_carea' id='block_1_7' title="bbox 1762 850 3362 920">
    <p class='ocr_par' dir='ltr' id='par_1_7' title="bbox 1762 850 3362 920">
     <span class='ocr_line' id='line_1_7' title="bbox 1762 850 3362 920; baseline -0.003 -14"><span class='ocrx_word' id='word_1_41' title='bbox 1762 859 2050 920; x_wconf 70' lang='lat' dir='ltr'>praecepta</span> <span class='ocrx_word' id='word_1_42' title='bbox 2072 857 2302 918; x_wconf 83' lang='lat' dir='ltr'>propter</span> <span class='ocrx_word' id='word_1_43' title='bbox 2320 864 2564 916; x_wconf 87' lang='lat' dir='ltr'>regnum</span> <span class='ocrx_word' id='word_1_44' title='bbox 2575 850 2866 915; x_wconf 70' lang='lat' dir='ltr'>caelorum,</span> <span class='ocrx_word' id='word_1_45' title='bbox 2890 855 2950 903; x_wconf 91' lang='lat' dir='ltr'>et</span> <span class='ocrx_word' id='word_1_46' title='bbox 2979 850 3206 903; x_wconf 88' lang='lat' dir='ltr'>minora</span> <span class='ocrx_word' id='word_1_47' title='bbox 3227 851 3362 902; x_wconf 90' lang='lat' dir='ltr'>data</span> 
     </span>
    </p>
   </div>
   <div class='ocr_carea' id='block_1_8' title="bbox 1765 921 3362 990">
    <p class='ocr_par' dir='ltr' id='par_1_8' title="bbox 1765 921 3362 990">
     <span class='ocr_line' id='line_1_8' title="bbox 1765 921 3362 990; baseline -0.003 -12"><span class='ocrx_word' id='word_1_48' title='bbox 1765 931 1905 978; x_wconf 91' lang='lat' dir='ltr'>sunt</span> <span class='ocrx_word' id='word_1_49' title='bbox 1934 929 2162 990; x_wconf 79' lang='lat' dir='ltr'>propter</span> <span class='ocrx_word' id='word_1_50' title='bbox 2183 937 2384 988; x_wconf 86' lang='lat' dir='ltr'>regum</span> <span class='ocrx_word' id='word_1_51' title='bbox 2408 929 2714 981; x_wconf 90' lang='lat' dir='ltr'>terrenum,</span> <span class='ocrx_word' id='word_1_52' title='bbox 2755 925 2828 974; x_wconf 91' lang='lat' dir='ltr'>ab</span> <span class='ocrx_word' id='word_1_53' title='bbox 2861 922 3061 975; x_wconf 90' lang='lat' dir='ltr'>eodem</span> <span class='ocrx_word' id='word_1_54' title='bbox 3078 923 3192 974; x_wconf 89' lang='lat' dir='ltr'>Deo</span> <span class='ocrx_word' id='word_1_55' title='bbox 3225 921 3362 976; x_wconf 89' lang='lat' dir='ltr'>vivo</span> 
     </span>
    </p>
   </div>
   <div class='ocr_carea' id='block_1_9' title="bbox 1765 993 3362 1062">
    <p class='ocr_par' dir='ltr' id='par_1_9' title="bbox 1765 993 3362 1062">
     <span class='ocr_line' id='line_1_9' title="bbox 1765 993 3362 1062; baseline -0.005 -12"><span class='ocrx_word' id='word_1_56' title='bbox 1765 999 1867 1062; x_wconf 87' lang='lat' dir='ltr'>qui</span> <span class='ocrx_word' id='word_1_57' title='bbox 1889 999 2018 1050; x_wconf 82' lang='lat' dir='ltr'>fecit</span> <span class='ocrx_word' id='word_1_58' title='bbox 2039 996 2246 1048; x_wconf 79' lang='lat' dir='ltr'>caelum</span> <span class='ocrx_word' id='word_1_59' title='bbox 2263 1000 2321 1047; x_wconf 87' lang='lat' dir='ltr'>et</span> <span class='ocrx_word' id='word_1_60' title='bbox 2347 999 2576 1059; x_wconf 88' lang='lat' dir='ltr'>terram,</span> <span class='ocrx_word' id='word_1_61' title='bbox 2603 993 2702 1058; x_wconf 88' lang='lat' dir='ltr'>qui</span> <span class='ocrx_word' id='word_1_62' title='bbox 2719 993 2878 1046; x_wconf 90' lang='lat' dir='ltr'>solus</span> <span class='ocrx_word' id='word_1_63' title='bbox 2900 994 3065 1046; x_wconf 90' lang='lat' dir='ltr'>novit</span> <span class='ocrx_word' id='word_1_64' title='bbox 3087 1009 3362 1056; x_wconf 78' lang='lat' dir='ltr'>congruen-</span> 
     </span>
    </p>
   </div>
   <div class='ocr_carea' id='block_1_10' title="bbox 1769 1065 3363 1132">
    <p class='ocr_par' dir='ltr' id='par_1_10' title="bbox 1769 1065 3363 1132">
     <span class='ocr_line' id='line_1_10' title="bbox 1769 1065 3363 1132; baseline -0.006 -10"><span class='ocrx_word' id='word_1_65' title='bbox 1769 1075 1883 1122; x_wconf 91' lang='lat' dir='ltr'>tem</span> <span class='ocrx_word' id='word_1_66' title='bbox 1909 1070 2030 1121; x_wconf 88' lang='lat' dir='ltr'>suis</span> <span class='ocrx_word' id='word_1_67' title='bbox 2056 1067 2408 1132; x_wconf 71' lang='lat' dir='ltr'>temporibus</span> <span class='ocrx_word' id='word_1_68' title='bbox 2431 1066 2625 1130; x_wconf 86' lang='lat' dir='ltr'>generi</span> <span class='ocrx_word' id='word_1_69' title='bbox 2647 1065 2902 1117; x_wconf 87' lang='lat' dir='ltr'>humano</span> <span class='ocrx_word' id='word_1_70' title='bbox 2930 1065 3199 1118; x_wconf 82' lang='lat' dir='ltr'>exhibere</span> <span class='ocrx_word' id='word_1_71' title='bbox 3211 1065 3363 1114; x_wconf 84' lang='lat' dir='ltr'>medi-</span> 
     </span>
    </p>
   </div>
   <div class='ocr_carea' id='block_1_11' title="bbox 1765 1135 3362 1202">
    <p class='ocr_par' dir='ltr' id='par_1_11' title="bbox 1765 1135 3362 1202">
     <span class='ocr_line' id='line_1_11' title="bbox 1765 1135 3362 1202; baseline -0.003 -9"><span class='ocrx_word' id='word_1_72' title='bbox 1765 1143 1968 1194; x_wconf 88' lang='lat' dir='ltr'>cinam.</span> <span class='ocrx_word' id='word_1_73' title='bbox 1989 1143 2066 1191; x_wconf 92' lang='lat' dir='ltr'>De</span> <span class='ocrx_word' id='word_1_74' title='bbox 2085 1139 2192 1191; x_wconf 89' lang='lat' dir='ltr'>hac</span> <span class='ocrx_word' id='word_1_75' title='bbox 2203 1151 2308 1190; x_wconf 86' lang='lat' dir='ltr'>sua</span> <span class='ocrx_word' id='word_1_76' title='bbox 2311 1139 2330 1202; x_wconf 91' lang='lat' dir='ltr'>j</span> <span class='ocrx_word' id='word_1_77' title='bbox 2343 1137 2539 1190; x_wconf 88' lang='lat' dir='ltr'>ustitia</span> <span class='ocrx_word' id='word_1_78' title='bbox 2560 1150 2668 1190; x_wconf 92' lang='lat' dir='ltr'>nos</span> <span class='ocrx_word' id='word_1_79' title='bbox 2685 1137 2960 1189; x_wconf 90' lang='lat' dir='ltr'>admonet</span> <span class='ocrx_word' id='word_1_80' title='bbox 2976 1137 3035 1188; x_wconf 91' lang='lat' dir='ltr'>in</span> <span class='ocrx_word' id='word_1_81' title='bbox 3053 1135 3362 1200; x_wconf 80' lang='lat' dir='ltr'>Evangelia</span> 
     </span>
    </p>
   </div>
   <div class='ocr_carea' id='block_1_12' title="bbox 1765 1207 3365 1272">
    <p class='ocr_par' dir='ltr' id='par_1_12' title="bbox 1765 1207 3365 1272">
     <span class='ocr_line' id='line_1_12' title="bbox 1765 1207 3365 1272; baseline -0.003 -7"><span class='ocrx_word' id='word_1_82' title='bbox 1765 1213 1982 1265; x_wconf 91' lang='lat' dir='ltr'>dicens.</span> <span class='ocrx_word' id='word_1_83' title='bbox 2029 1211 2147 1262; x_wconf 91' lang='lat' dir='ltr'>Nisi</span> <span class='ocrx_word' id='word_1_84' title='bbox 2190 1207 2820 1272; x_wconf 87' lang='lat' dir='ltr'>abundaveritjustitia</span> <span class='ocrx_word' id='word_1_85' title='bbox 2843 1211 3034 1260; x_wconf 90' lang='lat' dir='ltr'>vestra</span> <span class='ocrx_word' id='word_1_86' title='bbox 3056 1209 3365 1272; x_wconf 86' lang='lat' dir='ltr'>plusquam</span> 
     </span>
    </p>
   </div>
   <div class='ocr_carea' id='block_1_13' title="bbox 1766 1277 3365 1344">
    <p class='ocr_par' dir='ltr' id='par_1_13' title="bbox 1766 1277 3365 1344">
     <span class='ocr_line' id='line_1_13' title="bbox 1766 1277 3365 1344; baseline -0.004 -8"><span class='ocrx_word' id='word_1_87' title='bbox 1766 1285 2090 1338; x_wconf 80' lang='lat' dir='ltr'>Scribarum</span> <span class='ocrx_word' id='word_1_88' title='bbox 2127 1285 2186 1334; x_wconf 90' lang='lat' dir='ltr'>et</span> <span class='ocrx_word' id='word_1_89' title='bbox 2215 1281 2642 1333; x_wconf 80' lang='lat' dir='ltr'>Pharisaeorum</span> <span class='ocrx_word' id='word_1_90' title='bbox 2678 1280 2886 1344; x_wconf 80' lang='lat' dir='ltr'>(Matth.</span> <span class='ocrx_word' id='word_1_91' title='bbox 2921 1278 3012 1342; x_wconf 86' lang='lat'>5.).</span> <span class='ocrx_word' id='word_1_92' title='bbox 3053 1279 3117 1330; x_wconf 90' lang='lat' dir='ltr'>Id</span> <span class='ocrx_word' id='word_1_93' title='bbox 3141 1283 3232 1330; x_wconf 89' lang='lat' dir='ltr'>est</span> <span class='ocrx_word' id='word_1_94' title='bbox 3252 1277 3365 1330; x_wconf 88' lang='lat' dir='ltr'>nisi</span> 
     </span>
    </p>
   </div>
   <div class='ocr_carea' id='block_1_14' title="bbox 11 389 128 444">
    <p class='ocr_par' dir='ltr' id='par_1_14' title="bbox 11 389 128 444">
     <span class='ocr_line' id='line_1_14' title="bbox 11 389 128 444; baseline 0 0"><span class='ocrx_word' id='word_1_95' title='bbox 11 389 128 444; x_wconf 83' lang='grc'>661</span> 
     </span>
    </p>
   </div>
   <div class='ocr_carea' id='block_1_15' title="bbox 11 491 1656 564">
    <p class='ocr_par' dir='ltr' id='par_1_15' title="bbox 11 491 1656 564">
     <span class='ocr_line' id='line_1_15' title="bbox 11 491 1656 564; baseline -0.008 -8"><span class='ocrx_word' id='word_1_96' title='bbox 11 507 145 556; x_wconf 87' lang='lat' dir='ltr'>bus</span> <span class='ocrx_word' id='word_1_97' title='bbox 197 515 336 554; x_wconf 86' lang='lat' dir='ltr'>non</span> <span class='ocrx_word' id='word_1_98' title='bbox 359 503 450 553; x_wconf 87' lang='lat' dir='ltr'>est</span> <span class='ocrx_word' id='word_1_99' title='bbox 491 509 706 564; x_wconf 86' lang='lat' dir='ltr'>magna</span> <span class='ocrx_word' id='word_1_100' title='bbox 729 495 913 561; x_wconf 87' lang='lat' dir='ltr'>culpa,</span> <span class='ocrx_word' id='word_1_101' title='bbox 952 505 1059 548; x_wconf 90' lang='lat' dir='ltr'>nec</span> <span class='ocrx_word' id='word_1_102' title='bbox 1115 497 1310 546; x_wconf 88' lang='lat' dir='ltr'>tamen</span> <span class='ocrx_word' id='word_1_103' title='bbox 1354 496 1491 545; x_wconf 91' lang='lat' dir='ltr'>sunt</span> <span class='ocrx_word' id='word_1_104' title='bbox 1533 491 1656 544; x_wconf 85' lang='lat' dir='ltr'>sine</span> 
     </span>
    </p>
   </div>
   <div class='ocr_carea' id='block_1_16' title="bbox 11 565 1654 641">
    <p class='ocr_par' dir='ltr' id='par_1_16' title="bbox 11 565 1654 641">
     <span class='ocr_line' id='line_1_16' title="bbox 11 565 1654 641; baseline -0.009 -12"><span class='ocrx_word' id='word_1_105' title='bbox 11 575 258 641; x_wconf 88' lang='lat' dir='ltr'>culpa:</span> <span class='ocrx_word' id='word_1_106' title='bbox 303 575 449 626; x_wconf 89' lang='lat' dir='ltr'>Cum</span> <span class='ocrx_word' id='word_1_107' title='bbox 494 583 601 623; x_wconf 89' lang='lat' dir='ltr'>nos</span> <span class='ocrx_word' id='word_1_108' title='bbox 639 574 739 622; x_wconf 88' lang='lat' dir='ltr'>aut</span> <span class='ocrx_word' id='word_1_109' title='bbox 774 570 1054 634; x_wconf 88' lang='lat' dir='ltr'>jocamur,</span> <span class='ocrx_word' id='word_1_110' title='bbox 1089 571 1191 641; x_wconf 89' lang='lat' dir='ltr'>aut</span> <span class='ocrx_word' id='word_1_111' title='bbox 1232 570 1298 618; x_wconf 89' lang='lat' dir='ltr'>ut</span> <span class='ocrx_word' id='word_1_112' title='bbox 1341 565 1654 630; x_wconf 87' lang='lat' dir='ltr'>prosimus,</span> 
     </span>
    </p>
   </div>
   <div class='ocr_carea' id='block_1_17' title="bbox 15 639 1662 708">
    <p class='ocr_par' dir='ltr' id='par_1_17' title="bbox 15 639 1662 708">
     <span class='ocr_line' id='line_1_17' title="bbox 15 639 1662 708; baseline -0.007 -8"><span class='ocrx_word' id='word_1_113' title='bbox 15 639 393 700; x_wconf 74' lang='lat' dir='ltr'>mentimur.</span> <span class='ocrx_word' id='word_1_114' title='bbox 421 645 565 697; x_wconf 88' lang='lat' dir='ltr'>Illud</span> <span class='ocrx_word' id='word_1_115' title='bbox 591 643 842 708; x_wconf 86' lang='lat' dir='ltr'>primum</span> <span class='ocrx_word' id='word_1_116' title='bbox 873 641 934 692; x_wconf 92' lang='lat' dir='ltr'>in</span> <span class='ocrx_word' id='word_1_117' title='bbox 965 639 1215 704; x_wconf 87' lang='lat' dir='ltr'>jocando</span> <span class='ocrx_word' id='word_1_118' title='bbox 1238 650 1356 689; x_wconf 92' lang='lat' dir='ltr'>non</span> <span class='ocrx_word' id='word_1_119' title='bbox 1380 642 1472 690; x_wconf 89' lang='lat' dir='ltr'>est</span> <span class='ocrx_word' id='word_1_120' title='bbox 1495 646 1512 666; x_wconf 83' lang='grc'><strong>⁸</strong></span> <span class='ocrx_word' id='word_1_121' title='bbox 1537 649 1662 702; x_wconf 90' lang='lat' dir='ltr'>per-</span> 
     </span>
    </p>
   </div>
   <div class='ocr_carea' id='block_1_18' title="bbox 15 709 1660 783">
    <p class='ocr_par' dir='ltr' id='par_1_18' title="bbox 15 709 1660 783">
     <span class='ocr_line' id='line_1_18' title="bbox 15 709 1660 783; baseline -0.008 -11"><span class='ocrx_word' id='word_1_122' title='bbox 15 722 366 783; x_wconf 87' lang='lat' dir='ltr'>niciosum,</span> <span class='ocrx_word' id='word_1_123' title='bbox 393 719 527 782; x_wconf 85' lang='lat' dir='ltr'>quia</span> <span class='ocrx_word' id='word_1_124' title='bbox 551 730 668 768; x_wconf 88' lang='lat' dir='ltr'>non</span> <span class='ocrx_word' id='word_1_125' title='bbox 693 714 848 766; x_wconf 81' lang='lat' dir='ltr'>fallit.</span> <span class='ocrx_word' id='word_1_126' title='bbox 885 713 1064 764; x_wconf 85' lang='lat' dir='ltr'>Novit</span> <span class='ocrx_word' id='word_1_127' title='bbox 1093 711 1248 763; x_wconf 89' lang='lat' dir='ltr'>enim</span> <span class='ocrx_word' id='word_1_128' title='bbox 1280 710 1374 783; x_wconf 85' lang='lat' dir='ltr'>ille</span> <span class='ocrx_word' id='word_1_129' title='bbox 1397 711 1489 761; x_wconf 89' lang='lat' dir='ltr'>cui</span> <span class='ocrx_word' id='word_1_130' title='bbox 1523 709 1660 762; x_wconf 91' lang='lat' dir='ltr'>dici-</span> 
     </span>
    </p>
   </div>
   <div class='ocr_carea' id='block_1_19' title="bbox 21 782 1662 858">
    <p class='ocr_par' dir='ltr' id='par_1_19' title="bbox 21 782 1662 858">
     <span class='ocr_line' id='line_1_19' title="bbox 21 782 1662 858; baseline -0.008 -13"><span class='ocrx_word' id='word_1_131' title='bbox 21 796 152 858; x_wconf 87' lang='lat' dir='ltr'>tur,</span> <span class='ocrx_word' id='word_1_132' title='bbox 195 793 325 857; x_wconf 88' lang='lat' dir='ltr'>joci</span> <span class='ocrx_word' id='word_1_133' title='bbox 358 782 580 843; x_wconf 11' lang='lat' dir='ltr'>Vcaussa</span> <span class='ocrx_word' id='word_1_134' title='bbox 623 800 755 840; x_wconf 85' lang='lat' dir='ltr'>esse</span> <span class='ocrx_word' id='word_1_135' title='bbox 805 786 1040 837; x_wconf 88' lang='lat' dir='ltr'>dictum.</span> <span class='ocrx_word' id='word_1_136' title='bbox 1095 782 1424 858; x_wconf 83' lang='lat' dir='ltr'>Secundum</span> <span class='ocrx_word' id='word_1_137' title='bbox 1469 786 1662 834; x_wconf 89' lang='lat' dir='ltr'>autem</span> 
     </span>
    </p>
   </div>
   <div class='ocr_carea' id='block_1_20' title="bbox 21 855 1663 924">
    <p class='ocr_par' dir='ltr' id='par_1_20' title="bbox 21 855 1663 924">
     <span class='ocr_line' id='line_1_20' title="bbox 21 855 1663 924; baseline -0.007 -8"><span class='ocrx_word' id='word_1_138' title='bbox 21 855 174 918; x_wconf 83' lang='lat' dir='ltr'>ideo</span> <span class='ocrx_word' id='word_1_139' title='bbox 198 855 439 916; x_wconf 41' lang='lat' dir='ltr'>&#39;mitius</span> <span class='ocrx_word' id='word_1_140' title='bbox 485 866 592 924; x_wconf 88' lang='lat' dir='ltr'>est,</span> <span class='ocrx_word' id='word_1_141' title='bbox 637 861 772 924; x_wconf 87' lang='lat' dir='ltr'>quia</span> <span class='ocrx_word' id='word_1_142' title='bbox 808 859 1012 910; x_wconf 87' lang='lat' dir='ltr'>retinet</span> <span class='ocrx_word' id='word_1_143' title='bbox 1040 855 1380 908; x_wconf 89' lang='lat' dir='ltr'>nonnullam</span> <span class='ocrx_word' id='word_1_144' title='bbox 1409 855 1663 906; x_wconf 88' lang='lat' dir='ltr'>benevo-</span> 
     </span>
    </p>
   </div>
   <div class='ocr_carea' id='block_1_21' title="bbox 20 926 1664 996">
    <p class='ocr_par' dir='ltr' id='par_1_21' title="bbox 20 926 1664 996">
     <span class='ocr_line' id='line_1_21' title="bbox 20 926 1664 996; baseline -0.007 -7"><span class='ocrx_word' id='word_1_145' title='bbox 20 939 315 989; x_wconf 84' lang='lat' dir='ltr'>lentiam.</span> <span class='ocrx_word' id='word_1_146' title='bbox 355 935 500 988; x_wconf 91' lang='lat' dir='ltr'>Illud</span> <span class='ocrx_word' id='word_1_147' title='bbox 546 946 680 984; x_wconf 90' lang='lat' dir='ltr'>vero</span> <span class='ocrx_word' id='word_1_148' title='bbox 723 931 878 996; x_wconf 91' lang='lat' dir='ltr'>quod</span> <span class='ocrx_word' id='word_1_149' title='bbox 923 930 1111 980; x_wconf 86' lang='lat' dir='ltr'>fallere</span> <span class='ocrx_word' id='word_1_150' title='bbox 1150 927 1414 990; x_wconf 84' lang='lat' dir='ltr'>intendit,</span> <span class='ocrx_word' id='word_1_151' title='bbox 1437 926 1664 978; x_wconf 88' lang='lat' dir='ltr'>menda-</span> 
     </span>
    </p>
   </div>
   <div class='ocr_carea' id='block_1_22' title="bbox 23 999 1660 1071">
    <p class='ocr_par' dir='ltr' id='par_1_22' title="bbox 23 999 1660 1071">
     <span class='ocr_line' id='line_1_22' title="bbox 23 999 1660 1071; baseline -0.009 -9"><span class='ocrx_word' id='word_1_152' title='bbox 23 1011 208 1061; x_wconf 88' lang='lat' dir='ltr'>cium</span> <span class='ocrx_word' id='word_1_153' title='bbox 235 1009 348 1070; x_wconf 89' lang='lat' dir='ltr'>est,</span> <span class='ocrx_word' id='word_1_154' title='bbox 383 1005 540 1071; x_wconf 90' lang='lat' dir='ltr'>quod</span> <span class='ocrx_word' id='word_1_155' title='bbox 563 1005 812 1056; x_wconf 89' lang='lat' dir='ltr'>animam</span> <span class='ocrx_word' id='word_1_156' title='bbox 835 1001 1068 1052; x_wconf 77' lang='lat' dir='ltr'>occidit:</span> <span class='ocrx_word' id='word_1_157' title='bbox 1091 999 1239 1071; x_wconf 84' lang='lat' dir='ltr'>sicut</span> <span class='ocrx_word' id='word_1_158' title='bbox 1264 1000 1540 1071; x_wconf 82' lang='lat' dir='ltr'>scriptum</span> <span class='ocrx_word' id='word_1_159' title='bbox 1553 1002 1660 1062; x_wconf 86' lang='lat' dir='ltr'>est,</span> 
     </span>
    </p>
   </div>
   <div class='ocr_carea' id='block_1_23' title="bbox 24 1068 1664 1144">
    <p class='ocr_par' dir='ltr' id='par_1_23' title="bbox 24 1068 1664 1144">
     <span class='ocr_line' id='line_1_23' title="bbox 24 1068 1664 1144; baseline -0.01 -11"><span class='ocrx_word' id='word_1_160' title='bbox 24 1083 114 1132; x_wconf 89' lang='lat' dir='ltr'>Os</span> <span class='ocrx_word' id='word_1_161' title='bbox 143 1079 320 1144; x_wconf 86' lang='lat' dir='ltr'>quod</span> <span class='ocrx_word' id='word_1_162' title='bbox 339 1068 646 1137; x_wconf 71' lang='lat' dir='ltr'>mentitur,</span> <span class='ocrx_word' id='word_1_163' title='bbox 668 1073 876 1126; x_wconf 87' lang='lat' dir='ltr'>occidit</span> <span class='ocrx_word' id='word_1_164' title='bbox 901 1070 1324 1144; x_wconf 55' lang='lat' dir='ltr'>animamtSap.</span> <span class='ocrx_word' id='word_1_165' title='bbox 1345 1068 1547 1144; x_wconf 88' lang='lat' dir='ltr'>1.).Sed</span> <span class='ocrx_word' id='word_1_166' title='bbox 1559 1072 1664 1129; x_wconf 88' lang='lat' dir='ltr'>jam</span> 
     </span>
    </p>
   </div>
   <div class='ocr_carea' id='block_1_24' title="bbox 28 1141 1666 1216">
    <p class='ocr_par' dir='ltr' id='par_1_24' title="bbox 28 1141 1666 1216">
     <span class='ocr_line' id='line_1_24' title="bbox 28 1141 1666 1216; baseline -0.009 -14"><span class='ocrx_word' id='word_1_167' title='bbox 28 1141 314 1204; x_wconf 74' lang='lat' dir='ltr'>mutatio</span> <span class='ocrx_word' id='word_1_168' title='bbox 338 1160 602 1216; x_wconf 68' lang='lat' dir='ltr'>personaa</span> <span class='ocrx_word' id='word_1_169' title='bbox 619 1147 840 1208; x_wconf 82' lang='lat' dir='ltr'>lit,cum</span> <span class='ocrx_word' id='word_1_170' title='bbox 859 1145 1104 1201; x_wconf 75' lang='lat' dir='ltr'>Subdilur,</span> <span class='ocrx_word' id='word_1_171' title='bbox 1129 1141 1666 1216; x_wconf 57' lang='lat' dir='ltr'>Yirumsanguinum</span> 
     </span>
    </p>
   </div>
   <div class='ocr_carea' id='block_1_25' title="bbox 26 1213 1667 1276">
    <p class='ocr_par' dir='ltr' id='par_1_25' title="bbox 26 1213 1667 1276">
     <span class='ocr_line' id='line_1_25' title="bbox 26 1213 1667 1276; baseline -0.006 -5"><span class='ocrx_word' id='word_1_172' title='bbox 26 1229 78 1271; x_wconf 84' lang='lat' dir='ltr'>et</span> <span class='ocrx_word' id='word_1_173' title='bbox 101 1213 370 1273; x_wconf 58' lang='lat' dir='ltr'>dolosam</span> <span class='ocrx_word' id='word_1_174' title='bbox 392 1218 797 1270; x_wconf 76' lang='lat' dir='ltr'>abominabitur</span> <span class='ocrx_word' id='word_1_175' title='bbox 817 1217 1100 1265; x_wconf 78' lang='lat' dir='ltr'>Dominus.</span> <span class='ocrx_word' id='word_1_176' title='bbox 1128 1215 1280 1265; x_wconf 88' lang='lat' dir='ltr'>Usus</span> <span class='ocrx_word' id='word_1_177' title='bbox 1301 1213 1513 1276; x_wconf 87' lang='lat' dir='ltr'>quippe</span> <span class='ocrx_word' id='word_1_178' title='bbox 1537 1224 1667 1276; x_wconf 88' lang='lat' dir='ltr'>pro-</span> 
     </span>
    </p>
   </div>
   <div class='ocr_carea' id='block_1_26' title="bbox 27 1285 1666 1362">
    <p class='ocr_par' dir='ltr' id='par_1_26' title="bbox 27 1285 1666 1362">
     <span class='ocr_line' id='line_1_26' title="bbox 27 1285 1666 1362; baseline -0.01 -15"><span class='ocrx_word' id='word_1_179' title='bbox 27 1297 370 1362; x_wconf 86' lang='lat' dir='ltr'>phetarum</span> <span class='ocrx_word' id='word_1_180' title='bbox 393 1297 500 1352; x_wconf 90' lang='lat' dir='ltr'>est,</span> <span class='ocrx_word' id='word_1_181' title='bbox 528 1291 848 1354; x_wconf 83' lang='lat' dir='ltr'>frequenter</span> <span class='ocrx_word' id='word_1_182' title='bbox 861 1291 1410 1362; x_wconf 70' lang='lat' dir='ltr'>personasmutare:</span> <span class='ocrx_word' id='word_1_183' title='bbox 1439 1285 1666 1334; x_wconf 89' lang='lat' dir='ltr'>utmodo</span> 
     </span>
    </p>
   </div>
   <div class='ocr_carea' id='block_1_27' title="bbox 31 1354 1666 1429">
    <p class='ocr_par' dir='ltr' id='par_1_27' title="bbox 31 1354 1666 1429">
     <span class='ocr_line' id='line_1_27' title="bbox 31 1354 1666 1429; baseline -0.01 -8"><span class='ocrx_word' id='word_1_184' title='bbox 31 1354 186 1429; x_wconf 73' lang='lat' dir='ltr'>beo,</span> <span class='ocrx_word' id='word_1_185' title='bbox 217 1363 760 1425; x_wconf 88' lang='lat' dir='ltr'>modohominibus,</span> <span class='ocrx_word' id='word_1_186' title='bbox 779 1359 948 1412; x_wconf 90' lang='lat' dir='ltr'>modo</span> <span class='ocrx_word' id='word_1_187' title='bbox 979 1357 1174 1422; x_wconf 84' lang='lat' dir='ltr'>capiti,</span> <span class='ocrx_word' id='word_1_188' title='bbox 1195 1355 1368 1408; x_wconf 92' lang='lat' dir='ltr'>modo</span> <span class='ocrx_word' id='word_1_189' title='bbox 1392 1354 1666 1429; x_wconf 82' lang='lat' dir='ltr'>membris</span> 
     </span>
    </p>
   </div>
   <div class='ocr_carea' id='block_1_28' title="bbox 33 1425 1667 1503">
    <p class='ocr_par' dir='ltr' id='par_1_28' title="bbox 33 1425 1667 1503">
     <span class='ocr_line' id='line_1_28' title="bbox 33 1425 1667 1503; baseline -0.009 -10"><span class='ocrx_word' id='word_1_190' title='bbox 33 1425 397 1503; x_wconf 81' lang='lat' dir='ltr'>loquantur.</span> <span class='ocrx_word' id='word_1_191' title='bbox 425 1438 757 1499; x_wconf 85' lang='lat' dir='ltr'>Loquuntur</span> <span class='ocrx_word' id='word_1_192' title='bbox 781 1431 932 1483; x_wconf 87' lang='lat' dir='ltr'>enim</span> <span class='ocrx_word' id='word_1_193' title='bbox 960 1431 1091 1491; x_wconf 91' lang='lat' dir='ltr'>Deo,</span> <span class='ocrx_word' id='word_1_194' title='bbox 1121 1432 1394 1503; x_wconf 83' lang='lat' dir='ltr'>tanquam</span> <span class='ocrx_word' id='word_1_195' title='bbox 1423 1425 1474 1503; x_wconf 83' lang='lat' dir='ltr'>ei</span> <span class='ocrx_word' id='word_1_196' title='bbox 1496 1438 1667 1503; x_wconf 65' lang='lat' dir='ltr'>aquo</span> 
     </span>
    </p>
   </div>
   <div class='ocr_carea' id='block_1_29' title="bbox 34 1497 1666 1576">
    <p class='ocr_par' dir='ltr' id='par_1_29' title="bbox 34 1497 1666 1576">
     <span class='ocr_line' id='line_1_29' title="bbox 34 1497 1666 1576; baseline -0.01 -12"><span class='ocrx_word' id='word_1_197' title='bbox 34 1497 170 1564; x_wconf 75' lang='lat' dir='ltr'>acci</span> <span class='ocrx_word' id='word_1_198' title='bbox 178 1511 358 1576; x_wconf 90' lang='lat' dir='ltr'>piunt</span> <span class='ocrx_word' id='word_1_199' title='bbox 368 1497 952 1576; x_wconf 23' lang='lat' dir='ltr'>quod‘prOphetizant.</span> <span class='ocrx_word' id='word_1_200' title='bbox 964 1502 1296 1576; x_wconf 66' lang='lat' dir='ltr'>Loquuntur</span> <span class='ocrx_word' id='word_1_201' title='bbox 1311 1497 1666 1576; x_wconf 74' lang='lat' dir='ltr'>hominibus,</span> 
     </span>
    </p>
   </div>
   <div class='ocr_carea' id='block_1_30' title="bbox 37 1569 1669 1646">
    <p class='ocr_par' dir='ltr' id='par_1_30' title="bbox 37 1569 1669 1646">
     <span class='ocr_line' id='line_1_30' title="bbox 37 1569 1669 1646; baseline -0.011 -10"><span class='ocrx_word' id='word_1_202' title='bbox 37 1569 345 1646; x_wconf 77' lang='lat' dir='ltr'>tanquam</span> <span class='ocrx_word' id='word_1_203' title='bbox 362 1569 466 1644; x_wconf 75' lang='lat' dir='ltr'>eis,</span> <span class='ocrx_word' id='word_1_204' title='bbox 491 1569 704 1642; x_wconf 85' lang='lat' dir='ltr'>quibus</span> <span class='ocrx_word' id='word_1_205' title='bbox 722 1573 1132 1646; x_wconf 83' lang='lat' dir='ltr'>prophetizant.</span> <span class='ocrx_word' id='word_1_206' title='bbox 1153 1574 1222 1622; x_wconf 88' lang='lat' dir='ltr'>Et</span> <span class='ocrx_word' id='word_1_207' title='bbox 1234 1569 1404 1622; x_wconf 92' lang='lat' dir='ltr'>modo</span> <span class='ocrx_word' id='word_1_208' title='bbox 1418 1569 1489 1620; x_wconf 91' lang='lat' dir='ltr'>de</span> <span class='ocrx_word' id='word_1_209' title='bbox 1506 1571 1669 1630; x_wconf 85' lang='lat' dir='ltr'>capite</span> 
     </span>
    </p>
   </div>
   <div class='ocr_carea' id='block_1_31' title="bbox 35 1643 1670 1714">
    <p class='ocr_par' dir='ltr' id='par_1_31' title="bbox 35 1643 1670 1714">
     <span class='ocr_line' id='line_1_31' title="bbox 35 1643 1670 1714; baseline -0.011 -7"><span class='ocrx_word' id='word_1_210' title='bbox 35 1656 119 1707; x_wconf 89' lang='lat' dir='ltr'>ad</span> <span class='ocrx_word' id='word_1_211' title='bbox 147 1643 436 1714; x_wconf 76' lang='lat' dir='ltr'>membra,</span> <span class='ocrx_word' id='word_1_212' title='bbox 454 1643 626 1702; x_wconf 90' lang='lat' dir='ltr'>modo</span> <span class='ocrx_word' id='word_1_213' title='bbox 647 1647 718 1700; x_wconf 89' lang='lat' dir='ltr'>de</span> <span class='ocrx_word' id='word_1_214' title='bbox 743 1645 1018 1698; x_wconf 86' lang='lat' dir='ltr'>membris</span> <span class='ocrx_word' id='word_1_215' title='bbox 1038 1643 1109 1694; x_wconf 87' lang='lat' dir='ltr'>ad</span> <span class='ocrx_word' id='word_1_216' title='bbox 1127 1646 1298 1706; x_wconf 87' lang='lat' dir='ltr'>caput</span> <span class='ocrx_word' id='word_1_217' title='bbox 1326 1653 1526 1692; x_wconf 90' lang='lat' dir='ltr'>vocem</span> <span class='ocrx_word' id='word_1_218' title='bbox 1540 1653 1670 1714; x_wconf 84' lang='lat' dir='ltr'>mu-</span> 
     </span>
    </p>
   </div>
   <div class='ocr_carea' id='block_1_32' title="bbox 39 1711 1666 1788">
    <p class='ocr_par' dir='ltr' id='par_1_32' title="bbox 39 1711 1666 1788">
     <span class='ocr_line' id='line_1_32' title="bbox 39 1711 1666 1788; baseline -0.011 -8"><span class='ocrx_word' id='word_1_219' title='bbox 39 1729 180 1780; x_wconf 88' lang='lat' dir='ltr'>tant</span> <span class='ocrx_word' id='word_1_220' title='bbox 208 1741 222 1777; x_wconf 91' lang='lat'><strong>:</strong></span> <span class='ocrx_word' id='word_1_221' title='bbox 249 1727 312 1777; x_wconf 88' lang='lat' dir='ltr'>in</span> <span class='ocrx_word' id='word_1_222' title='bbox 337 1711 453 1788; x_wconf 84' lang='lat' dir='ltr'>quo</span> <span class='ocrx_word' id='word_1_223' title='bbox 477 1722 754 1773; x_wconf 89' lang='lat' dir='ltr'>unitatem</span> <span class='ocrx_word' id='word_1_224' title='bbox 781 1717 982 1782; x_wconf 89' lang='lat' dir='ltr'>capitis</span> <span class='ocrx_word' id='word_1_225' title='bbox 1005 1725 1064 1768; x_wconf 86' lang='lat' dir='ltr'>et</span> <span class='ocrx_word' id='word_1_226' title='bbox 1086 1715 1477 1766; x_wconf 88' lang='lat' dir='ltr'>membrorum</span> <span class='ocrx_word' id='word_1_227' title='bbox 1499 1711 1666 1763; x_wconf 92' lang='lat' dir='ltr'>nobis</span> 
     </span>
    </p>
   </div>
   <div class='ocr_carea' id='block_1_33' title="bbox 37 1789 1666 1854">
    <p class='ocr_par' dir='ltr' id='par_1_33' title="bbox 37 1789 1666 1854">
     <span class='ocr_line' id='line_1_33' title="bbox 37 1789 1666 1854; baseline -0.012 -2"><span class='ocrx_word' id='word_1_228' title='bbox 37 1799 378 1852; x_wconf 88' lang='lat' dir='ltr'>insinuant.</span> <span class='ocrx_word' id='word_1_229' title='bbox 393 1798 497 1847; x_wconf 89' lang='lat' dir='ltr'>Per</span> <span class='ocrx_word' id='word_1_230' title='bbox 518 1794 704 1846; x_wconf 86' lang='lat' dir='ltr'>virum</span> <span class='ocrx_word' id='word_1_231' title='bbox 731 1789 1102 1854; x_wconf 83' lang='lat' dir='ltr'>sanguinum,</span> <span class='ocrx_word' id='word_1_232' title='bbox 1116 1789 1510 1851; x_wconf 89' lang='lat' dir='ltr'>persecutores</span> <span class='ocrx_word' id='word_1_233' title='bbox 1527 1795 1666 1835; x_wconf 88' lang='lat' dir='ltr'>san-</span> 
     </span>
    </p>
   </div>
   <div class='ocr_carea' id='block_1_34' title="bbox 1765 1350 3362 1416">
    <p class='ocr_par' dir='ltr' id='par_1_34' title="bbox 1765 1350 3362 1416">
     <span class='ocr_line' id='line_1_34' title="bbox 1765 1350 3362 1416; baseline -0.004 -7"><span class='ocrx_word' id='word_1_234' title='bbox 1765 1370 1886 1409; x_wconf 90' lang='lat' dir='ltr'>non</span> <span class='ocrx_word' id='word_1_235' title='bbox 1915 1355 2103 1407; x_wconf 90' lang='lat' dir='ltr'>solum</span> <span class='ocrx_word' id='word_1_236' title='bbox 2136 1353 2230 1406; x_wconf 92' lang='lat' dir='ltr'>illa</span> <span class='ocrx_word' id='word_1_237' title='bbox 2252 1353 2476 1404; x_wconf 87' lang='lat' dir='ltr'>minora</span> <span class='ocrx_word' id='word_1_238' title='bbox 2503 1353 2794 1416; x_wconf 71' lang='lat' dir='ltr'>praecepta</span> <span class='ocrx_word' id='word_1_239' title='bbox 2813 1350 2956 1416; x_wconf 87' lang='lat' dir='ltr'>legis</span> <span class='ocrx_word' id='word_1_240' title='bbox 2969 1350 3362 1415; x_wconf 84' lang='lat' dir='ltr'>impleveritis,</span> 
     </span>
    </p>
   </div>
   <div class='ocr_carea' id='block_1_35' title="bbox 1766 1421 3364 1492">
    <p class='ocr_par' dir='ltr' id='par_1_35' title="bbox 1766 1421 3364 1492">
     <span class='ocr_line' id='line_1_35' title="bbox 1766 1421 3364 1492; baseline -0.004 -12"><span class='ocrx_word' id='word_1_241' title='bbox 1766 1441 1901 1492; x_wconf 78' lang='lat' dir='ltr'>quae</span> <span class='ocrx_word' id='word_1_242' title='bbox 1918 1427 2192 1478; x_wconf 89' lang='lat' dir='ltr'>inchoant</span> <span class='ocrx_word' id='word_1_243' title='bbox 2212 1424 2494 1488; x_wconf 83' lang='lat' dir='ltr'>homines,</span> <span class='ocrx_word' id='word_1_244' title='bbox 2509 1422 2612 1474; x_wconf 90' lang='lat' dir='ltr'>sed</span> <span class='ocrx_word' id='word_1_245' title='bbox 2637 1423 2808 1475; x_wconf 89' lang='lat' dir='ltr'>etiam</span> <span class='ocrx_word' id='word_1_246' title='bbox 2829 1422 2942 1474; x_wconf 90' lang='lat' dir='ltr'>ista</span> <span class='ocrx_word' id='word_1_247' title='bbox 2965 1434 3141 1485; x_wconf 67' lang='lat' dir='ltr'>quina</span> <span class='ocrx_word' id='word_1_248' title='bbox 3163 1435 3258 1474; x_wconf 88' lang='lat' dir='ltr'>me</span> <span class='ocrx_word' id='word_1_249' title='bbox 3271 1421 3364 1474; x_wconf 89' lang='lat' dir='ltr'>ad-</span> 
     </span>
    </p>
   </div>
   <div class='ocr_carea' id='block_1_36' title="bbox 1767 1493 3362 1562">
    <p class='ocr_par' dir='ltr' id='par_1_36' title="bbox 1767 1493 3362 1562">
     <span class='ocr_line' id='line_1_36' title="bbox 1767 1493 3362 1562; baseline -0.005 -10"><span class='ocrx_word' id='word_1_250' title='bbox 1767 1500 1983 1552; x_wconf 88' lang='lat' dir='ltr'>duntur</span> <span class='ocrx_word' id='word_1_251' title='bbox 2000 1499 2112 1562; x_wconf 91' lang='lat' dir='ltr'>(qui</span> <span class='ocrx_word' id='word_1_252' title='bbox 2130 1510 2246 1549; x_wconf 88' lang='lat' dir='ltr'>non</span> <span class='ocrx_word' id='word_1_253' title='bbox 2262 1495 2421 1548; x_wconf 86' lang='lat' dir='ltr'>venit</span> <span class='ocrx_word' id='word_1_254' title='bbox 2442 1495 2666 1546; x_wconf 87' lang='lat' dir='ltr'>solvere</span> <span class='ocrx_word' id='word_1_255' title='bbox 2681 1493 2996 1559; x_wconf 88' lang='lat' dir='ltr'>legem,sed</span> <span class='ocrx_word' id='word_1_256' title='bbox 3013 1493 3362 1558; x_wconf 90' lang='lat' dir='ltr'>adimplere),</span> 
     </span>
    </p>
   </div>
   <div class='ocr_carea' id='block_1_37' title="bbox 1767 1563 3366 1632">
    <p class='ocr_par' dir='ltr' id='par_1_37' title="bbox 1767 1563 3366 1632">
     <span class='ocr_line' id='line_1_37' title="bbox 1767 1563 3366 1632; baseline -0.005 -8"><span class='ocrx_word' id='word_1_257' title='bbox 1767 1585 1887 1624; x_wconf 91' lang='lat' dir='ltr'>non</span> <span class='ocrx_word' id='word_1_258' title='bbox 1918 1569 2203 1622; x_wconf 89' lang='lat' dir='ltr'>intrabitis</span> <span class='ocrx_word' id='word_1_259' title='bbox 2237 1569 2298 1620; x_wconf 88' lang='lat' dir='ltr'>in</span> <span class='ocrx_word' id='word_1_260' title='bbox 2322 1579 2565 1632; x_wconf 85' lang='lat' dir='ltr'>regnum</span> <span class='ocrx_word' id='word_1_261' title='bbox 2587 1565 2864 1627; x_wconf 78' lang='lat' dir='ltr'>caelorum</span> <span class='ocrx_word' id='word_1_262' title='bbox 2895 1566 3102 1626; x_wconf 85' lang='lat' dir='ltr'>(Matth.</span> <span class='ocrx_word' id='word_1_263' title='bbox 3129 1563 3220 1628; x_wconf 86' lang='lat'>5.).</span> <span class='ocrx_word' id='word_1_264' title='bbox 3245 1566 3366 1617; x_wconf 84' lang='lat' dir='ltr'>Au-</span> 
     </span>
    </p>
   </div>
   <div class='ocr_carea' id='block_1_38' title="bbox 1767 1635 3368 1704">
    <p class='ocr_par' dir='ltr' id='par_1_38' title="bbox 1767 1635 3368 1704">
     <span class='ocr_line' id='line_1_38' title="bbox 1767 1635 3368 1704; baseline -0.004 -9"><span class='ocrx_word' id='word_1_265' title='bbox 1767 1643 1996 1696; x_wconf 90' lang='lat' dir='ltr'>diamus</span> <span class='ocrx_word' id='word_1_266' title='bbox 2029 1641 2306 1692; x_wconf 91' lang='lat' dir='ltr'>minorem</span> <span class='ocrx_word' id='word_1_267' title='bbox 2341 1637 2646 1704; x_wconf 86' lang='lat' dir='ltr'>justitiam.</span> <span class='ocrx_word' id='word_1_268' title='bbox 2678 1637 2940 1688; x_wconf 88' lang='lat' dir='ltr'>Audistis</span> <span class='ocrx_word' id='word_1_269' title='bbox 2976 1636 3200 1702; x_wconf 90' lang='lat' dir='ltr'>(inquit)</span> <span class='ocrx_word' id='word_1_270' title='bbox 3232 1635 3368 1699; x_wconf 89' lang='lat' dir='ltr'>quia</span> 
     </span>
    </p>
   </div>
   <div class='ocr_carea' id='block_1_39' title="bbox 1769 1707 3366 1774">
    <p class='ocr_par' dir='ltr' id='par_1_39' title="bbox 1769 1707 3366 1774">
     <span class='ocr_line' id='line_1_39' title="bbox 1769 1707 3366 1774; baseline -0.004 -7"><span class='ocrx_word' id='word_1_271' title='bbox 1769 1715 1988 1767; x_wconf 89' lang='lat' dir='ltr'>dictum</span> <span class='ocrx_word' id='word_1_272' title='bbox 2032 1714 2137 1772; x_wconf 87' lang='lat' dir='ltr'>est,</span> <span class='ocrx_word' id='word_1_273' title='bbox 2181 1710 2423 1764; x_wconf 90' lang='lat' dir='ltr'>Oculum</span> <span class='ocrx_word' id='word_1_274' title='bbox 2454 1722 2554 1774; x_wconf 93' lang='lat' dir='ltr'>pro</span> <span class='ocrx_word' id='word_1_275' title='bbox 2587 1707 2771 1770; x_wconf 89' lang='lat' dir='ltr'>oculo,</span> <span class='ocrx_word' id='word_1_276' title='bbox 2798 1707 3033 1759; x_wconf 89' lang='lat' dir='ltr'>dentem</span> <span class='ocrx_word' id='word_1_277' title='bbox 3055 1709 3172 1771; x_wconf 59' lang='lat' dir='ltr'>{pro</span> <span class='ocrx_word' id='word_1_278' title='bbox 3195 1707 3366 1760; x_wconf 83' lang='lat' dir='ltr'>dente</span> 
     </span>
    </p>
   </div>
   <div class='ocr_carea' id='block_1_40' title="bbox 1770 1778 3366 1852">
    <p class='ocr_par' dir='ltr' id='par_1_40' title="bbox 1770 1778 3366 1852">
     <span class='ocr_line' id='line_1_40' title="bbox 1770 1778 3366 1852; baseline -0.005 -16"><span class='ocrx_word' id='word_1_279' title='bbox 1770 1787 1938 1852; x_wconf 83' lang='lat' dir='ltr'>(Deut.</span> <span class='ocrx_word' id='word_1_280' title='bbox 1962 1784 2088 1848; x_wconf 86' lang='lat'>19.).</span> <span class='ocrx_word' id='word_1_281' title='bbox 2106 1783 2422 1834; x_wconf 84' lang='lat' dir='ltr'>Audiamus</span> <span class='ocrx_word' id='word_1_282' title='bbox 2436 1781 2732 1852; x_wconf 84' lang='lat' dir='ltr'>majorem.</span> <span class='ocrx_word' id='word_1_283' title='bbox 2753 1778 3246 1852; x_wconf 15' lang='lat' dir='ltr'>_Egoidico.vobis,</span> <span class='ocrx_word' id='word_1_284' title='bbox 3263 1794 3366 1828; x_wconf 89' lang='lat' dir='ltr'>non</span> 
     </span>
    </p>
   </div>
   <div class='ocr_carea' id='block_1_41' title="bbox 38 1849 3369 1936">
    <p class='ocr_par' dir='ltr' id='par_1_41' title="bbox 38 1849 3369 1936">
     <span class='ocr_line' id='line_1_41' title="bbox 38 1849 3369 1936; baseline -0.007 -13"><span class='ocrx_word' id='word_1_285' title='bbox 38 1849 287 1924; x_wconf 68' lang='lat' dir='ltr'>ciorum</span> <span class='ocrx_word' id='word_1_286' title='bbox 315 1869 629 1932; x_wconf 83' lang='lat' dir='ltr'>Martyrum</span> <span class='ocrx_word' id='word_1_287' title='bbox 653 1849 1045 1936; x_wconf 73' lang='lat' dir='ltr'>designantur.</span> <span class='ocrx_word' id='word_1_288' title='bbox 1065 1849 1256 1936; x_wconf 75' lang='lat' dir='ltr'>Dolosi</span> <span class='ocrx_word' id='word_1_289' title='bbox 1273 1871 1406 1936; x_wconf 80' lang='lat' dir='ltr'>vero</span> <span class='ocrx_word' id='word_1_290' title='bbox 1425 1862 1580 1921; x_wconf 87' lang='lat' dir='ltr'>sunt,</span> <span class='ocrx_word' id='word_1_291' title='bbox 1601 1855 1660 1907; x_wconf 92' lang='lat' dir='ltr'>hi</span> <span class='ocrx_word' id='word_1_292' title='bbox 1687 1863 1741 1936; x_wconf 86' lang='lat' dir='ltr'><strong>B</strong></span> <span class='ocrx_word' id='word_1_293' title='bbox 1768 1849 2199 1936; x_wconf 70' lang='lat' dir='ltr'>resisterefmalo</span> <span class='ocrx_word' id='word_1_294' title='bbox 2211 1853 2431 1936; x_wconf 69' lang='lat' dir='ltr'>(Matth.</span> <span class='ocrx_word' id='word_1_295' title='bbox 2565 1850 2802 1936; x_wconf 87' lang='lat' dir='ltr'>Justitia</span> <span class='ocrx_word' id='word_1_296' title='bbox 2825 1849 3012 1902; x_wconf 91' lang='lat' dir='ltr'>minor</span> <span class='ocrx_word' id='word_1_297' title='bbox 3027 1851 3245 1936; x_wconf 49' lang='lat' dir='ltr'>ejstnon</span> <span class='ocrx_word' id='word_1_298' title='bbox 3267 1861 3369 1902; x_wconf 80' lang='lat' dir='ltr'>ex-</span> 
     </span>
    </p>
   </div>
   <div class='ocr_carea' id='block_1_42' title="bbox 42 1929 1660 2008">
    <p class='ocr_par' dir='ltr' id='par_1_42' title="bbox 42 1929 1660 2008">
     <span class='ocr_line' id='line_1_42' title="bbox 42 1929 1660 2008; baseline -0.011 -13"><span class='ocrx_word' id='word_1_299' title='bbox 42 1943 155 2008; x_wconf 89' lang='lat' dir='ltr'>qui</span> <span class='ocrx_word' id='word_1_300' title='bbox 183 1940 392 1994; x_wconf 82' lang='lat' dir='ltr'>fideles</span> <span class='ocrx_word' id='word_1_301' title='bbox 431 1929 652 1990; x_wconf 80' lang='lat' dir='ltr'>animas</span> <span class='ocrx_word' id='word_1_302' title='bbox 685 1933 870 2008; x_wconf 84' lang='lat' dir='ltr'>verbis</span> <span class='ocrx_word' id='word_1_303' title='bbox 895 1930 1240 2008; x_wconf 76' lang='lat' dir='ltr'>seductoriis</span> <span class='ocrx_word' id='word_1_304' title='bbox 1260 1929 1519 2008; x_wconf 81' lang='lat' dir='ltr'>decipere</span> <span class='ocrx_word' id='word_1_305' title='bbox 1553 1941 1660 2008; x_wconf 78' lang='lat' dir='ltr'>_cu-</span> 
     </span>
    </p>
   </div>
   <div class='ocr_carea' id='block_1_43' title="bbox 43 1999 1668 2080">
    <p class='ocr_par' dir='ltr' id='par_1_43' title="bbox 43 1999 1668 2080">
     <span class='ocr_line' id='line_1_43' title="bbox 43 1999 1668 2080; baseline -0.009 -13"><span class='ocrx_word' id='word_1_306' title='bbox 43 1999 244 2080; x_wconf 72' lang='lat' dir='ltr'>piunt,</span> <span class='ocrx_word' id='word_1_307' title='bbox 275 2025 424 2077; x_wconf 90' lang='lat' dir='ltr'>quos</span> <span class='ocrx_word' id='word_1_308' title='bbox 453 2007 880 2080; x_wconf 79' lang='lat' dir='ltr'>abominabitur</span> <span class='ocrx_word' id='word_1_309' title='bbox 897 2003 1201 2080; x_wconf 81' lang='lat' dir='ltr'>Dominus,</span> <span class='ocrx_word' id='word_1_310' title='bbox 1227 2001 1407 2080; x_wconf 76' lang='lat' dir='ltr'>idest,</span> <span class='ocrx_word' id='word_1_311' title='bbox 1427 2001 1446 2029; x_wconf 75' lang='grc' dir='ltr'>ι’</span> <span class='ocrx_word' id='word_1_312' title='bbox 1463 2001 1536 2080; x_wconf 80' lang='lat' dir='ltr'>ab</span> <span class='ocrx_word' id='word_1_313' title='bbox 1551 1999 1668 2052; x_wconf 60' lang='lat' dir='ltr'>hae-</span> 
     </span>
    </p>
   </div>
   <div class='ocr_carea' id='block_1_44' title="bbox 44 2073 1670 2143">
    <p class='ocr_par' dir='ltr' id='par_1_44' title="bbox 44 2073 1670 2143">
     <span class='ocr_line' id='line_1_44' title="bbox 44 2073 1670 2143; baseline -0.009 -8"><span class='ocrx_word' id='word_1_314' title='bbox 44 2073 627 2138; x_wconf 47' lang='lat' dir='ltr'>reditate—electorum</span> <span class='ocrx_word' id='word_1_315' title='bbox 650 2075 951 2143; x_wconf 87' lang='lat' dir='ltr'>separabit.</span> <span class='ocrx_word' id='word_1_316' title='bbox 979 2076 1121 2137; x_wconf 88' lang='lat' dir='ltr'>Quia</span> <span class='ocrx_word' id='word_1_317' title='bbox 1143 2087 1278 2137; x_wconf 79' lang='lat' dir='ltr'>ergo</span> <span class='ocrx_word' id='word_1_318' title='bbox 1305 2073 1384 2124; x_wconf 91' lang='lat' dir='ltr'>illi</span> <span class='ocrx_word' id='word_1_319' title='bbox 1410 2073 1534 2124; x_wconf 80' lang='lat' dir='ltr'>suis</span> <span class='ocrx_word' id='word_1_320' title='bbox 1549 2084 1670 2123; x_wconf 92' lang='lat' dir='ltr'>ma-</span> 
     </span>
    </p>
   </div>
   <div class='ocr_carea' id='block_1_45' title="bbox 42 2143 1668 2212">
    <p class='ocr_par' dir='ltr' id='par_1_45' title="bbox 42 2143 1668 2212">
     <span class='ocr_line' id='line_1_45' title="bbox 42 2143 1668 2212; baseline -0.009 -1"><span class='ocrx_word' id='word_1_321' title='bbox 42 2160 124 2211; x_wconf 88' lang='lat' dir='ltr'>lis</span> <span class='ocrx_word' id='word_1_322' title='bbox 151 2157 380 2210; x_wconf 88' lang='lat' dir='ltr'>meritis</span> <span class='ocrx_word' id='word_1_323' title='bbox 397 2151 708 2206; x_wconf 87' lang='lat' dir='ltr'>damnandi</span> <span class='ocrx_word' id='word_1_324' title='bbox 726 2154 880 2212; x_wconf 89' lang='lat' dir='ltr'>sunt,</span> <span class='ocrx_word' id='word_1_325' title='bbox 897 2147 1154 2199; x_wconf 87' lang='lat' dir='ltr'>Ecclesia</span> <span class='ocrx_word' id='word_1_326' title='bbox 1170 2158 1300 2196; x_wconf 89' lang='lat' dir='ltr'>vero</span> <span class='ocrx_word' id='word_1_327' title='bbox 1323 2157 1422 2208; x_wconf 90' lang='lat' dir='ltr'>per</span> <span class='ocrx_word' id='word_1_328' title='bbox 1436 2143 1668 2196; x_wconf 91' lang='lat' dir='ltr'>Domini</span> 
     </span>
    </p>
   </div>
   <div class='ocr_carea' id='block_1_46' title="bbox 50 2216 1507 2283">
    <p class='ocr_par' dir='ltr' id='par_1_46' title="bbox 50 2216 1507 2283">
     <span class='ocr_line' id='line_1_46' title="bbox 50 2216 1507 2283; baseline -0.012 0"><span class='ocrx_word' id='word_1_329' title='bbox 50 2227 516 2283; x_wconf 86' lang='lat' dir='ltr'>misericordiam</span> <span class='ocrx_word' id='word_1_330' title='bbox 554 2221 832 2276; x_wconf 88' lang='lat' dir='ltr'>salvanda</span> <span class='ocrx_word' id='word_1_331' title='bbox 855 2221 982 2272; x_wconf 89' lang='lat' dir='ltr'>est:</span> <span class='ocrx_word' id='word_1_332' title='bbox 1018 2220 1163 2270; x_wconf 90' lang='lat' dir='ltr'>bene</span> <span class='ocrx_word' id='word_1_333' title='bbox 1192 2216 1507 2280; x_wconf 90' lang='lat' dir='ltr'>subjungit.</span> 
     </span>
    </p>
   </div>
   <div class='ocr_carea' id='block_1_47' title="bbox 122 2287 1668 2364">
    <p class='ocr_par' dir='ltr' id='par_1_47' title="bbox 122 2287 1668 2364">
     <span class='ocr_line' id='line_1_47' title="bbox 122 2287 1668 2364; baseline -0.011 -12"><span class='ocrx_word' id='word_1_334' title='bbox 122 2303 175 2356; x_wconf 87' lang='lat'>8.</span> <span class='ocrx_word' id='word_1_335' title='bbox 212 2301 330 2364; x_wconf 85' lang='lat' dir='ltr'>Ego</span> <span class='ocrx_word' id='word_1_336' title='bbox 368 2302 546 2348; x_wconf 85' lang='lat' dir='ltr'>autem</span> <span class='ocrx_word' id='word_1_337' title='bbox 582 2296 645 2344; x_wconf 83' lang='lat' dir='ltr'>in</span> <span class='ocrx_word' id='word_1_338' title='bbox 677 2291 1025 2342; x_wconf 72' lang='lat' dir='ltr'>multitudine</span> <span class='ocrx_word' id='word_1_339' title='bbox 1051 2288 1546 2338; x_wconf 68' lang='lat' dir='ltr'>misericordith</span> <span class='ocrx_word' id='word_1_340' title='bbox 1591 2287 1668 2336; x_wconf 84' lang='lat' dir='ltr'>in-</span> 
     </span>
    </p>
   </div>
   <div class='ocr_carea' id='block_1_48' title="bbox 54 2359 1667 2430">
    <p class='ocr_par' dir='ltr' id='par_1_48' title="bbox 54 2359 1667 2430">
     <span class='ocr_line' id='line_1_48' title="bbox 54 2359 1667 2430; baseline -0.011 -7"><span class='ocrx_word' id='word_1_341' title='bbox 54 2373 236 2423; x_wconf 79' lang='lat' dir='ltr'>troibo</span> <span class='ocrx_word' id='word_1_342' title='bbox 262 2359 320 2421; x_wconf 70' lang='lat' dir='ltr'>in</span> <span class='ocrx_word' id='word_1_343' title='bbox 346 2371 565 2421; x_wconf 80' lang='lat' dir='ltr'>domum</span> <span class='ocrx_word' id='word_1_344' title='bbox 592 2373 763 2430; x_wconf 85' lang='lat' dir='ltr'>tuam,</span> <span class='ocrx_word' id='word_1_345' title='bbox 789 2361 1024 2414; x_wconf 84' lang='lat' dir='ltr'>adorabo</span> <span class='ocrx_word' id='word_1_346' title='bbox 1048 2361 1122 2411; x_wconf 85' lang='lat' dir='ltr'>ad</span> <span class='ocrx_word' id='word_1_347' title='bbox 1145 2359 1402 2424; x_wconf 85' lang='lat' dir='ltr'>templum</span> <span class='ocrx_word' id='word_1_348' title='bbox 1419 2363 1667 2407; x_wconf 83' lang='lat' dir='ltr'>sanctum</span> 
     </span>
    </p>
   </div>
   <div class='ocr_carea' id='block_1_49' title="bbox 55 2433 1671 2498">
    <p class='ocr_par' dir='ltr' id='par_1_49' title="bbox 55 2433 1671 2498">
     <span class='ocr_line' id='line_1_49' title="bbox 55 2433 1671 2498; baseline -0.011 -2"><span class='ocrx_word' id='word_1_349' title='bbox 55 2453 224 2496; x_wconf 81' lang='lat' dir='ltr'>tuum</span> <span class='ocrx_word' id='word_1_350' title='bbox 252 2445 314 2493; x_wconf 80' lang='lat' dir='ltr'>in</span> <span class='ocrx_word' id='word_1_351' title='bbox 335 2444 523 2493; x_wconf 79' lang='lat' dir='ltr'>timore</span> <span class='ocrx_word' id='word_1_352' title='bbox 546 2445 653 2490; x_wconf 85' lang='lat' dir='ltr'>tuo.</span> <span class='ocrx_word' id='word_1_353' title='bbox 679 2439 898 2489; x_wconf 89' lang='lat' dir='ltr'>Domus</span> <span class='ocrx_word' id='word_1_354' title='bbox 924 2435 1023 2486; x_wconf 89' lang='lat' dir='ltr'>Dei</span> <span class='ocrx_word' id='word_1_355' title='bbox 1045 2434 1170 2498; x_wconf 88' lang='lat' dir='ltr'>ipsa</span> <span class='ocrx_word' id='word_1_356' title='bbox 1185 2435 1273 2483; x_wconf 87' lang='lat' dir='ltr'>est</span> <span class='ocrx_word' id='word_1_357' title='bbox 1295 2435 1497 2482; x_wconf 87' lang='lat' dir='ltr'>sancta</span> <span class='ocrx_word' id='word_1_358' title='bbox 1509 2433 1671 2480; x_wconf 84' lang='lat' dir='ltr'>Eccle-</span> 
     </span>
    </p>
   </div>
   <div class='ocr_carea' id='block_1_50' title="bbox 56 2503 1662 2580">
    <p class='ocr_par' dir='ltr' id='par_1_50' title="bbox 56 2503 1662 2580">
     <span class='ocr_line' id='line_1_50' title="bbox 56 2503 1662 2580; baseline -0.012 -10"><span class='ocrx_word' id='word_1_359' title='bbox 56 2518 166 2570; x_wconf 91' lang='lat' dir='ltr'>sia.</span> <span class='ocrx_word' id='word_1_360' title='bbox 202 2528 338 2580; x_wconf 71' lang='lat' dir='ltr'>quze</span> <span class='ocrx_word' id='word_1_361' title='bbox 367 2516 673 2577; x_wconf 76' lang='lat' dir='ltr'>regnatura</span> <span class='ocrx_word' id='word_1_362' title='bbox 691 2509 750 2561; x_wconf 91' lang='lat' dir='ltr'>in</span> <span class='ocrx_word' id='word_1_363' title='bbox 774 2507 933 2580; x_wconf 62' lang='lat' dir='ltr'>caelo,</span> <span class='ocrx_word' id='word_1_364' title='bbox 959 2505 1147 2557; x_wconf 88' lang='lat' dir='ltr'>adhuc</span> <span class='ocrx_word' id='word_1_365' title='bbox 1169 2503 1390 2580; x_wconf 81' lang='lat' dir='ltr'>laborat</span> <span class='ocrx_word' id='word_1_366' title='bbox 1410 2505 1662 2580; x_wconf 71' lang='lat' dir='ltr'>interra:</span> 
     </span>
    </p>
   </div>
   <div class='ocr_carea' id='block_1_51' title="bbox 54 2569 1669 2653">
    <p class='ocr_par' dir='ltr' id='par_1_51' title="bbox 54 2569 1669 2653">
     <span class='ocr_line' id='line_1_51' title="bbox 54 2569 1669 2653; baseline -0.012 -12"><span class='ocrx_word' id='word_1_367' title='bbox 54 2601 198 2653; x_wconf 71' lang='lat' dir='ltr'>quae</span> <span class='ocrx_word' id='word_1_368' title='bbox 221 2569 578 2640; x_wconf 69' lang='lat' dir='ltr'>construitur</span> <span class='ocrx_word' id='word_1_369' title='bbox 593 2595 666 2634; x_wconf 85' lang='lat' dir='ltr'>ex</span> <span class='ocrx_word' id='word_1_370' title='bbox 678 2579 966 2640; x_wconf 83' lang='lat' dir='ltr'>fidelibus,</span> <span class='ocrx_word' id='word_1_371' title='bbox 988 2581 1263 2653; x_wconf 87' lang='lat' dir='ltr'>tanquam</span> <span class='ocrx_word' id='word_1_372' title='bbox 1280 2569 1351 2625; x_wconf 86' lang='lat' dir='ltr'>éx</span> <span class='ocrx_word' id='word_1_373' title='bbox 1368 2573 1516 2653; x_wconf 75' lang='lat' dir='ltr'>vivis</span> <span class='ocrx_word' id='word_1_374' title='bbox 1529 2572 1669 2653; x_wconf 79' lang='lat' dir='ltr'>lapi-</span> 
     </span>
    </p>
   </div>
   <div class='ocr_carea' id='block_1_52' title="bbox 55 2645 1668 2723">
    <p class='ocr_par' dir='ltr' id='par_1_52' title="bbox 55 2645 1668 2723">
     <span class='ocr_line' id='line_1_52' title="bbox 55 2645 1668 2723; baseline -0.011 -11"><span class='ocrx_word' id='word_1_375' title='bbox 55 2645 263 2712; x_wconf 76' lang='lat' dir='ltr'>dibus:</span> <span class='ocrx_word' id='word_1_376' title='bbox 307 2658 516 2723; x_wconf 86' lang='lat' dir='ltr'>quibus</span> <span class='ocrx_word' id='word_1_377' title='bbox 556 2656 754 2706; x_wconf 89' lang='lat' dir='ltr'>Petrus</span> <span class='ocrx_word' id='word_1_378' title='bbox 779 2653 890 2723; x_wconf 54' lang='lat' dir='ltr'>ait,</span> <span class='ocrx_word' id='word_1_379' title='bbox 919 2653 987 2702; x_wconf 88' lang='lat' dir='ltr'>Et</span> <span class='ocrx_word' id='word_1_380' title='bbox 1011 2662 1116 2723; x_wconf 80' lang='lat' dir='ltr'>v_o_s</span> <span class='ocrx_word' id='word_1_381' title='bbox 1136 2651 1427 2723; x_wconf 68' lang='lat' dir='ltr'>tanquam</span> <span class='ocrx_word' id='word_1_382' title='bbox 1451 2645 1668 2723; x_wconf 66' lang='lat' dir='ltr'>lapides</span> 
     </span>
    </p>
   </div>
   <div class='ocr_carea' id='block_1_53' title="bbox 59 2715 1671 2796">
    <p class='ocr_par' dir='ltr' id='par_1_53' title="bbox 59 2715 1671 2796">
     <span class='ocr_line' id='line_1_53' title="bbox 59 2715 1671 2796; baseline -0.011 -11"><span class='ocrx_word' id='word_1_383' title='bbox 59 2732 187 2785; x_wconf 86' lang='lat' dir='ltr'>vivi</span> <span class='ocrx_word' id='word_1_384' title='bbox 214 2715 754 2796; x_wconf 67' lang='lat' dir='ltr'>superiediﬁcamini</span> <span class='ocrx_word' id='word_1_385' title='bbox 774 2722 840 2786; x_wconf 85' lang='lat'>(1.</span> <span class='ocrx_word' id='word_1_386' title='bbox 865 2722 1006 2772; x_wconf 82' lang='lat' dir='ltr'>Pctr.</span> <span class='ocrx_word' id='word_1_387' title='bbox 1026 2719 1118 2783; x_wconf 73' lang='lat'>2.).</span> <span class='ocrx_word' id='word_1_388' title='bbox 1132 2721 1204 2796; x_wconf 79' lang='lat' dir='ltr'>Et</span> <span class='ocrx_word' id='word_1_389' title='bbox 1221 2717 1430 2796; x_wconf 75' lang='lat' dir='ltr'>Paulus</span> <span class='ocrx_word' id='word_1_390' title='bbox 1453 2717 1551 2796; x_wconf 80' lang='lat' dir='ltr'>ait,</span> <span class='ocrx_word' id='word_1_391' title='bbox 1567 2715 1671 2796; x_wconf 83' lang='lat' dir='ltr'>Dei</span> 
     </span>
    </p>
   </div>
   <div class='ocr_carea' id='block_1_54' title="bbox 58 2791 1668 2872">
    <p class='ocr_par' dir='ltr' id='par_1_54' title="bbox 58 2791 1668 2872">
     <span class='ocr_line' id='line_1_54' title="bbox 58 2791 1668 2872; baseline -0.012 -12"><span class='ocrx_word' id='word_1_392' title='bbox 58 2791 440 2872; x_wconf 73' lang='lat' dir='ltr'>agricultura,</span> <span class='ocrx_word' id='word_1_393' title='bbox 463 2803 566 2856; x_wconf 93' lang='lat' dir='ltr'>Dei</span> <span class='ocrx_word' id='word_1_394' title='bbox 589 2800 891 2872; x_wconf 70' lang='lat' dir='ltr'>aediﬁcatio</span> <span class='ocrx_word' id='word_1_395' title='bbox 926 2796 1066 2872; x_wconf 85' lang='lat' dir='ltr'>estis</span> <span class='ocrx_word' id='word_1_396' title='bbox 1207 2795 1324 2845; x_wconf 83' lang='lat' dir='ltr'>Cor.</span> <span class='ocrx_word' id='word_1_397' title='bbox 1354 2791 1444 2872; x_wconf 46' lang='lat'>3:).</span> <span class='ocrx_word' id='word_1_398' title='bbox 1477 2793 1668 2872; x_wconf 80' lang='lat' dir='ltr'>Hujus</span> 
     </span>
    </p>
   </div>
   <div class='ocr_carea' id='block_1_55' title="bbox 61 2864 1669 2933">
    <p class='ocr_par' dir='ltr' id='par_1_55' title="bbox 61 2864 1669 2933">
     <span class='ocr_line' id='line_1_55' title="bbox 61 2864 1669 2933; baseline -0.011 -1"><span class='ocrx_word' id='word_1_399' title='bbox 61 2864 322 2932; x_wconf 57' lang='lat' dir='ltr'>ciiilestis</span> <span class='ocrx_word' id='word_1_400' title='bbox 357 2877 564 2929; x_wconf 90' lang='lat' dir='ltr'>domus</span> <span class='ocrx_word' id='word_1_401' title='bbox 599 2871 908 2926; x_wconf 74' lang='lat' dir='ltr'>aedilicium</span> <span class='ocrx_word' id='word_1_402' title='bbox 940 2867 1278 2933; x_wconf 87' lang='lat' dir='ltr'>ingreditur,</span> <span class='ocrx_word' id='word_1_403' title='bbox 1314 2864 1577 2929; x_wconf 86' lang='lat' dir='ltr'>quisquis</span> <span class='ocrx_word' id='word_1_404' title='bbox 1609 2865 1669 2914; x_wconf 92' lang='lat' dir='ltr'>in</span> 
     </span>
    </p>
   </div>
   <div class='ocr_carea' id='block_1_56' title="bbox 65 2935 1670 3004">
    <p class='ocr_par' dir='ltr' id='par_1_56' title="bbox 65 2935 1670 3004">
     <span class='ocr_line' id='line_1_56' title="bbox 65 2935 1670 3004; baseline -0.011 -1"><span class='ocrx_word' id='word_1_405' title='bbox 65 2955 278 3004; x_wconf 87' lang='lat' dir='ltr'>sancta</span> <span class='ocrx_word' id='word_1_406' title='bbox 302 2947 554 3002; x_wconf 88' lang='lat' dir='ltr'>Ecclesia</span> <span class='ocrx_word' id='word_1_407' title='bbox 570 2948 899 2996; x_wconf 86' lang='lat' dir='ltr'>sanctorum</span> <span class='ocrx_word' id='word_1_408' title='bbox 915 2953 1106 2992; x_wconf 90' lang='lat' dir='ltr'>mores</span> <span class='ocrx_word' id='word_1_409' title='bbox 1121 2937 1394 2990; x_wconf 89' lang='lat' dir='ltr'>imitatur.</span> <span class='ocrx_word' id='word_1_410' title='bbox 1418 2937 1539 2987; x_wconf 87' lang='lat' dir='ltr'>Hoc</span> <span class='ocrx_word' id='word_1_411' title='bbox 1563 2935 1670 3000; x_wconf 90' lang='lat' dir='ltr'>spi-</span> 
     </span>
    </p>
   </div>
   <div class='ocr_carea' id='block_1_57' title="bbox 63 3007 1671 3076">
    <p class='ocr_par' dir='ltr' id='par_1_57' title="bbox 63 3007 1671 3076">
     <span class='ocr_line' id='line_1_57' title="bbox 63 3007 1671 3076; baseline -0.01 -1"><span class='ocrx_word' id='word_1_412' title='bbox 63 3023 276 3076; x_wconf 87' lang='lat' dir='ltr'>rituaie</span> <span class='ocrx_word' id='word_1_413' title='bbox 309 3019 616 3073; x_wconf 66' lang='lat' dir='ltr'>aediﬁcium</span> <span class='ocrx_word' id='word_1_414' title='bbox 656 3017 886 3074; x_wconf 88' lang='lat' dir='ltr'>intrare,</span> <span class='ocrx_word' id='word_1_415' title='bbox 923 3017 1012 3064; x_wconf 87' lang='lat' dir='ltr'>est</span> <span class='ocrx_word' id='word_1_416' title='bbox 1060 3009 1241 3060; x_wconf 88' lang='lat' dir='ltr'>sancti</span> <span class='ocrx_word' id='word_1_417' title='bbox 1269 3007 1394 3069; x_wconf 89' lang='lat' dir='ltr'>viri,</span> <span class='ocrx_word' id='word_1_418' title='bbox 1426 3007 1671 3070; x_wconf 90' lang='lat' dir='ltr'>qualiter</span> 
     </span>
    </p>
   </div>
   <div class='ocr_carea' id='block_1_58' title="bbox 67 3079 1671 3160">
    <p class='ocr_par' dir='ltr' id='par_1_58' title="bbox 67 3079 1671 3160">
     <span class='ocr_line' id='line_1_58' title="bbox 67 3079 1671 3160; baseline -0.01 -13"><span class='ocrx_word' id='word_1_419' title='bbox 67 3095 390 3160; x_wconf 79' lang='lat' dir='ltr'>proﬁciunt</span> <span class='ocrx_word' id='word_1_420' title='bbox 416 3089 679 3149; x_wconf 87' lang='lat' dir='ltr'>amando,</span> <span class='ocrx_word' id='word_1_421' title='bbox 711 3084 1058 3160; x_wconf 71' lang='lat' dir='ltr'>conspicere.</span> <span class='ocrx_word' id='word_1_422' title='bbox 1085 3081 1190 3160; x_wconf 59' lang='lat' dir='ltr'>sed</span> <span class='ocrx_word' id='word_1_423' title='bbox 1221 3079 1356 3160; x_wconf 80' lang='lat' dir='ltr'>quia</span> <span class='ocrx_word' id='word_1_424' title='bbox 1374 3079 1484 3160; x_wconf 79' lang='lat' dir='ltr'>hoc</span> <span class='ocrx_word' id='word_1_425' title='bbox 1499 3090 1671 3160; x_wconf 76' lang='lat' dir='ltr'>nemo</span> 
     </span>
    </p>
   </div>
   <div class='ocr_carea' id='block_1_59' title="bbox 69 3151 1667 3219">
    <p class='ocr_par' dir='ltr' id='par_1_59' title="bbox 69 3151 1667 3219">
     <span class='ocr_line' id='line_1_59' title="bbox 69 3151 1667 3219; baseline -0.012 0"><span class='ocrx_word' id='word_1_426' title='bbox 69 3151 198 3219; x_wconf 76' lang='lat' dir='ltr'>suis</span> <span class='ocrx_word' id='word_1_427' title='bbox 231 3165 451 3218; x_wconf 90' lang='lat' dir='ltr'>viribus</span> <span class='ocrx_word' id='word_1_428' title='bbox 476 3161 645 3218; x_wconf 89' lang='lat' dir='ltr'>valet,</span> <span class='ocrx_word' id='word_1_429' title='bbox 672 3159 798 3210; x_wconf 90' lang='lat' dir='ltr'>ideo</span> <span class='ocrx_word' id='word_1_430' title='bbox 823 3159 974 3209; x_wconf 87' lang='lat' dir='ltr'>recte</span> <span class='ocrx_word' id='word_1_431' title='bbox 995 3153 1223 3212; x_wconf 89' lang='lat' dir='ltr'>dicitur,</span> <span class='ocrx_word' id='word_1_432' title='bbox 1244 3153 1304 3200; x_wconf 86' lang='lat' dir='ltr'>In</span> <span class='ocrx_word' id='word_1_433' title='bbox 1315 3151 1667 3201; x_wconf 81' lang='lat' dir='ltr'>multitudine</span> 
     </span>
    </p>
   </div>
   <div class='ocr_carea' id='block_1_60' title="bbox 69 3221 1668 3291">
    <p class='ocr_par' dir='ltr' id='par_1_60' title="bbox 69 3221 1668 3291">
     <span class='ocr_line' id='line_1_60' title="bbox 69 3221 1668 3291; baseline -0.007 -6"><span class='ocrx_word' id='word_1_434' title='bbox 69 3235 456 3288; x_wconf 64' lang='lat' dir='ltr'>vitisericordiae</span> <span class='ocrx_word' id='word_1_435' title='bbox 479 3238 598 3283; x_wconf 75' lang='lat' dir='ltr'>tuae.</span> <span class='ocrx_word' id='word_1_436' title='bbox 626 3229 802 3282; x_wconf 81' lang='lat' dir='ltr'>Multa</span> <span class='ocrx_word' id='word_1_437' title='bbox 826 3227 1050 3291; x_wconf 89' lang='lat' dir='ltr'>quidem</span> <span class='ocrx_word' id='word_1_438' title='bbox 1065 3223 1268 3277; x_wconf 90' lang='lat' dir='ltr'>estDei</span> <span class='ocrx_word' id='word_1_439' title='bbox 1281 3221 1668 3274; x_wconf 85' lang='lat' dir='ltr'>misericordia</span> 
     </span>
    </p>
   </div>
   <div class='ocr_carea' id='block_1_61' title="bbox 69 3297 1670 3376">
    <p class='ocr_par' dir='ltr' id='par_1_61' title="bbox 69 3297 1670 3376">
     <span class='ocr_line' id='line_1_61' title="bbox 69 3297 1670 3376; baseline -0.011 -13"><span class='ocrx_word' id='word_1_440' title='bbox 69 3310 213 3376; x_wconf 90' lang='lat' dir='ltr'>quia</span> <span class='ocrx_word' id='word_1_441' title='bbox 239 3309 318 3374; x_wconf 90' lang='lat' dir='ltr'>(ut</span> <span class='ocrx_word' id='word_1_442' title='bbox 339 3306 552 3358; x_wconf 87' lang='lat' dir='ltr'>Paulus</span> <span class='ocrx_word' id='word_1_443' title='bbox 575 3304 668 3367; x_wconf 88' lang='lat' dir='ltr'>ait)</span> <span class='ocrx_word' id='word_1_444' title='bbox 684 3302 791 3376; x_wconf 84' lang='lat' dir='ltr'>Ubi</span> <span class='ocrx_word' id='word_1_445' title='bbox 807 3298 1129 3376; x_wconf 76' lang='lat' dir='ltr'>abundavit</span> <span class='ocrx_word' id='word_1_446' title='bbox 1153 3297 1448 3376; x_wconf 72' lang='lat' dir='ltr'>peccatum</span> <span class='ocrx_word' id='word_1_447' title='bbox 1470 3307 1670 3376; x_wconf 86' lang='lat' dir='ltr'>super-</span> 
     </span>
    </p>
   </div>
   <div class='ocr_carea' id='block_1_62' title="bbox 67 3366 1670 3444">
    <p class='ocr_par' dir='ltr' id='par_1_62' title="bbox 67 3366 1670 3444">
     <span class='ocr_line' id='line_1_62' title="bbox 67 3366 1670 3444; baseline -0.01 -10"><span class='ocrx_word' id='word_1_448' title='bbox 67 3366 330 3434; x_wconf 72' lang='lat' dir='ltr'>abundat</span> <span class='ocrx_word' id='word_1_449' title='bbox 352 3377 536 3444; x_wconf 87' lang='lat' dir='ltr'>gratia</span> <span class='ocrx_word' id='word_1_450' title='bbox 563 3378 730 3440; x_wconf 81' lang='lat' dir='ltr'>(Rom.</span> <span class='ocrx_word' id='word_1_451' title='bbox 761 3372 851 3436; x_wconf 96' lang='lat'>5.).</span> <span class='ocrx_word' id='word_1_452' title='bbox 887 3373 951 3422; x_wconf 90' lang='lat' dir='ltr'>In</span> <span class='ocrx_word' id='word_1_453' title='bbox 983 3366 1375 3444; x_wconf 76' lang='lat' dir='ltr'>misericordia</span> <span class='ocrx_word' id='word_1_454' title='bbox 1405 3367 1670 3444; x_wconf 77' lang='lat' dir='ltr'>suapius</span> 
     </span>
    </p>
   </div>
   <div class='ocr_carea' id='block_1_63' title="bbox 69 3438 1670 3517">
    <p class='ocr_par' dir='ltr' id='par_1_63' title="bbox 69 3438 1670 3517">
     <span class='ocr_line' id='line_1_63' title="bbox 69 3438 1670 3517; baseline -0.012 -11"><span class='ocrx_word' id='word_1_455' title='bbox 69 3438 504 3517; x_wconf 48' lang='lat' dir='ltr'>Dominus—24</span> <span class='ocrx_word' id='word_1_456' title='bbox 539 3438 646 3500; x_wconf 86' lang='lat' dir='ltr'>nos</span> <span class='ocrx_word' id='word_1_457' title='bbox 679 3459 714 3498; x_wconf 90' lang='lat' dir='ltr'>a</span> <span class='ocrx_word' id='word_1_458' title='bbox 743 3444 1005 3517; x_wconf 88' lang='lat' dir='ltr'>peccatis</span> <span class='ocrx_word' id='word_1_459' title='bbox 1028 3442 1247 3517; x_wconf 78' lang='lat' dir='ltr'>liberat,</span> <span class='ocrx_word' id='word_1_460' title='bbox 1277 3438 1379 3490; x_wconf 90' lang='lat' dir='ltr'>sed</span> <span class='ocrx_word' id='word_1_461' title='bbox 1400 3438 1462 3517; x_wconf 79' lang='lat' dir='ltr'>in</span> <span class='ocrx_word' id='word_1_462' title='bbox 1487 3439 1670 3517; x_wconf 74' lang='lat' dir='ltr'>abun-</span> 
     </span>
    </p>
   </div>
   <div class='ocr_carea' id='block_1_64' title="bbox 70 3511 1672 3578">
    <p class='ocr_par' dir='ltr' id='par_1_64' title="bbox 70 3511 1672 3578">
     <span class='ocr_line' id='line_1_64' title="bbox 70 3511 1672 3578; baseline -0.01 -1"><span class='ocrx_word' id='word_1_463' title='bbox 70 3524 322 3578; x_wconf 89' lang='lat' dir='ltr'>dantiori</span> <span class='ocrx_word' id='word_1_464' title='bbox 342 3511 726 3573; x_wconf 59' lang='lat' dir='ltr'>misericordia</span> <span class='ocrx_word' id='word_1_465' title='bbox 746 3517 912 3570; x_wconf 85' lang='lat' dir='ltr'>nobis</span> <span class='ocrx_word' id='word_1_466' title='bbox 935 3515 1108 3567; x_wconf 89' lang='lat' dir='ltr'>etiam</span> <span class='ocrx_word' id='word_1_467' title='bbox 1130 3512 1284 3564; x_wconf 91' lang='lat' dir='ltr'>dona</span> <span class='ocrx_word' id='word_1_468' title='bbox 1293 3511 1495 3576; x_wconf 78' lang='lat' dir='ltr'>gratiae</span> <span class='ocrx_word' id='word_1_469' title='bbox 1512 3511 1672 3576; x_wconf 86' lang='lat' dir='ltr'>spiri-</span> 
     </span>
    </p>
   </div>
   <div class='ocr_carea' id='block_1_65' title="bbox 74 3582 1672 3660">
    <p class='ocr_par' dir='ltr' id='par_1_65' title="bbox 74 3582 1672 3660">
     <span class='ocr_line' id='line_1_65' title="bbox 74 3582 1672 3660; baseline -0.01 -10"><span class='ocrx_word' id='word_1_470' title='bbox 74 3596 250 3650; x_wconf 89' lang='lat' dir='ltr'>tualis</span> <span class='ocrx_word' id='word_1_471' title='bbox 293 3597 546 3660; x_wconf 64' lang='lat' dir='ltr'>praestat.</span> <span class='ocrx_word' id='word_1_472' title='bbox 585 3595 646 3643; x_wconf 88' lang='lat' dir='ltr'>In</span> <span class='ocrx_word' id='word_1_473' title='bbox 681 3586 1068 3660; x_wconf 85' lang='lat' dir='ltr'>misericordia</span> <span class='ocrx_word' id='word_1_474' title='bbox 1090 3597 1332 3660; x_wconf 83' lang='lat' dir='ltr'>sua_nos_</span> <span class='ocrx_word' id='word_1_475' title='bbox 1346 3583 1419 3634; x_wconf 89' lang='lat' dir='ltr'>ab</span> <span class='ocrx_word' id='word_1_476' title='bbox 1441 3582 1672 3660; x_wconf 67' lang='lat' dir='ltr'>aeternis</span> 
     </span>
    </p>
   </div>
   <div class='ocr_carea' id='block_1_66' title="bbox 71 3653 1671 3734">
    <p class='ocr_par' dir='ltr' id='par_1_66' title="bbox 71 3653 1671 3734">
     <span class='ocr_line' id='line_1_66' title="bbox 71 3653 1671 3734; baseline -0.011 -14"><span class='ocrx_word' id='word_1_477' title='bbox 71 3653 366 3734; x_wconf 77' lang='lat' dir='ltr'>suppliciis</span> <span class='ocrx_word' id='word_1_478' title='bbox 387 3665 550 3724; x_wconf 90' lang='lat' dir='ltr'>eruit,</span> <span class='ocrx_word' id='word_1_479' title='bbox 567 3663 666 3715; x_wconf 89' lang='lat' dir='ltr'>sed</span> <span class='ocrx_word' id='word_1_480' title='bbox 683 3662 744 3713; x_wconf 91' lang='lat' dir='ltr'>in</span> <span class='ocrx_word' id='word_1_481' title='bbox 758 3658 1126 3734; x_wconf 68' lang='lat' dir='ltr'>multitudine</span> <span class='ocrx_word' id='word_1_482' title='bbox 1143 3653 1548 3734; x_wconf 71' lang='lat' dir='ltr'>misericordiae</span> <span class='ocrx_word' id='word_1_483' title='bbox 1565 3669 1671 3703; x_wconf 76' lang='lat' dir='ltr'>suae</span> 
     </span>
    </p>
   </div>
   <div class='ocr_carea' id='block_1_67' title="bbox 73 3725 1672 3800">
    <p class='ocr_par' dir='ltr' id='par_1_67' title="bbox 73 3725 1672 3800">
     <span class='ocr_line' id='line_1_67' title="bbox 73 3725 1672 3800; baseline -0.011 -7"><span class='ocrx_word' id='word_1_484' title='bbox 73 3725 379 3793; x_wconf 49' lang='lat' dir='ltr'>nos&#39;eliam</span> <span class='ocrx_word' id='word_1_485' title='bbox 399 3736 469 3788; x_wconf 86' lang='lat' dir='ltr'>ad</span> <span class='ocrx_word' id='word_1_486' title='bbox 496 3746 759 3800; x_wconf 78' lang='lat' dir='ltr'>supernae</span> <span class='ocrx_word' id='word_1_487' title='bbox 783 3731 981 3797; x_wconf 63' lang='lat' dir='ltr'>patriae</span> <span class='ocrx_word' id='word_1_488' title='bbox 1006 3729 1242 3780; x_wconf 90' lang='lat' dir='ltr'>domum</span> <span class='ocrx_word' id='word_1_489' title='bbox 1266 3725 1517 3800; x_wconf 83' lang='lat' dir='ltr'>reduxit.</span> <span class='ocrx_word' id='word_1_490' title='bbox 1533 3726 1672 3786; x_wconf 90' lang='lat' dir='ltr'>Quis</span> 
     </span>
    </p>
   </div>
   <div class='ocr_carea' id='block_1_68' title="bbox 74 3797 1674 3866">
    <p class='ocr_par' dir='ltr' id='par_1_68' title="bbox 74 3797 1674 3866">
     <span class='ocr_line' id='line_1_68' title="bbox 74 3797 1674 3866; baseline -0.01 -2"><span class='ocrx_word' id='word_1_491' title='bbox 74 3811 294 3865; x_wconf 55' lang='lat' dir='ltr'>divinae</span> <span class='ocrx_word' id='word_1_492' title='bbox 313 3797 716 3860; x_wconf 69' lang='lat' dir='ltr'>misericordiae</span> <span class='ocrx_word' id='word_1_493' title='bbox 741 3804 959 3855; x_wconf 90' lang='lat' dir='ltr'>viscera</span> <span class='ocrx_word' id='word_1_494' title='bbox 983 3811 1224 3866; x_wconf 87' lang='lat' dir='ltr'>pensare</span> <span class='ocrx_word' id='word_1_495' title='bbox 1239 3797 1442 3858; x_wconf 88' lang='lat' dir='ltr'>valeat,</span> <span class='ocrx_word' id='word_1_496' title='bbox 1457 3809 1590 3860; x_wconf 70' lang='lat' dir='ltr'>quea</span> <span class='ocrx_word' id='word_1_497' title='bbox 1607 3799 1674 3848; x_wconf 89' lang='lat' dir='ltr'>ut</span> 
     </span>
    </p>
   </div>
   <div class='ocr_carea' id='block_1_69' title="bbox 75 3867 1674 3937">
    <p class='ocr_par' dir='ltr' id='par_1_69' title="bbox 75 3867 1674 3937">
     <span class='ocr_line' id='line_1_69' title="bbox 75 3867 1674 3937; baseline -0.01 -1"><span class='ocrx_word' id='word_1_498' title='bbox 75 3883 248 3937; x_wconf 90' lang='lat' dir='ltr'>nobis</span> <span class='ocrx_word' id='word_1_499' title='bbox 279 3884 456 3934; x_wconf 88' lang='lat' dir='ltr'>vitam</span> <span class='ocrx_word' id='word_1_500' title='bbox 489 3878 750 3931; x_wconf 86' lang='lat' dir='ltr'>redderet</span> <span class='ocrx_word' id='word_1_501' title='bbox 769 3877 943 3926; x_wconf 90' lang='lat' dir='ltr'>homo</span> <span class='ocrx_word' id='word_1_502' title='bbox 969 3873 1092 3924; x_wconf 83' lang='lat' dir='ltr'>ﬂeri</span> <span class='ocrx_word' id='word_1_503' title='bbox 1119 3871 1299 3934; x_wconf 83' lang='lat' dir='ltr'>(Joan.</span> <span class='ocrx_word' id='word_1_504' title='bbox 1325 3867 1414 3931; x_wconf 93' lang='lat'>1.),</span> <span class='ocrx_word' id='word_1_505' title='bbox 1441 3870 1498 3919; x_wconf 93' lang='lat' dir='ltr'>et</span> <span class='ocrx_word' id='word_1_506' title='bbox 1521 3881 1674 3920; x_wconf 88' lang='lat' dir='ltr'>mor-</span> 
     </span>
    </p>
   </div>
   <div class='ocr_carea' id='block_1_70' title="bbox 78 3939 1671 4016">
    <p class='ocr_par' dir='ltr' id='par_1_70' title="bbox 78 3939 1671 4016">
     <span class='ocr_line' id='line_1_70' title="bbox 78 3939 1671 4016; baseline -0.013 -8"><span class='ocrx_word' id='word_1_507' title='bbox 78 3959 196 4008; x_wconf 86' lang='lat' dir='ltr'>tem</span> <span class='ocrx_word' id='word_1_508' title='bbox 234 3954 520 4016; x_wconf 88' lang='lat' dir='ltr'>suscipere</span> <span class='ocrx_word' id='word_1_509' title='bbox 556 3949 739 4003; x_wconf 91' lang='lat' dir='ltr'>voluit</span> <span class='ocrx_word' id='word_1_510' title='bbox 777 3946 998 4012; x_wconf 78' lang='lat' dir='ltr'>(Philip.</span> <span class='ocrx_word' id='word_1_511' title='bbox 1025 3942 1532 4016; x_wconf 69' lang='lat' dir='ltr'>‘2.)‘2dicaturergo_:</span> <span class='ocrx_word' id='word_1_512' title='bbox 1557 3939 1671 4016; x_wconf 81' lang='lat' dir='ltr'>E_go</span> 
     </span>
    </p>
   </div>
   <div class='ocr_carea' id='block_1_71' title="bbox 77 4009 1674 4078">
    <p class='ocr_par' dir='ltr' id='par_1_71' title="bbox 77 4009 1674 4078">
     <span class='ocr_line' id='line_1_71' title="bbox 77 4009 1674 4078; baseline -0.012 -1"><span class='ocrx_word' id='word_1_513' title='bbox 77 4032 260 4078; x_wconf 83' lang='lat' dir='ltr'>autem</span> <span class='ocrx_word' id='word_1_514' title='bbox 282 4026 340 4074; x_wconf 88' lang='lat' dir='ltr'>in</span> <span class='ocrx_word' id='word_1_515' title='bbox 356 4009 704 4073; x_wconf 62' lang='lat' dir='ltr'>multitudine</span> <span class='ocrx_word' id='word_1_516' title='bbox 726 4009 1108 4068; x_wconf 72' lang='lat' dir='ltr'>misericordiae</span> <span class='ocrx_word' id='word_1_517' title='bbox 1133 4020 1238 4063; x_wconf 74' lang='lat' dir='ltr'>luce</span> <span class='ocrx_word' id='word_1_518' title='bbox 1261 4009 1492 4060; x_wconf 82' lang='lat' dir='ltr'>introibo</span> <span class='ocrx_word' id='word_1_519' title='bbox 1504 4011 1566 4058; x_wconf 81' lang='lat' dir='ltr'>in</span> <span class='ocrx_word' id='word_1_520' title='bbox 1577 4011 1674 4059; x_wconf 86' lang='lat' dir='ltr'>do-</span> 
     </span>
    </p>
   </div>
   <div class='ocr_carea' id='block_1_72' title="bbox 77 4081 1675 4151">
    <p class='ocr_par' dir='ltr' id='par_1_72' title="bbox 77 4081 1675 4151">
     <span class='ocr_line' id='line_1_72' title="bbox 77 4081 1675 4151; baseline -0.011 -1"><span class='ocrx_word' id='word_1_521' title='bbox 77 4115 233 4151; x_wconf 78' lang='lat' dir='ltr'>mum</span> <span class='ocrx_word' id='word_1_522' title='bbox 275 4103 442 4146; x_wconf 77' lang='lat' dir='ltr'>tuam.</span> <span class='ocrx_word' id='word_1_523' title='bbox 497 4097 707 4146; x_wconf 87' lang='lat' dir='ltr'>Sancta</span> <span class='ocrx_word' id='word_1_524' title='bbox 747 4089 1000 4144; x_wconf 91' lang='lat' dir='ltr'>Ecclesia</span> <span class='ocrx_word' id='word_1_525' title='bbox 1043 4087 1169 4139; x_wconf 87' lang='lat' dir='ltr'>ideo</span> <span class='ocrx_word' id='word_1_526' title='bbox 1217 4085 1424 4136; x_wconf 88' lang='lat' dir='ltr'>domus</span> <span class='ocrx_word' id='word_1_527' title='bbox 1466 4081 1675 4134; x_wconf 91' lang='lat' dir='ltr'>dicitur</span> 
     </span>
    </p>
   </div>
   <div class='ocr_carea' id='block_1_73' title="bbox 80 4155 1675 4237">
    <p class='ocr_par' dir='ltr' id='par_1_73' title="bbox 80 4155 1675 4237">
     <span class='ocr_line' id='line_1_73' title="bbox 80 4155 1675 4237; baseline -0.008 -17"><span class='ocrx_word' id='word_1_528' title='bbox 80 4172 290 4237; x_wconf 76' lang='grc' dir='ltr'><em>(Μααὴ.</em></span> <span class='ocrx_word' id='word_1_529' title='bbox 323 4169 413 4232; x_wconf 88' lang='grc'>7.),</span> <span class='ocrx_word' id='word_1_530' title='bbox 451 4167 584 4230; x_wconf 87' lang='lat' dir='ltr'>quia</span> <span class='ocrx_word' id='word_1_531' title='bbox 607 4167 678 4216; x_wconf 90' lang='lat' dir='ltr'>ab</span> <span class='ocrx_word' id='word_1_532' title='bbox 705 4163 1095 4237; x_wconf 67' lang='lat' dir='ltr'>omnipotente</span> <span class='ocrx_word' id='word_1_533' title='bbox 1111 4158 1363 4237; x_wconf 69' lang='lat' dir='ltr'>Domine</span> <span class='ocrx_word' id='word_1_534' title='bbox 1383 4155 1675 4237; x_wconf 69' lang='lat' dir='ltr'>inhabita-</span> 
     </span>
    </p>
   </div>
   <div class='ocr_carea' id='block_1_74' title="bbox 78 4227 1673 4304">
    <p class='ocr_par' dir='ltr' id='par_1_74' title="bbox 78 4227 1673 4304">
     <span class='ocr_line' id='line_1_74' title="bbox 78 4227 1673 4304; baseline -0.012 -7"><span class='ocrx_word' id='word_1_535' title='bbox 78 4227 174 4296; x_wconf 79' lang='lat' dir='ltr'>tur</span> <span class='ocrx_word' id='word_1_536' title='bbox 213 4243 341 4294; x_wconf 87' lang='lat' dir='ltr'>Ideo</span> <span class='ocrx_word' id='word_1_537' title='bbox 367 4227 642 4304; x_wconf 76' lang='lat' dir='ltr'>templum</span> <span class='ocrx_word' id='word_1_538' title='bbox 659 4227 974 4300; x_wconf 87' lang='lat' dir='ltr'>appellatur</span> <span class='ocrx_word' id='word_1_539' title='bbox 999 4230 1066 4298; x_wconf 71' lang='grc'>(2.</span> <span class='ocrx_word' id='word_1_540' title='bbox 1099 4229 1270 4304; x_wconf 78' lang='lat' dir='ltr'>Parat</span> <span class='ocrx_word' id='word_1_541' title='bbox 1294 4227 1420 4304; x_wconf 73' lang='lat'>18.),</span> <span class='ocrx_word' id='word_1_542' title='bbox 1447 4227 1582 4292; x_wconf 91' lang='lat' dir='ltr'>quia</span> <span class='ocrx_word' id='word_1_543' title='bbox 1600 4227 1673 4280; x_wconf 89' lang='lat' dir='ltr'>ab</span> 
     </span>
    </p>
   </div>
   <div class='ocr_carea' id='block_1_75' title="bbox 80 4299 1674 4382">
    <p class='ocr_par' dir='ltr' id='par_1_75' title="bbox 80 4299 1674 4382">
     <span class='ocr_line' id='line_1_75' title="bbox 80 4299 1674 4382; baseline -0.012 -14"><span class='ocrx_word' id='word_1_544' title='bbox 80 4318 205 4382; x_wconf 91' lang='lat' dir='ltr'>ipso</span> <span class='ocrx_word' id='word_1_545' title='bbox 229 4312 466 4365; x_wconf 89' lang='lat' dir='ltr'>Domino</span> <span class='ocrx_word' id='word_1_546' title='bbox 484 4299 874 4382; x_wconf 76' lang='lat' dir='ltr'>consecratur.</span> <span class='ocrx_word' id='word_1_547' title='bbox 900 4304 1006 4382; x_wconf 64' lang='lat' dir='ltr'>Yel</span> <span class='ocrx_word' id='word_1_548' title='bbox 1039 4301 1315 4382; x_wconf 68' lang='lat' dir='ltr'>templum</span> <span class='ocrx_word' id='word_1_549' title='bbox 1346 4299 1484 4382; x_wconf 72' lang='lat' dir='ltr'>ideo</span> <span class='ocrx_word' id='word_1_550' title='bbox 1500 4311 1674 4351; x_wconf 89' lang='lat' dir='ltr'>voca-</span> 
     </span>
    </p>
   </div>
   <div class='ocr_carea' id='block_1_76' title="bbox 84 4371 1673 4449">
    <p class='ocr_par' dir='ltr' id='par_1_76' title="bbox 84 4371 1673 4449">
     <span class='ocr_line' id='line_1_76' title="bbox 84 4371 1673 4449; baseline -0.011 -10"><span class='ocrx_word' id='word_1_551' title='bbox 84 4371 196 4449; x_wconf 68' lang='lat' dir='ltr'>tur,</span> <span class='ocrx_word' id='word_1_552' title='bbox 223 4386 352 4449; x_wconf 89' lang='lat' dir='ltr'>quia</span> <span class='ocrx_word' id='word_1_553' title='bbox 380 4384 440 4434; x_wconf 90' lang='lat' dir='ltr'>in</span> <span class='ocrx_word' id='word_1_554' title='bbox 462 4395 527 4433; x_wconf 93' lang='lat' dir='ltr'>eo</span> <span class='ocrx_word' id='word_1_555' title='bbox 549 4380 817 4432; x_wconf 89' lang='lat' dir='ltr'>continue</span> <span class='ocrx_word' id='word_1_556' title='bbox 843 4373 1334 4449; x_wconf 68' lang='lat' dir='ltr'>caelestiDomino</span> <span class='ocrx_word' id='word_1_557' title='bbox 1357 4371 1673 4449; x_wconf 74' lang='lat' dir='ltr'>laudesre-</span> 
     </span>
    </p>
   </div>
   <div class='ocr_carea' id='block_1_77' title="bbox 86 4443 1673 4519">
    <p class='ocr_par' dir='ltr' id='par_1_77' title="bbox 86 4443 1673 4519">
     <span class='ocr_line' id='line_1_77' title="bbox 86 4443 1673 4519; baseline -0.014 -8"><span class='ocrx_word' id='word_1_558' title='bbox 86 4443 340 4511; x_wconf 68' lang='lat' dir='ltr'>feruntur</span> <span class='ocrx_word' id='word_1_559' title='bbox 373 4453 532 4519; x_wconf 75' lang='lat' dir='ltr'>(Psal.</span> <span class='ocrx_word' id='word_1_560' title='bbox 569 4452 690 4515; x_wconf 86' lang='lat'>67.).</span> <span class='ocrx_word' id='word_1_561' title='bbox 726 4451 818 4502; x_wconf 81' lang='lat' dir='ltr'>Ait</span> <span class='ocrx_word' id='word_1_562' title='bbox 857 4461 1010 4512; x_wconf 89' lang='lat' dir='ltr'>ergo,</span> <span class='ocrx_word' id='word_1_563' title='bbox 1042 4444 1292 4519; x_wconf 80' lang='lat' dir='ltr'>Ade-rabo</span> <span class='ocrx_word' id='word_1_564' title='bbox 1317 4444 1390 4519; x_wconf 72' lang='lat' dir='ltr'>ad</span> <span class='ocrx_word' id='word_1_565' title='bbox 1415 4443 1673 4519; x_wconf 65' lang='lat' dir='ltr'>templum.</span> 
     </span>
    </p>
   </div>
   <div class='ocr_carea' id='block_1_78' title="bbox 85 4513 1673 4584">
    <p class='ocr_par' dir='ltr' id='par_1_78' title="bbox 85 4513 1673 4584">
     <span class='ocr_line' id='line_1_78' title="bbox 85 4513 1673 4584; baseline -0.013 -4"><span class='ocrx_word' id='word_1_566' title='bbox 85 4534 326 4580; x_wconf 83' lang='lat' dir='ltr'>sanctum</span> <span class='ocrx_word' id='word_1_567' title='bbox 350 4513 505 4576; x_wconf 73' lang='lat' dir='ltr'>tuum</span> <span class='ocrx_word' id='word_1_568' title='bbox 530 4525 585 4572; x_wconf 76' lang='lat' dir='ltr'>in</span> <span class='ocrx_word' id='word_1_569' title='bbox 615 4513 818 4572; x_wconf 75' lang='lat' dir='ltr'>timore.</span> <span class='ocrx_word' id='word_1_570' title='bbox 839 4520 983 4583; x_wconf 85' lang='lat' dir='ltr'>Quia</span> <span class='ocrx_word' id='word_1_571' title='bbox 1009 4519 1113 4584; x_wconf 72' lang='lat' dir='ltr'>(Ea:</span> <span class='ocrx_word' id='word_1_572' title='bbox 1136 4513 1454 4580; x_wconf 76' lang='lat' dir='ltr'>Augustino)</span> <span class='ocrx_word' id='word_1_573' title='bbox 1472 4525 1589 4564; x_wconf 91' lang='lat' dir='ltr'>non</span> <span class='ocrx_word' id='word_1_574' title='bbox 1603 4515 1673 4560; x_wconf 83' lang='lat' dir='ltr'>ait</span> 
     </span>
    </p>
   </div>
   <div class='ocr_carea' id='block_1_79' title="bbox 87 4583 1673 4664">
    <p class='ocr_par' dir='ltr' id='par_1_79' title="bbox 87 4583 1673 4664">
     <span class='ocr_line' id='line_1_79' title="bbox 87 4583 1673 4664; baseline -0.011 -10"><span class='ocrx_word' id='word_1_575' title='bbox 87 4603 145 4654; x_wconf 91' lang='lat' dir='ltr'>in</span> <span class='ocrx_word' id='word_1_576' title='bbox 168 4599 392 4664; x_wconf 90' lang='lat' dir='ltr'>templo,</span> <span class='ocrx_word' id='word_1_577' title='bbox 411 4597 512 4649; x_wconf 90' lang='lat' dir='ltr'>sed</span> <span class='ocrx_word' id='word_1_578' title='bbox 537 4596 609 4645; x_wconf 80' lang='lat' dir='ltr'>ad</span> <span class='ocrx_word' id='word_1_579' title='bbox 627 4593 900 4659; x_wconf 80' lang='lat' dir='ltr'>templum,</span> <span class='ocrx_word' id='word_1_580' title='bbox 913 4587 1351 4664; x_wconf 80' lang='lat' dir='ltr'>intelligendum</span> <span class='ocrx_word' id='word_1_581' title='bbox 1368 4591 1455 4637; x_wconf 88' lang='lat' dir='ltr'>est</span> <span class='ocrx_word' id='word_1_582' title='bbox 1470 4597 1588 4636; x_wconf 91' lang='lat' dir='ltr'>non</span> <span class='ocrx_word' id='word_1_583' title='bbox 1601 4583 1673 4636; x_wconf 90' lang='lat' dir='ltr'>de</span> 
     </span>
    </p>
   </div>
   <div class='ocr_carea' id='block_1_80' title="bbox 90 4658 1673 4739">
    <p class='ocr_par' dir='ltr' id='par_1_80' title="bbox 90 4658 1673 4739">
     <span class='ocr_line' id='line_1_80' title="bbox 90 4658 1673 4739; baseline -0.013 -13"><span class='ocrx_word' id='word_1_584' title='bbox 90 4658 442 4739; x_wconf 79' lang='lat' dir='ltr'>perfectione,</span> <span class='ocrx_word' id='word_1_585' title='bbox 483 4667 583 4718; x_wconf 89' lang='lat' dir='ltr'>sed</span> <span class='ocrx_word' id='word_1_586' title='bbox 619 4667 701 4739; x_wconf 85' lang='lat' dir='ltr'>de</span> <span class='ocrx_word' id='word_1_587' title='bbox 725 4658 981 4739; x_wconf 75' lang='lat' dir='ltr'>profectu</span> <span class='ocrx_word' id='word_1_588' title='bbox 1000 4663 1086 4739; x_wconf 69' lang='lat' dir='ltr'>ad</span> <span class='ocrx_word' id='word_1_589' title='bbox 1110 4658 1519 4739; x_wconf 57' lang='lat' dir='ltr'>perfectionem</span> <span class='ocrx_word' id='word_1_590' title='bbox 1543 4668 1673 4738; x_wconf 80' lang='lat' dir='ltr'>esse</span> 
     </span>
    </p>
   </div>
   <div class='ocr_carea' id='block_1_81' title="bbox 1769 1920 3370 1986">
    <p class='ocr_par' dir='ltr' id='par_1_81' title="bbox 1769 1920 3370 1986">
     <span class='ocr_line' id='line_1_81' title="bbox 1769 1920 3370 1986; baseline -0.009 -2"><span class='ocrx_word' id='word_1_591' title='bbox 1769 1931 1971 1984; x_wconf 88' lang='lat' dir='ltr'>cedere</span> <span class='ocrx_word' id='word_1_592' title='bbox 1984 1929 2043 1980; x_wconf 91' lang='lat' dir='ltr'>in</span> <span class='ocrx_word' id='word_1_593' title='bbox 2068 1925 2322 1980; x_wconf 87' lang='lat' dir='ltr'>vindicta</span> <span class='ocrx_word' id='word_1_594' title='bbox 2346 1923 2604 1986; x_wconf 91' lang='lat' dir='ltr'>modum,</span> <span class='ocrx_word' id='word_1_595' title='bbox 2629 1935 2702 1973; x_wconf 92' lang='lat' dir='ltr'>ne</span> <span class='ocrx_word' id='word_1_596' title='bbox 2713 1921 2844 1986; x_wconf 88' lang='lat' dir='ltr'>plus</span> <span class='ocrx_word' id='word_1_597' title='bbox 2861 1920 3136 1986; x_wconf 90' lang='lat' dir='ltr'>rependat</span> <span class='ocrx_word' id='word_1_598' title='bbox 3149 1922 3370 1983; x_wconf 86' lang='lat' dir='ltr'>quisque</span> 
     </span>
    </p>
   </div>
   <div class='ocr_carea' id='block_1_82' title="bbox 1766 1991 3370 2069">
    <p class='ocr_par' dir='ltr' id='par_1_82' title="bbox 1766 1991 3370 2069">
     <span class='ocr_line' id='line_1_82' title="bbox 1766 1991 3370 2069; baseline -0.008 -13"><span class='ocrx_word' id='word_1_599' title='bbox 1766 2015 1941 2069; x_wconf 90' lang='lat' dir='ltr'>quam</span> <span class='ocrx_word' id='word_1_600' title='bbox 1968 1999 2192 2064; x_wconf 87' lang='lat' dir='ltr'>accipit,</span> <span class='ocrx_word' id='word_1_601' title='bbox 2205 1999 2262 2048; x_wconf 92' lang='lat' dir='ltr'>et</span> <span class='ocrx_word' id='word_1_602' title='bbox 2285 2007 2532 2060; x_wconf 87' lang='lat' dir='ltr'>magnus</span> <span class='ocrx_word' id='word_1_603' title='bbox 2552 1993 2646 2069; x_wconf 82' lang='lat' dir='ltr'>hic</span> <span class='ocrx_word' id='word_1_604' title='bbox 2660 1993 2872 2057; x_wconf 85' lang='lat' dir='ltr'>gradus</span> <span class='ocrx_word' id='word_1_605' title='bbox 2892 1997 2998 2069; x_wconf 84' lang='lat' dir='ltr'>est.</span> <span class='ocrx_word' id='word_1_606' title='bbox 3020 1994 3200 2069; x_wconf 80' lang='lat' dir='ltr'>Nemo</span> <span class='ocrx_word' id='word_1_607' title='bbox 3211 1991 3370 2069; x_wconf 81' lang='lat' dir='ltr'>enim</span> 
     </span>
    </p>
   </div>
   <div class='ocr_carea' id='block_1_83' title="bbox 1767 2064 3370 2135">
    <p class='ocr_par' dir='ltr' id='par_1_83' title="bbox 1767 2064 3370 2135">
     <span class='ocr_line' id='line_1_83' title="bbox 1767 2064 3370 2135; baseline -0.011 -7"><span class='ocrx_word' id='word_1_608' title='bbox 1767 2064 2178 2135; x_wconf 75' lang='lat' dir='ltr'>ihvenitur,qui</span> <span class='ocrx_word' id='word_1_609' title='bbox 2196 2080 2390 2134; x_wconf 81' lang='lat' dir='ltr'>pugno</span> <span class='ocrx_word' id='word_1_610' title='bbox 2399 2067 2635 2130; x_wconf 90' lang='lat' dir='ltr'>accepto</span> <span class='ocrx_word' id='word_1_611' title='bbox 2649 2077 2910 2129; x_wconf 86' lang='lat' dir='ltr'>pugnum</span> <span class='ocrx_word' id='word_1_612' title='bbox 2925 2064 3150 2116; x_wconf 86' lang='lat' dir='ltr'>tantum</span> <span class='ocrx_word' id='word_1_613' title='bbox 3167 2065 3370 2135; x_wconf 82' lang='lat' dir='ltr'>reddere</span> 
     </span>
    </p>
   </div>
   <div class='ocr_carea' id='block_1_84' title="bbox 1765 2134 3370 2201">
    <p class='ocr_par' dir='ltr' id='par_1_84' title="bbox 1765 2134 3370 2201">
     <span class='ocr_line' id='line_1_84' title="bbox 1765 2134 3370 2201; baseline -0.009 0"><span class='ocrx_word' id='word_1_614' title='bbox 1765 2147 1906 2201; x_wconf 86' lang='lat' dir='ltr'>velit</span> <span class='ocrx_word' id='word_1_615' title='bbox 1937 2160 1949 2197; x_wconf 93' lang='lat'><strong>:</strong></span> <span class='ocrx_word' id='word_1_616' title='bbox 1973 2147 2030 2196; x_wconf 91' lang='lat' dir='ltr'>et</span> <span class='ocrx_word' id='word_1_617' title='bbox 2049 2134 2166 2194; x_wconf 89' lang='lat' dir='ltr'>uno</span> <span class='ocrx_word' id='word_1_618' title='bbox 2187 2153 2224 2193; x_wconf 90' lang='lat' dir='ltr'>a</span> <span class='ocrx_word' id='word_1_619' title='bbox 2245 2137 2604 2192; x_wconf 88' lang='lat' dir='ltr'>conviciante</span> <span class='ocrx_word' id='word_1_620' title='bbox 2627 2137 2801 2188; x_wconf 89' lang='lat' dir='ltr'>verbo</span> <span class='ocrx_word' id='word_1_621' title='bbox 2830 2135 3046 2200; x_wconf 90' lang='lat' dir='ltr'>audito,</span> <span class='ocrx_word' id='word_1_622' title='bbox 3078 2147 3283 2198; x_wconf 89' lang='lat' dir='ltr'>unum,</span> <span class='ocrx_word' id='word_1_623' title='bbox 3319 2134 3370 2187; x_wconf 89' lang='lat' dir='ltr'>si</span> 
     </span>
    </p>
   </div>
   <div class='ocr_carea' id='block_1_85' title="bbox 1767 2205 3370 2272">
    <p class='ocr_par' dir='ltr' id='par_1_85' title="bbox 1767 2205 3370 2272">
     <span class='ocr_line' id='line_1_85' title="bbox 1767 2205 3370 2272; baseline -0.009 0"><span class='ocrx_word' id='word_1_624' title='bbox 1767 2215 2129 2272; x_wconf 87' lang='lat' dir='ltr'>tantumdem</span> <span class='ocrx_word' id='word_1_625' title='bbox 2175 2211 2368 2264; x_wconf 78' lang='lat' dir='ltr'>valeat</span> <span class='ocrx_word' id='word_1_626' title='bbox 2399 2210 2621 2268; x_wconf 84' lang='lat' dir='ltr'>referre,</span> <span class='ocrx_word' id='word_1_627' title='bbox 2648 2211 2957 2259; x_wconf 84' lang='lat' dir='ltr'>contentus</span> <span class='ocrx_word' id='word_1_628' title='bbox 2985 2207 3081 2258; x_wconf 90' lang='lat' dir='ltr'>sit.</span> <span class='ocrx_word' id='word_1_629' title='bbox 3108 2206 3218 2258; x_wconf 91' lang='lat' dir='ltr'>Sed</span> <span class='ocrx_word' id='word_1_630' title='bbox 3246 2205 3370 2258; x_wconf 84' lang='lat' dir='ltr'>sive</span> 
     </span>
    </p>
   </div>
   <div class='ocr_carea' id='block_1_86' title="bbox 1765 2277 3370 2354">
    <p class='ocr_par' dir='ltr' id='par_1_86' title="bbox 1765 2277 3370 2354">
     <span class='ocr_line' id='line_1_86' title="bbox 1765 2277 3370 2354; baseline -0.009 -10"><span class='ocrx_word' id='word_1_631' title='bbox 1765 2293 1848 2343; x_wconf 86' lang='lat' dir='ltr'>ira</span> <span class='ocrx_word' id='word_1_632' title='bbox 1881 2286 2246 2354; x_wconf 89' lang='lat' dir='ltr'>perturbatus</span> <span class='ocrx_word' id='word_1_633' title='bbox 2279 2279 2712 2354; x_wconf 81' lang='lat' dir='ltr'>immoderatius</span> <span class='ocrx_word' id='word_1_634' title='bbox 2747 2277 3002 2354; x_wconf 82' lang='lat' dir='ltr'>vindicat</span> <span class='ocrx_word' id='word_1_635' title='bbox 3040 2294 3052 2326; x_wconf 88' lang='lat'><strong>:</strong></span> <span class='ocrx_word' id='word_1_636' title='bbox 3081 2277 3370 2354; x_wconf 35' lang='lat' dir='ltr'>sive-quia</span> 
     </span>
    </p>
   </div>
   <div class='ocr_carea' id='block_1_87' title="bbox 1763 2347 3366 2430">
    <p class='ocr_par' dir='ltr' id='par_1_87' title="bbox 1763 2347 3366 2430">
     <span class='ocr_line' id='line_1_87' title="bbox 1763 2347 3366 2430; baseline -0.01 -16"><span class='ocrx_word' id='word_1_637' title='bbox 1763 2347 1986 2430; x_wconf 72' lang='lat' dir='ltr'>justum</span> <span class='ocrx_word' id='word_1_638' title='bbox 2024 2357 2188 2422; x_wconf 89' lang='lat' dir='ltr'>putat</span> <span class='ocrx_word' id='word_1_639' title='bbox 2228 2365 2378 2430; x_wconf 84' lang='lat' dir='ltr'>eum,</span> <span class='ocrx_word' id='word_1_640' title='bbox 2405 2351 2534 2430; x_wconf 87' lang='lat' dir='ltr'>_qui&#39;</span> <span class='ocrx_word' id='word_1_641' title='bbox 2561 2349 2712 2430; x_wconf 65' lang='lat' dir='ltr'>laesit</span> <span class='ocrx_word' id='word_1_642' title='bbox 2747 2347 3366 2430; x_wconf 43' lang='lat' dir='ltr'>priorl‘g‘raviusdaadi,</span> 
     </span>
    </p>
   </div>
   <div class='ocr_carea' id='block_1_88' title="bbox 1767 2419 3368 2499">
    <p class='ocr_par' dir='ltr' id='par_1_88' title="bbox 1767 2419 3368 2499">
     <span class='ocr_line' id='line_1_88' title="bbox 1767 2419 3368 2499; baseline -0.01 -14"><span class='ocrx_word' id='word_1_643' title='bbox 1767 2419 1941 2499; x_wconf 72' lang='lat' dir='ltr'>quam</span> <span class='ocrx_word' id='word_1_644' title='bbox 1975 2419 2151 2482; x_wconf 75' lang='lat' dir='ltr'>laesus</span> <span class='ocrx_word' id='word_1_645' title='bbox 2187 2427 2290 2486; x_wconf 85' lang='lat' dir='ltr'>est,</span> <span class='ocrx_word' id='word_1_646' title='bbox 2321 2423 2421 2499; x_wconf 83' lang='lat' dir='ltr'>qui</span> <span class='ocrx_word' id='word_1_647' title='bbox 2453 2433 2572 2499; x_wconf 75' lang='lat' dir='ltr'>non</span> <span class='ocrx_word' id='word_1_648' title='bbox 2607 2420 2854 2499; x_wconf 70' lang='lat' dir='ltr'>haeserat.</span> <span class='ocrx_word' id='word_1_649' title='bbox 2890 2419 3086 2499; x_wconf 64' lang='lat' dir='ltr'>Talem</span> <span class='ocrx_word' id='word_1_650' title='bbox 3108 2419 3368 2499; x_wconf 80' lang='lat' dir='ltr'>animum</span> 
     </span>
    </p>
   </div>
   <div class='ocr_carea' id='block_1_89' title="bbox 1767 2490 3368 2565">
    <p class='ocr_par' dir='ltr' id='par_1_89' title="bbox 1767 2490 3368 2565">
     <span class='ocr_line' id='line_1_89' title="bbox 1767 2490 3368 2565; baseline -0.011 -7"><span class='ocrx_word' id='word_1_651' title='bbox 1767 2490 1971 2565; x_wconf 79' lang='lat' dir='ltr'>magna</span> <span class='ocrx_word' id='word_1_652' title='bbox 1991 2513 2063 2552; x_wconf 79' lang='lat' dir='ltr'>ex</span> <span class='ocrx_word' id='word_1_653' title='bbox 2092 2501 2250 2562; x_wconf 89' lang='lat' dir='ltr'>parte</span> <span class='ocrx_word' id='word_1_654' title='bbox 2274 2492 2584 2548; x_wconf 86' lang='lat' dir='ltr'>refrenavit</span> <span class='ocrx_word' id='word_1_655' title='bbox 2605 2491 2718 2565; x_wconf 84' lang='lat' dir='ltr'>lex,</span> <span class='ocrx_word' id='word_1_656' title='bbox 2743 2490 2805 2542; x_wconf 90' lang='lat' dir='ltr'>in</span> <span class='ocrx_word' id='word_1_657' title='bbox 2827 2503 2944 2565; x_wconf 80' lang='lat' dir='ltr'>qua</span> <span class='ocrx_word' id='word_1_658' title='bbox 2965 2490 3198 2565; x_wconf 78' lang='lat' dir='ltr'>dicitur,</span> <span class='ocrx_word' id='word_1_659' title='bbox 3221 2490 3368 2542; x_wconf 87' lang='lat' dir='ltr'>Ocu-</span> 
     </span>
    </p>
   </div>
   <div class='ocr_carea' id='block_1_90' title="bbox 1767 2562 3371 2640">
    <p class='ocr_par' dir='ltr' id='par_1_90' title="bbox 1767 2562 3371 2640">
     <span class='ocr_line' id='line_1_90' title="bbox 1767 2562 3371 2640; baseline -0.011 -12"><span class='ocrx_word' id='word_1_660' title='bbox 1767 2562 1888 2630; x_wconf 79' lang='lat' dir='ltr'>lum</span> <span class='ocrx_word' id='word_1_661' title='bbox 1905 2587 2004 2640; x_wconf 89' lang='lat' dir='ltr'>pro</span> <span class='ocrx_word' id='word_1_662' title='bbox 2030 2569 2212 2631; x_wconf 91' lang='lat' dir='ltr'>oculo,</span> <span class='ocrx_word' id='word_1_663' title='bbox 2227 2571 2287 2620; x_wconf 87' lang='lat' dir='ltr'>et</span> <span class='ocrx_word' id='word_1_664' title='bbox 2302 2570 2528 2640; x_wconf 77' lang='lat' dir='ltr'>caetera.</span> <span class='ocrx_word' id='word_1_665' title='bbox 2554 2563 2774 2640; x_wconf 82' lang='lat' dir='ltr'>Quibus</span> <span class='ocrx_word' id='word_1_666' title='bbox 2790 2563 3124 2640; x_wconf 72' lang='lat' dir='ltr'>nominibus</span> <span class='ocrx_word' id='word_1_667' title='bbox 3145 2562 3371 2626; x_wconf 76' lang='lat' dir='ltr'>signifi-</span> 
     </span>
    </p>
   </div>
   <div class='ocr_carea' id='block_1_91' title="bbox 1767 2635 3368 2712">
    <p class='ocr_par' dir='ltr' id='par_1_91' title="bbox 1767 2635 3368 2712">
     <span class='ocr_line' id='line_1_91' title="bbox 1767 2635 3368 2712; baseline -0.009 -11"><span class='ocrx_word' id='word_1_668' title='bbox 1767 2635 1930 2700; x_wconf 78' lang='lat' dir='ltr'>catur</span> <span class='ocrx_word' id='word_1_669' title='bbox 1957 2644 2006 2712; x_wconf 80' lang='grc'><strong>2</strong></span> <span class='ocrx_word' id='word_1_670' title='bbox 2017 2642 2068 2710; x_wconf 88' lang='grc'>5</span> <span class='ocrx_word' id='word_1_671' title='bbox 2094 2641 2324 2712; x_wconf 85' lang='lat' dir='ltr'>modus,</span> <span class='ocrx_word' id='word_1_672' title='bbox 2342 2636 2702 2712; x_wconf 82' lang='lat' dir='ltr'>ut_inju_riam</span> <span class='ocrx_word' id='word_1_673' title='bbox 2718 2635 2974 2712; x_wconf 78' lang='lat' dir='ltr'>vindicta</span> <span class='ocrx_word' id='word_1_674' title='bbox 2988 2646 3106 2687; x_wconf 91' lang='lat' dir='ltr'>non</span> <span class='ocrx_word' id='word_1_675' title='bbox 3122 2640 3338 2684; x_wconf 80' lang='lat' dir='ltr'>transeat</span> <span class='ocrx_word' id='word_1_676' title='bbox 3355 2649 3368 2687; x_wconf 91' lang='lat'><strong>:</strong></span> 
     </span>
    </p>
   </div>
   <div class='ocr_carea' id='block_1_92' title="bbox 1766 2707 3374 2778">
    <p class='ocr_par' dir='ltr' id='par_1_92' title="bbox 1766 2707 3374 2778">
     <span class='ocr_line' id='line_1_92' title="bbox 1766 2707 3374 2778; baseline -0.008 -6"><span class='ocrx_word' id='word_1_677' title='bbox 1766 2725 1824 2772; x_wconf 90' lang='lat' dir='ltr'>et</span> <span class='ocrx_word' id='word_1_678' title='bbox 1854 2707 2090 2770; x_wconf 54' lang='lat' dir='ltr'>haec—est</span> <span class='ocrx_word' id='word_1_679' title='bbox 2121 2712 2277 2778; x_wconf 89' lang='lat' dir='ltr'>pacis</span> <span class='ocrx_word' id='word_1_680' title='bbox 2315 2709 2619 2762; x_wconf 88' lang='lat' dir='ltr'>inchoatio.</span> <span class='ocrx_word' id='word_1_681' title='bbox 2649 2707 2907 2760; x_wconf 88' lang='lat' dir='ltr'>Perfecta</span> <span class='ocrx_word' id='word_1_682' title='bbox 2928 2710 3119 2778; x_wconf 79' lang='lat' dir='ltr'>autem</span> <span class='ocrx_word' id='word_1_683' title='bbox 3144 2719 3258 2771; x_wconf 79' lang='lat' dir='ltr'>pax</span> <span class='ocrx_word' id='word_1_684' title='bbox 3281 2711 3374 2778; x_wconf 86' lang='lat' dir='ltr'>est</span> 
     </span>
    </p>
   </div>
   <div class='ocr_carea' id='block_1_93' title="bbox 1768 2776 3372 2852">
    <p class='ocr_par' dir='ltr' id='par_1_93' title="bbox 1768 2776 3372 2852">
     <span class='ocr_line' id='line_1_93' title="bbox 1768 2776 3372 2852; baseline -0.012 -8"><span class='ocrx_word' id='word_1_685' title='bbox 1768 2790 1943 2844; x_wconf 85' lang='lat' dir='ltr'>talem</span> <span class='ocrx_word' id='word_1_686' title='bbox 1963 2776 2194 2852; x_wconf 79' lang='lat' dir='ltr'>penitus</span> <span class='ocrx_word' id='word_1_687' title='bbox 2218 2781 2369 2834; x_wconf 89' lang='lat' dir='ltr'>nolle</span> <span class='ocrx_word' id='word_1_688' title='bbox 2393 2779 2728 2834; x_wconf 88' lang='lat' dir='ltr'>vindictam.</span> <span class='ocrx_word' id='word_1_689' title='bbox 2753 2776 3070 2852; x_wconf 75' lang='lat' dir='ltr'>Interiilud</span> <span class='ocrx_word' id='word_1_690' title='bbox 3095 2790 3230 2852; x_wconf 79' lang='lat' dir='ltr'>ergo</span> <span class='ocrx_word' id='word_1_691' title='bbox 3255 2777 3372 2842; x_wconf 89' lang='lat' dir='ltr'>pri-</span> 
     </span>
    </p>
   </div>
   <div class='ocr_carea' id='block_1_94' title="bbox 1767 2847 3371 2923">
    <p class='ocr_par' dir='ltr' id='par_1_94' title="bbox 1767 2847 3371 2923">
     <span class='ocr_line' id='line_1_94' title="bbox 1767 2847 3371 2923; baseline -0.007 -10"><span class='ocrx_word' id='word_1_692' title='bbox 1767 2873 1946 2923; x_wconf 89' lang='lat' dir='ltr'>mum,</span> <span class='ocrx_word' id='word_1_693' title='bbox 1963 2847 2130 2923; x_wconf 73' lang='lat' dir='ltr'>quod</span> <span class='ocrx_word' id='word_1_694' title='bbox 2151 2859 2360 2921; x_wconf 76' lang='lat' dir='ltr'>praeter</span> <span class='ocrx_word' id='word_1_695' title='bbox 2383 2852 2570 2916; x_wconf 85' lang='lat' dir='ltr'>legem</span> <span class='ocrx_word' id='word_1_696' title='bbox 2595 2853 2702 2923; x_wconf 87' lang='lat' dir='ltr'>est,</span> <span class='ocrx_word' id='word_1_697' title='bbox 2723 2851 2787 2901; x_wconf 90' lang='lat' dir='ltr'>ut</span> <span class='ocrx_word' id='word_1_698' title='bbox 2810 2849 2999 2923; x_wconf 67' lang='lat' dir='ltr'>maius</span> <span class='ocrx_word' id='word_1_699' title='bbox 3021 2847 3242 2923; x_wconf 86' lang='lat' dir='ltr'>malum</span> <span class='ocrx_word' id='word_1_700' title='bbox 3274 2861 3371 2923; x_wconf 71' lang='lat' dir='ltr'>pro</span> 
     </span>
    </p>
   </div>
   <div class='ocr_carea' id='block_1_95' title="bbox 1766 2919 3368 2986">
    <p class='ocr_par' dir='ltr' id='par_1_95' title="bbox 1766 2919 3368 2986">
     <span class='ocr_line' id='line_1_95' title="bbox 1766 2919 3368 2986; baseline -0.01 0"><span class='ocrx_word' id='word_1_701' title='bbox 1766 2919 2171 2986; x_wconf 38' lang='lat' dir='ltr'>minore—malo</span> <span class='ocrx_word' id='word_1_702' title='bbox 2189 2925 2463 2979; x_wconf 87' lang='lat' dir='ltr'>reddatur</span> <span class='ocrx_word' id='word_1_703' title='bbox 2487 2937 2498 2973; x_wconf 94' lang='lat'>:</span> <span class='ocrx_word' id='word_1_704' title='bbox 2525 2927 2583 2974; x_wconf 92' lang='lat' dir='ltr'>et</span> <span class='ocrx_word' id='word_1_705' title='bbox 2597 2921 2708 2972; x_wconf 94' lang='lat' dir='ltr'>hoc</span> <span class='ocrx_word' id='word_1_706' title='bbox 2727 2920 2884 2984; x_wconf 90' lang='lat' dir='ltr'>quod</span> <span class='ocrx_word' id='word_1_707' title='bbox 2910 2919 3190 2970; x_wconf 88' lang='lat' dir='ltr'>Dominus</span> <span class='ocrx_word' id='word_1_708' title='bbox 3205 2919 3368 2984; x_wconf 82' lang='lat' dir='ltr'>perﬂ-</span> 
     </span>
    </p>
   </div>
   <div class='ocr_carea' id='block_1_96' title="bbox 1767 2990 3369 3062">
    <p class='ocr_par' dir='ltr' id='par_1_96' title="bbox 1767 2990 3369 3062">
     <span class='ocr_line' id='line_1_96' title="bbox 1767 2990 3369 3062; baseline -0.009 -5"><span class='ocrx_word' id='word_1_709' title='bbox 1767 3003 1986 3058; x_wconf 89' lang='lat' dir='ltr'>ciendis</span> <span class='ocrx_word' id='word_1_710' title='bbox 2001 2996 2297 3062; x_wconf 88' lang='lat' dir='ltr'>discipulis</span> <span class='ocrx_word' id='word_1_711' title='bbox 2313 2994 2470 3055; x_wconf 89' lang='lat' dir='ltr'>dicit,</span> <span class='ocrx_word' id='word_1_712' title='bbox 2487 3005 2561 3044; x_wconf 91' lang='lat' dir='ltr'>ne</span> <span class='ocrx_word' id='word_1_713' title='bbox 2583 2991 2736 3043; x_wconf 90' lang='lat' dir='ltr'>malo</span> <span class='ocrx_word' id='word_1_714' title='bbox 2757 2991 3088 3044; x_wconf 79' lang='lat' dir='ltr'>resistatur:</span> <span class='ocrx_word' id='word_1_715' title='bbox 3111 2990 3369 3042; x_wconf 91' lang='lat' dir='ltr'>medium</span> 
     </span>
    </p>
   </div>
   <div class='ocr_carea' id='block_1_97' title="bbox 1766 3063 3370 3133">
    <p class='ocr_par' dir='ltr' id='par_1_97' title="bbox 1766 3063 3370 3133">
     <span class='ocr_line' id='line_1_97' title="bbox 1766 3063 3370 3133; baseline -0.01 -5"><span class='ocrx_word' id='word_1_716' title='bbox 1766 3077 1959 3128; x_wconf 91' lang='lat' dir='ltr'>locum</span> <span class='ocrx_word' id='word_1_717' title='bbox 1985 3074 2161 3133; x_wconf 90' lang='lat' dir='ltr'>tenet,</span> <span class='ocrx_word' id='word_1_718' title='bbox 2179 3073 2243 3121; x_wconf 92' lang='lat' dir='ltr'>ut</span> <span class='ocrx_word' id='word_1_719' title='bbox 2268 3071 2494 3120; x_wconf 90' lang='lat' dir='ltr'>tantum</span> <span class='ocrx_word' id='word_1_720' title='bbox 2509 3063 2800 3122; x_wconf 88' lang='lat' dir='ltr'>reddatur,</span> <span class='ocrx_word' id='word_1_721' title='bbox 2813 3065 3096 3126; x_wconf 89' lang='lat' dir='ltr'>quantum</span> <span class='ocrx_word' id='word_1_722' title='bbox 3110 3067 3370 3122; x_wconf 84' lang='lat' dir='ltr'>acceptum</span> 
     </span>
    </p>
   </div>
   <div class='ocr_carea' id='block_1_98' title="bbox 1767 3133 3367 3210">
    <p class='ocr_par' dir='ltr' id='par_1_98' title="bbox 1767 3133 3367 3210">
     <span class='ocr_line' id='line_1_98' title="bbox 1767 3133 3367 3210; baseline -0.018 -11"><span class='ocrx_word' id='word_1_723' title='bbox 1767 3150 1858 3200; x_wconf 90' lang='lat' dir='ltr'>est</span> <span class='ocrx_word' id='word_1_724' title='bbox 1883 3165 1898 3196; x_wconf 73' lang='grc' dir='ltr'><strong>ι</strong></span> <span class='ocrx_word' id='word_1_725' title='bbox 1921 3157 2020 3210; x_wconf 91' lang='lat' dir='ltr'>per</span> <span class='ocrx_word' id='word_1_726' title='bbox 2045 3140 2198 3206; x_wconf 91' lang='lat' dir='ltr'>quod</span> <span class='ocrx_word' id='word_1_727' title='bbox 2219 3151 2254 3190; x_wconf 92' lang='lat' dir='ltr'>a</span> <span class='ocrx_word' id='word_1_728' title='bbox 2278 3133 2811 3210; x_wconf 33' lang='lat' dir='ltr'>summad‘iscordia</span> <span class='ocrx_word' id='word_1_729' title='bbox 2823 3133 2898 3184; x_wconf 92' lang='lat' dir='ltr'>ad</span> <span class='ocrx_word' id='word_1_730' title='bbox 2915 3143 3204 3210; x_wconf 80' lang='lat' dir='ltr'>summam</span> <span class='ocrx_word' id='word_1_731' title='bbox 3227 3145 3367 3184; x_wconf 77' lang='lat' dir='ltr'>con.</span> 
     </span>
    </p>
   </div>
   <div class='ocr_carea' id='block_1_99' title="bbox 1769 3203 3368 3279">
    <p class='ocr_par' dir='ltr' id='par_1_99' title="bbox 1769 3203 3368 3279">
     <span class='ocr_line' id='line_1_99' title="bbox 1769 3203 3368 3279; baseline -0.012 -9"><span class='ocrx_word' id='word_1_732' title='bbox 1769 3203 2025 3271; x_wconf 69' lang='lat' dir='ltr'>cordiam</span> <span class='ocrx_word' id='word_1_733' title='bbox 2042 3203 2142 3279; x_wconf 80' lang='lat' dir='ltr'>pro</span> <span class='ocrx_word' id='word_1_734' title='bbox 2162 3217 2490 3274; x_wconf 90' lang='lat' dir='ltr'>temporum</span> <span class='ocrx_word' id='word_1_735' title='bbox 2507 3205 2910 3279; x_wconf 69' lang='lat' dir='ltr'>distributione</span> <span class='ocrx_word' id='word_1_736' title='bbox 2920 3203 3198 3279; x_wconf 79' lang='lat' dir='ltr'>transitus</span> <span class='ocrx_word' id='word_1_737' title='bbox 3209 3205 3368 3279; x_wconf 80' lang='lat' dir='ltr'>factus</span> 
     </span>
    </p>
   </div>
   <div class='ocr_carea' id='block_1_100' title="bbox 1773 3274 3369 3341">
    <p class='ocr_par' dir='ltr' id='par_1_100' title="bbox 1773 3274 3369 3341">
     <span class='ocr_line' id='line_1_100' title="bbox 1773 3274 3369 3341; baseline -0.011 0"><span class='ocrx_word' id='word_1_738' title='bbox 1773 3293 1882 3341; x_wconf 89' lang='lat' dir='ltr'>est.</span> <span class='ocrx_word' id='word_1_739' title='bbox 1907 3274 2115 3339; x_wconf 71' lang='lat' dir='ltr'>Partim</span> <span class='ocrx_word' id='word_1_740' title='bbox 2133 3287 2329 3335; x_wconf 89' lang='lat' dir='ltr'>autem</span> <span class='ocrx_word' id='word_1_741' title='bbox 2341 3279 2532 3332; x_wconf 83' lang='lat' dir='ltr'>adhuc</span> <span class='ocrx_word' id='word_1_742' title='bbox 2545 3277 2772 3330; x_wconf 89' lang='lat' dir='ltr'>videtur</span> <span class='ocrx_word' id='word_1_743' title='bbox 2781 3275 3042 3335; x_wconf 88' lang='lat' dir='ltr'>Domino,</span> <span class='ocrx_word' id='word_1_744' title='bbox 3057 3274 3105 3327; x_wconf 92' lang='lat' dir='ltr'>si</span> <span class='ocrx_word' id='word_1_745' title='bbox 3131 3289 3220 3338; x_wconf 83' lang='lat' dir='ltr'>pro</span> <span class='ocrx_word' id='word_1_746' title='bbox 3236 3277 3369 3324; x_wconf 81' lang='lat' dir='ltr'>malo</span> 
     </span>
    </p>
   </div>
   <div class='ocr_carea' id='block_1_101' title="bbox 1699 3335 3372 3426">
    <p class='ocr_par' dir='ltr' id='par_1_101' title="bbox 1699 3335 3372 3426">
     <span class='ocr_line' id='line_1_101' title="bbox 1699 3335 3372 3426; baseline -0.01 -12"><span class='ocrx_word' id='word_1_747' title='bbox 1699 3335 1748 3412; x_wconf 69' lang='grc' dir='ltr'><strong>Ο</strong></span> <span class='ocrx_word' id='word_1_748' title='bbox 1776 3335 1930 3426; x_wconf 79' lang='lat' dir='ltr'>quod</span> <span class='ocrx_word' id='word_1_749' title='bbox 1955 3335 2260 3419; x_wconf 74' lang='lat' dir='ltr'>acceperis,</span> <span class='ocrx_word' id='word_1_750' title='bbox 2277 3348 2725 3426; x_wconf 64' lang='lat' dir='ltr'>nihilrependas</span> <span class='ocrx_word' id='word_1_751' title='bbox 2748 3347 2901 3412; x_wconf 90' lang='lat' dir='ltr'>mali,</span> <span class='ocrx_word' id='word_1_752' title='bbox 2925 3347 3038 3426; x_wconf 81' lang='lat' dir='ltr'>nisi</span> <span class='ocrx_word' id='word_1_753' title='bbox 3052 3335 3224 3398; x_wconf 79' lang='lat' dir='ltr'>etiam</span> <span class='ocrx_word' id='word_1_754' title='bbox 3247 3358 3372 3398; x_wconf 91' lang='lat' dir='ltr'>am-</span> 
     </span>
    </p>
   </div>
   <div class='ocr_carea' id='block_1_102' title="bbox 1771 3418 3373 3500">
    <p class='ocr_par' dir='ltr' id='par_1_102' title="bbox 1771 3418 3373 3500">
     <span class='ocr_line' id='line_1_102' title="bbox 1771 3418 3373 3500; baseline -0.011 -16"><span class='ocrx_word' id='word_1_755' title='bbox 1771 3418 1924 3500; x_wconf 78' lang='lat' dir='ltr'>plius</span> <span class='ocrx_word' id='word_1_756' title='bbox 1958 3430 2039 3481; x_wconf 87' lang='lat' dir='ltr'>sis</span> <span class='ocrx_word' id='word_1_757' title='bbox 2069 3418 2301 3500; x_wconf 84' lang='lat' dir='ltr'>paratus</span> <span class='ocrx_word' id='word_1_758' title='bbox 2323 3423 2596 3500; x_wconf 83' lang='lat' dir='ltr'>accipere.</span> <span class='ocrx_word' id='word_1_759' title='bbox 2615 3421 2738 3472; x_wconf 86' lang='lat' dir='ltr'>Hoc</span> <span class='ocrx_word' id='word_1_760' title='bbox 2757 3425 2868 3500; x_wconf 75' lang='lat' dir='ltr'>est,</span> <span class='ocrx_word' id='word_1_761' title='bbox 2883 3418 3037 3500; x_wconf 82' lang='lat' dir='ltr'>quod</span> <span class='ocrx_word' id='word_1_762' title='bbox 3061 3431 3373 3480; x_wconf 86' lang='lat' dir='ltr'>consequen-</span> 
     </span>
    </p>
   </div>
   <div class='ocr_carea' id='block_1_103' title="bbox 1771 3491 3372 3568">
    <p class='ocr_par' dir='ltr' id='par_1_103' title="bbox 1771 3491 3372 3568">
     <span class='ocr_line' id='line_1_103' title="bbox 1771 3491 3372 3568; baseline -0.014 -9"><span class='ocrx_word' id='word_1_763' title='bbox 1771 3491 1859 3560; x_wconf 75' lang='lat' dir='ltr'>ter</span> <span class='ocrx_word' id='word_1_764' title='bbox 1881 3491 2138 3568; x_wconf 79' lang='lat' dir='ltr'>exponit,</span> <span class='ocrx_word' id='word_1_765' title='bbox 2159 3499 2215 3550; x_wconf 91' lang='lat' dir='ltr'>Si</span> <span class='ocrx_word' id='word_1_766' title='bbox 2239 3497 2370 3562; x_wconf 86' lang='lat' dir='ltr'>quis</span> <span class='ocrx_word' id='word_1_767' title='bbox 2382 3500 2439 3568; x_wconf 79' lang='lat' dir='ltr'>te</span> <span class='ocrx_word' id='word_1_768' title='bbox 2455 3491 3182 3568; x_wconf 36' lang='lat' dir='ltr'>percusserit_in_c_iex~teram</span> <span class='ocrx_word' id='word_1_769' title='bbox 3195 3491 3372 3568; x_wconf 64' lang='lat' dir='ltr'>maxil-</span> 
     </span>
    </p>
   </div>
   <div class='ocr_carea' id='block_1_104' title="bbox 1769 3559 3373 3638">
    <p class='ocr_par' dir='ltr' id='par_1_104' title="bbox 1769 3559 3373 3638">
     <span class='ocr_line' id='line_1_104' title="bbox 1769 3559 3373 3638; baseline -0.011 -9"><span class='ocrx_word' id='word_1_770' title='bbox 1769 3559 1904 3638; x_wconf 90' lang='lat' dir='ltr'>lam,</span> <span class='ocrx_word' id='word_1_771' title='bbox 1945 3559 2136 3638; x_wconf 77' lang='lat' dir='ltr'>praebe</span> <span class='ocrx_word' id='word_1_772' title='bbox 2175 3570 2226 3622; x_wconf 91' lang='lat' dir='ltr'>ei</span> <span class='ocrx_word' id='word_1_773' title='bbox 2258 3559 2318 3620; x_wconf 75' lang='lat' dir='ltr'>et</span> <span class='ocrx_word' id='word_1_774' title='bbox 2362 3566 2601 3638; x_wconf 87' lang='lat' dir='ltr'>alteram</span> <span class='ocrx_word' id='word_1_775' title='bbox 2633 3563 2842 3628; x_wconf 84' lang='lat' dir='ltr'>(Matth.</span> <span class='ocrx_word' id='word_1_776' title='bbox 2875 3561 2944 3626; x_wconf 93' lang='lat'>5).</span> <span class='ocrx_word' id='word_1_777' title='bbox 2977 3561 3088 3638; x_wconf 80' lang='lat' dir='ltr'>Sed</span> <span class='ocrx_word' id='word_1_778' title='bbox 3121 3559 3261 3638; x_wconf 83' lang='lat' dir='ltr'>quid</span> <span class='ocrx_word' id='word_1_779' title='bbox 3284 3563 3373 3638; x_wconf 79' lang='lat' dir='ltr'>est</span> 
     </span>
    </p>
   </div>
   <div class='ocr_carea' id='block_1_105' title="bbox 1769 3631 3372 3713">
    <p class='ocr_par' dir='ltr' id='par_1_105' title="bbox 1769 3631 3372 3713">
     <span class='ocr_line' id='line_1_105' title="bbox 1769 3631 3372 3713; baseline -0.015 -13"><span class='ocrx_word' id='word_1_780' title='bbox 1769 3631 1924 3713; x_wconf 84' lang='lat' dir='ltr'>quod</span> <span class='ocrx_word' id='word_1_781' title='bbox 1950 3631 2074 3710; x_wconf 81' lang='lat' dir='ltr'>ipse</span> <span class='ocrx_word' id='word_1_782' title='bbox 2093 3637 2988 3713; x_wconf 66' lang='lat' dir='ltr'>Dominus,_qui_pra3cepta_quaa</span> <span class='ocrx_word' id='word_1_783' title='bbox 3017 3633 3232 3713; x_wconf 78' lang='lat' dir='ltr'>docuit,</span> <span class='ocrx_word' id='word_1_784' title='bbox 3259 3631 3372 3713; x_wconf 68' lang='lat' dir='ltr'>pri-</span> 
     </span>
    </p>
   </div>
   <div class='ocr_carea' id='block_1_106' title="bbox 1769 3701 3374 3782">
    <p class='ocr_par' dir='ltr' id='par_1_106' title="bbox 1769 3701 3374 3782">
     <span class='ocr_line' id='line_1_106' title="bbox 1769 3701 3374 3782; baseline -0.011 -10"><span class='ocrx_word' id='word_1_785' title='bbox 1769 3701 1904 3771; x_wconf 76' lang='lat' dir='ltr'>mus</span> <span class='ocrx_word' id='word_1_786' title='bbox 1927 3701 2054 3782; x_wconf 75' lang='lat' dir='ltr'>ipse</span> <span class='ocrx_word' id='word_1_787' title='bbox 2081 3701 2489 3782; x_wconf 88' lang='lat' dir='ltr'>implevit</span> <span class='ocrx_word' id='word_1_788' title='bbox 2515 3701 2606 3772; x_wconf 67' lang='lat'>1.),</span> <span class='ocrx_word' id='word_1_789' title='bbox 2627 3706 2968 3782; x_wconf 78' lang='lat' dir='ltr'>percutienti</span> <span class='ocrx_word' id='word_1_790' title='bbox 2990 3716 3060 3782; x_wconf 76' lang='lat' dir='ltr'>se</span> <span class='ocrx_word' id='word_1_791' title='bbox 3082 3705 3142 3756; x_wconf 90' lang='lat' dir='ltr'>in</span> <span class='ocrx_word' id='word_1_792' title='bbox 3167 3701 3374 3782; x_wconf 58' lang='lat' dir='ltr'>maxil:</span> 
     </span>
    </p>
   </div>
   <div class='ocr_carea' id='block_1_107' title="bbox 1769 3773 3372 3842">
    <p class='ocr_par' dir='ltr' id='par_1_107' title="bbox 1769 3773 3372 3842">
     <span class='ocr_line' id='line_1_107' title="bbox 1769 3773 3372 3842; baseline -0.011 0"><span class='ocrx_word' id='word_1_793' title='bbox 1769 3790 1885 3842; x_wconf 86' lang='lat' dir='ltr'>lam</span> <span class='ocrx_word' id='word_1_794' title='bbox 1909 3773 2183 3840; x_wconf 72' lang='lat' dir='ltr'>ministro</span> <span class='ocrx_word' id='word_1_795' title='bbox 2197 3773 2512 3835; x_wconf 87' lang='lat' dir='ltr'>sacerdotis</span> <span class='ocrx_word' id='word_1_796' title='bbox 2535 3791 2655 3830; x_wconf 90' lang='lat' dir='ltr'>non</span> <span class='ocrx_word' id='word_1_797' title='bbox 2678 3777 2926 3842; x_wconf 59' lang='lat' dir='ltr'>praebuit</span> <span class='ocrx_word' id='word_1_798' title='bbox 2953 3775 3193 3829; x_wconf 89' lang='lat' dir='ltr'>alteram</span> <span class='ocrx_word' id='word_1_799' title='bbox 3230 3789 3243 3826; x_wconf 91' lang='lat'><strong>:</strong></span> <span class='ocrx_word' id='word_1_800' title='bbox 3269 3773 3372 3826; x_wconf 88' lang='lat' dir='ltr'>sed</span> 
     </span>
    </p>
   </div>
   <div class='ocr_carea' id='block_1_108' title="bbox 1769 3845 3374 3925">
    <p class='ocr_par' dir='ltr' id='par_1_108' title="bbox 1769 3845 3374 3925">
     <span class='ocr_line' id='line_1_108' title="bbox 1769 3845 3374 3925; baseline -0.011 -11"><span class='ocrx_word' id='word_1_801' title='bbox 1769 3863 2006 3925; x_wconf 90' lang='lat' dir='ltr'>insuper</span> <span class='ocrx_word' id='word_1_802' title='bbox 2029 3856 2190 3915; x_wconf 84' lang='lat' dir='ltr'>dixit,</span> <span class='ocrx_word' id='word_1_803' title='bbox 2217 3854 2273 3906; x_wconf 93' lang='lat' dir='ltr'>Si</span> <span class='ocrx_word' id='word_1_804' title='bbox 2305 3851 2456 3925; x_wconf 89' lang='lat' dir='ltr'>male</span> <span class='ocrx_word' id='word_1_805' title='bbox 2495 3851 2774 3912; x_wconf 88' lang='lat' dir='ltr'>loquutus</span> <span class='ocrx_word' id='word_1_806' title='bbox 2809 3859 2958 3925; x_wconf 72' lang='lat' dir='ltr'>sum,</span> <span class='ocrx_word' id='word_1_807' title='bbox 2997 3847 3285 3925; x_wconf 52' lang='lat' dir='ltr'>eaprobra</span> <span class='ocrx_word' id='word_1_808' title='bbox 3300 3845 3374 3925; x_wconf 77' lang='lat' dir='ltr'>de</span> 
     </span>
    </p>
   </div>
   <div class='ocr_carea' id='block_1_109' title="bbox 1771 3915 3373 3984">
    <p class='ocr_par' dir='ltr' id='par_1_109' title="bbox 1771 3915 3373 3984">
     <span class='ocr_line' id='line_1_109' title="bbox 1771 3915 3373 3984; baseline -0.012 1"><span class='ocrx_word' id='word_1_809' title='bbox 1771 3915 1954 3984; x_wconf 69' lang='lat' dir='ltr'>male:</span> <span class='ocrx_word' id='word_1_810' title='bbox 2006 3929 2055 3981; x_wconf 91' lang='lat' dir='ltr'>si</span> <span class='ocrx_word' id='word_1_811' title='bbox 2095 3930 2288 3978; x_wconf 90' lang='lat' dir='ltr'>autem</span> <span class='ocrx_word' id='word_1_812' title='bbox 2333 3924 2503 3982; x_wconf 91' lang='lat' dir='ltr'>bene,</span> <span class='ocrx_word' id='word_1_813' title='bbox 2537 3932 2640 3971; x_wconf 90' lang='lat' dir='ltr'>cur</span> <span class='ocrx_word' id='word_1_814' title='bbox 2667 3931 2762 3970; x_wconf 89' lang='lat' dir='ltr'>me</span> <span class='ocrx_word' id='word_1_815' title='bbox 2802 3917 2978 3970; x_wconf 71' lang='lat' dir='ltr'>caedis</span> <span class='ocrx_word' id='word_1_816' title='bbox 3005 3917 3182 3981; x_wconf 81' lang='lat' dir='ltr'>(Joan.</span> <span class='ocrx_word' id='word_1_817' title='bbox 3220 3915 3373 3980; x_wconf 82' lang='lat'>16.)?</span> 
     </span>
    </p>
   </div>
   <div class='ocr_carea' id='block_1_110' title="bbox 1771 3987 3373 4066">
    <p class='ocr_par' dir='ltr' id='par_1_110' title="bbox 1771 3987 3373 4066">
     <span class='ocr_line' id='line_1_110' title="bbox 1771 3987 3373 4066; baseline -0.013 -9"><span class='ocrx_word' id='word_1_818' title='bbox 1771 4004 1884 4057; x_wconf 89' lang='lat' dir='ltr'>nisi</span> <span class='ocrx_word' id='word_1_819' title='bbox 1913 4003 2022 4054; x_wconf 91' lang='lat' dir='ltr'>hoc</span> <span class='ocrx_word' id='word_1_820' title='bbox 2048 4001 2401 4066; x_wconf 76' lang='lat' dir='ltr'>praeceptum</span> <span class='ocrx_word' id='word_1_821' title='bbox 2427 3993 2632 4066; x_wconf 79' lang='lat' dir='ltr'>debere</span> <span class='ocrx_word' id='word_1_822' title='bbox 2656 3989 2896 4054; x_wconf 84' lang='lat' dir='ltr'>intelligi</span> <span class='ocrx_word' id='word_1_823' title='bbox 2911 3988 2985 4066; x_wconf 82' lang='lat' dir='ltr'>ad</span> <span class='ocrx_word' id='word_1_824' title='bbox 3007 3987 3373 4066; x_wconf 46' lang='lat' dir='ltr'>praeparatio:</span> 
     </span>
    </p>
   </div>
   <div class='ocr_carea' id='block_1_111' title="bbox 1771 4059 3373 4132">
    <p class='ocr_par' dir='ltr' id='par_1_111' title="bbox 1771 4059 3373 4132">
     <span class='ocr_line' id='line_1_111' title="bbox 1771 4059 3373 4132; baseline -0.013 -3"><span class='ocrx_word' id='word_1_825' title='bbox 1771 4088 1905 4128; x_wconf 89' lang='lat' dir='ltr'>nem</span> <span class='ocrx_word' id='word_1_826' title='bbox 1921 4059 2126 4132; x_wconf 74' lang='lat' dir='ltr'>cordis,</span> <span class='ocrx_word' id='word_1_827' title='bbox 2147 4059 2266 4121; x_wconf 78' lang='lat' dir='ltr'>non</span> <span class='ocrx_word' id='word_1_828' title='bbox 2297 4065 2370 4120; x_wconf 88' lang='lat' dir='ltr'>ad</span> <span class='ocrx_word' id='word_1_829' title='bbox 2393 4063 2787 4116; x_wconf 89' lang='lat' dir='ltr'>ostensionem</span> <span class='ocrx_word' id='word_1_830' title='bbox 2817 4059 3041 4125; x_wconf 83' lang='lat' dir='ltr'>operis?</span> <span class='ocrx_word' id='word_1_831' title='bbox 3064 4059 3223 4111; x_wconf 90' lang='lat' dir='ltr'>Unde</span> <span class='ocrx_word' id='word_1_832' title='bbox 3248 4060 3373 4132; x_wconf 82' lang='lat' dir='ltr'>alibi</span> 
     </span>
    </p>
   </div>
   <div class='ocr_carea' id='block_1_112' title="bbox 1773 4131 3369 4200">
    <p class='ocr_par' dir='ltr' id='par_1_112' title="bbox 1773 4131 3369 4200">
     <span class='ocr_line' id='line_1_112' title="bbox 1773 4131 3369 4200; baseline -0.011 0"><span class='ocrx_word' id='word_1_833' title='bbox 1773 4148 1860 4200; x_wconf 91' lang='lat' dir='ltr'>vir</span> <span class='ocrx_word' id='word_1_834' title='bbox 1891 4150 2126 4199; x_wconf 86' lang='lat' dir='ltr'>sanctus</span> <span class='ocrx_word' id='word_1_835' title='bbox 2160 4141 2299 4194; x_wconf 90' lang='lat' dir='ltr'>dicit</span> <span class='ocrx_word' id='word_1_836' title='bbox 2325 4157 2336 4188; x_wconf 87' lang='lat'><strong>:</strong></span> <span class='ocrx_word' id='word_1_837' title='bbox 2373 4140 2643 4190; x_wconf 90' lang='lat' dir='ltr'>Paratum</span> <span class='ocrx_word' id='word_1_838' title='bbox 2665 4147 2762 4186; x_wconf 87' lang='lat' dir='ltr'>cor</span> <span class='ocrx_word' id='word_1_839' title='bbox 2789 4145 2985 4184; x_wconf 89' lang='lat' dir='ltr'>meum</span> <span class='ocrx_word' id='word_1_840' title='bbox 3017 4133 3170 4183; x_wconf 90' lang='lat' dir='ltr'>Deus</span> <span class='ocrx_word' id='word_1_841' title='bbox 3209 4131 3369 4196; x_wconf 83' lang='lat' dir='ltr'>(Psat.</span> 
     </span>
    </p>
   </div>
   <div class='ocr_carea' id='block_1_113' title="bbox 1773 4203 3370 4282">
    <p class='ocr_par' dir='ltr' id='par_1_113' title="bbox 1773 4203 3370 4282">
     <span class='ocr_line' id='line_1_113' title="bbox 1773 4203 3370 4282; baseline -0.014 -10"><span class='ocrx_word' id='word_1_842' title='bbox 1773 4217 1898 4282; x_wconf 83' lang='lat'>36.).</span> <span class='ocrx_word' id='word_1_843' title='bbox 1945 4217 2177 4268; x_wconf 84' lang='lat' dir='ltr'>Dicatur</span> <span class='ocrx_word' id='word_1_844' title='bbox 2200 4225 2354 4276; x_wconf 85' lang='lat' dir='ltr'>ergo,</span> <span class='ocrx_word' id='word_1_845' title='bbox 2378 4207 2624 4282; x_wconf 69' lang='lat' dir='ltr'>Domine,</span> <span class='ocrx_word' id='word_1_846' title='bbox 2645 4204 2924 4282; x_wconf 10' lang='lat' dir='ltr'>dediticius</span> <span class='ocrx_word' id='word_1_847' title='bbox 2951 4203 3013 4282; x_wconf 64' lang='lat' dir='ltr'>iii</span> <span class='ocrx_word' id='word_1_848' title='bbox 3029 4203 3250 4269; x_wconf 83' lang='lat' dir='ltr'>justitia</span> <span class='ocrx_word' id='word_1_849' title='bbox 3273 4207 3370 4282; x_wconf 53' lang='lat' dir='ltr'>tua</span> 
     </span>
    </p>
   </div>
   <div class='ocr_carea' id='block_1_114' title="bbox 1767 4274 3376 4356">
    <p class='ocr_par' dir='ltr' id='par_1_114' title="bbox 1767 4274 3376 4356">
     <span class='ocr_line' id='line_1_114' title="bbox 1767 4274 3376 4356; baseline -0.007 -18"><span class='ocrx_word' id='word_1_850' title='bbox 1767 4274 1990 4356; x_wconf 81' lang='lat' dir='ltr'>propter</span> <span class='ocrx_word' id='word_1_851' title='bbox 2011 4274 2442 4356; x_wconf 41' lang='lat' dir='ltr'>inimicos—meos.</span> <span class='ocrx_word' id='word_1_852' title='bbox 2469 4279 2649 4356; x_wconf 74' lang='lat' dir='ltr'>cujus</span> <span class='ocrx_word' id='word_1_853' title='bbox 2670 4276 2916 4356; x_wconf 56' lang='lat' dir='ltr'>justitiaf.</span> <span class='ocrx_word' id='word_1_854' title='bbox 2937 4275 3092 4356; x_wconf 86' lang='lat' dir='ltr'>viam</span> <span class='ocrx_word' id='word_1_855' title='bbox 3116 4274 3376 4342; x_wconf 83' lang='lat' dir='ltr'>postulat</span> 
     </span>
    </p>
   </div>
   <div class='ocr_carea' id='block_1_115' title="bbox 1771 4348 3370 4424">
    <p class='ocr_par' dir='ltr' id='par_1_115' title="bbox 1771 4348 3370 4424">
     <span class='ocr_line' id='line_1_115' title="bbox 1771 4348 3370 4424; baseline -0.009 -11"><span class='ocrx_word' id='word_1_856' title='bbox 1771 4348 1900 4413; x_wconf 75' lang='lat' dir='ltr'>cum</span> <span class='ocrx_word' id='word_1_857' title='bbox 1937 4358 2250 4424; x_wconf 84' lang='lat' dir='ltr'>subjungit,</span> <span class='ocrx_word' id='word_1_858' title='bbox 2288 4352 2560 4424; x_wconf 18' lang='lat' dir='ltr'>Dirigeiin</span> <span class='ocrx_word' id='word_1_859' title='bbox 2590 4353 2867 4424; x_wconf 63' lang='lat' dir='ltr'>conspectu</span> <span class='ocrx_word' id='word_1_860' title='bbox 2889 4352 2980 4398; x_wconf 82' lang='lat' dir='ltr'>tuo</span> <span class='ocrx_word' id='word_1_861' title='bbox 3009 4348 3156 4397; x_wconf 77' lang='lat' dir='ltr'>viam</span> <span class='ocrx_word' id='word_1_862' title='bbox 3176 4360 3370 4398; x_wconf 82' lang='lat' dir='ltr'>meam.</span> 
     </span>
    </p>
   </div>
   <div class='ocr_carea' id='block_1_116' title="bbox 1772 4416 3374 4490">
    <p class='ocr_par' dir='ltr' id='par_1_116' title="bbox 1772 4416 3374 4490">
     <span class='ocr_line' id='line_1_116' title="bbox 1772 4416 3374 4490; baseline -0.01 -5"><span class='ocrx_word' id='word_1_863' title='bbox 1772 4431 1940 4484; x_wconf 89' lang='lat' dir='ltr'>Aliud</span> <span class='ocrx_word' id='word_1_864' title='bbox 1962 4416 2317 4490; x_wconf 51' lang='lat' dir='ltr'>est&#39;justit&#39;ia,</span> <span class='ocrx_word' id='word_1_865' title='bbox 2338 4416 2493 4478; x_wconf 89' lang='lat' dir='ltr'>aliud</span> <span class='ocrx_word' id='word_1_866' title='bbox 2518 4427 2608 4475; x_wconf 89' lang='lat' dir='ltr'>est</span> <span class='ocrx_word' id='word_1_867' title='bbox 2631 4422 2740 4473; x_wconf 85' lang='lat' dir='ltr'>via.</span> <span class='ocrx_word' id='word_1_868' title='bbox 2765 4423 2912 4474; x_wconf 87' lang='lat' dir='ltr'>Nam</span> <span class='ocrx_word' id='word_1_869' title='bbox 2929 4416 3374 4490; x_wconf 80' lang='lat' dir='ltr'>justitiaestdo-</span> 
     </span>
    </p>
   </div>
   <div class='ocr_carea' id='block_1_117' title="bbox 1771 4487 3368 4562">
    <p class='ocr_par' dir='ltr' id='par_1_117' title="bbox 1771 4487 3368 4562">
     <span class='ocr_line' id='line_1_117' title="bbox 1771 4487 3368 4562; baseline -0.013 -6"><span class='ocrx_word' id='word_1_870' title='bbox 1771 4505 1955 4556; x_wconf 90' lang='lat' dir='ltr'>ctrina</span> <span class='ocrx_word' id='word_1_871' title='bbox 1995 4487 2222 4562; x_wconf 80' lang='lat' dir='ltr'>Christi,</span> <span class='ocrx_word' id='word_1_872' title='bbox 2268 4497 2366 4548; x_wconf 89' lang='lat' dir='ltr'>via</span> <span class='ocrx_word' id='word_1_873' title='bbox 2407 4501 2495 4547; x_wconf 89' lang='lat' dir='ltr'>est</span> <span class='ocrx_word' id='word_1_874' title='bbox 2530 4494 2652 4558; x_wconf 88' lang='lat' dir='ltr'>ipse</span> <span class='ocrx_word' id='word_1_875' title='bbox 2687 4491 2986 4562; x_wconf 86' lang='lat' dir='ltr'>Christus,</span> <span class='ocrx_word' id='word_1_876' title='bbox 3027 4489 3206 4562; x_wconf 73' lang='lat' dir='ltr'>(Joan.</span> <span class='ocrx_word' id='word_1_877' title='bbox 3241 4487 3368 4562; x_wconf 68' lang='lat'>14.).</span> 
     </span>
    </p>
   </div>
   <div class='ocr_carea' id='block_1_118' title="bbox 1771 4560 3371 4632">
    <p class='ocr_par' dir='ltr' id='par_1_118' title="bbox 1771 4560 3371 4632">
     <span class='ocr_line' id='line_1_118' title="bbox 1771 4560 3371 4632; baseline -0.012 -4"><span class='ocrx_word' id='word_1_878' title='bbox 1771 4575 2065 4628; x_wconf 83' lang='lat' dir='ltr'>Justitiam</span> <span class='ocrx_word' id='word_1_879' title='bbox 2083 4560 2335 4624; x_wconf 80' lang='lat' dir='ltr'>ostendit</span> <span class='ocrx_word' id='word_1_880' title='bbox 2347 4561 2892 4632; x_wconf 67' lang='lat' dir='ltr'>praedicando,viam</span> <span class='ocrx_word' id='word_1_881' title='bbox 2903 4560 3210 4632; x_wconf 86' lang='lat' dir='ltr'>operando.</span> <span class='ocrx_word' id='word_1_882' title='bbox 3231 4561 3371 4632; x_wconf 84' lang='lat' dir='ltr'>Unde</span> 
     </span>
    </p>
   </div>
   <div class='ocr_carea' id='block_1_119' title="bbox 1774 4631 3405 4710">
    <p class='ocr_par' dir='ltr' id='par_1_119' title="bbox 1774 4631 3405 4710">
     <span class='ocr_line' id='line_1_119' title="bbox 1774 4631 3405 4710; baseline -0.014 -11"><span class='ocrx_word' id='word_1_883' title='bbox 1774 4646 2052 4710; x_wconf 87' lang='lat' dir='ltr'>scriptum</span> <span class='ocrx_word' id='word_1_884' title='bbox 2069 4647 2178 4706; x_wconf 89' lang='lat' dir='ltr'>est,</span> <span class='ocrx_word' id='word_1_885' title='bbox 2203 4631 2542 4704; x_wconf 29' lang='lat' dir='ltr'>Quse’coepit</span> <span class='ocrx_word' id='word_1_886' title='bbox 2560 4637 2590 4686; x_wconf 92' lang='lat' dir='ltr'><strong>J</strong></span> <span class='ocrx_word' id='word_1_887' title='bbox 2595 4647 2734 4710; x_wconf 83' lang='lat' dir='ltr'>esus</span> <span class='ocrx_word' id='word_1_888' title='bbox 2753 4634 2933 4710; x_wconf 84' lang='lat' dir='ltr'>facere</span> <span class='ocrx_word' id='word_1_889' title='bbox 2947 4636 3007 4686; x_wconf 90' lang='lat' dir='ltr'>et</span> <span class='ocrx_word' id='word_1_890' title='bbox 3019 4631 3220 4710; x_wconf 77' lang='lat' dir='ltr'>docere</span> <span class='ocrx_word' id='word_1_891' title='bbox 3241 4631 3370 4710; x_wconf 71' lang='lat' dir='ltr'>(Act.</span> <span class='ocrx_word' id='word_1_892' title='bbox 3388 4645 3405 4655; x_wconf 86' lang='lat'><strong>-</strong></span> 
     </span>
    </p>
   </div>
   <div class='ocr_carea' id='block_1_120' title="bbox 91 4703 3374 4797">
    <p class='ocr_par' dir='ltr' id='par_1_120' title="bbox 91 4703 3374 4797">
     <span class='ocr_line' id='line_1_120' title="bbox 91 4703 3374 4797; baseline -0.014 0"><span class='ocrx_word' id='word_1_893' title='bbox 91 4703 690 4797; x_wconf 40' lang='lat' dir='ltr'>ditiumvh‘ltiortasse’</span> <span class='ocrx_word' id='word_1_894' title='bbox 693 4703 823 4788; x_wconf 59' lang='lat'>1583</span> <span class='ocrx_word' id='word_1_895' title='bbox 847 4703 1085 4796; x_wconf 64' lang='lat' dir='ltr'>addidit,</span> <span class='ocrx_word' id='word_1_896' title='bbox 1101 4703 1176 4782; x_wconf 59' lang='lat' dir='ltr'>si.“</span> <span class='ocrx_word' id='word_1_897' title='bbox 1189 4732 1376 4780; x_wconf 81' lang='lat' dir='ltr'>timore</span> <span class='ocrx_word' id='word_1_898' title='bbox 1387 4703 1519 4778; x_wconf 48' lang='lat' dir='ltr'>Et}?</span> <span class='ocrx_word' id='word_1_899' title='bbox 1539 4703 1675 4792; x_wconf 78' lang='lat' dir='ltr'>quia</span> <span class='ocrx_word' id='word_1_900' title='bbox 1696 4713 1752 4786; x_wconf 90' lang='lat' dir='ltr'>D</span> <span class='ocrx_word' id='word_1_901' title='bbox 1772 4718 1858 4797; x_wconf 65' lang='lat'>1.).</span> <span class='ocrx_word' id='word_1_902' title='bbox 1889 4703 2066 4797; x_wconf 51' lang='lat' dir='ltr'>Beata</span> <span class='ocrx_word' id='word_1_903' title='bbox 2089 4703 2300 4797; x_wconf 77' lang='lat' dir='ltr'>quippe</span> <span class='ocrx_word' id='word_1_904' title='bbox 2321 4710 2468 4765; x_wconf 89' lang='lat' dir='ltr'>actio</span> <span class='ocrx_word' id='word_1_905' title='bbox 2492 4721 2607 4760; x_wconf 89' lang='lat' dir='ltr'>non</span> <span class='ocrx_word' id='word_1_906' title='bbox 2623 4707 2940 4797; x_wconf 36' lang='lat' dir='ltr'>virtusjest,</span> <span class='ocrx_word' id='word_1_907' title='bbox 2965 4704 3067 4797; x_wconf 74' lang='lat' dir='ltr'>sed</span> <span class='ocrx_word' id='word_1_908' title='bbox 3090 4704 3184 4756; x_wconf 87' lang='lat' dir='ltr'>via</span> <span class='ocrx_word' id='word_1_909' title='bbox 3198 4703 3374 4797; x_wconf 58' lang='lat' dir='ltr'>virtu-</span> 
     </span>
    </p>
   </div>
   <div class='ocr_carea' id='block_1_121' title="bbox 94 4799 1675 4881">
    <p class='ocr_par' dir='ltr' id='par_1_121' title="bbox 94 4799 1675 4881">
     <span class='ocr_line' id='line_1_121' title="bbox 94 4799 1675 4881; baseline -0.013 -14"><span class='ocrx_word' id='word_1_910' title='bbox 94 4813 424 4881; x_wconf 89' lang='lat' dir='ltr'>principium</span> <span class='ocrx_word' id='word_1_911' title='bbox 443 4809 740 4875; x_wconf 65' lang='lat' dir='ltr'>sapientiae</span> <span class='ocrx_word' id='word_1_912' title='bbox 765 4808 936 4860; x_wconf 89' lang='lat' dir='ltr'>timor</span> <span class='ocrx_word' id='word_1_913' title='bbox 958 4804 1182 4881; x_wconf 76' lang='lat' dir='ltr'>Domini</span> <span class='ocrx_word' id='word_1_914' title='bbox 1209 4801 1366 4881; x_wconf 53' lang='grc' dir='ltr'>(ιξξᾳι.</span> <span class='ocrx_word' id='word_1_915' title='bbox 1384 4799 1552 4881; x_wconf 79' lang='lat'>_1_</span> 
     </span>
    </p>
   </div>
   <div class='ocr_carea' id='block_1_122' title="bbox 95 4869 1675 4946">
    <p class='ocr_par' dir='ltr' id='par_1_122' title="bbox 95 4869 1675 4946">
     <span class='ocr_line' id='line_1_122' title="bbox 95 4869 1675 4946; baseline -0.013 -6"><span class='ocrx_word' id='word_1_916' title='bbox 95 4869 596 4946; x_wconf 65' lang='lat' dir='ltr'>iimetDominifm,</span> <span class='ocrx_word' id='word_1_917' title='bbox 639 4881 805 4932; x_wconf 86' lang='lat' dir='ltr'>faciet</span> <span class='ocrx_word' id='word_1_918' title='bbox 837 4881 990 4932; x_wconf 89' lang='lat' dir='ltr'>bona</span> <span class='ocrx_word' id='word_1_919' title='bbox 1032 4875 1186 4940; x_wconf 83' lang='lat' dir='ltr'>(Eccl.</span> <span class='ocrx_word' id='word_1_920' title='bbox 1225 4872 1344 4936; x_wconf 78' lang='lat'>15.).</span> <span class='ocrx_word' id='word_1_921' title='bbox 1383 4875 1453 4946; x_wconf 83' lang='lat' dir='ltr'>Et</span> <span class='ocrx_word' id='word_1_922' title='bbox 1481 4871 1542 4922; x_wconf 91' lang='lat' dir='ltr'>in</span> <span class='ocrx_word' id='word_1_923' title='bbox 1565 4869 1675 4946; x_wconf 82' lang='lat' dir='ltr'>alio</span> 
     </span>
    </p>
   </div>
   <div class='ocr_carea' id='block_1_123' title="bbox 93 4942 1676 5026">
    <p class='ocr_par' dir='ltr' id='par_1_123' title="bbox 93 4942 1676 5026">
     <span class='ocr_line' id='line_1_123' title="bbox 93 4942 1676 5026; baseline -0.011 -16"><span class='ocrx_word' id='word_1_924' title='bbox 93 4960 306 5026; x_wconf 87' lang='lat' dir='ltr'>psalmo</span> <span class='ocrx_word' id='word_1_925' title='bbox 341 4942 820 5026; x_wconf 42' lang='lat' dir='ltr'>dicitur,&#39;Bealus_</span> <span class='ocrx_word' id='word_1_926' title='bbox 849 4949 936 5002; x_wconf 90' lang='lat' dir='ltr'>vir</span> <span class='ocrx_word' id='word_1_927' title='bbox 956 4948 1052 5026; x_wconf 67' lang='lat' dir='ltr'>qui</span> <span class='ocrx_word' id='word_1_928' title='bbox 1079 4948 1246 5026; x_wconf 74' lang='lat' dir='ltr'>timet</span> <span class='ocrx_word' id='word_1_929' title='bbox 1262 4944 1590 5026; x_wconf 82' lang='lat' dir='ltr'>Dominum,</span> <span class='ocrx_word' id='word_1_930' title='bbox 1614 4942 1676 4992; x_wconf 91' lang='lat' dir='ltr'>in</span> 
     </span>
    </p>
   </div>
   <div class='ocr_carea' id='block_1_124' title="bbox 98 5015 1674 5090">
    <p class='ocr_par' dir='ltr' id='par_1_124' title="bbox 98 5015 1674 5090">
     <span class='ocr_line' id='line_1_124' title="bbox 98 5015 1674 5090; baseline -0.014 -6"><span class='ocrx_word' id='word_1_931' title='bbox 98 5015 370 5084; x_wconf 73' lang='lat' dir='ltr'>mandatis</span> <span class='ocrx_word' id='word_1_932' title='bbox 411 5028 538 5090; x_wconf 84' lang='lat' dir='ltr'>ejus</span> <span class='ocrx_word' id='word_1_933' title='bbox 559 5015 732 5078; x_wconf 37' lang='lat' dir='ltr'>&#39;volct</span> <span class='ocrx_word' id='word_1_934' title='bbox 764 5023 939 5074; x_wconf 87' lang='lat' dir='ltr'>nimis</span> <span class='ocrx_word' id='word_1_935' title='bbox 967 5020 1126 5083; x_wconf 82' lang='lat' dir='ltr'>(Psat.</span> <span class='ocrx_word' id='word_1_936' title='bbox 1155 5017 1314 5080; x_wconf 90' lang='lat'>111.).</span> <span class='ocrx_word' id='word_1_937' title='bbox 1353 5018 1423 5090; x_wconf 80' lang='lat' dir='ltr'>Et</span> <span class='ocrx_word' id='word_1_938' title='bbox 1444 5015 1674 5090; x_wconf 78' lang='lat' dir='ltr'>iterum,</span> 
     </span>
    </p>
   </div>
   <div class='ocr_carea' id='block_1_125' title="bbox 97 5083 1678 5158">
    <p class='ocr_par' dir='ltr' id='par_1_125' title="bbox 97 5083 1678 5158">
     <span class='ocr_line' id='line_1_125' title="bbox 97 5083 1678 5158; baseline -0.013 -2"><span class='ocrx_word' id='word_1_939' title='bbox 97 5083 304 5158; x_wconf 61' lang='lat' dir='ltr'>Servite</span> <span class='ocrx_word' id='word_1_940' title='bbox 328 5083 570 5152; x_wconf 77' lang='lat' dir='ltr'>Domino</span> <span class='ocrx_word' id='word_1_941' title='bbox 597 5097 658 5148; x_wconf 90' lang='lat' dir='ltr'>in</span> <span class='ocrx_word' id='word_1_942' title='bbox 681 5095 884 5148; x_wconf 88' lang='lat' dir='ltr'>timore</span> <span class='ocrx_word' id='word_1_943' title='bbox 911 5092 1072 5155; x_wconf 82' lang='lat' dir='ltr'>(Psat.</span> <span class='ocrx_word' id='word_1_944' title='bbox 1096 5090 1184 5152; x_wconf 79' lang='lat'>2.).</span> <span class='ocrx_word' id='word_1_945' title='bbox 1207 5091 1278 5141; x_wconf 89' lang='lat' dir='ltr'>Et</span> <span class='ocrx_word' id='word_1_946' title='bbox 1301 5088 1436 5152; x_wconf 87' lang='lat' dir='ltr'>quia</span> <span class='ocrx_word' id='word_1_947' title='bbox 1456 5087 1565 5138; x_wconf 91' lang='lat' dir='ltr'>hoc</span> <span class='ocrx_word' id='word_1_948' title='bbox 1589 5083 1678 5136; x_wconf 87' lang='lat' dir='ltr'>vi-</span> 
     </span>
    </p>
   </div>
   <div class='ocr_carea' id='block_1_126' title="bbox 99 5161 1201 5231">
    <p class='ocr_par' dir='ltr' id='par_1_126' title="bbox 99 5161 1201 5231">
     <span class='ocr_line' id='line_1_126' title="bbox 99 5161 1201 5231; baseline -0.014 -4"><span class='ocrx_word' id='word_1_949' title='bbox 99 5176 248 5227; x_wconf 89' lang='lat' dir='ltr'>ribus</span> <span class='ocrx_word' id='word_1_950' title='bbox 270 5171 388 5224; x_wconf 87' lang='lat' dir='ltr'>suis</span> <span class='ocrx_word' id='word_1_951' title='bbox 411 5183 530 5222; x_wconf 90' lang='lat' dir='ltr'>non</span> <span class='ocrx_word' id='word_1_952' title='bbox 556 5167 725 5231; x_wconf 86' lang='lat' dir='ltr'>valet,</span> <span class='ocrx_word' id='word_1_953' title='bbox 756 5166 884 5218; x_wconf 90' lang='lat' dir='ltr'>ideo</span> <span class='ocrx_word' id='word_1_954' title='bbox 918 5161 1201 5226; x_wconf 84' lang='lat' dir='ltr'>adjungit.</span> 
     </span>
    </p>
   </div>
   <div class='ocr_carea' id='block_1_127' title="bbox 157 5227 1678 5308">
    <p class='ocr_par' dir='ltr' id='par_1_127' title="bbox 157 5227 1678 5308">
     <span class='ocr_line' id='line_1_127' title="bbox 157 5227 1678 5308; baseline -0.014 -11"><span class='ocrx_word' id='word_1_955' title='bbox 157 5247 205 5308; x_wconf 87' lang='lat'>9,</span> <span class='ocrx_word' id='word_1_956' title='bbox 241 5243 483 5304; x_wconf 84' lang='lat' dir='ltr'>Domine,</span> <span class='ocrx_word' id='word_1_957' title='bbox 501 5242 669 5291; x_wconf 84' lang='lat' dir='ltr'>ded-uc</span> <span class='ocrx_word' id='word_1_958' title='bbox 681 5227 764 5288; x_wconf 59' lang='lat' dir='ltr'>nte</span> <span class='ocrx_word' id='word_1_959' title='bbox 779 5235 1066 5302; x_wconf 80' lang='lat' dir='ltr'>injustitia</span> <span class='ocrx_word' id='word_1_960' title='bbox 1089 5241 1181 5282; x_wconf 84' lang='lat' dir='ltr'>tua</span> <span class='ocrx_word' id='word_1_961' title='bbox 1193 5236 1408 5297; x_wconf 86' lang='lat' dir='ltr'>propter</span> <span class='ocrx_word' id='word_1_962' title='bbox 1427 5227 1678 5278; x_wconf 81' lang='lat' dir='ltr'>inimicos</span> 
     </span>
    </p>
   </div>
   <div class='ocr_carea' id='block_1_128' title="bbox 105 5299 1678 5378">
    <p class='ocr_par' dir='ltr' id='par_1_128' title="bbox 105 5299 1678 5378">
     <span class='ocr_line' id='line_1_128' title="bbox 105 5299 1678 5378; baseline -0.013 -12"><span class='ocrx_word' id='word_1_963' title='bbox 105 5299 231 5367; x_wconf 80' lang='lat' dir='ltr'>meos</span> <span class='ocrx_word' id='word_1_964' title='bbox 249 5330 260 5366; x_wconf 89' lang='lat'><strong>:</strong></span> <span class='ocrx_word' id='word_1_965' title='bbox 277 5316 445 5378; x_wconf 83' lang='lat' dir='ltr'>dirige</span> <span class='ocrx_word' id='word_1_966' title='bbox 465 5299 527 5362; x_wconf 81' lang='lat' dir='ltr'>in</span> <span class='ocrx_word' id='word_1_967' title='bbox 551 5315 829 5376; x_wconf 81' lang='lat' dir='ltr'>conspectu</span> <span class='ocrx_word' id='word_1_968' title='bbox 847 5299 936 5358; x_wconf 73' lang='lat' dir='ltr'>tuo</span> <span class='ocrx_word' id='word_1_969' title='bbox 959 5307 1107 5356; x_wconf 80' lang='lat' dir='ltr'>viam.</span> <span class='ocrx_word' id='word_1_970' title='bbox 1131 5317 1324 5352; x_wconf 87' lang='lat' dir='ltr'>meam.</span> <span class='ocrx_word' id='word_1_971' title='bbox 1342 5299 1563 5352; x_wconf 86' lang='lat' dir='ltr'>Inimici</span> <span class='ocrx_word' id='word_1_972' title='bbox 1579 5300 1678 5348; x_wconf 87' lang='lat' dir='ltr'>mei</span> 
     </span>
    </p>
   </div>
   <div class='ocr_carea' id='block_1_129' title="bbox 104 5372 1678 5446">
    <p class='ocr_par' dir='ltr' id='par_1_129' title="bbox 104 5372 1678 5446">
     <span class='ocr_line' id='line_1_129' title="bbox 104 5372 1678 5446; baseline -0.011 -6"><span class='ocrx_word' id='word_1_973' title='bbox 104 5391 290 5442; x_wconf 83' lang='lat' dir='ltr'>volunt</span> <span class='ocrx_word' id='word_1_974' title='bbox 317 5372 406 5438; x_wconf 75' lang='lat' dir='ltr'>me</span> <span class='ocrx_word' id='word_1_975' title='bbox 437 5372 728 5446; x_wconf 82' lang='lat' dir='ltr'>seducere,</span> <span class='ocrx_word' id='word_1_976' title='bbox 755 5386 814 5434; x_wconf 90' lang='lat' dir='ltr'>et</span> <span class='ocrx_word' id='word_1_977' title='bbox 839 5380 912 5432; x_wconf 90' lang='lat' dir='ltr'>ad</span> <span class='ocrx_word' id='word_1_978' title='bbox 935 5376 1278 5442; x_wconf 85' lang='lat' dir='ltr'>injuslitiam</span> <span class='ocrx_word' id='word_1_979' title='bbox 1304 5373 1533 5425; x_wconf 89' lang='lat' dir='ltr'>deviare</span> <span class='ocrx_word' id='word_1_980' title='bbox 1538 5389 1562 5446; x_wconf 51' lang='grc' dir='ltr'><em>ξ</em></span> <span class='ocrx_word' id='word_1_981' title='bbox 1591 5372 1678 5422; x_wconf 94' lang='lat' dir='ltr'>Tu</span> 
     </span>
    </p>
   </div>
   <div class='ocr_carea' id='block_1_130' title="bbox 106 5443 1677 5522">
    <p class='ocr_par' dir='ltr' id='par_1_130' title="bbox 106 5443 1677 5522">
     <span class='ocr_line' id='line_1_130' title="bbox 106 5443 1677 5522; baseline -0.014 -10"><span class='ocrx_word' id='word_1_982' title='bbox 106 5461 348 5522; x_wconf 88' lang='lat' dir='ltr'>Domine,</span> <span class='ocrx_word' id='word_1_983' title='bbox 368 5458 468 5522; x_wconf 89' lang='lat' dir='ltr'>qui</span> <span class='ocrx_word' id='word_1_984' title='bbox 491 5472 552 5510; x_wconf 89' lang='lat' dir='ltr'>es</span> <span class='ocrx_word' id='word_1_985' title='bbox 578 5443 798 5508; x_wconf 76' lang='lat' dir='ltr'>creator</span> <span class='ocrx_word' id='word_1_986' title='bbox 821 5465 1008 5514; x_wconf 89' lang='lat' dir='ltr'>meus,</span> <span class='ocrx_word' id='word_1_987' title='bbox 1031 5452 1152 5501; x_wconf 87' lang='lat' dir='ltr'>esto</span> <span class='ocrx_word' id='word_1_988' title='bbox 1170 5447 1290 5522; x_wconf 83' lang='lat' dir='ltr'>dux</span> <span class='ocrx_word' id='word_1_989' title='bbox 1313 5458 1474 5522; x_wconf 74' lang='lat' dir='ltr'>me_us</span> <span class='ocrx_word' id='word_1_990' title='bbox 1507 5443 1677 5522; x_wconf 64' lang='lat' dir='ltr'>(Deut.</span> 
     </span>
    </p>
   </div>
   <div class='ocr_carea' id='block_1_131' title="bbox 107 5513 1675 5596">
    <p class='ocr_par' dir='ltr' id='par_1_131' title="bbox 107 5513 1675 5596">
     <span class='ocr_line' id='line_1_131' title="bbox 107 5513 1675 5596; baseline -0.015 -11"><span class='ocrx_word' id='word_1_991' title='bbox 107 5532 320 5596; x_wconf 70' lang='lat' dir='ltr'>32.).Tu</span> <span class='ocrx_word' id='word_1_992' title='bbox 340 5513 496 5582; x_wconf 80' lang='lat' dir='ltr'>enim</span> <span class='ocrx_word' id='word_1_993' title='bbox 523 5527 704 5580; x_wconf 87' lang='lat' dir='ltr'>fecisti</span> <span class='ocrx_word' id='word_1_994' title='bbox 729 5537 854 5588; x_wconf 89' lang='lat' dir='ltr'>nos,</span> <span class='ocrx_word' id='word_1_995' title='bbox 883 5527 943 5574; x_wconf 90' lang='lat' dir='ltr'>et</span> <span class='ocrx_word' id='word_1_996' title='bbox 970 5513 1086 5573; x_wconf 86' lang='lat' dir='ltr'>non</span> <span class='ocrx_word' id='word_1_997' title='bbox 1106 5518 1216 5584; x_wconf 79' lang='lat' dir='ltr'>ipsi</span> <span class='ocrx_word' id='word_1_998' title='bbox 1235 5531 1343 5568; x_wconf 89' lang='lat' dir='ltr'>nos</span> <span class='ocrx_word' id='word_1_999' title='bbox 1375 5513 1675 5596; x_wconf 80' lang='lat' dir='ltr'>(Psal.</span> 
     </span>
    </p>
   </div>
   <div class='ocr_carea' id='block_1_132' title="bbox 107 5587 1677 5668">
    <p class='ocr_par' dir='ltr' id='par_1_132' title="bbox 107 5587 1677 5668">
     <span class='ocr_line' id='line_1_132' title="bbox 107 5587 1677 5668; baseline -0.017 -11"><span class='ocrx_word' id='word_1_1000' title='bbox 107 5587 331 5668; x_wconf 48' lang='lat' dir='ltr'>&#39;l&#39;u&#39;rege</span> <span class='ocrx_word' id='word_1_1001' title='bbox 360 5615 488 5664; x_wconf 90' lang='lat' dir='ltr'>nos,</span> <span class='ocrx_word' id='word_1_1002' title='bbox 505 5607 560 5652; x_wconf 91' lang='lat' dir='ltr'>et</span> <span class='ocrx_word' id='word_1_1003' title='bbox 583 5613 702 5651; x_wconf 89' lang='lat' dir='ltr'>non</span> <span class='ocrx_word' id='word_1_1004' title='bbox 720 5597 826 5662; x_wconf 86' lang='lat' dir='ltr'>ipsi</span> <span class='ocrx_word' id='word_1_1005' title='bbox 843 5587 968 5648; x_wconf 85' lang='lat' dir='ltr'>nos.</span> <span class='ocrx_word' id='word_1_1006' title='bbox 987 5596 1305 5668; x_wconf 69' lang='lat' dir='ltr'>Postquam</span> <span class='ocrx_word' id='word_1_1007' title='bbox 1321 5593 1515 5668; x_wconf 62' lang='lat' dir='ltr'>autem</span> <span class='ocrx_word' id='word_1_1008' title='bbox 1531 5587 1677 5650; x_wconf 82' lang='lat' dir='ltr'>dixit,</span> 
     </span>
    </p>
   </div>
   <div class='ocr_carea' id='block_1_133' title="bbox 111 5659 1680 5736">
    <p class='ocr_par' dir='ltr' id='par_1_133' title="bbox 111 5659 1680 5736">
     <span class='ocr_line' id='line_1_133' title="bbox 111 5659 1680 5736; baseline -0.013 -8"><span class='ocrx_word' id='word_1_1009' title='bbox 111 5659 372 5727; x_wconf 49' lang='lat' dir='ltr'>Deducvme</span> <span class='ocrx_word' id='word_1_1010' title='bbox 388 5675 451 5723; x_wconf 82' lang='lat' dir='ltr'>in</span> <span class='ocrx_word' id='word_1_1011' title='bbox 467 5659 704 5736; x_wconf 54' lang='grc' dir='ltr'>⁸ἱαδιίιία,</span> <span class='ocrx_word' id='word_1_1012' title='bbox 734 5659 847 5722; x_wconf 65' lang='lat' dir='ltr'>non</span> <span class='ocrx_word' id='word_1_1013' title='bbox 871 5665 1154 5719; x_wconf 89' lang='lat' dir='ltr'>immerito</span> <span class='ocrx_word' id='word_1_1014' title='bbox 1179 5661 1412 5736; x_wconf 74' lang='lat' dir='ltr'>addidit,</span> <span class='ocrx_word' id='word_1_1015' title='bbox 1425 5659 1578 5736; x_wconf 80' lang='lat' dir='ltr'>_Tua,</span> <span class='ocrx_word' id='word_1_1016' title='bbox 1612 5668 1680 5709; x_wconf 89' lang='lat' dir='ltr'>ac</span> 
     </span>
    </p>
   </div>
   <div class='ocr_carea' id='block_1_134' title="bbox 112 5732 1682 5813">
    <p class='ocr_par' dir='ltr' id='par_1_134' title="bbox 112 5732 1682 5813">
     <span class='ocr_line' id='line_1_134' title="bbox 112 5732 1682 5813; baseline -0.012 -15"><span class='ocrx_word' id='word_1_1017' title='bbox 112 5751 156 5800; x_wconf 71' lang='lat' dir='ltr'>si</span> <span class='ocrx_word' id='word_1_1018' title='bbox 185 5752 362 5813; x_wconf 87' lang='lat' dir='ltr'>aperte</span> <span class='ocrx_word' id='word_1_1019' title='bbox 395 5732 626 5807; x_wconf 80' lang='lat' dir='ltr'>diceret,</span> <span class='ocrx_word' id='word_1_1020' title='bbox 667 5745 767 5794; x_wconf 85' lang='lat' dir='ltr'>Per</span> <span class='ocrx_word' id='word_1_1021' title='bbox 803 5739 1172 5803; x_wconf 89' lang='lat' dir='ltr'>temetipsum</span> <span class='ocrx_word' id='word_1_1022' title='bbox 1213 5734 1368 5784; x_wconf 88' lang='lat' dir='ltr'>data.</span> <span class='ocrx_word' id='word_1_1023' title='bbox 1397 5732 1540 5783; x_wconf 90' lang='lat' dir='ltr'>Nam</span> <span class='ocrx_word' id='word_1_1024' title='bbox 1583 5740 1682 5794; x_wconf 90' lang='lat' dir='ltr'>per</span> 
     </span>
    </p>
   </div>
   <div class='ocr_carea' id='block_1_135' title="bbox 175 5869 1682 5956">
    <p class='ocr_par' dir='ltr' id='par_1_135' title="bbox 175 5869 1682 5956">
     <span class='ocr_line' id='line_1_135' title="bbox 175 5869 1682 5956; baseline -0.015 -11"><span class='ocrx_word' id='word_1_1025' title='bbox 175 5900 190 5921; x_wconf 89' lang='lat'>&#39;</span> <span class='ocrx_word' id='word_1_1026' title='bbox 217 5887 380 5956; x_wconf 84' lang='lat' dir='ltr'>Apud</span> <span class='ocrx_word' id='word_1_1027' title='bbox 415 5887 662 5953; x_wconf 80' lang='lat' dir='ltr'>August.</span> <span class='ocrx_word' id='word_1_1028' title='bbox 679 5899 790 5934; x_wconf 83' lang='lat' dir='ltr'>non</span> <span class='ocrx_word' id='word_1_1029' title='bbox 825 5875 1453 5956; x_wconf 39' lang='lat' dir='ltr'>estperniciosissimui’n.</span> <span class='ocrx_word' id='word_1_1030' title='bbox 1479 5869 1682 5925; x_wconf 82' lang='lat' dir='ltr'>Confer</span> 
     </span>
    </p>
   </div>
   <div class='ocr_carea' id='block_1_136' title="bbox 118 5944 1430 6030">
    <p class='ocr_par' dir='ltr' id='par_1_136' title="bbox 118 5944 1430 6030">
     <span class='ocr_line' id='line_1_136' title="bbox 118 5944 1430 6030; baseline -0.015 -12"><span class='ocrx_word' id='word_1_1031' title='bbox 118 5966 166 6018; x_wconf 90' lang='lat' dir='ltr'>S.</span> <span class='ocrx_word' id='word_1_1032' title='bbox 201 5944 450 6030; x_wconf 72' lang='lat' dir='ltr'>ejusdem</span> <span class='ocrx_word' id='word_1_1033' title='bbox 474 5944 657 6012; x_wconf 65' lang='lat' dir='ltr'>Patris</span> <span class='ocrx_word' id='word_1_1034' title='bbox 679 5957 776 6010; x_wconf 89' lang='lat' dir='ltr'>lib.</span> <span class='ocrx_word' id='word_1_1035' title='bbox 808 5954 879 6008; x_wconf 90' lang='lat' dir='ltr'>de</span> <span class='ocrx_word' id='word_1_1036' title='bbox 905 5944 1199 6007; x_wconf 77' lang='lat' dir='ltr'>Mendacio</span> <span class='ocrx_word' id='word_1_1037' title='bbox 1231 5959 1352 6013; x_wconf 90' lang='lat' dir='ltr'>cap.</span> <span class='ocrx_word' id='word_1_1038' title='bbox 1379 5944 1430 6000; x_wconf 83' lang='lat'>5.</span> 
     </span>
    </p>
   </div>
   <div class='ocr_carea' id='block_1_137' title="bbox 1776 4773 3373 4852">
    <p class='ocr_par' dir='ltr' id='par_1_137' title="bbox 1776 4773 3373 4852">
     <span class='ocr_line' id='line_1_137' title="bbox 1776 4773 3373 4852; baseline -0.009 -12"><span class='ocrx_word' id='word_1_1039' title='bbox 1776 4773 1866 4840; x_wconf 82' lang='lat' dir='ltr'>tis.</span> <span class='ocrx_word' id='word_1_1040' title='bbox 1899 4789 2044 4840; x_wconf 90' lang='lat' dir='ltr'>Nam</span> <span class='ocrx_word' id='word_1_1041' title='bbox 2069 4773 2168 4852; x_wconf 77' lang='lat' dir='ltr'>per</span> <span class='ocrx_word' id='word_1_1042' title='bbox 2190 4773 2476 4838; x_wconf 76' lang='lat' dir='ltr'>actionem</span> <span class='ocrx_word' id='word_1_1043' title='bbox 2509 4777 2740 4832; x_wconf 90' lang='lat' dir='ltr'>venitur</span> <span class='ocrx_word' id='word_1_1044' title='bbox 2767 4775 2842 4829; x_wconf 91' lang='lat' dir='ltr'>ad</span> <span class='ocrx_word' id='word_1_1045' title='bbox 2874 4775 3172 4852; x_wconf 78' lang='lat' dir='ltr'>virtutem.</span> <span class='ocrx_word' id='word_1_1046' title='bbox 3194 4773 3373 4852; x_wconf 4' lang='lat' dir='ltr'>(Fides</span> 
     </span>
    </p>
   </div>
   <div class='ocr_carea' id='block_1_138' title="bbox 1772 4848 3376 4924">
    <p class='ocr_par' dir='ltr' id='par_1_138' title="bbox 1772 4848 3376 4924">
     <span class='ocr_line' id='line_1_138' title="bbox 1772 4848 3376 4924; baseline -0.009 -12"><span class='ocrx_word' id='word_1_1047' title='bbox 1772 4859 1926 4912; x_wconf 84' lang='lat' dir='ltr'>enim</span> <span class='ocrx_word' id='word_1_1048' title='bbox 1951 4848 2088 4924; x_wconf 76' lang='lat' dir='ltr'>quae</span> <span class='ocrx_word' id='word_1_1049' title='bbox 2105 4870 2204 4923; x_wconf 89' lang='lat' dir='ltr'>per</span> <span class='ocrx_word' id='word_1_1050' title='bbox 2233 4853 2599 4924; x_wconf 90' lang='lat' dir='ltr'>dilectionem</span> <span class='ocrx_word' id='word_1_1051' title='bbox 2632 4851 2916 4924; x_wconf 72' lang='lat' dir='ltr'>operatur,</span> <span class='ocrx_word' id='word_1_1052' title='bbox 2940 4848 3376 4924; x_wconf 80' lang='lat' dir='ltr'>impetrat_gra—</span> 
     </span>
    </p>
   </div>
   <div class='ocr_carea' id='block_1_139' title="bbox 1775 4917 3372 4996">
    <p class='ocr_par' dir='ltr' id='par_1_139' title="bbox 1775 4917 3372 4996">
     <span class='ocr_line' id='line_1_139' title="bbox 1775 4917 3372 4996; baseline -0.009 -13"><span class='ocrx_word' id='word_1_1053' title='bbox 1775 4932 1913 4984; x_wconf 88' lang='lat' dir='ltr'>tiam</span> <span class='ocrx_word' id='word_1_1054' title='bbox 1959 4917 2152 4996; x_wconf 44' lang='lat' dir='ltr'>(&#39;Gala-t.</span> <span class='ocrx_word' id='word_1_1055' title='bbox 2201 4928 2297 4991; x_wconf 88' lang='lat'>5.).</span> <span class='ocrx_word' id='word_1_1056' title='bbox 2336 4928 2404 4978; x_wconf 88' lang='lat' dir='ltr'>Et</span> <span class='ocrx_word' id='word_1_1057' title='bbox 2440 4923 2624 4990; x_wconf 83' lang='lat' dir='ltr'>gratia</span> <span class='ocrx_word' id='word_1_1058' title='bbox 2650 4923 2750 4974; x_wconf 89' lang='lat' dir='ltr'>Dei</span> <span class='ocrx_word' id='word_1_1059' title='bbox 2775 4921 2990 4996; x_wconf 74' lang='lat' dir='ltr'>diifusa</span> <span class='ocrx_word' id='word_1_1060' title='bbox 3006 4920 3068 4972; x_wconf 90' lang='lat' dir='ltr'>in</span> <span class='ocrx_word' id='word_1_1061' title='bbox 3101 4917 3372 4996; x_wconf 69' lang='lat' dir='ltr'>cordibus</span> 
     </span>
    </p>
   </div>
   <div class='ocr_carea' id='block_1_140' title="bbox 1774 4987 3378 5066">
    <p class='ocr_par' dir='ltr' id='par_1_140' title="bbox 1774 4987 3378 5066">
     <span class='ocr_line' id='line_1_140' title="bbox 1774 4987 3378 5066; baseline -0.009 -12"><span class='ocrx_word' id='word_1_1062' title='bbox 1774 4987 1987 5054; x_wconf 81' lang='lat' dir='ltr'>nostris</span> <span class='ocrx_word' id='word_1_1063' title='bbox 2025 5014 2124 5066; x_wconf 91' lang='lat' dir='ltr'>per</span> <span class='ocrx_word' id='word_1_1064' title='bbox 2167 4987 2738 5064; x_wconf 40' lang='lat' dir='ltr'>Spiritum—Sanctum</span> <span class='ocrx_word' id='word_1_1065' title='bbox 2763 4993 2874 5066; x_wconf 78' lang='lat' dir='ltr'>qui</span> <span class='ocrx_word' id='word_1_1066' title='bbox 2897 4991 3188 5066; x_wconf 84' lang='lat' dir='ltr'>datus_est</span> <span class='ocrx_word' id='word_1_1067' title='bbox 3208 4987 3378 5066; x_wconf 82' lang='lat' dir='ltr'>nobis</span> 
     </span>
    </p>
   </div>
   <div class='ocr_carea' id='block_1_141' title="bbox 1775 5060 3374 5139">
    <p class='ocr_par' dir='ltr' id='par_1_141' title="bbox 1775 5060 3374 5139">
     <span class='ocr_line' id='line_1_141' title="bbox 1775 5060 3374 5139; baseline -0.008 -15"><span class='ocrx_word' id='word_1_1068' title='bbox 1775 5076 1951 5139; x_wconf 85' lang='lat' dir='ltr'>(Rom.</span> <span class='ocrx_word' id='word_1_1069' title='bbox 1995 5060 2086 5138; x_wconf 48' lang='lat'>5:),</span> <span class='ocrx_word' id='word_1_1070' title='bbox 2124 5060 2322 5136; x_wconf 74' lang='lat' dir='ltr'>implet</span> <span class='ocrx_word' id='word_1_1071' title='bbox 2349 5068 2652 5139; x_wconf 85' lang='lat' dir='ltr'>justitiam.</span> <span class='ocrx_word' id='word_1_1072' title='bbox 2688 5067 2809 5139; x_wconf 82' lang='lat' dir='ltr'>Ego</span> <span class='ocrx_word' id='word_1_1073' title='bbox 2831 5062 3052 5139; x_wconf 58' lang='lat' dir='ltr'>(inquit</span> <span class='ocrx_word' id='word_1_1074' title='bbox 3073 5060 3374 5139; x_wconf 68' lang='lat' dir='ltr'>Dominus)</span> 
     </span>
    </p>
   </div>
   <div class='ocr_carea' id='block_1_142' title="bbox 1775 5130 3375 5207">
    <p class='ocr_par' dir='ltr' id='par_1_142' title="bbox 1775 5130 3375 5207">
     <span class='ocr_line' id='line_1_142' title="bbox 1775 5130 3375 5207; baseline -0.01 -10"><span class='ocrx_word' id='word_1_1075' title='bbox 1775 5130 1901 5199; x_wconf 74' lang='lat' dir='ltr'>sum</span> <span class='ocrx_word' id='word_1_1076' title='bbox 1925 5146 2038 5207; x_wconf 88' lang='lat' dir='ltr'>via,</span> <span class='ocrx_word' id='word_1_1077' title='bbox 2052 5130 2296 5206; x_wconf 66' lang='lat' dir='ltr'>veritas,</span> <span class='ocrx_word' id='word_1_1078' title='bbox 2317 5130 2373 5192; x_wconf 79' lang='lat' dir='ltr'>et</span> <span class='ocrx_word' id='word_1_1079' title='bbox 2388 5139 2508 5192; x_wconf 87' lang='lat' dir='ltr'>vita</span> <span class='ocrx_word' id='word_1_1080' title='bbox 2534 5137 2709 5203; x_wconf 85' lang='lat' dir='ltr'>(Joan.</span> <span class='ocrx_word' id='word_1_1081' title='bbox 2741 5134 3051 5207; x_wconf 32' lang='lat' dir='ltr'>14.).MViam</span> <span class='ocrx_word' id='word_1_1082' title='bbox 3072 5130 3375 5207; x_wconf 77' lang='lat' dir='ltr'>intelligite</span> 
     </span>
    </p>
   </div>
   <div class='ocr_carea' id='block_1_143' title="bbox 1777 5201 3375 5279">
    <p class='ocr_par' dir='ltr' id='par_1_143' title="bbox 1777 5201 3375 5279">
     <span class='ocr_line' id='line_1_143' title="bbox 1777 5201 3375 5279; baseline -0.013 -9"><span class='ocrx_word' id='word_1_1083' title='bbox 1777 5201 2064 5270; x_wconf 84' lang='lat' dir='ltr'>Christum</span> <span class='ocrx_word' id='word_1_1084' title='bbox 2089 5201 2422 5279; x_wconf 83' lang='lat' dir='ltr'>operantem</span> <span class='ocrx_word' id='word_1_1085' title='bbox 2455 5227 2468 5260; x_wconf 91' lang='lat'><strong>:</strong></span> <span class='ocrx_word' id='word_1_1086' title='bbox 2497 5201 2818 5264; x_wconf 87' lang='lat' dir='ltr'>veritatem,</span> <span class='ocrx_word' id='word_1_1087' title='bbox 2847 5203 3150 5279; x_wconf 82' lang='lat' dir='ltr'>Christum</span> <span class='ocrx_word' id='word_1_1088' title='bbox 3163 5201 3375 5279; x_wconf 56' lang='lat' dir='ltr'>decen:-</span> 
     </span>
    </p>
   </div>
   <div class='ocr_carea' id='block_1_144' title="bbox 1779 5274 3373 5354">
    <p class='ocr_par' dir='ltr' id='par_1_144' title="bbox 1779 5274 3373 5354">
     <span class='ocr_line' id='line_1_144' title="bbox 1779 5274 3373 5354; baseline -0.013 -8"><span class='ocrx_word' id='word_1_1089' title='bbox 1779 5299 1910 5354; x_wconf 87' lang='lat' dir='ltr'>tem,</span> <span class='ocrx_word' id='word_1_1090' title='bbox 1936 5274 2146 5353; x_wconf 63' lang='lat' dir='ltr'>vitam,</span> <span class='ocrx_word' id='word_1_1091' title='bbox 2161 5287 2454 5340; x_wconf 90' lang='lat' dir='ltr'>Christum</span> <span class='ocrx_word' id='word_1_1092' title='bbox 2480 5284 2977 5354; x_wconf 83' lang='lat' dir='ltr'>remunerantem._</span> <span class='ocrx_word' id='word_1_1093' title='bbox 2993 5278 3100 5354; x_wconf 61' lang='lat' dir='ltr'>Yia</span> <span class='ocrx_word' id='word_1_1094' title='bbox 3120 5274 3280 5354; x_wconf 83' lang='lat' dir='ltr'>ducit</span> <span class='ocrx_word' id='word_1_1095' title='bbox 3299 5275 3373 5327; x_wconf 87' lang='lat' dir='ltr'>ad</span> 
     </span>
    </p>
   </div>
   <div class='ocr_carea' id='block_1_145' title="bbox 1777 5347 3370 5424">
    <p class='ocr_par' dir='ltr' id='par_1_145' title="bbox 1777 5347 3370 5424">
     <span class='ocr_line' id='line_1_145' title="bbox 1777 5347 3370 5424; baseline -0.013 -5"><span class='ocrx_word' id='word_1_1096' title='bbox 1777 5347 2094 5423; x_wconf 73' lang='lat' dir='ltr'>veritatem,</span> <span class='ocrx_word' id='word_1_1097' title='bbox 2123 5347 2280 5424; x_wconf 46' lang='lat' dir='ltr'>&#39;quia</span> <span class='ocrx_word' id='word_1_1098' title='bbox 2321 5369 2423 5421; x_wconf 90' lang='lat' dir='ltr'>per</span> <span class='ocrx_word' id='word_1_1099' title='bbox 2464 5355 2616 5407; x_wconf 88' lang='lat' dir='ltr'>viam</span> <span class='ocrx_word' id='word_1_1100' title='bbox 2641 5352 2878 5424; x_wconf 86' lang='lat' dir='ltr'>venitur</span> <span class='ocrx_word' id='word_1_1101' title='bbox 2909 5349 2982 5402; x_wconf 87' lang='lat' dir='ltr'>ad</span> <span class='ocrx_word' id='word_1_1102' title='bbox 3012 5347 3334 5424; x_wconf 83' lang='lat' dir='ltr'>doctrinam</span> <span class='ocrx_word' id='word_1_1103' title='bbox 3359 5363 3370 5396; x_wconf 89' lang='lat'><strong>:</strong></span> 
     </span>
    </p>
   </div>
   <div class='ocr_carea' id='block_1_146' title="bbox 1777 5421 3374 5490">
    <p class='ocr_par' dir='ltr' id='par_1_146' title="bbox 1777 5421 3374 5490">
     <span class='ocr_line' id='line_1_146' title="bbox 1777 5421 3374 5490; baseline -0.014 0"><span class='ocrx_word' id='word_1_1104' title='bbox 1777 5421 2244 5490; x_wconf 79' lang='lat' dir='ltr'>doctriuaautem</span> <span class='ocrx_word' id='word_1_1105' title='bbox 2262 5427 2520 5481; x_wconf 84' lang='lat' dir='ltr'>veritatis</span> <span class='ocrx_word' id='word_1_1106' title='bbox 2537 5424 2697 5477; x_wconf 88' lang='lat' dir='ltr'>ducit</span> <span class='ocrx_word' id='word_1_1107' title='bbox 2713 5422 2784 5475; x_wconf 92' lang='lat' dir='ltr'>ad</span> <span class='ocrx_word' id='word_1_1108' title='bbox 2797 5421 3264 5486; x_wconf 89' lang='lat' dir='ltr'>vitam,quiacum</span> <span class='ocrx_word' id='word_1_1109' title='bbox 3281 5434 3374 5468; x_wconf 82' lang='lat' dir='ltr'>un-</span> 
     </span>
    </p>
   </div>
   <div class='ocr_carea' id='block_1_147' title="bbox 1777 5492 3377 5576">
    <p class='ocr_par' dir='ltr' id='par_1_147' title="bbox 1777 5492 3377 5576">
     <span class='ocr_line' id='line_1_147' title="bbox 1777 5492 3377 5576; baseline -0.014 -14"><span class='ocrx_word' id='word_1_1110' title='bbox 1777 5511 1980 5576; x_wconf 87' lang='lat' dir='ltr'>pletur,</span> <span class='ocrx_word' id='word_1_1111' title='bbox 2007 5505 2160 5572; x_wconf 89' lang='lat' dir='ltr'>quod</span> <span class='ocrx_word' id='word_1_1112' title='bbox 2186 5499 2529 5576; x_wconf 64' lang='lat' dir='ltr'>praecipitur,</span> <span class='ocrx_word' id='word_1_1113' title='bbox 2545 5495 2862 5576; x_wconf 77' lang='lat' dir='ltr'>acquiritur</span> <span class='ocrx_word' id='word_1_1114' title='bbox 2874 5493 2996 5575; x_wconf 67' lang='lat' dir='ltr'>vita</span> <span class='ocrx_word' id='word_1_1115' title='bbox 3019 5505 3151 5556; x_wconf 65' lang='lat' dir='ltr'>quae</span> <span class='ocrx_word' id='word_1_1116' title='bbox 3162 5492 3377 5576; x_wconf 63' lang='lat' dir='ltr'>promit-</span> 
     </span>
    </p>
   </div>
   <div class='ocr_carea' id='block_1_148' title="bbox 1778 5562 3374 5634">
    <p class='ocr_par' dir='ltr' id='par_1_148' title="bbox 1778 5562 3374 5634">
     <span class='ocr_line' id='line_1_148' title="bbox 1778 5562 3374 5634; baseline -0.013 0"><span class='ocrx_word' id='word_1_1117' title='bbox 1778 5562 1934 5634; x_wconf 71' lang='lat' dir='ltr'>titur.</span> <span class='ocrx_word' id='word_1_1118' title='bbox 1964 5562 2110 5632; x_wconf 61' lang='lat' dir='ltr'>Bene</span> <span class='ocrx_word' id='word_1_1119' title='bbox 2132 5562 2326 5628; x_wconf 77' lang='lat' dir='ltr'>autem</span> <span class='ocrx_word' id='word_1_1120' title='bbox 2350 5562 2448 5632; x_wconf 82' lang='lat' dir='ltr'>ait,</span> <span class='ocrx_word' id='word_1_1121' title='bbox 2475 5570 2702 5633; x_wconf 84' lang='lat' dir='ltr'>Propter</span> <span class='ocrx_word' id='word_1_1122' title='bbox 2717 5565 2970 5616; x_wconf 82' lang='lat' dir='ltr'>inimicos</span> <span class='ocrx_word' id='word_1_1123' title='bbox 2987 5579 3143 5615; x_wconf 86' lang='lat' dir='ltr'>meos.</span> <span class='ocrx_word' id='word_1_1124' title='bbox 3162 5562 3374 5616; x_wconf 81' lang='lat' dir='ltr'>Multos</span> 
     </span>
    </p>
   </div>
   <div class='ocr_carea' id='block_1_149' title="bbox 1778 5635 3374 5705">
    <p class='ocr_par' dir='ltr' id='par_1_149' title="bbox 1778 5635 3374 5705">
     <span class='ocr_line' id='line_1_149' title="bbox 1778 5635 3374 5705; baseline -0.014 0"><span class='ocrx_word' id='word_1_1125' title='bbox 1778 5653 1932 5705; x_wconf 88' lang='lat' dir='ltr'>enim</span> <span class='ocrx_word' id='word_1_1126' title='bbox 1963 5651 2022 5702; x_wconf 91' lang='lat' dir='ltr'>in</span> <span class='ocrx_word' id='word_1_1127' title='bbox 2059 5649 2153 5702; x_wconf 88' lang='lat' dir='ltr'>via</span> <span class='ocrx_word' id='word_1_1128' title='bbox 2185 5646 2288 5700; x_wconf 89' lang='lat' dir='ltr'>Dei</span> <span class='ocrx_word' id='word_1_1129' title='bbox 2313 5644 2506 5694; x_wconf 86' lang='lat' dir='ltr'>sancta</span> <span class='ocrx_word' id='word_1_1130' title='bbox 2534 5638 2787 5692; x_wconf 86' lang='lat' dir='ltr'>Ecclesia</span> <span class='ocrx_word' id='word_1_1131' title='bbox 2810 5636 3024 5702; x_wconf 88' lang='lat' dir='ltr'>patitur</span> <span class='ocrx_word' id='word_1_1132' title='bbox 3044 5635 3374 5698; x_wconf 82' lang='lat' dir='ltr'>adversarios,</span> 
     </span>
    </p>
   </div>
   <div class='ocr_carea' id='block_1_150' title="bbox 1779 5705 3378 5789">
    <p class='ocr_par' dir='ltr' id='par_1_150' title="bbox 1779 5705 3378 5789">
     <span class='ocr_line' id='line_1_150' title="bbox 1779 5705 3378 5789; baseline -0.014 -11"><span class='ocrx_word' id='word_1_1133' title='bbox 1779 5724 1876 5788; x_wconf 88' lang='lat' dir='ltr'>qui</span> <span class='ocrx_word' id='word_1_1134' title='bbox 1898 5725 2169 5789; x_wconf 89' lang='lat' dir='ltr'>premunt</span> <span class='ocrx_word' id='word_1_1135' title='bbox 2199 5729 2324 5770; x_wconf 88' lang='lat' dir='ltr'>eam</span> <span class='ocrx_word' id='word_1_1136' title='bbox 2343 5709 2764 5780; x_wconf 88' lang='lat' dir='ltr'>persequendo,</span> <span class='ocrx_word' id='word_1_1137' title='bbox 2788 5707 3074 5771; x_wconf 91' lang='lat' dir='ltr'>terrendo,</span> <span class='ocrx_word' id='word_1_1138' title='bbox 3092 5705 3378 5760; x_wconf 89' lang='lat' dir='ltr'>blandien-</span> 
     </span>
    </p>
   </div>
   <div class='ocr_carea' id='block_1_151' title="bbox 1783 5849 3377 5991">
    <p class='ocr_par' dir='ltr' id='par_1_151' title="bbox 1783 5849 3377 5991">
     <span class='ocr_line' id='line_1_151' title="bbox 1783 5849 3377 5991; baseline -0.011 -74"><span class='ocrx_word' id='word_1_1139' title='bbox 1783 5941 1818 5991; x_wconf 57' lang='grc' dir='ltr'><strong><em>ἡ</em></strong></span> <span class='ocrx_word' id='word_1_1140' title='bbox 1839 5867 1861 5896; x_wconf 73' lang='grc' dir='ltr'>ι’</span> <span class='ocrx_word' id='word_1_1141' title='bbox 1883 5865 2060 5991; x_wconf 58' lang='grc' dir='ltr'>Ξὲιειηι</span> <span class='ocrx_word' id='word_1_1142' title='bbox 2085 5863 2250 5926; x_wconf 86' lang='lat' dir='ltr'>enim,</span> <span class='ocrx_word' id='word_1_1143' title='bbox 2276 5859 2357 5914; x_wconf 78' lang='lat' dir='ltr'>ait</span> <span class='ocrx_word' id='word_1_1144' title='bbox 2379 5853 2762 5922; x_wconf 76' lang='lat' dir='ltr'>Augustinus,</span> <span class='ocrx_word' id='word_1_1145' title='bbox 2788 5851 3090 5905; x_wconf 79' lang='lat' dir='ltr'>abominati</span> <span class='ocrx_word' id='word_1_1146' title='bbox 3127 5849 3254 5915; x_wconf 82' lang='lat' dir='ltr'>dici,</span> <span class='ocrx_word' id='word_1_1147' title='bbox 3277 5863 3377 5900; x_wconf 82' lang='lat' dir='ltr'>eac-</span> 
     </span>
     <span class='ocr_line' id='line_1_152' title="bbox 1821 5937 2054 5991; baseline -0.004 0"><span class='ocrx_word' id='word_1_1148' title='bbox 1821 5953 1920 5991; x_wconf 70' lang='lat' dir='ltr'>aere</span> <span class='ocrx_word' id='word_1_1149' title='bbox 1957 5937 2054 5990; x_wconf 83' lang='lat' dir='ltr'>ati.</span> 
     </span>
    </p>
   </div>
   <div class='ocr_carea' id='block_1_152' title="bbox 1821 5937 2054 5991">
    <p class='ocr_par' dir='ltr' id='par_1_152' title="bbox 1821 5937 2054 5991">
     <span class='ocr_line' id='line_1_153' title="bbox 1821 5937 2054 5991; baseline -0.004 0"><span class='ocrx_word' id='word_1_1150' title='bbox 1821 5937 2054 5991; x_wconf 74' lang='lat' dir='ltr'>aeredati.</span> 
     </span>
    </p>
   </div>
  </div>
