3900 6426
500 355 608 412 663

1560 354 1828 406 RUFINO
1862 353 2326 408 PRESBYTERO
2357 355 2736 410 ASCRIPTUS

3735 361 3827 416 664

503 469 598 550 do,
623 469 974 550 seducendo:
1001 471 1138 550 quia
1152 475 1434 550 quantum
1455 470 2099 550 avia_veritatisdiscor-
2124 475 2180 550 Α
2205 472 2622 538 ρωηὶῐθηιίᾶω.
2649 475 2720 526 Et
2760 473 2886 538 ipsa
2900 473 3054 550 bona
3067 475 3473 550 voluntasest
3494 475 3830 550 invictissi-

502 543 660 607 dent,
685 556 760 596 ex
791 543 981 596 verbis
1003 541 1340 605 ostenditur,
1361 555 1494 605 quae
1524 543 1983 606 subsequuntur.

569 613 658 669 10.
683 615 952 674 Quoniam
996 627 1107 661 non
1133 618 1205 662 est
1239 614 1299 662 in
1323 628 1413 662 ore
1461 629 1648 663 eorum
1685 615 1879 662 veritas
1903 615 1973 666 Et
1995 615 2104 666 hoc

506 686 800 750 approbat.
827 696 957 736 cum
981 685 1071 745 abj
1081 684 1274 748 ungit:
1305 684 1410 734 Cor
1437 699 1623 733 eorum
1643 699 1848 733 vanum
1870 690 1962 736 est.
1982 688 2102 734 Nam

507 755 794 820 quomodo
815 759 905 806 est
927 755 1142 806 veritas
1163 755 1225 806 in
1241 767 1358 816 ore,
1379 755 1428 806 si
1452 755 1680 807 vanitas
1706 760 1796 807 est
1819 755 1877 807 in
1899 757 2108 808 corde?

507 831 702 880 Bonus
721 827 894 878 homo
905 826 975 878 de
1001 827 1152 878 bono
1174 826 1442 878 thesauro
1455 827 1642 878 cordis
1663 828 1754 878 sui
1777 827 1988 891 profert
2012 828 2106 878 bo-

508 911 602 962 na,
628 903 686 950 et
707 897 896 949 malus
920 897 1093 949 homo
1117 897 1188 949 de
1213 899 1364 950 malo
1377 898 1648 950 thesauro
1661 899 1848 950 cordis
1867 899 1957 950 sui
1981 911 2112 962 pro-

509 969 618 1021 fert.
639 969 788 1020 mala
801 969 1011 1032 (Matth.
1034 967 1154 1032 12.).
1185 971 1271 1020 Ex
1299 969 1654 1020 abundantia
1667 971 1819 1020 enim
1839 969 2029 1021 cordis
2045 982 2110 1020 os

507 1040 786 1104 loquitur:
811 1039 882 1090 de
905 1040 1124 1103 quibus
1149 1040 1339 1092 adhuc
1359 1045 1510 1092 recte
1545 1042 1924 1105 subjunctum
1942 1045 2045 1092 est.

573 1110 658 1165 11.
692 1110 1054 1175 Sepulchrum
1090 1117 1282 1176 patens
1309 1117 1500 1176 guttur
1543 1128 1748 1173 eorum,
1779 1112 1982 1176 linguis
2001 1111 2114 1160 suis

512 1181 686 1232 dolose
709 1181 938 1245 agebant
968 1199 979 1230 :
1011 1182 1207 1247 judice
1230 1183 1350 1233 illos
1388 1184 1545 1234 Deus.
1573 1184 1911 1235 Adulatores
1939 1189 1997 1234 et
2021 1195 2115 1234 se-

513 1253 784 1304 ductores
813 1253 924 1316 (Ea:
959 1253 1286 1317 Augustino)
1337 1259 1488 1306 recte
1534 1255 1835 1319 sepulchra
1861 1254 2117 1319 patentia

513 1324 652 1376 dicti
675 1328 831 1385 sunt,
858 1323 957 1386 qui
1000 1337 1116 1376 non
1143 1324 1412 1378 habendo
1436 1326 1614 1378 vitam
1658 1327 1937 1390 veritatis,
1971 1339 2118 1390 quo-

514 1395 822 1448 dammodo
835 1395 1130 1448 exanimes
1146 1401 1300 1459 sunt,
1315 1400 1372 1448 et
1391 1402 1650 1448 mortuos
1662 1398 1721 1448 in
1735 1411 1795 1448 se
1819 1398 2116 1462 recipiunt,

517 1479 664 1530 quos
687 1465 880 1517 verbis
897 1467 1274 1518 mendacibus
1286 1470 1345 1518 et
1367 1480 1517 1520 vano
1530 1468 2047 1520 cordeinteremtos
2065 1470 2118 1516 in

519 1551 583 1590 se
607 1539 970 1590 convertunt.
999 1538 1160 1596 Quod
1172 1539 1319 1590 dixit
1339 1539 1544 1604 linguis
1557 1541 1688 1602 suis,
1704 1541 1990 1605 signiﬁcat
2003 1553 2124 1590 ma-

516 1609 606 1661 lis.
660 1608 790 1660 Mali
812 1609 968 1661 enim
1012 1610 1196 1662 malas
1229 1611 1446 1663 habent
1476 1612 1723 1675 linguas.
1758 1611 1964 1664 Dolose
1986 1622 2122 1663 vero

517 1693 705 1745 agere,
731 1684 824 1732 est
841 1681 999 1734 aliud
1023 1683 1084 1734 in
1110 1683 1298 1744 corde,
1325 1683 1479 1735 aliud
1505 1684 1565 1735 in
1587 1697 1686 1736 ore
1708 1685 1934 1735 habere.
1961 1683 2124 1735 Unde

481 1775 493 1784 -
518 1753 580 1804 in
603 1751 714 1802 alio
739 1751 960 1815 psalmo
1005 1753 1229 1805 dicitur.
1266 1756 1373 1816 Qui
1408 1754 1725 1819 loquuntur
1771 1767 2125 1819 pacem~cum

519 1823 784 1888 proximo
810 1836 937 1886 suo,
971 1821 1084 1892 26
1110 1823 1264 1876 mala
1285 1830 1482 1877 autem
1520 1827 1581 1878 in
1625 1825 1894 1878 cordibus
1923 1837 2120 1878 eorum

2205 557 2368 596 mum
2381 550 2752 608 scutum,quo
2764 557 2824 596 re
2829 545 3331 610 pelliturinimicus
3344 548 3826 614 desperationem

2204 615 2408 667 salutis
2427 629 2746 680 suggerens
2758 616 3128 670 multitudine
3142 619 3606 672 tribulationum
3621 627 3676 668 et
3690 627 3830 668 tenta-

2207 686 2446 738 tionum.
2473 687 2628 738 Deus
2651 687 2806 738 enim
2829 693 3095 751 operatur
3114 694 3172 740 et
3197 689 3339 742 velle
3363 697 3421 742 et
3454 690 3756 755 perﬁcere
3779 692 3827 742 in

2205 761 2392 823 nobis,
2417 773 2517 825 pro
2538 762 2689 812 bona
2713 761 3386 828 voluntate(Phitipp.2.).
3412 779 3541 816 non
3570 766 3742 817 enim
3768 780 3825 817 ex

2207 832 2476 896 operibus
2497 832 2740 895 justitiaa
2775 845 2904 896 quae
2942 834 3178 885 fecimus
3200 849 3319 887 nos.
3349 837 3450 888 sed
3483 837 3824 889 secundum

2209 914 2376 954 suam
2399 903 2848 955 misericordiam
2874 904 3066 957 salvos
3093 919 3202 958 nos
3232 907 3360 960 fecit
3386 909 3508 970 (Tit.
3530 907 3644 972 3.).

2498 1015 2608 1086 27
2641 1010 3007 1076 TITULUS
3055 1011 3378 1077 PSALMI
3409 1014 3533 1079 VI.

2277 1130 2324 1196 ᾖ.
2356 1129 2533 1196 Sextus
2561 1128 2796 1176 Psalmus
2817 1130 2889 1196 sic
2912 1130 3218 1196 intitulatur,
3243 1131 3493 1181 Psalmus
3520 1131 3722 1181 David
3745 1147 3832 1196 pro

2215 1193 2436 1255 octaua:
2462 1192 2548 1236 Per
2571 1197 2796 1238 octavam
2820 1193 2926 1240 dies
2951 1191 2971 1220 ¹³
2989 1195 3176 1252 judicii
3207 1191 3514 1255 intelligitur
3536 1213 3550 1242 :
3589 1191 3829 1255 quoniam

2216 1253 2385 1316 omnia
2410 1256 2627 1312 tempora
2658 1260 2843 1313 septem
2891 1256 3086 1303 dierum
3120 1253 3410 1316 repetitione
3434 1253 3735 1306 volvuntur
3761 1275 3770 1304 ε
3794 1269 3828 1305 e‘.

2216 1315 2350 1373 quod
2377 1316 2430 1360 tit
2452 1317 2505 1360 in
2531 1330 2650 1376 una,
2676 1322 2832 1376 potest
2855 1319 3037 1364 mutari
3060 1319 3115 1366 in
3161 1315 3278 1370 alia.
3306 1321 3523 1368 Octavus
3551 1325 3735 1367 autem
3757 1322 3830 1367 ille

2219 1378 2546 1424 aestimandus
2592 1385 2678 1438 est,
2731 1379 2822 1438 qui
2867 1381 3150 1429 varietatem
3201 1383 3345 1429 istam
3385 1396 3488 1429 non
3523 1384 3766 1431 habebit.
3789 1385 3832 1428 Et

2218 1440 2352 1499 quod
2382 1441 2435 1486 in
2459 1454 2516 1487 eo
2561 1441 2661 1501 ﬂet,
2706 1448 2945 1490 aeternum
2977 1449 3021 1490 et
3056 1446 3464 1492 incommutabile
3488 1447 3828 1502 permanebit.

2220 1503 2301 1548 Est
2330 1507 2493 1568 autem
2540 1517 2635 1550 vox
2664 1504 2720 1568 in
2769 1505 2862 1551 hoc
2911 1507 3102 1564 psalmo
3155 1508 3315 1555 ﬁdelis
3357 1509 3694 1568 paenitentis,
3717 1510 3831 1554 alios

2221 1566 2448 1628 exemplo
2471 1579 2586 1628 suo
2614 1567 2936 1626 exhortantis,
2985 1573 3038 1614 ut
3081 1570 3310 1616 similiter
3339 1571 3631 1628 pcnniteant
3659 1566 3766 1616 :‘ne
3788 1571 3830 1615 in

2221 1634 2411 1693 octava,
2434 1627 2482 1673 id
2505 1634 2594 1690 est,
2620 1632 2838 1676 extrema
2861 1630 2941 1676 die
2961 1631 3164 1693 judicii,
3187 1627 3422 1680 aeternam
3447 1633 3829 1680 damnationem

2223 1687 2498 1737 incurrant.

2745 1779 3140 1845 PSALMUS
3183 1781 3298 1845 VI.

525 1845 784 1888 pruxunu
810 1845 937 1886 suo,
971 1845 1084 1892 κο
1111 1845 1264 1876 maia
1285 1845 1482 1877 autem
1520 1845 1581 1878 1n
1625 1845 1894 1878 COI‘LUDUS
1923 1845 2120 1878 eorum
2147 1845 2206 1916 B
2521 1885 2531 1896 ,
2735 1887 2746 1898 ο
3684 1889 3696 1900 ο
3769 1890 3778 1899 ⁸

525 1895 686 1959 (Psal.
723 1892 849 1957 27.).
880 1897 990 1946 Eos
1013 1896 1375 1960 omnipotens
1397 1899 1552 1950 Deus
1580 1898 1818 1961 judicat,
1846 1897 1980 1962 quia
2002 1909 2128 1947 om.
2245 1959 2252 1962 _
2293 1881 2344 1936 2.
2370 1885 2616 1962 Domum.
2644 1901 2784 1962 ηανξ
2807 1888 2994 1952 furore
3008 1893 3098 1962 1in
3118 1903 3320 1962 arguas
3334 1903 3434 1950 me,
3461 1905 3651 1954 neque
3674 1905 3735 1938 ιη
3760 1906 3830 1937 ινα

523 1978 633 2018 nes
651 1965 916 2017 inimicos
931 1965 1124 2030 falsos,
1142 1967 1375 2020 dolosos
1397 1969 1456 2020 in
1467 1973 1727 2021 extremo
1739 1969 2000 2021 examine
2015 1983 2135 2016 con-

527 2037 798 2089 demnat:
825 2037 897 2088 de
923 2039 1136 2101 quibus
1147 2038 1338 2090 adhuc
1351 2041 1679 2104 subjungit:
1697 2041 1960 2090 Decidant
1983 2056 2018 2089 a
2053 2053 2133 2088 co-

527 2107 881 2172 gitationibus
895 2109 1343 2173 suishsecundum
1362 2112 1766 2160 multitudinem
1793 2113 2136 2176 impietatum

528 2193 715 2229 eorum
741 2179 946 2244 expelle
973 2195 1076 2232 eos.
1103 2181 1404 2245 Prophetia
1427 2185 1518 2234 est
1539 2185 1649 2247 {Eat
1663 2185 2007 2247 Augustino),
2032 2196 2136 2230 non
2157 2196 2167 2206 '

531 2250 874 2302 maledictio.
903 2253 1031 2304 Non
1051 2253 1205 2304 enim
1237 2258 1398 2318 optat
1423 2259 1487 2306 ut
1513 2256 1844 2316 veniat,sed
1857 2253 2137 2320 prmdicit,

534 2322 689 2386 quod
713 2321 971 2373 futurum
998 2323 1282 2387 praevidit.
1309 2327 1358 2376 A
1383 2326 1828 2390 cogitationibus
1853 2327 1974 2378 suis
1990 2325 2136 2378 deci-

534 2392 699 2456 dunt,
723 2393 857 2455 quia
879 2393 1154 2457 quicquid
1188 2395 1334 2447 elate
1357 2397 1771 2461 cogitaverunt,
1799 2411 1930 2450 cum
1956 2399 2137 2449 inter-

531 2465 672 2516 eunt
731 2463 856 2515 sine
881 2463 1072 2516 fructu
1099 2465 1393 2518 amittunt.
1429 2469 1706 2532 Superbia
1730 2481 1867 2520 vero
1908 2471 2136 2520 ruinam

536 2535 733 2596 habet,
751 2535 1224 2588 sicutecontrario
1239 2537 1535 2590 humilitas
1550 2539 1976 2592 exaltationem.
2003 2541 2138 2588 Dici-

539 2611 634 2659 tur
677 2605 828 2658 alibi.
872 2609 938 2658 In
980 2607 1078 2658 illa
1119 2608 1208 2659 die
1245 2610 1514 2672 peribunt
1533 2623 1733 2663 omnes
1757 2611 2136 2676 cogitationes

541 2689 742 2729 eorum
769 2677 929 2740 (Psat.
957 2677 1115 2740 145.).
1133 2681 1273 2741 Quas
1297 2681 1497 2745 utique
1513 2695 1630 2734 non
1645 2683 1911 2747 perirent,
1939 2684 1985 2733 si
2023 2695 2138 2734 cae-

537 2747 708 2800 lestia
751 2747 1084 2814 cogitarent,
1121 2751 1389 2804 Testatur
1421 2753 1573 2804 enim
1618 2754 1769 2806 idem
1815 2754 2137 2812 Psalmista,

543 2817 822 2890 Quoniam
839 2823 978 2870 sunt
992 2821 1247 2884 reliquiae
1261 2823 1479 2876 homini
1490 2825 1742 2890 pacitlco.
1758 2826 1964 2889 Injusti
1977 2833 2140 2873 autem

545 2889 908 2960 disperibunt
957 2891 1144 2954 simul,
1193 2895 1451 2958 reliquias
1493 2889 1798 2960 impiorum
1831 2897 2146 2948 interibunt

549 2961 709 3025 (Psat.
725 2959 852 3024 36.).
873 2963 1254 3026 Cogitationes
1279 2979 1412 3031 ergo
1428 2959 1729 3032 impiorum
1747 2969 2144 3032 peribuntquia

548 3035 762 3104 aeterna
787 3033 934 3084 mala
962 3047 1260 3098 nunquam
1286 3039 1828 3104 cogitatareperiunt
1847 3053 1859 3103 ;
1879 3040 2142 3092 etsubito

548 3103 827 3156 amittunt
848 3106 1000 3157 bona
1025 3108 1374 3172 temporalia,
1394 3123 1525 3174 quae
1545 3103 1642 3162 diu
1655 3117 1848 3164 mente
1872 3116 2153 3163 tractave-

560 3180 714 3227 runt.
743 3177 846 3238 Qui
876 3179 1194 3231 secundum
1207 3180 2016 3248 niultitudinemimpietatum
2037 3194 2162 3233 sua.

556 3260 686 3299 rum
711 3248 1087 3313 expellentur,
1115 3251 1251 3314 quia
1271 3259 1502 3316 propter
1523 3255 1706 3306 multa
1723 3255 1873 3307 mala
1891 3267 2024 3318 quae
2034 3267 2164 3319 ges-

554 3323 778 3391 serunt,
803 3321 860 3370 et
881 3321 954 3370 ab
987 3326 1204 3374 mterna
1232 3323 1567 3377 haereditate
1599 3327 1984 3391 expelluntur,
2015 3330 2074 3378 et
2096 3326 2159 3377 in

558 3390 826 3442 tenebras
850 3391 1164 3445 exteriores
1193 3394 1497 3458 ejicientur
1517 3390 1728 3458 (Matth.
1763 3395 1853 3458 8.).
1881 3398 2030 3448 Bene
2052 3409 2158 3448 au-

560 3464 678 3512 tem
714 3461 978 3514 subditur
1002 3476 1016 3513 :
1050 3463 1320 3522 Quoniam
1344 3467 1700 3516 irritaverant
1724 3472 1769 3516 te
1783 3469 2026 3518 Domine.
2051 3469 2162 3518 Ne-

565 3544 682 3595 que
701 3532 854 3583 enim
884 3533 1019 3596 quia
1041 3542 1445 3600 peccaverunt,
1472 3537 1600 3589 ideo
1615 3539 1881 3602 perirent,
1905 3538 2015 3590 nisi
2039 3551 2160 3603 per-

565 3603 883 3656 severando
895 3604 955 3655 in
965 3605 1133 3665 malo,
1149 3607 1458 3659 Dominum
1470 3608 1775 3662 irritarent.
1788 3612 1932 3662 Nam
1945 3625 2001 3658 su
2009 3625 2164 3670 perna

562 3675 744 3739 pietas
756 3680 1064 3738 postquam
1089 3676 1457 3742 deliquimus,
1479 3680 1552 3732 ad
1577 3681 1973 3744 paenitentiam
1995 3693 2164 3733 revo-

569 3749 680 3808 cat,
701 3749 759 3798 et
802 3745 901 3798 diu
928 3753 1210 3806 expectat.
1244 3752 1371 3802 Non
1413 3751 1569 3802 enim
1613 3752 1738 3805 vult
1769 3758 2007 3805 mortem
2037 3765 2166 3817 pec-

573 3817 803 3882 catoris,
849 3819 951 3870 sed
998 3823 1064 3872 ut
1112 3827 1484 3875 convertatur
1537 3827 1597 3876 et
1639 3824 1801 3876 vivat
1845 3825 1990 3885 (Luc.
2038 3822 2164 3888 15.).

573 3889 732 3951 Quod
759 3889 808 3940 si
831 3891 1087 3943 converti
1109 3893 1363 3958 negligit,
1392 3899 1449 3946 et
1479 3895 1706 3960 tempus
1728 3895 1930 3959 gratiae
1950 3896 2010 3947 in
2034 3908 2168 3960 aug-

570 3965 832 4012 mentum
857 3963 1131 4026 expendit
1165 3965 1369 4029 culpse,
1396 3979 1567 4030 quem
1591 3967 1923 4032 paenitendo
1951 3968 2168 4031 placare

578 4033 794 4098 debuit,
844 4046 977 4086 eum
1012 4035 1142 4100 plus
1184 4036 1477 4099 irritando,
1523 4038 1581 4090 id
1605 4045 1694 4091 est
1717 4039 1789 4090 ad
1814 4039 2170 4091 iracundiam

575 4106 960 4172 provocando,
985 4107 1239 4171 graviter
1261 4109 1516 4160 offendit.
1542 4111 1703 4162 Unde
1723 4111 1935 4162 Paulus
1951 4111 2058 4162 ait:
2084 4111 2172 4162 Tu

574 4181 771 4228 autem
796 4177 1117 4229 secundum
1133 4179 1402 4232 duritiam
1427 4185 1584 4232 tuam
1598 4186 1655 4232 et
1671 4193 1768 4232 cor
1782 4181 2168 4246 impcenitens,

573 4248 934 4300 thesaurizas
961 4249 1065 4300 tibi
1093 4249 1236 4300 iram
1260 4251 1320 4302 in
1348 4251 1550 4304 dieirae
1573 4253 2006 4305 etrevelationis
2027 4253 2172 4318 justi

573 4319 776 4383 judicii
795 4319 897 4372 Dei
909 4321 1078 4382 (Rom.
1105 4319 1196 4385 2.).
1224 4324 1369 4374 Nam
1393 4327 1552 4375 tanto
1564 4337 1699 4375 eum
1724 4328 1860 4377 tunc
1877 4325 2173 4377 districtus

573 4391 755 4454 judex
773 4391 960 4444 acrius
977 4393 1232 4458 damnat,
1257 4399 1472 4457 quanto
1487 4408 1644 4446 nunc
1655 4397 2081 4449 misericordius
2097 4411 2176 4444 ex-

577 4469 784 4530 pectat.
817 4463 928 4516 Sed
950 4465 1088 4526 quid
1113 4465 1218 4516 erit
1239 4465 1310 4517 de
1329 4466 1506 4530 justis
1529 4470 1554 4517 ‘2
1575 4468 1840 4531 Sequitur
1855 4471 1912 4520 et
1934 4469 2072 4519 dicit
2097 4482 2111 4518 :

642 4537 728 4592 12.
762 4536 828 4586 Et
859 4537 1098 4586 laetentur
1145 4552 1327 4586 omnes
1363 4539 1461 4603 qui
1495 4546 1713 4604 sperant
1735 4541 1798 4588 in
1823 4546 1882 4592 te.
1925 4539 2174 4590 Primum

2236 1959 2329 2004 tua
2344 1957 2608 2021 corripias
2631 1973 2737 2010 me.
2755 1961 2912 2010 Deus
2936 1961 3036 2024 qui
3049 1961 3655 2013 estincommutabilis
3673 1969 3833 2010 natum

2235 2027 2484 2088 (Malach.
2513 2027 2602 2092 2.),
2628 2031 2782 2094 apud
2821 2044 2992 2094 quem
3031 2033 3112 2096 (ut
3135 2032 3444 2098 Apostolus
3467 2034 3574 2096 ait)
3604 2046 3730 2084 non
3757 2038 3830 2084 est

2234 2100 2658 2163 transmutatio,
2684 2115 2787 2152 nec
2811 2103 3226 2155 vicissitudinis
3250 2104 3626 2157 obumbratio
3647 2103 3834 2168 (Jacob.

2235 2167 2340 2232 1.):
2370 2170 2442 2221 de
2466 2183 2580 2234 quo
2609 2171 2828 2224 dictum
2857 2179 2962 2226 est.
2987 2177 3073 2226 Tu
3095 2181 3291 2227 autem
3309 2177 3556 2228 Domine
3573 2167 3834 2234 virtutum,

2236 2253 2368 2292 cum
2396 2243 2805 2306 tranquillitate
2833 2245 3060 2310 judicas
3093 2247 3240 2312 (Sap.
3275 2245 3418 2309 12.):
3446 2247 3680 2299 nullam
3705 2247 3763 2297 in
3786 2259 3833 2296 se

2236 2312 2442 2364 furoris
2469 2313 2562 2366 vel
2583 2314 2684 2366 iras
2706 2319 3189 2380 perturbationem
3219 2319 3463 2383 suscipit
3480 2333 3493 2368 :
3509 2318 3623 2370 sed
3643 2317 3834 2368 furoris

2235 2384 2469 2436 nomine
2489 2385 2824 2450 intelligitur
2845 2389 2940 2440 illa
2958 2390 3243 2442 immensa
3263 2394 3318 2442 et
3332 2385 3722 2442 immoderata
3738 2390 3836 2436 ani-

2239 2456 2565 2509 madversio
2603 2458 2896 2522 vindictas,
2945 2473 3062 2525 qua
3098 2465 3424 2526 peccatores
3448 2461 3772 2526 punientur
3790 2460 3834 2508 in

2239 2530 2494 2580 extremo
2511 2529 2792 2582 examine.
2808 2534 2896 2583 Ira
2911 2545 3049 2584 vero
3075 2537 3265 2597 potest
3287 2533 3528 2596 intelligi
3550 2532 3834 2584 examina-

2240 2600 2318 2650 tio
2347 2599 2459 2659 illa,
2485 2613 2600 2664 qua
2621 2602 2968 2666 imperfectae
2990 2605 3199 2657 animat
3223 2603 3694 2656 emundanturin
3719 2614 3832 2666 pur-

2241 2672 2459 2734 gatorio
2479 2672 2628 2736 igne.
2661 2674 2812 2726 Bene
2852 2681 3044 2727 autem
3075 2676 3299 2738 dicitur,
3325 2677 3404 2726 Ne
3441 2676 3504 2724 in
3538 2676 3734 2739 furore
3762 2680 3832 2720 tuo

2237 2759 2442 2808 arguas
2463 2759 2564 2805 me,
2590 2745 2833 2809 nequein
2857 2746 3054 2796 iratua
3075 2748 3346 2812 corripias
3371 2762 3479 2796 me:
3509 2749 3665 2798 Nam
3691 2744 3837 2796 corri-

2239 2816 2380 2880 pias,
2407 2815 2561 2878 quod
2585 2817 2783 2868 mitius
2805 2817 3050 2882 videtur,
3077 2819 3149 2870 ad
3170 2818 3650 2872 emendationem
3672 2817 3829 2868 valet:

2241 2889 2342 2950 qui
2365 2899 2502 2939 vero
2523 2889 2802 2953 arguitur,
2827 2889 2980 2940 idest
3001 2896 3326 2952 accusatur,
3351 2889 3738 2942 metuendum
3761 2890 3834 2937 est

2243 2971 2316 3011 ne
2327 2959 2388 3008 in
2409 2959 2580 3008 tinem
2603 2959 2812 3012 habeat
2835 2961 3284 3013 damnationem.
3312 2965 3661 3026 Arguuntur
3679 2960 3735 3010 in
3757 2957 3831 3008 die

2242 3030 2443 3095 judicii
2457 3031 2908 3095 {EwAugustino)
2930 3046 3132 3084 omnes
3149 3033 3246 3096 qui
3269 3047 3385 3085 non
3407 3033 3631 3084 habent
3651 3029 3834 3082 funda-

2257 3105 2521 3154 mentum
2535 3101 2842 3154 Christum.
2857 3105 3252 3156 Emendantur
3260 3104 3634 3167 autem,idest
3645 3115 3836 3164 purgan-

2264 3174 2632 3237 tur,quihuic
2658 3174 3031 3227 fundamento
3061 3176 3527 3240 supermditlcant
3555 3176 3728 3240 ligna,
3754 3172 3832 3222 tce-

2189 3215 2239 3290 Ο
2265 3215 2425 3307 num:
2473 3244 2760 3309 stipulam,
2795 3246 2946 3298 idest
2993 3215 3366 3312 infructuosa,
3412 3215 3834 3310 vanafinutilia

2257 3317 2327 3382 (ει.
2349 3319 2470 3369 Cor.
2497 3315 2586 3378 3.).
2613 3317 3033 3370 Detrimentum
3058 3319 3292 3383 quidem
3319 3319 3633 3384 patientur,
3661 3315 3756 3367 sed
3773 3319 3836 3384 ta-

2258 3403 2393 3442 men
2424 3388 2568 3441 salvi
2591 3391 2789 3440 erunt:
2812 3389 2894 3440 sic
2912 3392 3105 3442 tamen
3133 3391 3300 3454 quasi
3325 3383 3420 3451 per
3443 3390 3645 3454 ignem
3670 3383 3834 3448 (Ibid)-

2260 3461 2406 3525 Quid
2429 3473 2566 3524 ergo
2589 3460 2696 3512 iste
2725 3465 2867 3525 orat,
2894 3461 2996 3524 qui
3018 3473 3131 3512 non
3160 3462 3285 3514 vult
3311 3462 3494 3512 furore
3519 3457 3836 3532 Dominiarj

2261 3535 2380 3600 gul,
2411 3533 2502 3584 vel
2533 3532 2617 3584 ira
2645 3533 2978 3584 emendari?
3007 3533 3162 3596 quid,
3196 3533 3309 3584 nisi
3341 3537 3406 3584 ut
3441 3536 3683 3584 sanetur
3703 3532 3726 3578 Ρ
3751 3526 3832 3578 Ubi

2263 3606 2417 3660 enim
2443 3605 2661 3656 sanitas
2692 3611 2798 3666 est,
2833 3618 2941 3656 nec
2966 3617 3119 3656 mors
3148 3604 3459 3658 metuenda
3493 3607 3610 3665 est,
3635 3613 3734 3653 nec
3755 3611 3837 3648 cu-

2263 3677 2446 3729 rantis
2476 3680 2576 3727 aut
2601 3675 2851 3728 secantis
2879 3675 3086 3728 medici
3115 3688 3342 3728 manus.
3373 3675 3648 3739 Sequitur
3671 3673 3836 3732 itaque

2265 3751 2323 3802 et
2345 3747 2486 3799 dicit
2511 3767 2522 3796 :

2329 3819 2380 3875 3.
2407 3820 2654 3868 Miserere
2685 3819 2806 3879 mei,
2852 3818 3098 3884 Domine,
3131 3819 3396 3884 quoniam
3439 3819 3700 3881 inﬁrmus
3719 3823 3832 3862 sum.

2267 3891 2465 3945 Multa
2496 3893 2633 3942 sunt
2655 3890 3020 3944 inﬁrmitates
3048 3896 3261 3942 nostris
3277 3891 3530 3956 corporis
3556 3895 3616 3942 et
3637 3886 3832 3939 animm.

2268 3966 2413 4016 Nam
2435 3975 2642 4027 corpus
2657 3963 3002 4014 mortalitate
3033 3963 3438 4027 corrumpitur.
3464 3962 3664 4013 anima
3691 3959 3840 4008 tenta-

2269 4035 2525 4088 tionibas
2554 4033 3084 4108 premitur._lnfelix
3120 4035 3292 4108 homo
3322 4033 3515 4085 multis
3543 4029 3835 4108 tentationl-

2271 4108 2382 4158 bus
2437 4111 2496 4158 et
2542 4105 2788 4156 miseriis
2843 4105 3132 4170 fatigatur.
3180 4105 3288 4167 Qui
3327 4117 3462 4169 ergo
3490 4104 3667 4156 sentit
3689 4104 3834 4170 misef

2271 4178 2433 4240 riam,
2460 4177 2598 4240 quid
2625 4181 2739 4228 tam
2753 4169 3040 4242 postulare
3052 4177 3238 4240 debet,
3251 4189 3425 4240 quam
3438 4169 3834 4224 misericordiam?

2274 4251 2382 4312 Qui
2404 4241 2996 4310 sentitintirmitatem,
3017 4249 3156 4312 quid
3183 4254 3299 4300 tam
3317 4247 3658 4300 desiderare
3680 4241 3834 4294 debet

2274 4332 2448 4383 quam
2477 4320 2818 4370 sanitatem?
2839 4321 3038 4372 Restat
3061 4321 3255 4384 itaque
3279 4325 3343 4370 ut
3366 4319 3551 4371 dicat:
3584 4317 3732 4368 Sa-na
3759 4321 3832 4358 me.

2275 4391 2520 4449 Domine,
2547 4393 2812 4455 quoniam
2839 4393 3099 4442 conturba
3122 4397 3248 4442 sunt
3283 4407 3401 4442 ossa
3425 4407 3562 4442 mea.
3603 4384 3744 4452 Quid
3765 4390 3838 4445 per

2275 4477 2410 4516 ossa
2432 4463 2544 4514 nisi
2584 4465 2794 4515 animat
2819 4464 2985 4516 fortia
3020 4465 3395 4527 designantur
3413 4465 3441 4513 ἢ
3477 4464 3623 4513 Nam
3646 4471 3714 4510 ne
3735 4461 3837 4506 0333

2283 4537 2472 4588 carnis
2507 4535 2876 4600 intelligeres,
2910 4537 3194 4600 exposuit,
3220 4549 3352 4586 cum
3377 4531 3712 4598 subjungit:

581 4585 812 4668 qsatm
835 4585 1125 4670 justorum
1141 4585 1598 4672 gaudiuin'ést'in
1620 4585 1720 4675 spe
1735 4585 1751 4660 ἐ
1763 4585 2174 4675 statuisti;
2201 4585 2264 4660 D
2293 4585 2491 4662 "iis
2510 4585 2850 4657 summa
2868 4585 3088 4656 tanta
3103 4585 3367 4657 arma
3390 4585 3716 4675 Tui-halitu;
3736 4591 3837 4659 qui-

582 4680 693 4742 Spe
716 4678 1036 4741 gaudentes
1059 4679 1230 4739 (Rom.
1265 4679 1388 4744 12.).
1427 4683 1536 4746 Spe
1567 4683 1720 4734 enim
1747 4681 1892 4733 salvi
1915 4681 2047 4732 facti
2079 4695 2180 4733 su-

583 4761 717 4800 mus
743 4749 912 4812 (Rom.
936 4747 1028 4813 7.).
1046 4751 1419 4804 Postmodum
1435 4766 1568 4806 vero
1585 4754 1690 4805 erit
1707 4753 1770 4816 in
1791 4765 1870 4804 re.
1899 4753 2062 4804 Unde
2087 4753 2180 4805 hic

585 4819 1118 4886 secutusadjungit,
1135 4823 1202 4872 In
1223 4828 1481 4874 aeternum
1505 4823 1822 4874 ere-uitabant
1846 4829 1891 4873 et
1916 4823 2182 4874 habitabis

584 4893 647 4942 in
670 4893 760 4944 eis.
807 4893 940 4957 Ipsa
978 4893 1086 4945 erit
1129 4899 1344 4948 aeterna
1389 4895 1666 4948 exultatio
1699 4895 1802 4960 (Ea:
1833 4895 2180 4961 Augustino),

585 4977 720 5017 cum
745 4963 1021 5029 templum
1045 4966 1149 5018 Dei
1171 4967 1312 5020 ﬂent
1327 4967 1492 5032 justi,
1537 4970 1595 5018 et
1615 4967 1724 5019 erit
1759 4967 2036 5032 gaudium
2058 4969 2182 5034 ipse

585 5045 602 5066 '
623 5036 811 5089 incola
852 5049 1068 5089 eorum.

646 5107 734 5165 13.
781 5108 850 5159 Et
889 5109 1275 5174 gloriabuntur
1326 5108 1389 5158 in
1419 5113 1464 5156 te
1486 5123 1668 5158 omnes
1690 5108 1786 5172 qui
1827 5109 2062 5173 diligunt
2086 5125 2182 5161 no-

582 5195 710 5231 men
743 5184 915 5242 tuum,
942 5184 1012 5232 Et
1032 5183 1197 5244 bene,
1223 5181 1284 5232 in
1307 5179 1482 5240 te(E'ac
1505 5180 1725 5242 eodem),
1761 5183 2039 5245 tanquam
2063 5195 2180 5234 om-

583 5266 688 5305 nes
713 5253 1074 5318 possidentes
1103 5251 1500 5304 hsereditatem
1543 5256 1614 5304 te.
1651 5253 1922 5312 Quoniam
1947 5259 2003 5303 tu
2027 5254 2182 5304 bene-

584 5327 722 5376 dices
737 5326 903 5391 justo.
930 5327 1072 5378 Haec
1091 5328 1180 5376 est
1202 5323 1520 5375 benedictio
1543 5323 1771 5388 gloriari
1785 5326 1845 5378 in
1863 5328 1978 5378 Deo
2003 5331 2058 5377 et
2080 5326 2183 5377 ha-

585 5398 752 5450 bitari
773 5411 808 5449 a
829 5399 966 5449 Deo.
997 5398 1066 5448 Et
1101 5396 1237 5459 quia
1261 5395 1484 5446 vocatio
1528 5409 1647 5448 non
1688 5397 2020 5450 meritorum
2049 5410 2185 5450 nos-

587 5474 826 5536 trorum,
855 5468 957 5521 sed
997 5467 1402 5521 benivolentiae
1433 5471 1492 5521 et
1512 5469 1918 5523 misericordiae
1939 5469 2038 5521 Dei
2063 5471 2179 5521 est:

589 5543 838 5607 subjecit
863 5541 1060 5592 dicens
1085 5557 1096 5590 :

651 5613 736 5668 14.
761 5613 1008 5678 Domine,
1035 5617 1096 5662 ut
1117 5617 1262 5662 scuto
1293 5611 1438 5664 bonae
1465 5613 1755 5664 voluntatis
1779 5618 1880 5662 tuae
1914 5614 2184 5664 coronasti

587 5701 702 5738 nos.
739 5689 896 5738 Bona
917 5685 1081 5748 fenim
1127 5685 1392 5738 voluntas
1425 5687 1522 5739 Dei
1551 5687 1654 5750 (Ex
1677 5685 1870 5750 eodem)
1911 5687 2185 5748 praecedit

587 5759 797 5810 bonam
815 5757 1179 5812 voluntatem
1201 5763 1479 5821 nostram,
1507 5762 1864 5824 peccatorem
1888 5769 2104 5810 vocans
2125 5761 2184 5810 in

655 5910 671 5929 '
705 5901 848 5952 Olim
875 5902 1027 5966 apud
1050 5903 1441 5968 Augustinum
1469 5902 1748 5957 incolatus.

2279 4681 2412 4732 dem
2424 4680 2720 4731 interiores
2746 4693 2954 4731 sensus
2975 4692 3010 4730 a
3039 4679 3491 4730 consideratione
3516 4671 3715 4740 proprii
3740 4676 3836 4718 rea-

2281 4759 2394 4810 tus,
2420 4752 2547 4815 ipsa
2583 4763 2814 4814 quoque
2849 4752 3075 4803 inﬁrma
3098 4755 3154 4802 et
3184 4750 3469 4814 peccatrix
3507 4747 3711 4805 anima,
3733 4746 3835 4814 curn

2283 4823 2656 4876 subtilitatem
2669 4823 2912 4875 extremi
2925 4819 3632 4888 examiniszscogitando
3649 4818 3836 4888 consplj

2282 4895 2376 4958 cit,
2403 4895 2476 4946 ab
2487 4895 2642 4945 omni
2658 4895 2924 4946 interiore
2942 4880 3582 4955 fortitudiriédestituta,
3595 4891 3654 4964 in
3670 4880 3834 4964 εςωςῖς

2280 4944 3044 5032 i'lss'ae'omemisat;vida
3072 4944 3223 5018 enim
3243 4965 3320 5015 ibi
3351 4944 3607 5036 damnari
3633 4944 3831 5036 quiqui}!

2279 5021 2581 5091 inventum
2595 5039 2760 5090 fuerit
2776 5038 2936 5104 pravi
2960 5038 3167 5102 operis,
3187 5036 3276 5088 vel
3292 5035 3458 5088 otiosi
3488 5021 3766 5104 sermonis:
3793 5021 3831 5104 ίξῐ

2283 5110 2512 5172 silentii,
2529 5123 2718 5173 usque
2733 5092 2801 5161 ad
2820 5111 2896 5160 mi
2903 5092 3117 5161 nimam
3130 5092 3548 5173 cogitationem,
3568 5105 3614 5156 si
3636 5110 3737 5154 non
3748 5092 3831 5143 fue-

2282 5183 2354 5233 rit
2370 5182 2441 5233 ad
2469 5181 2569 5232 Dei
2587 5181 2942 5233 voluntatem
2963 5182 3262 5232 directum.
3290 5180 3443 5252 Hinc
3451 5183 3539 5230 est
3564 5182 3727 5252 urens
3740 5175 3830 5252 693'

2284 5252 2706 5316 scientia,illinc
2729 5253 3060 5304 accusantia
3083 5257 3332 5316 peccata,
3352 5240 3828 5320 indeterrensjtlsll:

2283 5315 2608 5377 tia:subtus
2629 5331 2832 5390 patens
2854 5315 3144 5376 horridum
3162 5321 3566 5379 chaosint‘erni,
3594 5323 3648 5369 et
3667 5315 3827 5390 ῑοτίθῖξδ

2281 5396 2608 5450 horribiles:
2631 5383 2878 5462 desuper
2900 5397 3080 5448 iratus
3095 5395 3296 5460 judex,
3321 5393 3454 5444 foris
3478 5391 3678 5462 ardens
3705 5383 3830 5462 ιηιέξῆ·

2282 5445 2672 5520 istiista;
2692 5445 2804 5520 sa:
2825 5445 3201 5529 istaisti,"
3217 5445 3484 5530 peccator
3533 5461 3626 5513 ubi
3649 5445 3823 5530 ρεντέμξί

2285 5541 2506 5606 (1-Petr.
2535 5541 2642 5602 4.)?
2667 5541 2906 5604 Plangat
2929 5540 3140 5592 iterum
3162 5524 3454 5612 iet-gemat,
3482 5547 3552 5612 ne
3582 5532 3728 5612 tanta

2283 5598 2476 5664 menta
2498 5598 2768 5665 incurrat.
2785 5598 2970 5664 'fimet
2986 5598 3306 5675 justitiam?
3330 5598 3826 5675 quaeratmiset‘iqoi‘

2283 5685 2455 5737 diam.
2469 5687 2597 5736 Non
2609 5685 2781 5737 habet
2793 5669 3215 5737 fortitudinem?
3235 5681 3326 5734 vel
3337 5669 3610 5744 agnoscat
3623 5669 3818 5744 propria?“

2282 5756 2696 5817 inﬁrmitatem,
2731 5761 2790 5810 et
2825 5757 2977 5810 dicat
3007 5770 3020 5808 :
3047 5756 3293 5806 Miserere
3317 5742 3438 5812 miti,
3463 5747 3696 5802 Domine,
3720 5742 3818 5799 quo“

2347 5901 2368 5931 ι’
2389 5902 2548 5954 Hanc
2574 5904 2936 5977 Augustinus
2958 5900 3376 5966 expositionem
3400 5907 3517 5950 non
3538 5887 3735 5960 probat-
