3900 6402
48 375 178 432 665
1094 383 1170 437 IN
1204 383 1536 438 PSALMOS
1566 386 1776 442 LXXV
1807 389 2395 454 COMMENTARIUS.
3288 405 3394 464 666

51 488 526 580 ῩΞὛῙῘἛΜΪἪ
539 494 1262 580 Ἢέτέ,ί.ίὶεὲἒ⁴ἔιῗὲῗῖ¹ἓξθεηαδ
1281 497 1438 580 92m!
1452 511 1682 580 acures
1707 505 1763 578 A
1790 502 1919 555 “bi?
1942 510 2025 580 An
2046 507 2332 562 infernum
2356 513 2484 567 vult
2516 514 2775 580 intelligi.
2816 527 2934 580 quo
2957 519 3091 580 post
3107 515 3392 579 judicium

48 561 488 652 ῗςιρξυξῑ).
500 561 1285 652 cggn‘it‘iointetigtatissuae:
1303 571 1392 648 _De
1419 570 1683 652 tarditate
1707 561 1763 578 “
1788 561 3392 652 praecipitanturimpiiﬁibi—jama'prdp‘terrprofundiores

37 636 281 724 {intem
309 636 572 682 sanitatis
597 636 984 724 conqueritur,
1019 649 1154 688 cum
1187 640 1505 703 subjungit,
1532 642 1600 690 Et
1633 647 1692 692 tu

1806 636 2058 724 Lenebras
2100 636 2539 708 nullam‘lu'cem
2578 636 2702 708 béi‘

49 705 1273 793 Demjnfusqueqtto_:?‘1§cc_ejuxta_estOdies
1292 712 1530 793 Domini
1566 725 1692 793 ma-
1791 720 2208 776 confiteantur?
2224 705 2612 780 Potest'edam
2635 705 3390 793 illudinteili—gimt—niorjtem

54 789 261 865 e215:
274 775 753 865 gygtflﬁgyfagg
769 777 1098 865 ngryisldies
1136 781 1238 832 irae
1275 781 1398 865 dies
1430 783 1544 865 ille.
1564 785 1692 865 dies
1791 775 3392 865 vocetpeccatum,deed'eB'EtéHta'cﬁiﬁé’iége3651;;

513 846 925 936 1}}1:S_efi_§33_dligs
953 853 1316 936 ιρηθῦζεξωξῐι
1343 846 1690 936 θῑϐδεῌεὶιξίεν
1793 846 2024 936 titurzin
2035 846 2994 931 fernumvve‘rb‘c—m'citattimwanimi:
2998 846 3126 934 6111’s;
3135 846 3392 936 peccan-

58 919 206 971 dies
237 920 398 970 tubae
435 923 493 970 et
521 919 804 983 clangoris
835 921 1093 986 (Sophon.
1123 923 1214 987 1.).
1241 925 1286 976 Ο
1313 940 1428 978 vox
1451 919 1561 979 diei
1582 931 1694 980 Do-

56 991 221 1042 mini
247 993 472 1042 amara!
495 989 640 1044 Ecce
665 994 954 1056 peccatrix
975 995 1183 1060 anima,
1197 998 1696 1052 arborinfructuo—

63 1075 166 1126 sa,
203 1063 388 1126 digna
411 1063 598 1113 securi
621 1068 676 1115 et
697 1063 860 1128 igne:
887 1064 1107 1129 lignum
1129 1069 1354 1121 aridum
1387 1075 1442 1122 et
1472 1071 1690 1124 inutile.

65 1135 289 1185 Timor
303 1147 468 1186 reum
481 1135 688 1196 turbat,
709 1137 1060 1190 conscientia
1070 1140 1388 1202 confundit,
1408 1143 1696 1207 cogitatio-

62 1220 188 1258 nes
214 1207 539 1271 increpant,
565 1207 759 1271 fugere
794 1222 910 1260 non
938 1211 1092 1263 licet.
1119 1213 1242 1263 Stat
1275 1227 1599 1278 suspensus
1621 1217 1694 1268 ad

65 1278 498 1350 gravissimam
521 1279 884 1332 sententiam.
908 1284 1051 1334 Ecce
1073 1283 1248 1335 miser
1263 1285 1323 1336 in
1343 1293 1594 1350 augusto
1618 1303 1698 1348 pe-

66 1349 270 1422 riculo
296 1361 473 1422 egens
498 1350 706 1402 festino
735 1351 970 1416 auxilio,
998 1355 1063 1405 Et
1087 1359 1144 1403 tu
1167 1357 1396 1406 Domine
1422 1349 1695 1422 usquequo

75 1419 389 1472 tardaris?
414 1433 719 1484 usquequo
749 1435 863 1474 non
905 1425 1148 1476 exaudis
1181 1429 1207 1476 γ
1231 1429 1346 1479 Nec
1377 1428 1436 1478 in
1459 1419 1568 1480 hoc
1592 1419 1698 1489 (Ea:

68 1492 423 1556 Augustino)
446 1496 719 1556 tanquam
743 1495 990 1546 crudelis
1009 1499 1160 1548 Deus
1175 1499 1558 1552 aestimandus
1575 1506 1692 1552 est:

72 1563 190 1616 sed
219 1567 506 1626 tanquam
517 1565 702 1615 bonus
715 1579 1021 1630 persuasor
1031 1569 1258 1630 animae,
1279 1571 1417 1633 quid
1433 1571 1570 1623 mali
1590 1572 1698 1624 sibi

71 1636 214 1700 ipsa
238 1635 538 1700 pepererit.
564 1636 762 1690 Difl‘ert
791 1639 943 1690 enim
969 1641 1097 1704 pius
1119 1643 1400 1694 Dominus
1423 1645 1698 1697 exaudire

75 1705 433 1759 multotiens
449 1720 521 1758 ex
539 1720 646 1760 sua
659 1721 869 1773 magna
880 1711 1287 1777 misericordia,
1307 1719 1372 1765 ut
1391 1727 1463 1766 ex
1477 1717 1698 1764 difﬁcul-

79 1783 211 1830 tate
229 1779 548 1830 sanationis
565 1779 640 1831 sit
662 1779 985 1844 diligentior
1001 1784 1265 1836 custodia
1281 1791 1524 1849 receptae
1550 1787 1698 1838 sani-

83 1850 248 1902 tatis.
268 1851 416 1901 Nam
432 1849 585 1913 quod
603 1850 756 1902 facile
773 1857 1027 1916 sanatur,
1043 1867 1161 1906 non
1176 1856 1424 1908 multum
1441 1849 1694 1910 cavetur.

77 1921 297 1974 Differt
320 1921 726 1986 aliquando,ut
741 1928 1516 1992 agnoscaturquantaimpiis
1541 1942 1698 1989 p'Bna

78 1997 468 2059 praeparetur.
510 1994 610 2057 qui
643 2007 703 2046 se
725 1997 932 2048 nolunt
963 2003 1296 2050 convertere
1315 1999 1387 2050 ad
1411 2002 1610 2060 Deum,
1649 2002 1700 2053 si

83 2071 322 2118 tantam
346 2065 742 2119 difﬁcultatem
767 2074 1168 2122 convertentes
1181 2072 1480 2134 patiuntur
1512 2087 1526 2124 :
1550 2074 1699 2126 sicut

77 2137 232 2190 alibi
256 2137 537 2201 scriptum
557 2143 666 2202 est,
685 2139 733 2190 si
742 2141 941 2204 justus
960 2141 1058 2192 vix
1075 2140 1408 2205 salvabitur,
1436 2149 1700 2208 peccator

80 2208 382 2281 etimpius
411 2208 510 2281 ubi
532 2211 817 2274 parebunt
840 2210 909 2275 (1.
934 2212 1076 2262 Pet-r.
1101 2211 1171 2276 4.)
1187 2215 1213 2264 ?
1235 2215 1304 2266 Et
1333 2215 1467 2278 quia
1489 2216 1696 2281 difl‘ert,

81 2279 225 2331 ideo
254 2279 346 2344 adj
355 2280 547 2343 ungit:

155 2348 210 2404 5.
242 2351 568 2412 Convertere,
595 2352 842 2418 Domine,
876 2358 922 2403 et
940 2355 1083 2419 eripe
1098 2355 1346 2405 animam
1367 2371 1546 2407 meam
1562 2371 1574 2406 :
1590 2357 1699 2407 sat-

85 2437 228 2472 vum
243 2437 326 2471 me
347 2422 434 2485 fac
446 2429 667 2488 propter
689 2425 1122 2475 misericordiam
1151 2432 1322 2478 tuam.
1346 2428 1698 2481 Convertens

89 2509 160 2547 se
204 2495 318 2558 (Ex
349 2495 696 2560 Augustino),
743 2501 868 2548 orat
900 2502 964 2548 ut
987 2497 1060 2549 ad
1085 2511 1213 2550 eum
1243 2506 1611 2554 convertatur
1642 2505 1700 2552 et

87 2570 257 2620 Deus
284 2585 294 2615 :
321 2567 470 2618 sicut
495 2567 615 2632 ipse
645 2568 939 2632 promittit,
971 2570 1378 2622 Convertimini
1401 2573 1472 2623 ad
1496 2585 1610 2634 me,
1641 2577 1699 2624 et

89 2652 204 2704 ego
231 2643 490 2691 revertar
513 2638 586 2690 ad
612 2651 716 2691 vos
763 2641 1018 2699 (Zachar.
1049 2641 1144 2704 1.).
1187 2643 1295 2693 Sed
1321 2642 1466 2696 forte
1488 2643 1695 2696 melius

88 2709 536 2774 intelligendum
553 2715 662 2774 est,
683 2717 1035 2776 convertere,
1051 2713 1308 2779 Domine,
1329 2715 1498 2779 idest,
1526 2718 1603 2764 fac
1618 2731 1696 2764 me

89 2783 376 2835 converti.
401 2782 584 2835 Sentit
606 2785 761 2834 enim
784 2785 845 2834 in
867 2783 991 2848 ipsa
1021 2797 1126 2836 sua
1150 2787 1526 2839 conversione
1547 2787 1696 2838 diffl-

91 2853 391 2906 cultatem.
431 2855 575 2905 Nam
611 2853 859 2916 perfecta
880 2861 1079 2908 nostra
1101 2858 1400 2910 conversio
1434 2864 1697 2922 paratum

92 2937 328 2990 semper
349 2925 572 2977 invenit
604 2926 804 2989 Deum,
841 2926 992 2978 sicut
1029 2928 1308 2992 propheta
1340 2929 1486 2982 Osee
1510 2930 1646 2981 dicit
1681 2943 1695 2980 :

96 2996 282 3060 Quasi
301 2996 574 3048 dilculum
587 3003 938 3062 praeparatus
953 3003 1044 3050 est
1069 3008 1086 3028 ι
1111 3013 1382 3064 egressus
1405 3003 1531 3066 ejus
1555 3002 1700 3064 {Osee

95 3069 208 3135 6.):
237 3069 507 3132 quoniam
530 3073 594 3121 ut
616 3082 751 3121 eum
772 3071 1184 3132 amitteremus,
1198 3086 1315 3124 non
1339 3073 1464 3137 ejus
1487 3074 1697 3135 absen-

95 3142 201 3206 tia,
237 3141 336 3206 qui
359 3142 574 3205 ubique
611 3145 720 3202 est,
757 3143 861 3194 sed
887 3147 1086 3196 nostra
1122 3143 1254 3196 fecit
1275 3145 1514 3197 aversio.
1551 3147 1698 3196 Dum

96 3220 302 3266 autem
330 3226 438 3266 nos
463 3214 867 3278 convertimur,
881 3215 1204 3279 idest,dum
1221 3218 1538 3269 mutatione
1551 3223 1698 3270 vete-

1789 937 1930 1006 tem,
1957 934 2014 984 id
2039 939 2144 1001 est,
2175 940 2516 992 morientem
2533 943 2745 1006 excipit
2760 947 2816 994 et
2835 941 3097 994 involvit.
3117 934 3388 994 Sicutnon

1791 1005 2178 1068 probaverunt
2219 1011 2399 1062 Deum
2436 1005 2677 1076 (inquit),
2701 1014 2910 1066 habere
2946 1014 3008 1066 in
3045 1014 3264 1076 notitia,
3293 1015 3394 1067 de-

1793 1075 1879 1128 dit
1913 1076 2042 1128 illos
2087 1078 2147 1130 in
2193 1083 2500 1146 reprobum
2540 1075 2787 1136 sensum
2835 1087 3008 1148 (Rom.
3051 1083 3126 1146 1.)
3143 1075 3394 1138 Ab’ista

1793 1151 1976 1199 morte
1999 1152 2057 1221 et
2081 1150 2154 1201 ab
2177 1151 2289 1204 isto
2313 1153 2536 1206 inferno
2553 1159 2738 1206 tutam
2763 1167 2826 1208 se
2851 1155 2971 1206 fieri
2995 1155 3187 1206 anima
3203 1155 3394 1221 depre-

1800 1223 1989 1294 catur,
2004 1219 2147 1294 dum
2172 1223 2406 1277 molitur
2428 1226 2962 1288 conversionem‘ad
2987 1227 3191 1290 Deum,
3217 1219 3396 1294 et‘pa-

1795 1291 1936 1342 titur
1959 1291 2376 1347 difﬁcultatem.

1861 1361 1911 1415 7.
1940 1364 2290 1430 QuaprOpter
2336 1368 2442 1429 (Eae
2485 1369 2816 1433 Augustino)
2859 1368 3118 1421 contexit
3153 1367 3389 1421 dicens:

1794 1432 2060 1505 Laboravi
2094 1435 2154 1484 in
2176 1439 2378 1500 gemitu
2399 1454 2536 1492 meo.
2571 1432 2640 1492 Et
2657 1445 2932 1504 tanquam
2947 1452 3152 1505 parum
3167 1439 3394 1504 profue-

1797 1503 1883 1563 rit,
1934 1505 2095 1563 addit
2139 1511 2194 1558 et
2239 1509 2392 1562 dicit.
2433 1511 2642 1562 Lavabo
2679 1503 2794 1576 peri
2816 1503 3070 1576 singulas
3096 1503 3270 1562 noctes
3292 1511 3392 1562 lec-

1797 1579 1913 1656 tum
1939 1590 2134 1656 meum.
2159 1581 2370 1656 Lectus
2405 1587 2496 1634 est
2527 1583 2636 1634 hoc
2667 1583 2792 1656 loco
2816 1583 3154 1656 appellatus,
3179 1583 3280 1656 ubi
3302 1595 3393 1636 re-

1799 1648 2044 1718 quiescit
2088 1651 2316 1704 animus
2368 1665 2523 1718 aeger
2567 1656 2625 1706 et
2660 1653 3034 1714 inﬂrmus,_id
3069 1655 3172 1715 est,
3199 1653 3262 1704 in
3284 1665 3391 1706 vo-

1796 1716 2014 1781 luptate
2061 1723 2311 1786 corporis
2357 1716 2830 1777 et'delectatione
2877 1723 3156 1776 saeculari.
3207 1727 3391 1786 Quam

1797 1788 2238 1860 delectationem
2270 1793 2541 1859 lacrymis
2574 1795 2750 1859 lavat,
2777 1796 2876 1860 qui
2900 1808 3026 1847 sese
3055 1799 3297 1846 conatur
3319 1797 3392 1847 ab

1720 1871 1774 1945 B
1797 1858 1892 1912 illa
1917 1864 2236 1945 extrahere.
2263 1858 2433 1945 Videt
2455 1868 2609 1918 enim
2629 1858 2752 1945 jam
2775 1858 3046 1945 damnare
3063 1879 3125 1945 se
3135 1865 3394 1945 carnales

1798 1934 2308 1998 concupiscentias,
2336 1942 2394 1990 et
2420 1943 2632 1990 tamem
2657 1939 3034 1990 delectatione
3061 1941 3285 1989 tenetur
3307 1937 3394 1988 in—

1796 2003 2057 2068 ﬁrmitas,
2083 2009 2141 2059 et
2163 2007 2223 2059 in
2249 2021 2317 2060 ea
2353 2009 2598 2062 libenter
2627 2011 2818 2074 jacet:
2846 2009 3002 2061 unde
3027 2021 3259 2074 surgere
3283 2009 3395 2060 nisi

1799 2081 2037 2129 sanatus
2071 2079 2319 2145 animus,
2355 2094 2471 2132 non
2505 2086 2710 2146 potest.
2747 2081 2911 2144 Quod
2930 2081 3126 2132 autem
3169 2081 3268 2143 ait,
3293 2080 3396 2128 Per

1795 2147 2042 2211 singulas
2087 2157 2299 2202 noctes:
2351 2151 2460 2204 hoc
2509 2153 2752 2205 fortasse
2799 2152 2978 2216 accipi
3012 2151 3214 2212 voluit,
3240 2149 3394 2214 quod

1795 2218 1889 2270 ille
1913 2221 2010 2282 qui
2024 2221 2226 2285 spiritu
2237 2227 2536 2286 promptus
2562 2225 2737 2276 sentit
2761 2223 3012 2286 aliquam
3035 2221 3223 2273 lucem
3245 2221 3394 2274 veri-

1797 2290 1950 2354 tatis,
1977 2297 2034 2344 et
2060 2295 2252 2344 tamen
2276 2295 2336 2344 in
2359 2293 2736 2346 delectatione
2750 2295 2924 2358 hujus
2942 2293 3140 2346 saeculi
3165 2304 3394 2356 percar-

1794 2361 2290 2416 nisintlrmitatem
2313 2364 2621 2428 aliquando
2631 2365 2956 2429 requiescit,
2981 2369 3256 2427 tanquam
3269 2362 3391 2414 dies

1795 2436 1854 2484 et
1877 2438 2078 2485 noctes
2095 2435 2312 2488 alterno
2337 2437 2546 2489 affectu
2572 2437 2797 2502 cogitur
2821 2436 2956 2500 pati,
2983 2441 3050 2488 ut
3073 2447 3208 2486 cum
3232 2433 3388 2494 dicit,
3469 2493 3478 2499 1

1797 2505 1980 2556 Mente
2006 2506 2192 2558 servio
2207 2507 2316 2572 legi
2356 2509 2458 2560 Dei
2481 2508 2757 2573 (Rom.7.),
2782 2513 3060 2570 tanquam
3082 2506 3235 2558 diem
3259 2518 3392 2557 sen-

1795 2575 1900 2627 tiat
1926 2590 1939 2626 :
1967 2590 2167 2628 rursus
2213 2591 2346 2630 cum
2392 2579 2530 2632 dicit
2555 2597 2566 2630 ε
2596 2581 2776 2632 Carne
2799 2585 2994 2631 autem
3019 2577 3130 2642 legi
3153 2575 3391 2640 peccati,

1794 2647 2099 2700 inclinetur
2123 2649 2183 2701 in
2208 2655 2455 2713 noctem,
2483 2652 2665 2704 donec
2693 2652 2880 2704 omnis
2901 2663 3019 2702 nox
3046 2655 3320 2710 transeat,
3343 2655 3392 2698 et

1795 2720 1992 2772 veniat
2015 2733 2170 2772 unus
2195 2722 2319 2774 dies
2345 2723 2416 2775 de
2441 2735 2556 2786 quo
2581 2723 2790 2775 dicitur
2812 2741 2823 2772 :
2849 2723 3015 2774 Mane
3041 2721 3282 2773 abstabo
3301 2721 3390 2785 tibi

1793 2797 1850 2842 et
1873 2791 2081 2845 videbo
2108 2793 2274 2856 (Psal.
2313 2793 2402 2857 5.).
2431 2795 2592 2847 Tunc
2624 2795 2780 2847 enim
2817 2793 3088 2854 adstabit,
3111 2803 3266 2843 nunc
3289 2802 3394 2842 au-

1795 2867 1914 2916 tem
1935 2865 2106 2928 jacet,
2153 2866 2386 2928 quando
2418 2865 2477 2917 in
2502 2867 2649 2918 lecto
2687 2871 2777 2918 est
2804 2881 2817 2918 :
2852 2877 3026 2929 quem
3048 2863 3266 2916 lavabit
3289 2874 3393 2926 per

1796 2937 2054 3000 singulas
2067 2940 2282 2996 noctes,
2297 2941 2362 2988 ut
2373 2938 2547 2989 tantis
2559 2938 2825 3003 lacrymis
2841 2937 3106 3000 impetret
3119 2933 3392 2985 efﬁcacis-

1797 3009 2004 3058 simam
2031 3017 2048 3037 ε
2094 3008 2196 3060 Dei
2241 3009 2648 3061 misericordiae
2695 3008 3070 3073 disciplinam.
3105 3003 3389 3069 Lacrymis

1795 3081 1926 3128 meis
1943 3084 2174 3129 stratum
2217 3095 2397 3128 meum
2419 3081 2627 3145 rigabo.
2655 3081 2776 3131 Hoc
2799 3078 3111 3143 accipimus
3133 3079 3384 3138 stratum,

1799 3150 1954 3214 quod
1999 3151 2263 3214 superius
2289 3151 2494 3202 lectum.
2523 3149 2636 3219 3o
2666 3151 2777 3202 Sed
2819 3151 3003 3215 rigare
3035 3147 3392 3219 ampliusest

1799 3235 1974 3286 quam
2000 3222 2189 3275 lavare
2213 3235 2226 3286 ;
2257 3217 2746 3288 quoniam'potest
2768 3221 2983 3286 aliquid
3004 3221 3065 3272 in
3091 3217 3391 3288 superficie

97 3287 186 3338 ris
213 3286 348 3369 vitae
389 3285 412 3314 ’³
434 3285 831 3369 resculpimur,
870 3287 1134 3369 spiritum
1177 3293 1442 3369 nostrum
1466 3289 1696 3369 _durum
1723 3297 1772 3369 (ς
1799 3285 1978 3348 lavari
2006 3313 2019 3353 ;
2046 3294 2249 3358 rigatio
2275 3285 2409 3346 itero
2456 3295 2530 3346 ad
2556 3285 2849 3347 interoria
2871 3293 3206 3369 permanat:
3236 3287 3392 3352 quod

99 3357 389 3410 sentimus
409 3359 466 3408 et
487 3357 857 3420 laboriosum,
881 3371 916 3410 a
942 3362 1296 3410 terrenarum
1317 3360 1697 3424 cupiditatum

97 3429 344 3494 caligine
368 3429 441 3480 ad
467 3429 830 3482 serenitatem
865 3429 1079 3482 divina:
1108 3431 1252 3482 lucis
1277 3432 1610 3496 retorqueri.
1635 3435 1704 3484 Et

97 3504 164 3554 in
187 3500 288 3554 tali
309 3500 642 3552 difﬁcultate
657 3501 902 3552 dicimus
931 3502 1258 3568 Convertere,
1285 3505 1514 3553 Domi-ne
1536 3503 1701 3567 idest,

99 3573 314 3638 adjuva
336 3585 462 3637 nos,
488 3577 553 3624 ut
564 3573 964 3638 perﬁciaturin
981 3573 1150 3625 nobis
1163 3575 1483 3636 conversio,
1506 3588 1638 3638 quae
1659 3581 1706 3624 te

103 3649 371 3712 paratum
386 3645 625 3706 invenit,
644 3647 703 3697 et
725 3644 1037 3697 fruendum
1057 3650 1114 3698 te
1139 3648 1357 3710 praebet
1381 3649 1704 3696 dilectoribus

99 3718 240 3770 tuis.
257 3713 897 3785 Etide029postquam
909 3717 1074 3782 dixit,
1089 3718 1418 3778 Convertere,
1442 3719 1672 3768 Domine
1689 3733 1702 3769 :

99 3789 341 3853 addidit,
367 3789 434 3838 Et
455 3789 597 3852 eripe
613 3789 862 3838 animam
879 3803 1057 3839 meam
1079 3805 1092 3841 :
1117 3795 1396 3854 tanquam
1415 3790 1706 3842 inhaeren-

103 3864 226 3914 tem
237 3861 697 3925 perplexionibus
709 3861 884 3926 hujus
899 3861 1116 3924 saeculi,
1133 3867 1192 3914 et
1209 3863 1405 3927 spinas
1421 3863 1704 3926 quasdam

103 3933 539 3995 dilacerantium
557 3933 968 3985 desideriorum
985 3933 1045 3985 in
1067 3933 1193 3998 ipsa
1212 3935 1585 3986 conversione
1609 3946 1703 3998 pa-

109 4007 362 4058 tientem.
383 4004 608 4056 Salvum
621 4019 704 4054 me
715 4006 802 4069 fac
817 4005 1036 4069 (inquit)
1043 4010 1264 4070 propter
1272 4005 1704 4055 misericordiam

109 4086 284 4128 tuam.
322 4077 724 4140 Intelligitnon
763 4090 1001 4129 suorum
1016 4077 1353 4128 meritorum
1377 4089 1526 4142 esse,
1549 4075 1705 4140 quod

108 4153 370 4204 sanatur:
405 4149 636 4212 quando
681 4149 914 4213 quidem
951 4148 1210 4214 peccanti
1247 4153 1304 4200 et
1333 4148 1532 4200 datum
1555 4161 1706 4212 prae-

108 4227 339 4288 ceptum
363 4221 752 4286 praetereunti,
761 4221 921 4286 justa
931 4219 1222 4272 damnatio
1233 4220 1564 4274 debebatur.
1579 4226 1707 4271 Sana

107 4309 226 4360 me,
253 4293 435 4358 inquit
459 4307 619 4358 ergo:
650 4307 768 4346 non
802 4297 1032 4359 propter
1054 4307 1251 4346 meum
1284 4295 1577 4357 meritum,
1603 4293 1706 4347 sed

109 4372 338 4436 propter
355 4366 809 4418 misericordiam
835 4371 991 4418 tuam
1003 4403 1016 4420 .

177 4440 510 4500 6.Qu-oniam
534 4455 648 4489 non
673 4445 745 4490 est
768 4440 826 4489 in
856 4445 1024 4488 morte
1047 4439 1144 4503 qui
1175 4454 1382 4489 memor
1394 4439 1461 4489 sit
1478 4440 1577 4490 tui.
1613 4441 1708 4491 In-

110 4511 313 4574 telligit
348 4523 578 4574 quoque
611 4511 718 4570 (Εω
747 4511 1068 4576 Augustino)
1108 4523 1263 4562 nunc
1307 4524 1437 4562 esse
1477 4513 1706 4575 tempus

112 4583 529 4636 conversionis:
551 4583 826 4646 quoniam
852 4595 983 4634 cum
1001 4583 1117 4634 vita
1141 4583 1253 4634 ista
1271 4582 1574 4646 transierit,
1589 4595 1707 4634 non

111 4659 287 4709 restat
329 4655 442 4706 nisi
465 4655 764 4708 retributio
788 4655 1140 4708 meritorum.
1168 4655 1233 4704 In
1268 4655 1485 4718 inferno
1525 4661 1706 4704 autem

113 4728 238 4793 quis
255 4742 344 4776 con
351 4727 588 4790 ﬁtebitur
607 4726 702 4777 tibi
720 4731 743 4776 ?
767 4727 1078 4779 Confessus
1095 4731 1184 4778 est
1199 4731 1391 4778 tamen
1405 4727 1462 4778 in
1488 4727 1708 4778 inferno

113 4801 276 4853 dives
298 4799 408 4864 ille,
437 4799 507 4852 de
534 4812 650 4864 quo
683 4799 965 4852 Dominus
991 4799 1129 4852 dicit
1163 4801 1308 4862 (Luc.
1345 4799 1450 4864 16.)
1477 4799 1574 4862 qui
1603 4801 1710 4852 La-

113 4884 308 4924 zarum
332 4870 477 4923 vidit
501 4871 560 4922 in
586 4871 798 4935 requie,
829 4883 892 4924 se
915 4876 1107 4924 autem
1140 4871 1201 4922 in
1225 4871 1526 4923 tormentis
1551 4870 1709 4922 dole-

115 4946 232 5003 bat,
256 4955 440 5006 usque
473 4943 616 4995 adeo
664 4943 986 5006 confessus,
1012 4948 1079 4994 ut
1125 4943 1300 4995 etiam
1323 4944 1543 4995 moneri
1570 4955 1708 4994 suos

115 5014 304 5075 vellet,
335 5017 399 5066 ut
416 5027 487 5086 se
509 5027 545 5086 a
582 5014 828 5086 peccatis
863 5014 1212 5086 cohiberent.
1255 5021 1482 5086 propter
1507 5026 1709 5086 pcenas

117 5098 262 5152 quas
286 5085 436 5150 apud
460 5085 671 5138 inferos
697 5084 824 5137 esse
847 5097 964 5136 non
989 5085 1230 5138 credunt
1259 5085 1504 5150 (August.
1532 5084 1712 5137 credi-

119 5155 753 5222 tur.],Quidestergo,In
776 5157 994 5221 infer-no
1019 5162 1201 5207 autem
1235 5157 1356 5222 quis
1379 5157 1712 5222 conﬁtebitur

183 5283 202 5304 ι
225 5273 528 5337 Vulgatam
550 5275 756 5326 Noster
771 5273 1208 5339 Augustinianaa
1223 5273 1450 5326 lectioni
1465 5273 1708 5338 praefert,

117 5358 249 5412 qua)
271 5347 441 5398 habet
464 5347 802 5396 inveniemus
824 5363 964 5407 eum,
983 5348 1154 5410 juxta
1178 5347 1421 5398 Grecum
1444 5343 1710 5412 εὑρήσομεν

115 5415 280 5472 adiuv.
301 5419 413 5470 Nec
441 5418 583 5470 satis
607 5419 870 5482 attendit,
899 5418 1224 5471 subnexam
1249 5419 1712 5483 explanationem

115 5503 246 5542 cum
270 5489 512 5542 lectione
535 5490 630 5542 illa
657 5503 762 5541 sua
787 5490 982 5542 minus
1007 5491 1336 5544 convenire.

179 5561 200 5591 ¹³
223 5561 566 5613 Concinnius
579 5565 636 5615 et
650 5562 843 5615 verius
855 5563 1006 5627 apud
1031 5563 1333 5630 Augutin.,
1359 5561 1713 5627 reseutpimus

115 5634 364 5700 spiritum
388 5639 656 5694 nostrum,
673 5636 897 5696 durum,
913 5639 1016 5687 etc.
1037 5650 1048 5687 :
1062 5648 1200 5688 mox
1215 5635 1528 5688 econtrario
1542 5637 1714 5684 minus

121 5705 271 5773 apud
293 5719 425 5758 eum
448 5708 614 5766 recte,
633 5706 957 5770 praebentum
975 5720 1076 5772 pro
1105 5708 1310 5772 praebet.
1337 5708 1522 5770 Pergit
1546 5719 1712 5772 porro

125 5779 323 5831 Noster
346 5778 520 5830 etiam
546 5778 876 5842 insequenti
900 5779 1182 5832 versiculo
1232 5779 1712 5844 Augustinianam

125 5851 537 5905 enarrationem
563 5851 804 5918 carptim
828 5851 889 5904 in
913 5864 1018 5904 sua
1035 5851 1352 5904 transferre.
1367 5852 1607 5916 Reliqua
1621 5863 1715 5903 ex-

124 5922 516 6049 iiidertigtidem
537 5922 716 5978 ferme
751 5923 942 5980 verbis
979 5923 1052 5977 ad
1075 5923 1251 5978 ﬁnem
1299 5936 1484 5990 usque
1507 5921 1714 5989 psalmi

169 6008 257 6049 esc
343 6009 364 6048 1
392 6031 407 6049 .

169 5994 407 6050 escribit.

1802 3367 2087 3431 signiﬁcat
2111 3368 2312 3418 fletum
2338 3378 2524 3428 usque
2537 3365 3034 3418 adcordisintima.
3052 3364 3396 3426 Temporum

1803 3451 1938 3491 vero
1963 3439 2213 3491 varietas
2225 3437 2380 3502 quod
2396 3439 2750 3503 praeteritum
2779 3437 2988 3502 posuit,
3009 3447 3143 3487 cum
3165 3433 3396 3492 diceret,

1804 3509 2068 3560 Laboravi
2094 3510 2156 3560 in
2179 3511 2382 3572 gemitu
2417 3525 2532 3559 meo
2559 3526 2574 3559 :
2600 3515 2658 3562 et
2695 3510 2966 3572 futurum,
2994 3519 3128 3558 cum
3166 3505 3396 3564 diceret,

1803 3581 2062 3646 taerymis
2084 3583 2216 3631 meis
2237 3586 2468 3632 stratum
2503 3596 2684 3631 meum
2715 3581 2904 3646 rigabo
2931 3595 2944 3630 :
2969 3577 3120 3643 iillud
3145 3573 3400 3628 ostendit

1804 3653 1943 3716 quid
1971 3653 2081 3704 sibi
2127 3653 2314 3705 dicere
2361 3653 2589 3716 debeat,
2637 3666 2770 3704 cum
2819 3652 3065 3716 quisque
3095 3649 3155 3700 in
3179 3646 3398 3712 gemitu

1804 3725 2018 3777 frustra
2042 3723 2387 3776 laboraverit
2415 3741 2429 3774 :
2455 3729 2734 3789 tanquam
2760 3725 2990 3786 diceret,
3016 3723 3144 3774 Non
3168 3717 3397 3785 profuit,

1804 3808 1936 3848 cum
1961 3796 2070 3846 hoc
2094 3795 2217 3856 feci,
2245 3795 2336 3847 vel
2361 3809 2497 3859 ergo
2521 3795 2660 3848 illud
2684 3795 2908 3847 faciam.

1865 3867 1922 3921 8.
1951 3867 2114 3918 Unde
2148 3870 2206 3918 et
2241 3867 2529 3930 sequitur:
2565 3867 2828 3916 Turbatus
2851 3869 2924 3914 est
2945 3879 2979 3912 a
3002 3863 3191 3925 furore
3213 3859 3399 3910 oculus

1801 3953 1968 3987 meus.
1995 3939 2196 3989 Utrum
2231 3950 2337 3989 suo
2370 3937 2560 3989 furore
2599 3938 2704 4002 (Eae
2737 3933 3059 4000 Augustino)
3089 3944 3165 3983 an
3191 3931 3314 3992 Dei,
3337 3931 3398 3981 in

1806 4022 1920 4074 quo
1947 4011 2088 4074 petit
2110 4022 2180 4060 ne
2203 4014 2545 4073 argueretur
2565 4012 2587 4056 ?
2624 4008 2734 4061 Sed
2769 4008 2818 4058 si
2854 4007 3008 4058 furor
3027 4003 3120 4055 ille
3139 4001 3296 4074 diem
3313 4002 3403 4074 ju-

1805 4072 2592 4144 dicii_signitlcat,iquomodo
2615 4091 2771 4131 nunc
2805 4078 2999 4142 potest
3016 4072 3296 4138 intelligi?
3311 4073 3402 4124 An

1803 4153 2090 4206 inchoatio
2113 4153 2242 4217 ejus
2266 4158 2371 4213 est,
2399 4152 2554 4216 quod
2577 4152 2670 4202 hic
2688 4149 2952 4204 homines
2975 4147 3199 4217 dolores
3215 4147 3272 4198 et
3288 4149 3403 4217 tor-

1804 4230 2002 4280 menta
2015 4215 2325 4291 patiuntur,
2343 4229 2400 4277 et
2413 4215 2670 4276 maxime
2685 4223 2964 4274 damnum
2979 4219 3001 4250 ⁸
3015 4215 3402 4291 intelligenda:

1807 4287 2062 4352 veritatis
2083 4317 2094 4347 :
2113 4297 2263 4350 sicut
2272 4297 2392 4360 jam
2407 4294 2876 4358 commemoravi,
2888 4291 3041 4356 quod
3057 4287 3400 4360 dictumest,

1807 4371 1974 4423 Dedit
2010 4370 2138 4421 illos
2166 4359 2323 4436 Deus
2355 4369 2414 4421 in
2453 4369 2761 4436 reprobum
2806 4376 3044 4436 sensum
3075 4359 3404 4436 (Romgy)?

1805 4422 1952 4486 Nam
1986 4445 2056 4484 ea
2077 4437 2166 4484 est
2187 4432 2418 4486 caecitas
2439 4422 2671 4484 mentis.
2695 4433 2762 4482 In
2789 4441 2918 4481 eam
2943 4422 3206 4491 quisquis
3228 4422 3402 4474 datus

1805 4505 1992 4565 fuerit,
2011 4505 2084 4556 ab
2099 4503 2352 4556 interiori
2369 4503 2473 4556 Dei
2493 4503 2623 4554 luce
2653 4499 2968 4553 secluditur
2992 4512 3005 4548 :
3023 4495 3125 4547 sed
3141 4492 3403 4546 nondum

1807 4578 2036 4642 penitus
2069 4589 2201 4627 cum
2243 4575 2304 4626 in
2341 4575 2450 4626 hac
2484 4574 2604 4626 vita
2644 4576 2752 4625 est.
2791 4573 2936 4622 Sunt
2968 4567 3123 4642 enim
3152 4565 3402 4642 tenebrae

1808 4636 2121 4702 exteriores
2141 4647 2350 4711 (Matth.
2376 4646 2425 4701 8.
2446 4652 2493 4694 et
2521 4644 2648 4710 ‘22.),
2675 4655 2808 4708 quae
2835 4641 3022 4706 magis
3047 4639 3118 4692 ad
3141 4637 3297 4711 diem
3307 4636 3405 4700 ju-

1730 4691 1788 4765 D
1957 4691 2239 4786 pertinere
2262 4691 2660 4783 intelliguntur
2681 4691 2784 4768 ?ut
2796 4691 3024 4786 penitus
3039 4714 3202 4786 extra
3223 4710 3406 4786 Deum

1810 4795 1904 4857 sit,
1936 4777 2220 4858 quisquis,
2245 4791 2383 4843 dum
2407 4777 2636 4855 tempus
2658 4794 2765 4850 est,
2788 4777 2994 4851 corrigi
3017 4782 3204 4858 noluit
3223 4777 3411 4846 :peni-

1809 4855 1904 4917 tus
1929 4855 2126 4917 autem
2148 4877 2277 4916 esse
2295 4867 2459 4916 extra
2473 4865 2674 4922 Deum,
2694 4861 2832 4926 quid
2850 4862 2958 4921 est,
2973 4856 3086 4909 nisi
3101 4855 3161 4908 in
3177 4863 3408 4906 summa

1809 4950 1937 4989 esse
1953 4937 2245 4989 caecitate?
2261 4935 2557 5000 Siquidem
2573 4937 2728 4986 Deus
2743 4931 2966 5006 habitat
2980 4929 3167 5006 lucem
3183 4928 3408 5006 inaeees-

1809 5009 2034 5060 sibilem
2059 5007 2128 5072 (1.
2167 5007 2302 5059 Tim.
2327 4994 2418 5070 6.),
2448 5021 2561 5070 quo
2593 5005 3015 5078 ingrediuntur,
3039 4994 3406 5078 quibus'dicif

1809 5085 1902 5132 tur
1935 5067 2088 5131 Intra
2109 5079 2169 5130 in
2185 5067 2716 5143 gaudium—Domini
2732 5075 2822 5148 tui
2836 5067 3198 5148 (Matth._25.).
3215 5067 3406 5148 Hujus

1809 5164 1943 5216 ergo
1966 5151 2068 5203 irae
2099 5141 2410 5213 inchoatio,
2445 5152 2536 5202 est
2565 5159 2583 5180 ·
2605 5147 2838 5200 caecitas
2883 5141 3116 5204 mentis,
3147 5151 3320 5204 quam
3342 5141 3404 5190 in

1873 5277 1891 5298 °
1913 5267 2019 5319 His
2053 5267 2288 5319 demum
2324 5266 2516 5337 verbis
2548 5263 2771 5337 abludit
2813 5263 2886 5337 ab
2919 5255 3269 5337 Augustino,
3304 5252 3406 5316 qui

1809 5343 1998 5406 habet,
2015 5337 2447 5404 efﬁcacissimam
2471 5336 2534 5385 de
2557 5336 2652 5386 Dei
2667 5331 3042 5406 misericordia
3059 5326 3402 5406 medicinam.

1810 5395 2000 5479 Atque
2044 5395 2116 5464 ea
2159 5409 2318 5462 facile
2351 5407 2694 5472 exemplaris
2728 5399 3154 5479 Augustiniani,
3191 5408 3306 5478 quo
3332 5395 3405 5479 ob

1811 5471 2008 5540 oculos
2031 5484 2240 5536 Noster
2273 5471 2541 5537 habebat,
2566 5479 2734 5530 lectio
2757 5476 2886 5540 fuit,
2912 5485 3029 5526 non
3053 5471 3124 5523 de
3151 5481 3259 5540 suo
3281 5471 3406 5540 ipse

1810 5538 1991 5612 ausus
2024 5562 2130 5610 est.
2169 5553 2330 5616 Quod
2356 5551 2620 5616 sequitur
2650 5538 2890 5602 verbum
2915 5546 3222 5612 permanat,
3235 5538 3405 5616 idem

1809 5609 2092 5685 olimherat
2109 5609 2265 5693 apud
2303 5609 2716 5689 Augustinum,
2758 5609 3210 5693 nunc'_pcrmeat.
3235 5609 3407 5664 Deni-

1811 5717 1920 5769 que
1935 5703 1996 5754 in
2025 5688 2313 5766 pericopes
2343 5688 2521 5769 hujus
2544 5695 2658 5746 tlne
2675 5693 2752 5769 vel
2775 5691 2999 5769 vocula
3018 5688 3306 5769 reticetur.

1875 5775 1895 5804 ⁴
1918 5760 2112 5826 Minus
2135 5760 2286 5824 recte
2305 5767 2458 5834 apud
2475 5765 2804 5830 Augustin,
2830 5760 3206 5838 intelligentiae.
3336 5827 3370 5838 α

1871 5855 1890 5877 ο
1919 5849 2044 5898 Duo
2087 5846 2212 5898 huic
2249 5830 2426 5895 verba
2466 5838 2666 5892 caecitas
2708 5836 2900 5888 mentis
2933 5832 3087 5901 apud
3124 5830 3403 5897 Augusti-

1809 5932 1952 5974 num
1975 5930 2096 5972 non
2115 5916 2416 5972 habentur.
