3900 6388
504 382 608 439 667

505 496 616 548 hac
640 495 760 548 vita
781 494 996 559 patitur
1009 492 1255 558 quisque
1275 496 1553 558 peccator.
1588 492 1821 542 Timens
1838 491 2002 561 itaque
2017 489 2093 546 ju-
2119 490 2175 561 Α

505 567 640 619 dicii
676 567 847 626 diem,
874 566 1091 617 laborat
1118 568 1176 616 et
1200 565 1435 629 plangit,
1460 577 1533 615 ne
1556 563 1628 614 ad
1649 562 1789 614 illud
1814 560 2093 625 perduca-

508 642 613 699 tur,
640 639 807 701 cujus
829 637 1057 687 initium
1078 640 1197 687 tam
1214 636 1599 700 perniciosum
1612 647 1768 685 nunc
1786 632 2097 696 experitur.

509 709 713 760 Etideo
729 721 846 759 non
863 707 1303 758 dicitextinctus
1334 712 1440 769 est,
1470 707 1571 758 sed
1598 705 1840 754 turbatus
1859 710 1929 753 est
1953 719 1985 750 α
2008 702 2102 763 fu-

505 796 623 830 rore
665 780 847 829 oculus
884 794 1051 827 meus.
1081 781 1270 830 Potest
1326 792 1557 843 quoque
1611 778 1819 829 furoris
1865 776 2101 826 nomine

507 853 827 903 immensus
843 852 1020 902 animi
1039 851 1227 902 fervor
1252 851 1514 915 intelligi,
1541 864 1654 914 quo
1680 849 1966 914 pmnitens
1985 848 2104 894 91ὴὶ-

508 923 735 986 metipsi
764 921 907 973 solet
928 922 1113 973 irasci.
1148 923 1307 974 Unde
1331 924 1605 985 scriptum
1632 926 1739 984 est,
1766 918 2101 978 Irascimini,

510 997 565 1045 et
589 993 764 1044 nolite
789 1006 1025 1057 peccare
1051 995 1210 1054 (Psat.
1238 994 1327 1055 4.).
1356 996 1503 1044 Bene
1527 998 1721 1044 autem
1746 1006 1865 1042 non
1884 990 2105 1041 extinc-

510 1071 624 1127 tus,
650 1065 752 1116 sed
775 1066 1041 1116 turbatus
1054 1064 1256 1116 oculus
1276 1066 1484 1116 dicitur
1507 1080 1519 1115 :
1550 1077 1685 1116 nam
1716 1064 1870 1114 furor
1891 1063 1989 1125 qui
2009 1074 2105 1125 per

508 1137 702 1189 odium
727 1136 811 1198 fit,
847 1138 1077 1187 oculum
1108 1137 1319 1188 mentis
1349 1141 1629 1189 excaecat:
1662 1136 1817 1187 furor
1848 1148 1981 1185 vero
2006 1132 2107 1196 qui

509 1208 573 1259 tit
619 1221 719 1272 per
748 1207 932 1259 zelum
972 1221 1092 1259 non
1133 1214 1403 1269 excaecat,
1442 1209 1542 1259 sed
1568 1209 1778 1259 turbat.
1816 1206 1925 1258 Sed
1952 1205 2105 1255 unde

507 1279 699 1331 dolore
715 1279 1070 1343 paenitentiae
1092 1280 1164 1331 ad
1185 1284 1415 1344 tempus
1430 1280 1711 1339 turbatur,
1737 1279 1869 1329 inde
1887 1283 2108 1338 postmo-

509 1351 650 1402 dum
663 1350 1056 1402 consolatione
1072 1352 1271 1413 gratiaa
1289 1351 1495 1403 melius
1512 1350 1843 1401 illustratur.
1863 1352 2106 1399 Conside—

514 1422 654 1473 ratis
678 1426 871 1473 autem
897 1422 1131 1485 reliquis
1158 1422 1330 1484 vitiis,
1364 1422 1659 1473 invenitse
1684 1421 1955 1471 omnibus
1980 1431 2107 1470 esse

512 1493 807 1545 vallatum.
846 1494 981 1553 Quae
1016 1493 1156 1544 vitia
1198 1494 1473 1557 quoniam
1519 1493 1730 1545 veteris
1763 1494 1897 1543 vitae
1952 1494 2105 1551 sunt,

511 1568 569 1616 et
618 1564 826 1615 veteris
873 1563 1139 1626 hominis,
1184 1577 1299 1628 quo
1345 1565 1596 1616 exuendi
1644 1577 1867 1624 sumus,
1917 1566 1981 1613 ut
2020 1562 2107 1611 in-

512 1636 757 1687 duamur
791 1647 943 1686 novo
973 1636 1185 1699 (Ephes.
1226 1636 1294 1699 4.)
1326 1656 1336 1684 :
1365 1640 1515 1687 recte
1541 1635 1783 1687 dicitur:
1812 1633 2107 1683 lnveteravi

511 1708 651 1757 inter
674 1721 856 1756 omnes
896 1707 1146 1755 inimicos
1176 1722 1335 1758 meos.
1374 1707 1479 1758 Vel
1508 1707 1657 1758 inter
1688 1708 1813 1771 ipsa
1838 1706 1993 1767 vitia,
2018 1704 2107 1756 vel

514 1779 662 1830 inter
676 1777 959 1839 homines,
975 1778 1073 1840 qui
1096 1776 1304 1829 nolunt
1319 1778 1390 1829 ad
1420 1781 1603 1829 Deum
1622 1778 1896 1829 converti.
1924 1780 2044 1825 Nam
2068 1783 2114 1825 et

1570 375 1839 433 RUFINO
1869 371 2333 427 PRESBYTERO
2367 373 2748 427 ASCRIPTUS

3705 375 3809 430 668

2204 486 2294 547 sit,
2321 486 2433 538 nisi
2470 486 2566 539 illo
2600 486 2708 547 die,
2751 494 2884 536 cum
2926 482 3232 537 manifesta
3275 484 3487 537 fuerint
3508 485 3809 549 justormn

2202 561 2440 623 praemia
2473 564 2530 611 et
2555 557 2832 622 supplicia
2853 561 3238 620 peccatorum.
3265 560 3409 609 Nam
3432 570 3594 609 nunc
3619 572 3809 623 usque

2199 633 2342 683 adeo
2365 645 2483 683 non
2507 632 2857 683 erubescunt
2878 629 3053 692 impii,
3080 632 3146 679 ut
3180 630 3345 680 nobis
3376 630 3661 683 insultare
3691 645 3808 683 non

2202 703 2488 755 desinant:
2520 708 2577 753 et
2600 701 2916 765 plerunque
2941 704 3165 751 tantum
3199 699 3393 753 valent
3440 702 3809 753 irrisionibus

2204 776 2347 837 suis,
2384 779 2447 825 ut
2480 775 2735 824 infirmos
2780 772 3045 822 homines
3070 772 3139 822 de
3164 772 3366 823 Christi
3411 774 3649 824 nomine
3677 788 3810 825 eru-

2202 849 2434 899 bescere
2466 846 2693 896 faciant.
2714 844 2875 894 Unde
2906 844 3123 893 dictum
3142 849 3248 903 est,
3274 845 3378 903 Qui
3402 858 3493 895 me
3510 846 3813 896 erubuerit

2202 926 2261 971 et
2287 932 2444 969 meos
2491 929 2784 967 sermones
2828 928 3019 965 coram
3066 916 3412 975 hominibus,
3462 917 3625 968 hunc
3656 918 3813 968 ﬁlius

2202 991 2454 1042 hominis
2480 990 2780 1039 erubescet
2810 999 3001 1038 coram
3024 987 3244 1051 angelis
3268 989 3325 1038 et
3348 990 3510 1039 Patre
3541 990 3693 1048 (Luc.
3722 990 3812 1047 9.).

2207 1063 2313 1115 Sed
2363 1061 2555 1113 veniet
2603 1062 2847 1123 tempus,
2896 1064 2961 1109 ut
2989 1059 3067 1109 illi
3112 1061 3473 1121 erubescant,
3505 1061 3813 1124 dicentes;

2205 1136 2277 1186 Ili
2292 1138 2447 1195 sunt,
2473 1146 2618 1194 quos
2635 1131 2940 1193 aliquando
2958 1130 3267 1181 habuimus
3285 1131 3344 1182 in
3360 1131 3644 1194 derisum,
3674 1138 3737 1183 et
3751 1136 3815 1180 in-

2209 1205 2643 1259 similitudinem
2670 1203 3013 1268 improperii.
3044 1204 3159 1253 Nos
3185 1203 3459 1255 insensati
3490 1206 3674 1255 vitam
3704 1204 3816 1255 i110-

2208 1292 2335 1332 rum
2361 1278 2793 1330 :Bstimabamus
2816 1275 3119 1334 insaniam,
3146 1277 3202 1325 et
3219 1275 3389 1327 finem
3419 1276 3542 1327 sine
3568 1276 3813 1327 honore.

2210 1353 2350 1401 Ecce
2368 1347 2659 1413 quomodo
2677 1346 2991 1411 computati
3013 1350 3151 1397 sunt
3169 1350 3334 1397 unter
3360 1346 3513 1398 ﬁlios
3540 1348 3663 1411 Dei,
3684 1357 3735 1396 et
3750 1351 3818 1395 in-

2210 1427 2295 1473 ter
2320 1426 2552 1471 sanctos
2583 1433 2707 1469 sors
2732 1419 2957 1470 illorum
2983 1421 3096 1469 est!
3133 1421 3277 1482 Ergo
3303 1420 3635 1470 erravimus
3665 1433 3704 1470 a
3729 1421 3817 1471 via

2210 1492 2489 1553 veritatis,
2522 1496 2579 1542 et
2620 1490 2865 1554 justitiaa
2910 1490 3108 1541 lumen
3151 1502 3266 1541 non
3299 1489 3447 1541 luxit
3478 1493 3673 1551 nobis,
3710 1496 3817 1542 etc.

2210 1564 2358 1627 (Sap.
2407 1561 2497 1625 5.).
2548 1562 2709 1622 Quod
2766 1567 2959 1612 autem
3002 1562 3096 1623 ait,
3155 1562 3553 1611 Convertuntur
3595 1568 3646 1610 ct
3695 1578 3821 1610 eru-

2210 1635 2437 1691 bescanl,
2474 1634 2605 1695 quis
2629 1645 2743 1683 non
2764 1633 2986 1696 judicet
3009 1645 3133 1683 esse
3146 1633 3530 1696 justissimam
3556 1646 3816 1698 poenam,

2213 1712 2280 1758 ut
2303 1706 2739 1756 conversionem
2776 1704 2847 1755 ad
2885 1704 3277 1755 confusionem
3312 1705 3581 1759 habeant.
3611 1706 3718 1769 qui
3752 1705 3817 1755 ad

2216 1778 2465 1829 salutem
2497 1776 2709 1827 habere
2741 1774 3047 1826 noluerunt
3071 1781 3094 1825 Ρ
3123 1776 3328 1828 deinde
3366 1776 3605 1839 addidit,
3662 1778 3821 1827 Valde

514 1849 576 1929 hii
602 1849 771 1929 etiam
804 1849 848 1898 si
867 1858 881 1875 κ
910 1849 1354 1929 uiuusaaviunt,‘
1366 1850 1539 1929 etiam
1568 1851 1624 1929 si
1650 1850 1908 1929 parcunt,
1940 1848 2112 1929 etiam
2140 1855 2193 1929 B
2216 1850 2475 1929 uelociter.
2514 1849 2656 1929 Cum
2707 1848 2863 1929 enim
2887 1848 3005 1910 jam
3031 1847 3319 1929 desperari
3344 1849 3588 1929 coeperit
3609 1848 3819 1929 jud‘icii

518 1920 567 1972 si
591 1920 805 1972 eisdem
822 1920 1105 1971 conviviis
1125 1925 1183 1971 et
1204 1919 1473 1972 domibus
1498 1926 1555 1973 et
1579 1920 1928 1983 civitatibus,
1956 1918 2112 1969 nulla

515 1991 615 2043 lite
632 1992 988 2055 interposita,
1016 1991 1115 2042 sed
1145 1992 1357 2043 crebris
1383 1993 1679 2056 colloquiis
1710 1993 1875 2055 quasi
1900 2007 2110 2039 concor-

522 2063 671 2114 diter
704 2063 1175 2126 vivunt[August.
1203 2064 1491 2129 utuntur]:
1520 2064 1896 2115 nihilominus
1920 2068 2113 2113 tamen

518 2134 837 2187 intentione
862 2135 1141 2185 contraria
1156 2135 1371 2186 inimici
1394 2141 1531 2187 sunt
1555 2137 1656 2199 eis,
1678 2138 1772 2199 qui
1802 2150 1860 2185 se
1873 2135 1944 2185 ad
1964 2138 2113 2182 Deum

517 2210 879 2258 convertunt.
908 2208 1051 2257 Nom
1073 2219 1204 2257 cum
1229 2207 1322 2257 alii
1345 2212 1540 2258 amant
1564 2211 1914 2271 etappetunt
1938 2207 2114 2257 istum

520 2276 822 2339 mundum,
841 2276 933 2327 alii
960 2290 1021 2328 se
1039 2280 1237 2340 optant
1259 2278 1330 2329 ab
1355 2279 1464 2329 isto
1488 2278 1705 2329 mundo
1731 2279 1955 2329 liberari
1973 2280 2115 2337 :quis

518 2362 636 2401 non
649 2349 843 2400 videat
866 2348 1127 2399 inimicos
1152 2361 1278 2399 esse
1296 2347 1423 2399 illos
1457 2349 1583 2400 istis
1602 2351 1779 2400 ?Nam
1805 2350 1853 2399 si
1877 2349 2115 2413 possint,

518 2433 615 2472 eos
643 2433 841 2471 secum
875 2420 947 2470 ad
974 2433 1175 2484 poenas
1216 2421 1469 2472 trahunt.
1498 2424 1566 2472 Et
1593 2433 1870 2485 magnum
1895 2420 2115 2471 donum

518 2494 608 2544 est
631 2492 779 2543 inter
794 2504 993 2543 eorum
1018 2494 1192 2543 verba
1210 2493 1425 2543 versari
1451 2493 1722 2556 quotidie,
1740 2498 1929 2544 etnon
1953 2504 2115 2542 exce-

518 2564 651 2614 dere
674 2562 963 2613 deitinere
987 2567 1401 2626 praeceptorum
1427 2564 1547 2616 Dei.
1582 2567 1743 2627 Saepe
1768 2564 1919 2615 enim
1948 2575 2113 2613 mens

518 2635 711 2686 nitens
738 2632 825 2700 3|
858 2646 1092 2696 pergere
1129 2634 1202 2684 ad
1240 2635 1440 2698 Deum,
1477 2648 1759 2686 concussa
1784 2635 1843 2685 in
1868 2635 1992 2699 ipso
2022 2634 2116 2685 iti-

520 2718 656 2757 nere
682 2705 939 2767 trepidat,
978 2706 1035 2755 et
1058 2704 1393 2768 plerumque
1418 2711 1714 2769 propterea
1754 2719 1871 2756 non
1915 2706 2117 2769 implet

521 2778 736 2829 bonum
762 2776 1136 2840 propositum,
1154 2788 1227 2827 ne
1250 2777 1495 2827 otl‘endat
1519 2790 1618 2827 eos
1636 2780 1789 2839 (cum
1807 2778 2017 2839 quibus
2036 2778 2114 2827 vi-

520 2849 619 2911 vit)
647 2848 759 2900 alia
777 2849 923 2899 bona
936 2848 1186 2911 peritura
1207 2853 1264 2899 et
1285 2850 1638 2914 transeunda
1655 2850 1955 2912 diligentes
1972 2858 2115 2910 atque

523 2924 830 2972 sectantes.
863 2920 950 2970 Ab
974 2919 1064 2969 his
1099 2924 1401 2983 separatus
1430 2927 1519 2973 est
1544 2922 1730 2972 omnis
1768 2934 1962 2982 sanus,
1997 2934 2115 2973 non

520 2992 680 3051 locis,
717 2990 816 3042 sed
853 2991 1061 3043 animo.
1104 2993 1248 3042 Nam
1293 2991 1433 3043 locis
1466 3006 1701 3056 corpora
1724 2994 2112 3044 continentur.

524 3063 717 3115 animo
744 3068 935 3114 autem
969 3062 1129 3114 locus
1154 3067 1242 3114 est
1264 3064 1485 3115 atl‘ectio
1512 3077 1632 3115 sua.

583 3134 631 3189 9.
660 3136 1014 3199 Quapropter
1062 3135 1164 3198 (Ea:
1212 3135 1533 3198 Augustino)
1583 3140 1714 3200 post
1758 3136 2013 3188 laborem
2063 3140 2123 3188 et

520 3206 783 3269 genitum
815 3211 873 3257 et
898 3206 1108 3256 imbres
1132 3207 1499 3258 creberrimos
1542 3207 1946 3271 lacrymarum,
1986 3208 2121 3270 quia

522 3279 693 3328 inane
716 3289 834 3328 non
868 3281 1058 3340 potest
1082 3289 1229 3339 esse,
1248 3278 1401 3339 quod
1429 3284 1545 3330 tam
1571 3279 1937 3329 vehementer
1960 3292 2123 3341 roga-

525 3351 616 3399 tur
637 3349 711 3398 ab
742 3347 856 3407 illo,
884 3348 1094 3409 quiest
1120 3347 1247 3398 fons
1282 3350 1541 3399 omnium
1566 3349 2114 3401 misericordiarum:

524 3419 939 3481 verissimeque
956 3419 1177 3470 dictum
1202 3425 1306 3483 est,
1333 3432 1506 3483 prope
1523 3426 1612 3471 est
1642 3422 1920 3472 Dominus
1945 3421 2122 3472 obtri-

524 3491 615 3547 tis,
643 3490 734 3542 vel
757 3490 1018 3541 contritis
1048 3491 1217 3541 corde
1237 3491 1380 3554 (lsai.
1414 3490 1498 3544 13.
1518 3498 1564 3540 et
1600 3490 1704 3555 51.)
1733 3510 1748 3541 :
1779 3496 1907 3555 post
1934 3496 2120 3544 tantas

522 3562 889 3614 diﬁlcultates
913 3563 1244 3613 exauditam
1273 3576 1333 3613 se
1363 3564 1692 3615 esseanima
1715 3564 1873 3627 dipsa
1902 3565 2120 3629 signitl-

522 3647 680 3699 cans,
708 3648 885 3698 quam
926 3634 1058 3685 licet
1090 3634 1263 3685 etiam
1296 3636 1603 3687 Ecclesiam
1636 3637 1964 3699 intelligere,
1992 3638 2121 3689 vide

526 3706 665 3769 quid
705 3705 971 3769 adjungit
998 3720 1009 3755 :
1038 3705 1295 3754 Discedite
1318 3722 1353 3754 α
1374 3722 1457 3755 me
1481 3723 1661 3756 omnes
1690 3709 1787 3771 qui
1810 3710 2119 3771 operamini

524 3778 890 3842 iniquitatem,
908 3777 1170 3840 quoniam
1190 3779 1467 3827 exaudivit
1487 3780 1752 3828 Dominus
1776 3795 1945 3829 vocem
1971 3782 2121 3843 ﬂetus

526 3849 649 3898 mei.
678 3848 780 3899 Vel
796 3848 855 3899 in
873 3848 1169 3912 prophetia
1192 3850 1407 3901 dictum
1433 3856 1537 3909 est,
1558 3852 1831 3914 quoniam
1848 3854 2119 3900 discessuri

528 3926 683 3982 sunt,
707 3922 765 3972 id
792 3926 899 3985 est,
927 3924 1343 3985 separabantur
1356 3936 1389 3974 a
1407 3924 1584 3986 justis
1610 3925 1765 3989 impii
1782 3926 1940 3988 cumj
1954 3925 2123 3976 udicii

537 3995 662 4045 dies
685 3995 910 4046 venerit
928 3995 1140 4057 (Matth.
1172 3994 1305 4057 13.):
1336 3996 1422 4047 vel
1438 4010 1612 4059 nunc,
1627 3997 1760 4059 quia
1784 3998 2005 4048 etiamsi
2031 4010 2122 4062 pa-

528 4067 664 4118 riter
693 4071 866 4129 atque
902 4066 1105 4118 iisdem
1152 4068 1570 4119 conventiculis
1620 4068 2000 4130 continentur,
2036 4075 2122 4122 ta-

529 4151 661 4189 men
683 4138 743 4188 in
767 4150 897 4189 area
919 4138 1078 4189 nuda
1096 4139 1215 4201 jam
1232 4152 1408 4201 grana
1437 4146 1698 4204 separata
1722 4147 1860 4192 sunt
1883 4155 1915 4191 a
1942 4143 2120 4205 paleis

530 4210 742 4276 (Matth.
788 4208 881 4273 3),
920 4211 1182 4272 quamvis
1226 4211 1376 4261 inter
1424 4212 1617 4275 paleas
1664 4216 1892 4264 lateant.
1943 4215 2121 4266 Simul

523 4283 721 4344 itaque
767 4281 982 4333 versari
1016 4285 1294 4346 possunt;
1326 4283 1426 4333 sed
1462 4283 1687 4335 simula
1722 4290 1891 4337 vento
1915 4287 2121 4338 auferri

522 4366 643 4405 non
664 4358 926 4417 possunt.

588 4425 675 4479 10.
712 4426 986 4483 Quoniam
1019 4426 1297 4475 eat-audivit
1318 4427 1587 4477 Dominus
1628 4444 1801 4478 vocem
1824 4430 1973 4493 ﬂetus
1998 4431 2118 4481 mei.

529 4498 833 4547 Emaudivit
876 4499 1144 4547 Dominus
1168 4500 1587 4561 deprecationem
1624 4517 1827 4551 meam:
1857 4503 2121 4550 Dominus

527 4571 827 4617 orationem
846 4585 1020 4617 meum
1043 4572 1283 4633 suscepit.
1312 4573 1517 4622 Crebra
1540 4574 1797 4635 ejusdem
1819 4574 2125 4625 sententiae

526 4640 788 4702 repetitio
816 4641 922 4700 (Ea:
966 4641 1309 4705 Augustino),
1354 4656 1470 4694 non
1517 4645 1679 4706 quasi
1716 4645 2001 4695 narrantis
2023 4657 2125 4695 ne-

530 4711 881 4767 cessitatem,
930 4712 1031 4762 sed
1071 4714 1338 4764 affectum
1380 4715 1695 4767 exultantis
1729 4716 1998 4766 ostendit.
2037 4716 2125 4766 Sic

529 4782 683 4834 enim
705 4782 1021 4845 gaudentes
1046 4784 1197 4846 loqui
1220 4786 1422 4849 solent,
1446 4791 1512 4837 ut
1532 4799 1647 4837 non
1671 4787 1754 4838 eis
1782 4788 2027 4837 sufﬁciat
2049 4800 2129 4837 se-

532 4867 627 4905 me
666 4852 988 4917 enunciare,
1016 4857 1169 4918 quod
1195 4858 1467 4921 gaudent.
1495 4861 1609 4908 Iste
1629 4859 1846 4909 fructus
1871 4860 2126 4910 estillius

539 4926 809 4990 gemitus,
852 4927 911 4977 in
934 4940 1047 4990 quo
1079 4929 1371 4980 laboratur
1414 4929 1479 4993 (1.
1517 4932 1635 4980 Cor.
1669 4930 1758 4991 9.),
1786 4935 1842 4980 et
1872 4931 1966 4981 illa
1989 4931 2125 4982 σιω-

532 4999 656 5049 titia
679 4998 1080 5063 lacrymarum,
1108 5002 1318 5065 quibus
1341 5001 1568 5052 lavatur
1598 5001 1779 5051 lectus
1804 5007 1860 5053 et
1886 5005 2125 5053 stratum

532 5070 764 5134 rigatur.
784 5072 1065 5131 Quoniam
1088 5073 1186 5136 qui
1204 5073 1451 5122 seminat
1472 5071 1531 5121 in
1555 5072 1839 5136 lacrymis,
1864 5075 1921 5123 in
1943 5076 2127 5133 gaudio

528 5145 709 5192 metet
734 5142 897 5203 (Psat.
933 5141 1095 5203 1:25.).
1144 5145 1211 5194 Et
1235 5142 1386 5193 beati
1408 5141 1693 5205 lugentes,
1725 5144 1994 5205 quoniam
2017 5144 2126 5209 ipsi

528 5213 985 5264 consolabuntur
1016 5214 1221 5276 (Matth.
1260 5212 1351 5273 5.).

590 5282 676 5337 11.
710 5284 1039 5333 Erubescant
1084 5290 1129 5332 et
1170 5282 1554 5332 conturbentur
1592 5285 1920 5335 vehementer
1947 5303 2127 5337 omnes

529 5355 745 5405 inimici
769 5357 892 5406 mei.
926 5355 1212 5408 Discedite
1237 5368 1269 5405 a
1301 5367 1413 5412 me.
1440 5355 1863 5422 dixitsuperius
1892 5360 1995 5422 (1:11.»
2009 5361 2126 5409 Au-

528 5428 780 5489 gustino),
806 5428 960 5491 quod
993 5427 1167 5478 etiam
1206 5427 1265 5477 in
1302 5426 1409 5477 hac
1432 5428 1568 5490 vita,
1617 5430 1765 5481 sicut
1799 5432 2125 5495 expositum

530 5504 636 5561 est,
673 5500 793 5550 ﬁeri
840 5503 1043 5563 potest.
1094 5498 1256 5557 Quod
1293 5504 1485 5550 autem
1525 5502 1678 5559 dicit,
1728 5502 2055 5551 Erubescant
2081 5510 2125 5551 et

528 5570 935 5634 conturbantur,
952 5582 1071 5621 non
1088 5569 1253 5622 video
1266 5572 1753 5635 quemadmodum
1771 5574 1999 5625 evenire
2018 5588 2127 5633 pos-

593 5723 608 5742 ·
627 5714 995 5765 Emendanda
1019 5728 1092 5766 ex
1117 5715 1224 5767 hac
1250 5715 1475 5767 videtur
1492 5717 1912 5778 Augustiniana
1936 5717 2121 5779 lectio,

534 5789 652 5837 tam
669 5790 838 5837 vetus
864 5788 1192 5850 nesciuntur,
1215 5800 1387 5850 quam
1404 5789 1682 5840 recentior
1697 5790 1937 5839 nesciunt
1956 5792 2127 5838 Noster

534 5856 794 5908 omnium
826 5859 1144 5922 verissime,
1166 5874 1271 5908 non
1298 5862 1541 5924 saeviunt,
1566 5860 1721 5925 legit.

600 5926 620 5955 "
651 5926 825 5981 Paulo
852 5929 1005 5993 apud
1040 5931 1348 5997 Augustin.
1386 5932 1595 5986 rectius
1619 5932 1719 5998 pia
1741 5945 1842 5999 pro
1863 5932 1999 6000 ipsa.

2147 3248 2196 3323 C

2217 1921 2358 1982 dies,
2384 1932 2517 1971 cum
2544 1919 2943 1981 dixerint,Pax
2964 1924 3018 1969 et
3036 1920 3313 1970 securitas
3340 1919 3406 1979 (1.
3442 1919 3683 1970 Thessal.
3712 1918 3783 1980 5.)
3808 1934 3817 1967 :

2214 1999 2350 2045 tunc
2374 1991 2703 2055 repentinus
2726 1990 2808 2041 eis
2835 1991 3195 2054 superveniet
3225 1991 3505 2042 mteritus.
3544 1990 3821 2051 Quando-

2213 2076 2445 2127 cunque
2470 2068 2663 2113 autem
2688 2063 2926 2113 venerit.
2966 2060 3078 2128 32
3107 2062 3398 2113 celerrime
3422 2063 3641 2124 veniet,
3667 2062 3820 2125 quod

2214 2136 2551 2198 desperatur
2576 2146 2704 2184 esse
2734 2138 3061 2185 venturum.
3103 2134 3442 2196 Quanquam
3475 2138 3533 2185 et
3558 2133 3710 2185 illud
3738 2134 3821 2183 hic

2215 2207 2396 2271 accipi
2433 2208 2641 2270 potest,
2668 2209 2731 2256 ut
2767 2205 2788 2233 ει
2834 2217 3006 2267 quam
3051 2210 3396 2268 gementem,
3437 2207 3493 2256 et
3517 2211 3638 2256 tam
3669 2217 3821 2269 saepe

2217 2280 2432 2341 diuque
2458 2278 2692 2328 ﬂentem
2719 2278 2870 2327 Deus
2896 2277 3212 2337 exaudivit,
3236 2277 3587 2339 intelligatur
3609 2278 3823 2325 liberata

2216 2364 2249 2403 a
2274 2350 2543 2413 peccatis,
2572 2354 2628 2399 et
2644 2360 2847 2398 omnes
2866 2361 3165 2411 perversos
3183 2352 3376 2399 motus
3401 2347 3648 2399 carnalis
3662 2348 3826 2398 affec-

2216 2423 2389 2474 tionis
2426 2421 2739 2481 domuisse,
2796 2421 2945 2471 sicut
2975 2421 3142 2471 dicit:
3169 2421 3423 2469 Discedite
3460 2438 3495 2469 a
3528 2436 3610 2469 me
3632 2435 3823 2469 omnes

2216 2494 2634 2559 quiopcramini
2654 2493 3017 2555 iniquitatem,
3040 2494 3303 2556 quoniam
3322 2493 3599 2541 m-audivit
3622 2493 3823 2541 Domi-

2217 2582 2319 2615 nus
2336 2581 2509 2615 vocem
2522 2566 2671 2627 ﬂetus
2689 2565 2809 2613 mei.
2829 2564 2990 2625 Quod
3004 2578 3135 2615 cum
3153 2564 3203 2615 ei
3229 2564 3570 2627 provenerit.
3584 2577 3712 2615 non
3733 2566 3824 2611 mi-

2215 2652 2344 2690 rum
2375 2638 2550 2699 sijam
2568 2637 2647 2688 ita
2672 2636 2915 2699 perfecta
2928 2640 3033 2695 est,
3063 2639 3241 2699 utpro
3268 2636 3512 2687 inimicis
3538 2636 3663 2687 suis
3686 2642 3822 2687 oret.

2214 2711 2405 2760 Potest
2429 2722 2561 2769 ergo
2579 2708 2649 2757 ad
2666 2708 2772 2757 hoc
2803 2708 3099 2769 pertinere,
3125 2707 3277 2769 quod
3299 2707 3458 2765 dixit,
3491 2707 3825 2756 Erubeseant

2212 2787 2261 2831 et
2294 2780 2677 2829 conturbentur
2694 2781 3022 2827 vehementer
3046 2794 3227 2827 omnes
3252 2779 3467 2826 inimici
3496 2779 3599 2827 mei
3634 2794 3645 2828 :
3683 2780 3827 2830 utde

2215 2852 2463 2914 peccatis
2500 2850 2619 2900 suis
2644 2854 2818 2911 agant
2838 2849 3260 2913 paenitentiam:
3284 2850 3437 2912 quod
3464 2850 3587 2900 sine
3621 2851 3828 2901 confu-

2217 2923 2377 2973 sione
2398 2926 2455 2972 et
2475 2921 2909 2972 conturbatione
2928 2922 3046 2971 fleri
3078 2934 3194 2972 non
3219 2927 3426 2985 potest.
3464 2921 3611 2971 Nihil
3627 2922 3828 2983 itaque

2213 2994 2450 3057 impedit
2488 2993 2568 3042 sic
2606 2992 2785 3055 accipi
2823 2996 2879 3042 et
2914 2992 3075 3046 illud.
3102 2992 3254 3055 quod
3279 2993 3559 3055 sequitur,
3590 2994 3823 3041 Conter-

2218 3071 2409 3114 tantur
2432 3071 2475 3112 ct
2502 3062 2828 3123 erubescant,
2858 3062 2914 3113 id
2939 3068 3046 3125 est,
3068 3066 3485 3114 convertantur
3508 3062 3581 3115 ad
3600 3064 3820 3114 Deum:

2221 3140 2277 3187 et
2309 3138 2653 3187 erubescant
2679 3136 2736 3185 in
2760 3135 3045 3199 prioribus
3071 3136 3320 3186 tenebris
3348 3138 3722 3199 peccatorum
3741 3134 3827 3185 ali-

2222 3207 2452 3270 quando
2473 3207 2761 3270 gloriatos.
2792 3207 2938 3258 sicut
2962 3206 3273 3270 Apostolus
3298 3207 3449 3257 dicit.
3478 3209 3663 3268 Quam
3696 3210 3821 3255 enim

2222 3280 2463 3343 gloriam
2482 3279 2766 3329 habuistis
2779 3278 3086 3340 aliquando
3103 3279 3162 3329 in
3185 3278 3274 3328 his
3296 3279 3506 3341 quibus
3531 3290 3692 3328 nunc
3712 3294 3825 3325 eru-

2220 3351 2457 3403 bescitis
2484 3351 2650 3413 (Rom.
2678 3350 2767 3409 6.).
2790 3350 2948 3409 Quod
2974 3355 3165 3400 autem
3194 3349 3432 3409 addidit,
3458 3349 3612 3397 valde
3652 3350 3823 3398 veloci-

2221 3428 2313 3486 ter,
2345 3426 2447 3474 aut
2476 3422 2548 3472 ad
2572 3422 2823 3486 optantis
2854 3422 3140 3481 affectum,
3176 3425 3274 3472 aut
3297 3420 3367 3472 ad
3392 3420 3597 3471 Christi
3625 3428 3824 3485 poten-

2222 3495 2362 3546 tiam
2386 3493 2745 3545 referendum
2769 3494 2881 3544 est:
2910 3505 3084 3554 quam
3116 3496 3336 3556 gentes,
3363 3504 3493 3555 quae
3526 3504 3627 3556 pro
3657 3493 3823 3544 idolis

2223 3566 2345 3617 suis
2362 3565 2856 3629 persequebantur
2878 3563 3208 3626 Ecclesiam,
3238 3564 3305 3615 ad
3335 3563 3628 3629 Evangelii
3652 3564 3821 3617 ﬁdem

2222 3643 2385 3691 tanta
2409 3640 2733 3701 temporum
2759 3637 3049 3688 celeritate
3074 3636 3367 3687 convertit.

2569 3743 2931 3808 TITULUS
2973 3742 3295 3808 PSALMI
3339 3742 3484 3809 VII.

2283 3858 2304 3904 1
2337 3855 2587 3913 Septimus
2607 3852 2954 3912 Psalmus(E.r.
2975 3852 3303 3913 Augustino)
3340 3853 3412 3899 sic
3444 3852 3740 3900 intitulatus
3756 3860 3820 3899 est

2220 3918 2281 3966 In
2298 3920 2457 3979 ﬁnem
2475 3915 2645 3987 psqlm
2658 3915 2945 3987 usDitvid,q
2958 3931 3066 3961 Item
3085 3931 3180 3963 can
3192 3915 3645 3987 tariDominopm
3659 3916 3821 3963 verbis

2226 3978 2511 4041 Cltusiﬁlii
2534 3978 2757 4027 Jemini.
2776 3982 2859 4026 ilic
2875 3980 3116 4025 mittimur
3140 3980 3198 4025 ad
3220 3980 3474 4025 historiam
3497 3978 3640 4025 illam
3664 3982 3715 4025 in
3740 3983 3820 4027 ile-

2221 4058 2337 4103 gum
2367 4045 2494 4090 libro
2510 4044 2727 4089 secundo
2760 4058 2769 4089 ε
2805 4044 2888 4088 ubi
2913 4042 3061 4089 Chusi
3088 4042 3280 4089 amicus
3317 4042 3466 4088 David
3495 4043 3730 4088 transivit
3755 4045 3824 4088 in-

2222 4112 2384 4166 partes
2407 4107 2635 4153 Ahsalom
2658 4105 2746 4151 ﬁlii
2766 4107 2891 4162 ejus,
2920 4104 2979 4151 ad
2997 4105 3300 4163 exploranda
3317 4105 3526 4151 consilia
3557 4111 3603 4150 et
3633 4118 3821 4152 renun-

2222 4171 2544 4227 cianda,qu:n
2569 4170 2805 4214 adversus
2836 4174 3017 4226 patrem
3040 4169 3123 4213 ille
3142 4169 3435 4213 moliebatur
3448 4174 3650 4213 auctore
3678 4166 3821 4215 Achi-

2224 4233 2455 4291 tofel,qui
2480 4233 2715 4277 defecerat
2734 4233 2794 4277 ab
2820 4231 3039 4277 amicitia
3052 4232 3223 4288 David,
3255 4236 3299 4277 et
3316 4231 3476 4276 ﬁlium
3501 4233 3612 4288 ejus
3641 4232 3822 4277 adver-

2222 4310 2309 4342 sus
2336 4302 2538 4353 patrem,
2567 4294 2813 4355 consiliis,
2841 4294 3026 4351 quibus
3056 4299 3234 4352 posset,
3266 4294 3554 4339 instruebat.
3587 4295 3823 4351 Spiritua-

2222 4359 2335 4404 liter
2360 4358 2502 4403 nobis
2525 4358 2677 4401 Chusi
2714 4357 3065 4414 interpretatur
3096 4356 3370 4402 silentium
3395 4367 3408 4413 ;
3433 4357 3619 4402 Jemini
3659 4364 3821 4403 autem

2221 4420 2431 4478 dextra,
2447 4419 2687 4465 At‘hitofel
2703 4417 2897 4477 fratris
2908 4434 2972 4464 ru
2984 4418 3077 4465 ina
3096 4438 3105 4466 :
3120 4422 3207 4465 Per
3219 4419 3368 4464 (Thusi
3380 4420 3528 4477 ,quod
3545 4417 3823 4464 silentium

2224 4484 2597 4541 interpretatur,
2627 4487 2752 4527 recte
2769 4483 3026 4541 accipitur,
3053 4484 3292 4528 adversus
3314 4483 3426 4527 illos
3452 4482 3593 4527 dolos
3618 4483 3823 4527 silentio

2224 4548 2489 4593 Dominum
2525 4550 2747 4591 nostrum
2786 4546 3066 4603 dimicasse,
3099 4560 3199 4602 quo
3231 4545 3431 4591 silentio
3457 4551 3820 4590 sacramentum

2228 4609 2532 4655 vent-rabilis
2550 4608 3643 4667 passionisoceultans,voltintariuni,ruinatn
3662 4607 3824 4653 fratris

2145 4676 2203 4745 D
2231 4672 2278 4717 id
2306 4677 2394 4725 est,
2422 4672 2667 4745 nefarium
2697 4672 2858 4745 scol‘us
2882 4671 3130 4716 traditoris
3153 4672 3231 4742 sui
3252 4672 3302 4716 in
3330 4683 3434 4715 sua)
3462 4670 3823 4745 misericordia‘

2228 4740 2375 4792 atque
2416 4734 2690 4791 prudentin-
2716 4734 2942 4779 ordinem
2969 4733 3235 4781 convertit:
3273 4738 3327 4779 ut
3355 4733 3485 4791 quod
3514 4732 3601 4779 ille
3624 4734 3687 4778 ad
3716 4745 3824 4791 per-

2227 4798 2409 4842 niciem
2430 4796 2584 4842 unius
2612 4796 2830 4841 hominis
2865 4810 3094 4855 perversa
3120 4800 3282 4841 mente
3320 4794 3511 4853 faceret,
3537 4794 3628 4841 iste
3657 4796 3721 4841 ad
3755 4808 3826 4839 sa-

2228 4862 2379 4905 lutem
2406 4860 2633 4905 omnium
2681 4859 2890 4917 provida
2915 4861 3273 4913 gubernatione
3314 4859 3617 4905 transferret.
3653 4861 3823 4905 (laniat

2226 4937 2341 4981 ergo
2365 4924 2607 4980 [)rtlilllUlIl
2642 4922 2849 4967 Domino
2877 4924 3046 4968 anima
3070 4924 3295 4980 perfecta,
3323 4935 3435 4979 quin
3455 4922 3557 4978 jam
3584 4920 3741 4979 digna
3758 4928 3823 4966 est

2226 4999 2372 5031 nosse
2394 4990 2631 5030 secretum
2663 4984 2738 5029 Dei
2772 4998 2859 5042 pro
2904 4985 3077 5031 Verbis
3103 4984 3275 5044 Chusi,
3312 4984 3359 5028 id
3405 4990 3495 5039 est,
3534 4998 3622 5041 pro
3652 4984 3823 5043 cogni-

2229 5049 2360 5093 tione
2385 5048 2606 5103 ejusdem
2636 5048 2826 5105 sccreti,
2854 5048 2987 5105 quod
3021 5053 3260 5093 secretum
3289 5046 3455 5093 dexter
3487 5048 3629 5097 Deus,
3659 5047 3708 5092 id
3735 5052 3819 5101 est,

2228 5112 2561 5167 favensatque
2587 5110 2854 5167 propitius,
2881 5111 2925 5155 ei
2957 5116 3185 5168 operatus
3208 5115 3293 5157 est.
3320 5110 3400 5155 Est
3423 5115 3586 5155 autem
3614 5109 3819 5155 intentio

2228 5174 2383 5229 hujus
2403 5172 2599 5230 perfecti
2624 5173 2877 5234 catholici,
2905 5186 3131 5231 quosque
3149 5174 3317 5217 tideles
3333 5172 3661 5231 CXilOt‘lttl‘i,tll
3685 5184 3817 5229 spem

2225 5250 2368 5283 suam
2390 5236 2442 5281 in
2472 5236 2677 5281 Domino
2715 5240 2975 5293 ponuntet
3004 5236 3075 5281 sic
3110 5235 3317 5292 perfecto
3343 5234 3529 5296 vivant,
3576 5239 3819 5292 quatenus

2226 5300 2356 5345 diem
2388 5298 2568 5356 judicii
2591 5302 2843 5356 expectare
2873 5299 3035 5345 securi
3058 5298 3272 5360 valeant,
3299 5297 3515 5355 seipsum
3548 5309 3819 5356 proponen-

2226 5362 2289 5408 do
2315 5362 2366 5407 in
2393 5362 2697 5421 exemplum,
2728 5366 2771 5407 et
2799 5361 3010 5406 dicendo
3047 5361 3145 5407 sic:

2731 5464 3131 5529 PSALMUS
3177 5463 3325 5527 VII.

2287 5570 2343 5650 Εἲς
2373 5573 2614 5632 Domine,
2665 5573 2802 5621 Deus
2847 5588 2992 5621 meus
3032 5573 3088 5620 in
3130 5578 3173 5620 te.
3208 5571 3419 5636 speravi
3448 5590 3459 5620 :
3486 5571 3695 5619 salvum
3742 5585 3815 5618 me

2289 5728 2304 5746 τ
2335 5718 2417 5767 Ex
2444 5717 2548 5767 hac
2580 5730 2713 5767 vero
2747 5717 2970 5767 videtur
3008 5715 3364 5767 restituenda
3404 5716 3813 5778 Augustiniana

2224 5790 2351 5855 ipsa
2374 5789 2560 5853 lectio,
2586 5790 2867 5837 etiltarum
2883 5791 3256 5852 Iucrymarum
3273 5800 3373 5851 pro
3394 5788 3485 5837 illa
3510 5787 3706 5847 lwtitia,
3725 5795 3810 5835 etc.

2287 5861 2489 5925 ‘Apud
2524 5862 2846 5925 Augustin.,
2878 5868 2933 5910 ut
2958 5863 3090 5925 quia
3114 5866 3379 5926 tanquam
3394 5866 3697 5924 gementem.
3726 5862 3813 5909 1.8-

2230 5932 2392 5988 viora
2421 5931 2529 5985 alia
2563 5934 2942 5998 praeterimus.
