3900 6402
85 382 208 439 669

1130 389 1205 441 IN
1241 386 1566 441 PSALMOS
1596 386 1806 439 LXXV
1840 388 2426 448 COMMENTARIUS.

3308 409 3414 467 670

85 498 188 588 {ac
233 512 309 549 ex
328 498 597 588 omnibus
632 502 1067 588 persequentibus
1099 517 1183 588 me
1200 506 1286 588 ,‘et
1310 501 1477 585 libera
1504 517 1603 551 me.
1621 503 1711 588 βπ
1737 505 1792 577 Α
1813 505 1943 554 meis
1970 506 2173 588 inanis.
2206 509 2368 588 Quod
2390 515 2478 588 est
2500 513 2907 588 gravissimum
2924 518 3299 585 jurisjurandi
3320 537 3412 588 ge-

87 570 191 621 his
219 571 417 622 verbis
440 571 584 623 fides
609 576 665 624 et
682 586 814 636 spes
836 574 1012 639 hujus
1029 574 1291 638 perfecta:
1313 574 1526 627 animae
1542 575 1709 626 nobis

90 642 555 694 commendatur
588 663 598 692 :
640 649 916 707 tanquam
951 645 1181 709 diceret,
1216 647 1394 699 Credo
1430 651 1482 698 te
1508 659 1708 698 verum

88 713 297 764 Deum
320 718 378 764 et
394 715 706 765 Dominum
722 728 871 779 esse,
897 717 1112 769 scilicet
1129 721 1439 769 creatorem
1462 723 1519 770 et
1536 724 1710 769 recto-

89 796 226 834 rem
248 786 529 837 omnium.
564 789 633 837 Et
654 786 783 838 ideo
808 792 861 839 te
886 788 990 839 feci
1014 791 1334 853 specialiter
1348 803 1564 853 meum,
1591 802 1709 841 non

93 853 222 922 33
257 858 381 921 jam
407 860 811 921 praesumendo
841 861 911 911 de
949 875 1059 925 me,
1088 863 1189 913 sed
1222 864 1503 926 sperando
1528 864 1585 913 in
1613 868 1667 914 te
1693 882 1703 912 :

91 940 241 977 nam
266 929 479 979 Beatus
505 930 674 981 homo
691 931 789 993 qui
815 935 1003 995 sperat
1025 932 1084 983 in
1102 938 1156 985 te
1183 934 1338 997 (Ps-ut.
1374 934 1500 997 33.).
1520 935 1708 984 Meum

93 1003 196 1050 est
232 1013 461 1064 sperare
494 1001 555 1065 in
591 1006 665 1064 te,
693 1006 858 1054 tuum
892 1009 982 1054 est
1014 1005 1233 1057 salvare
1259 1011 1315 1058 et
1338 1007 1571 1057 iiberare
1597 1018 1705 1061 me.

94 1073 256 1135 Ergo
295 1075 572 1137 tanquam
605 1074 656 1125 ei
692 1088 809 1126 non
844 1084 861 1104 ·
898 1077 1129 1129 resistat
1161 1080 1281 1141 jam
1316 1078 1563 1142 perfecto
1596 1075 1708 1128 nisi

95 1143 452 1196 immundus
472 1146 728 1209 spiritus,
745 1152 1014 1212 superato
1028 1150 1183 1201 omni
1197 1150 1342 1201 bello
1356 1156 1529 1214 atque
1540 1152 1710 1197 adver-

96 1214 280 1267 sitate
318 1216 606 1278 vitiorum,
647 1218 820 1270 dicit:
861 1220 1083 1270 Salvum
1115 1237 1197 1270 me
1231 1222 1319 1284 fac
1357 1238 1423 1271 ea:
1459 1220 1708 1271 omnibus

90 1289 543 1353 persequentibus
582 1305 680 1351 me,
721 1296 767 1339 et
806 1291 969 1341 libera
1008 1309 1107 1357 me,
1147 1296 1237 1346 Ab
1270 1294 1358 1345 his
1392 1306 1485 1344 me
1526 1293 1703 1355 salva,

58 1355 205 1421 'qui
260 1368 652 1424 persequutur
700 1374 735 1412 a
778 1365 979 1427 tergo:
1007 1368 1062 1415 et
1096 1355 1174 1415 ab
1219 1365 1328 1427 his,
1369 1365 1469 1429 qui
1509 1378 1707 1417 occur-

94 1434 241 1481 runt
280 1431 341 1482 in
377 1432 537 1496 facie,
573 1432 768 1485 libera.
808 1435 932 1485 Non
980 1436 1135 1487 enim
1183 1436 1326 1487 mihi
1373 1437 1602 1499 sufﬁcit,
1643 1441 1708 1488 ut

92 1506 155 1554 te
181 1502 548 1571 defendente,
580 1506 693 1557 sim
710 1506 907 1558 salvus
931 1524 940 1555 :
960 1507 1074 1559 nisi
1097 1512 1155 1561 et
1183 1513 1235 1560 te
1258 1508 1551 1571 liberante,
1593 1509 1707 1560 sim

10 1596 13 1607 ί
99 1586 373 1627 SBCUI‘US.

10 1664 11 1697 ξ
162 1646 216 1700 3.
247 1648 469 1700 Deinde
494 1648 565 1701 de
594 1650 797 1715 plurali
820 1665 1062 1704 numero
1091 1652 1163 1703 ad
1189 1652 1535 1717 singularem
1563 1655 1705 1716 redit,

10 1764 11 1769 η
97 1730 242 1770 cum
298 1722 621 1787 subjungit,
663 1725 744 1775 Ne
787 1727 1008 1789 quando
1050 1727 1251 1790 rapiat,
1276 1727 1335 1775 ut
1360 1726 1434 1775 leo
1454 1727 1705 1774 animam

10 1832 13 1839 λ
97 1804 304 1853 meam,
332 1794 465 1841 dum
488 1809 597 1843 non
622 1800 692 1844 est
716 1796 813 1861 qui
836 1797 1067 1846 redimat
1090 1812 1259 1860 neque
1280 1798 1378 1862 qui
1393 1796 1705 1858 salvum/a-

8 1880 13 1915 ε
754 1868 990 1957 s‘p‘iritus
1014 1869 1375 1957 plulressu-nt
1391 1870 1699 1957 innatum,
1721 1881 1776 1957 B

100 1933 209 1986 sed
235 1947 418 1988 unum
435 1936 495 1988 in
518 1939 751 1990 malitia.
771 1940 965 1991 Plures
991 1933 1127 1992 sunt
1146 1954 1401 2005 numero,
1421 1940 1521 1993 sed
1535 1942 1699 1988 omni-

94 2006 211 2057 bus
235 2010 610 2062 unanocendi
626 2011 894 2064 voluntas
912 2018 1016 2065 est.
1040 2016 1234 2077 Ipsum
1251 2020 1415 2061 autem
1432 2015 1701 2073 antiquum

94 2078 332 2130 hostem
348 2087 577 2146 propter
592 2083 1240 2145 crudelitatem,nomine
1253 2085 1438 2136 leonis
1456 2088 1699 2145 designat.

8 2198 9 2201 η
96 2152 466 2204 concordans
481 2167 614 2205 cum
631 2157 904 2220 Apostolo
917 2157 1014 2220 qui
1030 2158 1126 2218 ait,
1146 2157 1527 2208 Adversarius
1543 2163 1703 2206 vester

95 2221 386 2286 diabolus,
410 2228 679 2289 tanquam
698 2226 785 2279 leo
802 2228 1035 2290 rugiens
1048 2229 1537 2291 circuit,quaarens
1550 2244 1700 2289 quem

6 2316 11 2343 ρ
95 2293 343 2347 devoret
382 2295 447 2360 (1.
486 2298 621 2349 Petr.
656 2298 748 2362 5.).
788 2300 896 2351 Sed
919 2300 1208 2363 quomodo
1236 2300 1370 2351 huic
1405 2300 1557 2352 hosti
1584 2304 1700 2352 tam

6 2372 11 2420 ί
96 2366 234 2417 forti
256 2370 313 2417 et
337 2367 837 2435 crudelifragilitas
855 2372 1111 2423 humana
1128 2373 1396 2423 resistere
1413 2372 1700 2436 poterit,si

96 2437 197 2489 ille
222 2450 351 2489 eam
368 2452 483 2490 non
499 2441 759 2499 redimat,
785 2449 842 2494 et
867 2445 1068 2505 salvet,
1102 2444 1201 2507 qui
1223 2444 1472 2496 creavit?
1488 2446 1555 2495 Et
1572 2444 1699 2495 ideo

6 2534 9 2543 ·
97 2510 194 2574 ait,
238 2510 383 2559 Dum
408 2527 520 2561 non
550 2520 636 2577 est,
665 2516 761 2578 qui
798 2517 1046 2578 redimat,
1076 2531 1245 2579 neque
1260 2518 1355 2579 qui
1378 2516 1589 2564 salvum
1619 2517 1700 2579 fa-

97 2582 210 2630 eiul
239 2596 252 2632 :
286 2584 580 2647 subaudis,
608 2586 717 2637 nisi
745 2591 807 2637 tu
831 2587 1145 2639 redimaset
1161 2589 1369 2639 salves.
1389 2590 1596 2651 Magna
1612 2592 1699 2638 est

6 2676 9 2709 τ
98 2653 329 2705 utilitas
379 2668 543 2707 servo
573 2658 674 2708 Dei
704 2659 988 2722 propriam
1013 2658 1403 2710 infirmitatem
1424 2671 1698 2722 recogno-

4 2750 9 2777 τ
98 2738 283 2783 scere,
297 2728 470 2790 atque
492 2727 553 2778 in
577 2730 698 2780 suis
724 2730 957 2791 viribus,
975 2736 1076 2783 aut
1090 2730 1307 2783 meritis
1324 2730 1543 2781 nullam
1558 2730 1698 2781 (ldu-

4 2822 7 2853 ;
97 2796 254 2847 ciam
269 2797 497 2851 habere.
515 2800 676 2851 Tunc
692 2801 845 2852 enim
864 2802 1062 2866 incipit
1073 2802 1279 2853 adesse
1292 2802 1469 2854 virtus
1481 2802 1695 2865 divina,

98 2868 339 2930 quando
362 2869 601 2923 deiicere
634 2872 833 2936 incipit
856 2874 1229 2937 praesumptio
1254 2874 1525 2925 humana.
1550 2873 1698 2925 Hinc

4 2962 7 2993 ξ
99 2938 281 2991 Paulo
306 2954 445 2993 voce
469 2943 570 2993 Dei
586 2942 815 2995 dicitur:
840 2946 1063 2997 Sufficit
1086 2947 1183 2997 tibi
1202 2946 1386 3009 gratia
1401 2958 1543 3007 mea,
1560 2958 1695 2998 nam

4 3038 5 3049 ι
101 3010 294 3063 virtus
326 3011 386 3063 in
430 3014 757 3067 infirmitate
794 3018 1084 3081 perﬁcitur
1121 3017 1191 3081 (:2.
1231 3017 1353 3070 Cor.
1388 3017 1491 3079 1‘2.)
1520 3031 1532 3068 :
1560 3017 1695 3069 hinc

4 3108 5 3139 ἡ
103 3084 332 3136 Veritas
350 3085 448 3150 ait,
475 3085 578 3147 Qui
605 3088 731 3139 vult
747 3094 978 3152 postme
994 3089 1204 3149 venire,
1228 3091 1475 3153 abneget
1491 3094 1696 3141 semet-

98 3155 299 3220 ipsum
323 3157 464 3218 (Luc.
500 3156 590 3222 9,).
625 3160 777 3211 Talis
803 3165 924 3213 ezat
946 3161 1098 3213 idem
1116 3161 1445 3227 Apostolus,
1461 3174 1593 3213 cum
1616 3161 1697 3212 di-

2 3254 5 3281 i,
99 3229 276 3287 ceret,
311 3229 501 3280 Gratia
540 3230 642 3283 Dei
681 3244 831 3293 sum,
872 3232 929 3283 id
968 3233 1122 3296 quod
1159 3246 1289 3285 sum
1321 3233 1389 3296 (1.
1425 3234 1545 3284 Car.
1576 3232 1694 3296 15.).

2 3326 5 3339 ι
99 3300 253 3364 Ergo
275 3300 333 3351 in
356 3301 600 3353 Domino
624 3305 742 3355 Deo
768 3316 872 3356 suo
899 3316 1154 3369 sperans,
1176 3307 1230 3356 et
1247 3304 1317 3357 de
1341 3304 1559 3357 viribus
1572 3305 1696 3357 suis
1722 3298 1771 3374 ρ

2 3414 3 3419 η
94 3384 218 3422 non
245 3384 623 3435 praesumens,
649 3380 706 3426 et
726 3374 851 3427 ideo
870 3388 1176 3440 supernam
1197 3375 1575 3429 salvationem
1597 3378 1698 3429 im-

2 3472 3 3499 i
80 3442 349 3507 plorans,
388 3445 574 3507 qualis
614 3445 783 3498 fuerit
815 3446 923 3499 iste
962 3447 1050 3499 vir
1081 3452 1335 3509 sanctus,
1369 3448 1692 3503 audiamus.

2 3568 5 3571 _
94 3517 310 3565 Iterum
325 3515 557 3569 invocat
580 3517 886 3570 Dominum
914 3519 1095 3571 Deum
1120 3532 1311 3582 suum,
1339 3525 1612 3584 tanquam
1643 3522 1694 3573 ei

2 3610 3 3625 ξ
92 3587 312 3651 gratias
335 3600 533 3650 agens,
554 3593 729 3652 atque
752 3591 970 3642 nomini
993 3592 1178 3655 ipsius
1202 3592 1437 3655 bonum,
1453 3592 1605 3656 quod
1621 3594 1693 3645 ab

93 3659 224 3722 ipso
250 3660 485 3724 accepit,
512 3661 785 3723 scribens,
814 3664 1119 3728 subjungit
1136 3680 1152 3713 :

157 3730 211 3787 μί.
250 3731 476 3781 Domine
500 3734 639 3782 Deus
661 3749 807 3783 meus
830 3736 876 3784 si
898 3737 999 3799 feci
1032 3736 1193 3787 istud.
1222 3736 1368 3796 Quid
1384 3739 1410 3786 ‘I
1432 3737 1482 3785 si
1506 3741 1577 3785 est
1594 3736 1697 3784 ini-

93 3806 280 3868 quith
319 3806 379 3853 in
416 3806 673 3856 manibus
712 3808 860 3857 meis.
898 3808 1070 3871 Idest,
1100 3809 1149 3859 si
1180 3807 1416 3859 exhibui
1438 3809 1696 3859 membra

98 3889 235 3928 mea
270 3888 428 3927 arma
454 3877 775 3941 iniquitatis
814 3879 883 3930 ad
923 3879 1278 3943 peccandum
1312 3881 1479 3943 (Rom.
1507 3878 1575 3942 6.)
1606 3897 1616 3927 :
1647 3879 1698 3930 si

93 3961 217 4001 non
240 3947 343 3998 fuit
374 3949 650 4001 innocens
675 3952 942 4002 manibus
968 3956 1041 4014 et,
1069 3951 1222 4014 quod
1251 3950 1562 4015 perfectius
1587 3954 1690 4001 est.

162 4018 213 4072 5.
242 4018 300 4068 Si
318 4020 529 4070 reddidi
556 4021 977 4071 retribuentibus
996 4022 1134 4071 mihi
1154 4023 1322 4074 mala.
1337 4022 1506 4084 Idest,
1529 4022 1575 4071 si
1593 4021 1697 4073 ad-

96 4103 308 4143 versus
346 4093 528 4144 malos
573 4094 796 4156 patiens
842 4107 959 4145 non
994 4093 1089 4144 fui.
1134 4094 1389 4143 Decidam
1412 4094 1601 4141 merito
1628 4093 1693 4140 ab

96 4163 341 4212 inimicis
362 4166 492 4214 meis
516 4165 717 4215 inanis.
747 4167 809 4217 Id
840 4170 947 4230 est,
972 4166 1171 4216 merito
1196 4165 1559 4229 negligentiee
1574 4180 1693 4213 mere

92 4236 576 4300 persequentibus
619 4238 884 4300 inimicis,
918 4250 1181 4289 corruam
1208 4251 1426 4289 vacuus
1450 4250 1484 4288 a
1507 4236 1695 4288 fructu

93 4306 355 4371 justitiee.
368 4308 396 4357 J
404 4313 601 4359 ustum
616 4314 706 4360 est
719 4310 887 4373 enim,
906 4312 972 4361 ut
993 4310 1064 4360 ab
1079 4309 1324 4360 inimicis
1344 4310 1530 4360 victus
1548 4307 1696 4359 deci-

97 4379 217 4439 dat,
232 4378 494 4443 quisquis
523 4393 583 4432 se
608 4384 805 4432 contra
828 4394 928 4433 eos
952 4382 1128 4433 armis
1155 4382 1430 4433 virtutum
1446 4386 1502 4435 et
1518 4384 1698 4436 bono-

1812 589 2095 655 n_us,_cum
2116 581 2290 655 homo
2315 582 2478 655 dicit:
2501 584 2559 634 Si
2581 583 2724 636 illud
2748 586 2872 649 feci,
2903 581 3043 643 illud
3070 581 3269 655 patiar.
3299 581 3409 647 seu

1808 648 1962 729 aliud
1992 656 2081 702 est
2106 652 2318 729 juratio
2348 654 2405 729 in
2440 668 2535 729 ore
2557 656 2824 720 jurantis,
2860 648 3015 712 aliud
3032 648 3092 714 iri
3117 664 3409 729 signiﬁca-

1808 721 1962 798 tione
1989 724 2447 798 p‘rOphetizantis.
2467 727 2569 777 Hic
2594 729 2743 780 enim
2770 730 2927 795 dicit,
2944 733 3082 796 quid
3100 734 3120 762 δ
3139 721 3267 798 jure
3282 750 3412 790 con-

1810 792 1993 855 tingat
2018 794 2480 859 liominibus,qui
2504 792 3211 857 redduntretribuentibus
3237 809 3405 859 mala:

1807 875 1922 941 non
1945 865 2099 941 quod
2121 866 2226 916 sibi
2251 871 2352 941 aut
2374 867 2541 941 alicui
2561 872 2723 933 quasi
2742 872 3117 937 jurejurando
3133 875 3410 941 imprece-

1811 936 1920 998 tur,
1948 938 2004 985 et
2025 936 2153 987 ideo
2178 940 2304 1002 subj
2317 939 2479 1002 ungit
2504 954 2516 990 :

1870 1004 1920 1058 6.
1941 1006 2312 1083 _Persequatur
2348 1010 2607 1060 inimicus
2635 1012 2885 1063 animum
2911 1023 3413 1083 meam,etcompre-

1810 1076 2030 1129 hendat.
2067 1081 2280 1153 Iterum
2318 1081 2614 1134 inimicum
2655 1085 2759 1148 (E1:
2782 1085 3101 1149 Augustino)
3130 1076 3405 1153 singulari

1807 1160 2049 1222 numero
2065 1152 2391 1214 nominans,
2409 1156 2593 1218 magis
2610 1156 2911 1219 magisque
2931 1152 3255 1222 manifesta,
3274 1165 3409 1222 quod

1809 1221 2091 1284 superius,
2107 1223 2273 1286 quasi
2290 1224 2510 1277 leonem
2534 1226 2859 1290 appellavit.
2875 1230 3002 1292 Ipse
3017 1230 3170 1281 enim
3185 1221 3406 1281 animum

1808 1296 2168 1365 persequitur
2190 1296 2400 1359 (Matth.
2426 1296 2549 1361 10.).
2568 1300 2709 1349 Nam
2737 1300 3000 1351 homines
3017 1315 3202 1365 usque
3224 1303 3295 1354 ad
3319 1303 3407 1356 in-

1807 1363 2199 1439 terfectionem
2223 1370 2472 1432 corporis
2498 1370 2769 1433 saeviunt,
2794 1372 3047 1424 animam
3066 1363 3199 1425 vero
3224 1374 3285 1426 in
3306 1388 3408 1439 po-

1807 1438 2013 1509 testate
2037 1437 2246 1490 habere
2277 1453 2394 1491 non
2418 1446 2664 1504 possunt
2689 1456 2701 1492 :
2727 1443 2990 1495 diabolus
3013 1449 3229 1508 autem,
3259 1437 3404 1509 quas

1805 1506 2028 1558 animas
2051 1514 2389 1572 persecutus
2408 1511 2593 1569 fuerit.
2616 1518 2680 1565 ut
2702 1514 3010 1577 possideat,
3029 1506 3406 1576 comprehendit

1808 1580 1857 1652 si
1881 1584 2098 1643 potest;
2119 1586 2174 1633 et
2198 1595 2329 1633 cum
2346 1584 2621 1647 possidet,
2640 1585 2953 1651 conculcat,
2971 1591 3029 1638 et
3042 1586 3167 1638 ideo
3181 1587 3396 1652 subdit,

1806 1651 1872 1699 Et
1891 1652 2152 1701 conculcet
2176 1654 2236 1702 in
2261 1660 2402 1703 terra
2422 1656 2585 1704 vitam
2602 1671 2797 1707 meam.
2814 1657 2876 1707 Id
2889 1662 2996 1720 est,
3013 1651 3401 1710 conculcando

1808 1725 2017 1774 terram
2040 1724 2204 1775 faciat
2221 1725 2401 1777 vitam
2418 1739 2626 1789 meam,
2644 1728 2834 1779 cibum
2855 1730 3071 1780 scilicet
3084 1742 3272 1780 suum.
3294 1733 3402 1779 Non

1803 1794 1955 1845 enim
1977 1800 2200 1847 tantum
2224 1797 2330 1856 leo,
2351 1798 2449 1848 sed
2474 1798 2646 1849 etiam
2672 1813 2910 1864 serpens
2933 1799 3252 1864 appellatus
3276 1805 3365 1852 est
3390 1818 3400 1850 :

1806 1865 1899 1916 cui
1923 1865 2139 1917 dictum
2164 1873 2267 1931 est,
2302 1870 2535 1920 Terram
2560 1871 2935 1922 manducabis
2967 1872 3166 1932 (Cenes.
3208 1870 3299 1933 3.).
3337 1874 3406 1924 Et

1803 1938 2086 2000 peccatori
2107 1938 2326 1990 homini
2349 1940 2560 1993 dictum
2585 1945 2690 2006 est,
2715 1942 2883 1993 Terra
2906 1955 2989 2006 es,
3023 1947 3079 1994 et
3108 1943 3166 1993 in
3196 1946 3404 1994 terram

1803 2008 1912 2059 ibis
1958 2009 2210 2072 (Ibidem).
2254 2012 2425 2062 Recte
2473 2024 2606 2075 ergo
2653 2013 3026 2078 subjungitur
3062 2014 3130 2062 Et
3170 2014 3403 2077 gloriam

1804 2095 1978 2129 meam
2006 2081 2064 2129 in
2084 2082 2357 2143 pulverem
2383 2083 2622 2133 deducat.
2649 2085 2756 2135 Hic
2780 2089 2869 2136 est
2891 2085 2983 2136 ille
2998 2084 3206 2149 pulvis,
3229 2097 3404 2148 quem

1804 2153 2026 2216 projicit
2055 2156 2263 2205 ventus
2282 2167 2318 2205 a
2346 2155 2485 2206 facie
2522 2160 2688 2208 terrae
2714 2156 2874 2218 (Psat.
2903 2157 2993 2220 1.),
3023 2158 3404 2221 superborum

1804 2224 2019 2276 scilicet
2044 2237 2193 2277 vana
2226 2230 2285 2276 et
2308 2226 2500 2289 inepta
2517 2228 2815 2291 jactantia,
2844 2228 3044 2279 inﬂata
3066 2233 3122 2279 et
3137 2240 3252 2280 non
3269 2229 3404 2281 soli-

1803 2295 1953 2361 data,
1989 2302 2265 2360 tanquam
2290 2301 2464 2349 vento
2488 2298 2673 2350 elatus
2698 2299 2951 2362 pulveris
2984 2299 3209 2364 globus.
3229 2300 3400 2353 Recte

1801 2367 1994 2431 itaque
2017 2369 2210 2433 posuit
2226 2369 2318 2419 hic
2336 2369 2592 2434 gloriam,
2610 2383 2785 2433 quam
2800 2384 2918 2422 non
2931 2370 3123 2423 vultin
3139 2373 3396 2432 pulverem

1802 2439 2024 2490 deduci.
2046 2440 2182 2491 Vult
2196 2439 2351 2490 enim
2368 2453 2495 2491 eam
2513 2441 2754 2492 solidam
2767 2441 2979 2494 habere
2998 2442 3057 2492 in
3074 2457 3159 2491 con
3170 2444 3398 2507 scientia,

1802 2512 1900 2562 ubi
1924 2524 2115 2563 coram
2134 2512 2379 2563 Domino
2402 2512 2560 2562 nulla
2581 2512 2856 2575 jactantia
2874 2517 2965 2566 est
2987 2514 3132 2576 (Isai‘.
3152 2511 3279 2576 35.).
3295 2513 3401 2575 Qui

1801 2582 2074 2645 gloriatur
2112 2584 2331 2647 (inquit)
2373 2583 2433 2634 in
2455 2583 2697 2635 Domino
2726 2585 2997 2649 glorietur
3021 2583 3089 2649 (‘2.
3119 2585 3237 2635 Cor.
3270 2584 3397 2647 10.).

1798 2656 1917 2705 Ista.
1940 2654 2194 2705 soliditas
2231 2655 2289 2705 in
2328 2654 2620 2718 pulverem
2655 2656 2973 2720 deducitur,
2999 2657 3046 2707 si
3073 2668 3167 2719 per
3201 2669 3401 2720 super-

1800 2726 1951 2778 biam
1983 2726 2229 2791 quisque
2254 2732 2629 2779 contemnens
2651 2733 2867 2780 secreta
2891 2727 3279 2792 conscientias,
3302 2727 3400 2779 ubi

1798 2799 1952 2850 Deus
1983 2798 2138 2849 solus
2177 2798 2469 2851 hominem
2505 2801 2726 2864 probat,
2762 2799 2899 2852 velit
2936 2799 3088 2864 apud
3111 2799 3403 2851 hominem

1798 2870 2045 2934 gloriari.
2090 2871 2238 2923 Hinc
2275 2876 2383 2931 est,
2426 2871 2579 2935 quod
2613 2872 2747 2924 alibi
2778 2872 2932 2934 dicrt,
2958 2873 3110 2924 Deus
3144 2874 3399 2924 conteret

1798 2956 1933 2995 ossa
1969 2944 2313 3007 placentium
2347 2944 2680 2996 hominibus
2715 2945 2874 3010 (Psat.
2915 2943 3041 3007 52.).
3071 2944 3176 3003 Qui
3200 2948 3397 2995 autem

1796 3014 1995 3066 didicit
2019 3017 2178 3076 bene,
2204 3016 2291 3067 vel
2316 3019 2587 3079 expertus
2610 3021 2717 3080 est,
2745 3016 3011 3067 vitiorum
3037 3015 3395 3078 superando-

1794 3099 1920 3138 rum
1941 3087 2173 3151 gradus,
2208 3086 2472 3151 intelligit
2492 3086 2602 3138 hoc
2626 3086 2831 3139 vitium
2860 3086 3049 3138 inanis
3077 3086 3276 3149 gloriae
3299 3084 3393 3137 vel

1800 3158 2005 3224 solum,
2041 3159 2131 3211 vel
2166 3158 2416 3210 maxime
2447 3158 2771 3210 cavendum
2804 3171 2935 3210 esse
2959 3156 3241 3222 perfectis.
3268 3158 3395 3218 Quo

1797 3231 1977 3294 primo
2001 3231 2155 3283 enim
2178 3230 2316 3282 vitio
2330 3230 2493 3294 lapsa
2507 3232 2594 3280 est
2615 3229 2822 3290 anima,
2840 3229 2949 3281 hoc
2970 3228 3237 3281 ultimum
3261 3227 3393 3279 vin-

1797 3302 1888 3353 cit.
1937 3303 2171 3354 Initium
2214 3306 2410 3354 autem
2456 3302 2646 3353 omnis
2690 3301 2908 3366 peccati
2964 3299 3232 3366 superbia
3278 3299 3397 3364 (Ec-

1795 3374 1908 3424 cles.
1936 3374 2061 3437 10.).

1858 3447 1908 3500 7.
1937 3446 2156 3499 Deinde
2179 3445 2461 3498 adversus
2486 3443 2778 3496 diabolum
2795 3445 3099 3508 etangelos
3122 3442 3266 3505 ejus,
3282 3457 3401 3503 quo-

1793 3532 1922 3570 rum
1946 3520 2237 3583 possessio
2264 3521 2591 3583 peccatores
2607 3522 2780 3581 atque
2803 3516 2963 3579 impii
2982 3515 3242 3567 homines
3260 3519 3398 3577 sunt,

1794 3592 2135 3656 deprecatur
2172 3591 2404 3642 dicens:
2448 3590 2712 3653 Exsurge,
2750 3589 2979 3639 Domine
3002 3588 3063 3637 in
3096 3588 3185 3637 ira
3209 3593 3322 3647 tua,
3353 3592 3399 3635 et

1795 3679 1893 3713 eam
1903 3665 1918 3713 ι
1924 3670 1973 3712 ια
1982 3680 2035 3712 re
2048 3664 2106 3711 in
2118 3663 2251 3726 ﬁnib
2259 3679 2318 3711 us
2331 3663 2689 3711 inimicorum
2704 3676 2967 3712 meorum.
2987 3662 3248 3724 Exsurge
3260 3661 3397 3723 dicit,

1793 3735 1850 3786 id
1878 3741 1984 3799 est,
1998 3734 2511 3798 appare,humanis
2537 3734 2833 3785 videlicet.
2851 3738 3020 3785 utens
3036 3731 3397 3793 verbis,quasi

1795 3808 1949 3859 Deus
1977 3806 2239 3867 dormiat,
2256 3818 2389 3856 cum
2414 3806 2471 3857 in
2490 3806 2727 3857 secretis
2745 3806 2867 3855 suis
2891 3804 3218 3867 incognitus
3240 3802 3395 3854 latet.

1800 3882 1943 3932 Cum
1990 3884 2181 3930 autem
2224 3880 2333 3942 (Eae
2356 3880 2675 3943 Augustino)
2700 3877 3300 3941 justiﬂcaturimpius,
3326 3888 3399 3927 ex

1797 3952 1975 4015 impio
2002 3952 2066 4003 fit
2092 3953 2287 4015 justis,
2320 3954 2375 4003 et
2398 3964 2471 4002 ex
2492 3950 2859 4015 possessione
2880 3948 3089 4000 diaboli
3109 3948 3319 4011 migrat
3341 3948 3401 3999 in

1798 4024 2079 4088 templum
2104 4024 2221 4076 Dei.
2250 4027 2317 4075 Et
2338 4023 2613 4087 quoniam
2634 4034 2805 4087 paena
2817 4025 2925 4085 est,
2950 4025 3015 4071 ut
3034 4018 3402 4084 cuiqueaufe-

1792 4084 1952 4147 ratur
1986 4084 2297 4160 possessio,
2322 4084 2382 4147 in
2413 4107 2527 4159 qua
2550 4094 2571 4123 ἀ
2594 4084 2877 4145 dominari
2899 4084 3186 4143 desiderat
3212 4106 3224 4141 :
3248 4091 3400 4143 hanc

1794 4180 2027 4232 pcenam
2052 4167 2190 4219 dicit
2215 4168 2360 4219 iram
2378 4166 2478 4218 Dei
2503 4166 2786 4218 adversus
2803 4163 3112 4224 diabolum,
3128 4166 3193 4214 ut
3209 4162 3403 4211 desinat

1794 4239 2103 4304 possidere,
2131 4252 2277 4303 quos
2308 4238 2577 4302 possidet.
2604 4238 2803 4289 Finem
2831 4240 3024 4288 autem
3048 4234 3195 4286 dixit
3214 4234 3400 4297 ipsam

1795 4312 2359 4385 possessionem,ubi
2384 4310 2509 4385 vult
2530 4311 2713 4361 Deum
2739 4307 2975 4385 exaltari
3005 4307 3216 4385 potius,
3232 4304 3290 4385 id
3312 4307 3403 4384 est

1794 4384 2058 4437 honorari
2087 4388 2143 4435 et
2167 4382 2487 4448 glorificari,
2518 4394 2692 4445 quam
2724 4380 3014 4432 diabolum
3044 4377 3219 4429 :dum
3241 4377 3403 4448 impii

97 4464 229 4503 rum
250 4464 484 4515 operum
502 4452 739 4505 minime
756 4455 998 4505 roborat.
1014 4455 1238 4505 Etbene
1258 4455 1691 4519 (EacAugustino)
1787 4446 2193 4520 justiﬁcantur
2209 4458 2266 4506 et
2289 4454 2528 4505 laudant
2551 4454 2754 4504 Deum.
2781 4452 2952 4513 Quasi
2977 4451 3039 4500 in
3060 4449 3144 4499 ira
3159 4458 3267 4520 sua
3286 4446 3401 4496 Do-

96 4535 217 4574 non
239 4523 336 4587 ait,
363 4524 409 4573 si
438 4524 660 4576 reddidi
682 4526 1025 4577 facientibus
1048 4526 1224 4577 mala:
1241 4527 1338 4577 sed
1361 4527 1695 4577 retribuenti-

93 4594 194 4643 bus
210 4594 348 4646 mihi
367 4596 532 4647 mala.
561 4597 665 4658 Qui
689 4598 840 4647 enim
865 4598 1144 4657 retribuit,
1162 4600 1282 4662 jam
1317 4598 1527 4660 aliquid
1546 4612 1703 4651 acce-

96 4666 197 4729 pit.
234 4667 466 4729 Majoris
490 4670 682 4719 autem
712 4670 1004 4733 patientiae
1030 4675 1137 4723 est.
1154 4682 1262 4720 nec
1283 4669 1333 4720 ei
1352 4668 1499 4720 mala
1512 4683 1708 4733 repen-

1804 4529 1999 4579 minus
2024 4524 2457 4592 35exsurgere
2478 4524 2640 4575 visus
2658 4526 2765 4584 est,
2779 4516 3401 4592 quandoamortuisre-

1807 4589 2267 4663 surgensinferni
2291 4596 2541 4646 claustra
2560 4594 2736 4658 petiit,
2751 4594 2996 4656 ejusque
3014 4596 3179 4652 portas
3204 4589 3401 4663 confre-

1807 4661 2104 4736 gitfatque
2129 4682 2259 4722 eum
2284 4680 2318 4719 a
2335 4667 2510 4731 justis
2528 4678 2673 4729 quos
2699 4665 2927 4717 tenebat
2950 4668 3165 4729 captos,
3192 4661 3401 4727 spolia-

94 4726 247 4797 Elere,
286 4726 381 4801 qui
412 4740 662 4804 acceptis
689 4726 980 4793 beneﬁciis
1006 4742 1189 4793 reddit
1211 4741 1360 4792 mala
1384 4754 1484 4805 pro
1509 4726 1693 4806 bonis,
1722 4726 1779 4800 D
1802 4726 1905 4797 vit.
1957 4726 2029 4793 In
2066 4742 2282 4793 finibus
2330 4726 2563 4803 quoque
2592 4738 2955 4790 inimicorum
2986 4726 3271 4789 eialtatus
3294 4735 3400 4798 est,

93 4822 271 4872 quam
302 4809 350 4860 si
366 4809 523 4862 nullo
544 4818 679 4864 ante
702 4816 934 4877 accepto
959 4813 1230 4865 beneflcio
1255 4826 1458 4866 nocere
1473 4814 1687 4867 voluis-
1788 4815 2021 4880 quando
2044 4814 2115 4865 ad
2141 4812 2349 4866 caelum
2370 4810 2630 4863 ascendit
2662 4813 2719 4863 et
2752 4811 3065 4874 gloriosum
3092 4811 3263 4874 atque
3284 4806 3405 4859 lau-

95 4886 203 4933 set.
231 4882 477 4933 Inaniter
498 4886 694 4935 autem
720 4896 782 4935 se
808 4885 1116 4948 jactat.qui
1140 4898 1272 4936 cum
1295 4890 1351 4937 et
1372 4886 1493 4949 ipse
1517 4886 1688 4938 homo

95 4953 192 5013 sit,
226 4954 380 5017 cupit
404 4967 466 5006 se
491 4955 559 5006 de
588 4956 822 5007 homine
849 4956 1149 5017 vindicare,
1177 4962 1235 5009 et
1258 4970 1390 5008 cum
1423 4968 1692 5021 superare

98 5024 391 5077 hominem
407 5026 596 5090 palam
613 5028 847 5091 quaerit,
870 5028 1090 5080 occulte
1105 5042 1140 5080 a
1163 5029 1387 5081 diabolo
1411 5037 1690 5090 superatur.

95 5096 291 5150 Inanis
337 5097 569 5150 effectus
612 5104 722 5162 est,
758 5111 908 5153 vana
936 5102 991 5152 et
1027 5102 1275 5165 superba
1300 5102 1515 5164 laetitia,
1541 5104 1694 5166 quod

96 5169 265 5233 quasi
291 5169 438 5221 vinci
464 5168 577 5237 34
616 5183 735 5222 non
759 5172 961 5236 potuit.
1004 5172 1273 5235 lntelligit
1295 5186 1430 5236 ergo
1465 5174 1574 5225 iste
1597 5174 1693 5225 ubi

94 5241 281 5303 major
302 5239 400 5292 flat
426 5242 678 5307 victoria,
705 5248 763 5295 et
786 5243 886 5295 ubi
904 5248 1063 5308 pater
1092 5244 1309 5307 reddat,
1336 5247 1429 5307 qui
1457 5248 1609 5297 videt
1635 5247 1695 5299 in

95 5311 321 5364 occulto
346 5314 553 5375 (Matth.
586 5314 653 5378 6.)
685 5316 767 5367 Ne
798 5314 990 5379 itaque
1012 5315 1214 5368 reddat
1247 5316 1695 5370 retribuentibus

92 5384 262 5441 mala,
286 5385 430 5436 iram
450 5388 662 5450 potius,
678 5399 855 5450 quam
873 5388 1167 5440 hominem
1183 5388 1378 5441 vincit.
1394 5390 1590 5441 Melior
1605 5394 1695 5443 est

90 5456 267 5519 enim,
305 5456 402 5520 qui
449 5457 627 5510 vincit
674 5459 836 5521 iram,
880 5472 1049 5523 quam
1093 5460 1191 5523 qui
1224 5460 1374 5525 capit
1403 5462 1693 5514 civitatem

93 5530 267 5591 (Prov.
305 5528 354 5582 6.
391 5528 478 5583 3‘2.
514 5546 611 5582 sec.
644 5531 845 5595 LXX).
886 5533 1089 5585 Jurare
1112 5537 1307 5585 autem
1338 5534 1565 5586 videtur
1595 5548 1693 5599 per

90 5601 541 5655 exsecrationem
573 5617 704 5655 cum
728 5604 825 5667 ait,
851 5604 1108 5655 Decidam
1138 5607 1328 5657 merito
1356 5607 1421 5657 ab
1450 5609 1693 5659 inimicis

162 5752 178 5772 '
203 5743 442 5796 Videtur
464 5744 617 5797 hunc
642 5758 871 5811 quoque
894 5747 1083 5799 locum
1100 5752 1297 5800 noster
1315 5750 1387 5800 ab
1411 5754 1692 5813 Augustino

100 5818 417 5880 mutuatus,
442 5819 610 5881 cujus
635 5823 693 5871 et
714 5819 996 5872 medicam
1021 5834 1260 5872 manum
1280 5822 1510 5875 lectioni
1532 5823 1691 5876 adhi-

98 5889 212 5953 bet,
240 5889 434 5942 minus
459 5891 610 5943 enim
634 5891 713 5943 ibi
743 5892 891 5946 recte
915 5891 1004 5942 cui
1031 5908 1134 5942 non
1164 5898 1338 5960 restat,
1365 5898 1472 5948 etc.

170 5961 191 5991 "
214 5961 439 6043 Corrige
453 5962 663 6020 iterum
673 5964 1130 6033 Augustinianos
1143 5965 1458 6033 codices,in
1481 5968 1693 6033 quibus

1792 4888 1860 4939 da
1873 4887 1980 4938 bile
2001 4898 2215 4938 nomen
2233 4886 2357 4949 ejus
2378 4897 2567 4949 usque
2583 4884 2655 4935 ad
2671 4883 2940 4936 ultimum
2953 4888 3120 4935 terrm
3135 4881 3403 4947 praedica-

1798 4964 1922 5012 tum
1948 4958 2169 5010 claruit.
2195 4957 2357 5011 Unde
2383 4963 2441 5009 et
2477 4956 2744 5009 subditur
2769 4970 2781 5007 :
2807 4956 2875 5006 Et
2908 4969 3148 5018 exsurge,
3172 4954 3401 5004 Domine

1796 5031 1935 5080 Deus
1970 5046 2120 5080 meus
2160 5030 2219 5079 in
2257 5036 2515 5094 praecepto
2547 5029 2692 5093 quod
2714 5027 2991 5077 mandasti
3017 5045 3028 5075 :
3053 5030 3098 5075 et
3119 5040 3400 5089 synagoga

1791 5101 2127 5166 populorum
2156 5100 2509 5151 czrcumdabit
2525 5106 2584 5151 te.
2605 5101 2961 5163 Praeceptum
2972 5095 3258 5148 mandasti
3273 5100 3400 5157 Apo-

1795 5172 1958 5224 stolis
1972 5173 2103 5223 tuis.
2122 5172 2248 5222 Dixi
2258 5172 2351 5235 sti,
2365 5168 3065 5233 PraedicateEvangelium
3078 5166 3237 5219 omni
3246 5179 3400 5218 crea-

1794 5250 1938 5297 turae
1966 5245 2149 5308 (Marc.
2194 5243 2319 5304 16.).
2343 5243 2593 5306 Exsurge
2613 5255 2763 5305 ergo.
2790 5244 2855 5292 In
2876 5240 2977 5303 eis,
3006 5239 3215 5303 quibus
3245 5250 3396 5303 prte-

1793 5317 2048 5369 dicatum
2064 5320 2155 5367 est
2172 5318 2525 5379 praeceptum
2543 5318 2728 5365 tuum.
2742 5315 2853 5364 Fac
2870 5323 2969 5364 eos
2983 5322 3295 5374 exsurgere
3308 5313 3395 5360 Per

1793 5390 2185 5454 temetipsum,
2203 5392 2268 5439 ut
2290 5399 2324 5438 a
2343 5387 2465 5438 suis
2489 5385 2895 5449 iniquitatibus
2910 5386 3273 5446 resurgentes
3288 5381 3397 5431 im-

1794 5463 1987 5527 pleant
2015 5464 2364 5525 praeceptum
2390 5457 2694 5509 tuum.Vel
2723 5456 2887 5508 aliter
2910 5456 3016 5517 (Eae
3035 5454 3356 5527 Augustino)
3381 5467 3392 5502 :

1791 5526 2053 5599 Exsurge,
2082 5531 2309 5582 Domine
2332 5530 2473 5579 Deus
2508 5543 2673 5589 meus,
2702 5529 2763 5577 in
2785 5531 3037 5594 praecepto
3072 5526 3218 5589 quod
3242 5539 3396 5573 man-

1792 5608 1961 5658 dasti:
1987 5604 2368 5658 humilitatem
2391 5601 2733 5667 praecepisti,
2749 5599 2985 5653 humilis
3000 5610 3225 5665 appare.
3245 5599 3315 5650 Et
3328 5600 3390 5650 tu

1792 5767 1907 5802 vere
1932 5756 2020 5803 est
2047 5762 2147 5815 pro
2156 5750 2299 5815 jure.

1855 5833 1873 5853 °
1896 5812 2313 5875 Rursum‘hinc
2344 5816 2571 5871 videtur
2607 5812 3025 5879 Augustiniana
3058 5813 3389 5881 corrigenda

1789 5896 1976 5960 lectio,
1993 5894 2286 5945 videlicetet
2309 5890 2590 5943 latentibus
2612 5888 2795 5939 verbis.

1853 5968 1876 5999 ⁸
1908 5968 2180 6025 Mendose
2203 5972 2325 6025 erat
2344 5968 2530 6032 antea,
2555 5962 2836 6019 damnare.
