3900 6414
511 401 611 457 671

1568 399 1837 455 RUFINO
1869 397 2331 452 PRESBYTERO
2365 397 2755 452 ASCRIPTUS
3747 397 3833 450 673

510 514 673 581 prius
700 515 874 581 imple
890 517 1042 580 quod
1054 516 1466 582 pmoepistimt
1487 515 1749 579 exemplo
1765 515 1865 588 tuo
1880 513 2109 565 vincen-
2128 514 2185 588 Α
2208 513 2322 588 nisi
2350 512 2410 564 in
2442 512 2701 565 occulto?
2724 510 2963 588 Quando
2986 509 3088 588 fin
3109 508 3271 588 imltio
3292 513 3663 588 temporum
3689 508 3834 588 Chri-

511 591 599 639 tes
626 588 955 651 superbiam
979 602 1098 640 non
1120 589 1522 653 possideantur
1545 601 1579 640 a
1604 587 1847 639 diabolo.

574 657 627 711 8.
654 658 720 706 Et
743 674 1023 722 synagoga
1053 661 1382 724 populorum
1410 658 1765 710 circumdabit
1795 663 1856 708 te.
1881 656 2108 719 Duplex
2151 656 2165 666 “

515 730 619 794 (Ea:
640 730 960 793 Augustino)
980 732 1303 784 intellectus
1329 738 1435 785 est.
1451 732 1826 796 Congregatio
1843 730 1995 781 enim
2014 742 2110 792 po-

510 800 797 864 pulorum,
826 802 949 854 sive
975 804 1352 867 credentium,
1381 806 1502 857 sive
1529 802 2113 867 persequentium,po-

511 873 625 922 test
650 873 1117 935 accipi:quorum
1144 880 1458 939 utrumque
1484 889 1551 927 ea
1569 875 1797 927 Domini
1814 874 1995 924 nostri
2012 873 2113 922 hu-

510 942 748 993 militate
773 944 1009 1007 factum,
1037 959 1210 1010 quam
1237 953 1614 999 contemnens
1640 945 2113 1012 persequentium

510 1013 840 1079 multitudo,
879 1018 1253 1071 circumdedit
1284 1034 1445 1080 eum;
1486 1021 1556 1071 de
1605 1033 1716 1083 qua
1740 1020 1958 1070 dictum
1983 1019 2111 1068 est:

452 1146 457 1149 7
515 1085 844 1140 Astiterunt
867 1101 1033 1154 reges
1060 1096 1247 1153 terrae,
1262 1096 1320 1143 et
1336 1092 1617 1156 principes
1637 1089 2116 1142 conveneruntin-

513 1168 719 1220 unum,
731 1160 1014 1213 adversus
1030 1164 1338 1215 Dominum
1351 1167 1407 1215 et
1418 1164 1696 1216 adversus
1706 1163 1993 1213 Christum
2006 1165 2115 1220 ejus

514 1227 682 1290 (Psat.
723 1229 815 1294 2.).
843 1233 1209 1286 Credentium
1232 1242 1428 1287 autem
1454 1249 1554 1300 per
1579 1237 1705 1299 ejus
1732 1234 2117 1285 humilitatem

512 1301 842 1366 multitudo,
871 1304 951 1356 ita
974 1319 1108 1357 eum
1134 1308 1528 1372 circumdedit,
1555 1312 1621 1358 ut
1645 1307 1945 1359 verissime
1964 1306 2118 1356 dice-

514 1374 710 1442 retur:
764 1375 1006 1428 Caacitas
1043 1391 1114 1429 ex
1145 1383 1305 1442 parte
1338 1380 1398 1429 in
1423 1379 1597 1429 Israel
1622 1378 1773 1429 facta
1796 1382 1902 1437 est,
1931 1377 2116 1427 donec

515 1438 811 1502 plenitudo
836 1448 1096 1509 gentium
1120 1438 1355 1499 intraret
1380 1450 1552 1511 (Rom.
1578 1448 1703 1510 11.).
1735 1450 1802 1499 Et
1827 1446 1984 1505 illud,
2006 1449 2117 1496 Pu-

517 1512 665 1563 stula
692 1526 727 1565 a
749 1528 842 1567 me
867 1522 925 1568 et
950 1518 1098 1570 dabo
1124 1520 1222 1571 tibi
1240 1526 1441 1583 gentes
1456 1521 1854 1573 haereditatem
1872 1523 2118 1579 tuam,et

516 1586 947 1647 possessionem
988 1591 1147 1642 tuam
1194 1593 1473 1644 terminos
1521 1598 1688 1644 terrae
1730 1592 1892 1655 (Psat.
1920 1590 2022 1654 2.).
2048 1591 2115 1639 Ει

513 1662 732 1719 propter
777 1659 920 1709 hanc
966 1662 1027 1709 in
1065 1662 1239 1711 altum
1280 1664 1568 1727 regredere.
1606 1664 1780 1723 Idest,
1807 1667 1865 1715 et
1888 1666 2117 1727 propter

513 1728 662 1779 hanc
687 1733 1187 1796 congregationem
1213 1736 1514 1798 regredere
1538 1735 1597 1786 in
1620 1736 1798 1787 altum
1819 1750 1831 1785 :
1852 1735 2004 1798 quod
2030 1747 2115 1785 re-

517 1802 804 1863 surgendo
829 1808 887 1854 et
908 1806 963 1855 in
984 1806 1279 1857 excelsum
1295 1807 1663 1858 ascendendo
1682 1807 1885 1858 fecisse
1902 1805 2112 1857 intelli-

515 1871 685 1935 gitur.
704 1873 789 1924 Ita
813 1875 965 1925 enim
992 1876 1343 1939 gloriﬁcatus
1369 1877 1528 1928 dedit
1554 1878 1825 1941 Spiritum
1839 1879 2112 1927 Sanctum

515 1942 615 2005 qui
637 1948 770 1995 ante
793 1946 1262 2008 gloriﬁcationem
1287 1949 1414 2013 ejus
1439 1950 1561 2000 dari
1584 1962 1699 2000 non
1724 1952 1939 2012 posset,
1969 1950 2117 2000 sicut

515 2013 576 2065 in
603 2016 910 2079 Evangelia
935 2020 1190 2082 positum
1215 2024 1304 2071 est
1330 2035 1343 2071 :
1375 2021 1618 2085 Spiritus
1642 2025 1837 2072 autem
1864 2021 2116 2071 nondum

515 2090 637 2137 erat
674 2087 864 2149 datus,
902 2091 1039 2152 quia
1072 2092 1244 2143 Jesus
1268 2093 1527 2144 nondum
1555 2093 1741 2143 fuerat
1765 2092 2116 2155 gloriﬁcatus

517 2157 650 2239 (Act.
691 2156 786 2221 2.).
830 2161 1149 2239 Regressus
1174 2164 1405 2239 ergoin
1419 2164 1602 2239 altum
1631 2170 1860 2239 propter
1880 2176 2119 2227 congre-

516 2230 809 2310 gationem
836 2231 1176 2310 populorum
1201 2235 1359 2310 misit
1385 2236 1667 2310 Spiritum
1685 2236 1976 2310 Sanctum,
2003 2247 2118 2298 quo

517 2300 737 2364 impleti
796 2303 1201 2366 praedicatores
1252 2306 1544 2371 Evangelii
1591 2307 1789 2358 orbem
1840 2309 2120 2358 terrarum

522 2372 792 2442 Ecclesiis
815 2374 1200 2439 impleverunt
1229 2379 1358 2442 (Act.
1390 2378 1479 2438 1.).

582 2441 634 2495 9.
662 2445 731 2494 Et
754 2445 891 2507 quia
919 2447 1023 2509 (Ea:
1050 2449 1373 2511 Augustino)
1393 2449 1525 2500 inde
1550 2453 1831 2501 venturus
1856 2453 1944 2500 est
1964 2448 2123 2511 judi-

519 2526 650 2594 care
672 2516 838 2594 vivos
864 2522 926 2594 et
944 2524 1221 2594 mortuos,
1239 2526 1389 2594 recte
1421 2523 1544 2583 subj
1556 2522 1791 2594 ungitur
1815 2535 1827 2571 :
1854 2522 2122 2570 Dominus

512 2584 730 2655 judicat
760 2589 1003 2651 populos.
1031 2590 1169 2649 Quis
1195 2592 1491 2655 Dominus,
1520 2592 1633 2642 nisi
1658 2594 1832 2643 Jesus
1860 2592 2123 2642 Christus

524 2654 702 2718 (Joan,
732 2655 874 2717 13.)?
900 2661 1064 2710 Pater
1087 2661 1238 2712 enim
1264 2674 1383 2713 non
1403 2654 1626 2725 judicat
1641 2662 2124 2725 quemquam,sed

523 2737 697 2808 omne
740 2728 1034 2808 judicium.
1072 2731 1232 2808 dedit
1264 2734 1623 2808 Filio_(Joan.
1651 2733 1683 2787 5
1707 2735 1740 2808 )_.
1768 2736 1907 2808 Haec
1930 2739 2125 2785 autem

525 2801 724 2879 anima
749 2812 881 2879 quae
907 2801 1153 2879 perfecte
1169 2811 1310 2869 orat,
1337 2805 1468 2858 vide
1494 2806 1983 2879 quemadmodum
2007 2818 2125 2879 non

531 2871 731 2921 timeat
750 2871 953 2935 judicii
969 2874 1141 2939 diem,
1160 2881 1218 2927 et
1240 2891 1367 2927 vere
1385 2890 1585 2928 securo
1597 2877 1881 2928 desiderio
1897 2878 2050 2928 dicat
2066 2877 2127 2929 in

528 2941 798 3003 oratione,
826 2943 1109 2997 Adveniat
1132 2960 1377 3011 regnum
1398 2953 1566 2999 tuum
1592 2950 1797 3011 (Matth.
1817 2948 1909 3010 6.).
1925 2949 2127 2997 Judica

522 3026 606 3061 me
633 3012 1093 3076 (inquit)Domine
1112 3019 1691 3083 secundnmjustitiam
1712 3034 1907 3069 meam.
1935 3021 2001 3070 In
2026 3032 2125 3069 su-

524 3083 741 3146 periore
754 3085 974 3149 psalmo
986 3088 1252 3141 infirmus
1273 3090 1706 3156 deprecabatur,
1723 3093 2123 3140 misericordiam

520 3156 711 3220 potius
743 3158 1057 3222 implorans
1097 3162 1217 3226 Dei,
1257 3176 1430 3227 quam
1455 3175 1916 3215 commemorans
1941 3162 2126 3214 ullum

525 3228 799 3280 meritum
820 3244 1008 3283 suum.
1036 3235 1316 3295 Quoniam
1343 3236 1518 3286 Filius
1535 3236 1635 3285 Dei
1652 3239 1978 3298 peccatores
1992 3236 2128 3283 venit

2210 586 2525 636 stianorum
2578 596 2613 635 a
2658 581 3124 647 persecutoribus
3170 581 3356 632 Sancti
3405 580 3835 645 premebantur

2211 660 2341 720 (Act.
2375 656 2496 718 15.),
2523 655 2783 706 miranda
2806 654 3154 706 videbantur
3180 653 3566 715 hominibus,
3600 656 3665 703 et
3688 652 3834 717 dirigi

2209 728 2553 781 videbantur
2579 728 2769 778 Sancti
2787 726 2885 790 qui
2909 728 3068 776 tanta
3084 724 3195 789 pati
3214 728 3495 788 poterant
3511 737 3632 788 pro
3650 729 3833 772 nomine

2208 802 2239 851 J
2245 813 2348 851 esu
2370 799 2593 850 Christi.
2612 800 2773 849 Nunc
2786 800 3093 861 postquam
3110 797 3168 846 in
3184 798 3345 847 tanto
3362 796 3653 847 culmine
3673 811 3832 843 nomen

2210 871 2385 935 cmpit
2405 884 2532 921 esse
2557 870 2961 932 Christianum,
2990 868 3168 919 crevit
3191 867 3556 931 hypocrisis.
3574 866 3755 931 idest,
3780 869 3835 916 si-

2212 942 2477 1005 mulatio,
2508 953 2705 992 eorum
2731 940 2945 992 scilicet
2969 939 3070 1002 qui
3092 939 3321 990 nomine
3350 938 3712 989 Christiano
3738 952 3836 988 ma-

2213 1016 2340 1067 lunt
2370 1013 2701 1065 hominibus
2726 1012 2965 1077 placere,
2994 1023 3166 1074 quam
3195 1013 3330 1061 Deo.
3358 1009 3699 1072 Quomodo
3723 1023 3837 1073 ergo

2216 1086 2477 1150 dirigitur
2496 1086 2689 1147 justus
2707 1084 2762 1133 in
2777 1086 2933 1134 tanta
2943 1082 3279 1134 confusione
3292 1082 3735 1143 simulationis,
3754 1086 3834 1129 nisi

2215 1171 2346 1209 cum
2374 1160 2662 1208 scrutatur
2674 1155 2846 1206 corda
2861 1156 2916 1205 et
2932 1166 3100 1205 renes
3116 1155 3272 1204 Deus
3291 1168 3303 1203 :
3322 1154 3616 1205 omnium
3636 1153 3838 1217 c0gita-

2215 1230 2418 1290 tiones,
2445 1240 2576 1291 qua:
2598 1227 2831 1278 nomine
2855 1225 3042 1277 cordis
3067 1224 3405 1288 signiﬁcatus
3425 1228 3612 1289 sunt,
3629 1230 3690 1277 et
3715 1225 3837 1276 deie-

2214 1301 2495 1353 ctationes
2541 1312 2673 1363 quae
2698 1298 2929 1350 nomine
2960 1310 3165 1349 renum
3189 1296 3658 1360 intelliguntur?
3687 1298 3835 1347 Recte

2214 1373 2423 1436 quippe
2449 1371 2849 1435 temporalium
2861 1373 2919 1421 et
2931 1372 3281 1421 terrenarum
3304 1382 3511 1419 rerum
3538 1368 3835 1420 delectati-:1

2214 1445 2449 1495 renibus
2483 1442 2763 1505 tribuitur,
2803 1442 2935 1505 quia
2959 1446 3013 1492 et
3036 1442 3163 1505 ipsa
3186 1454 3318 1505 pars
3343 1446 3438 1491 est
3466 1440 3729 1492 inferior
3749 1440 3835 1491 ho-

2214 1516 2404 1579 minis,
2432 1520 2489 1567 et
2512 1527 2578 1565 ea
2593 1514 2748 1577 regio
2774 1519 2880 1573 est,
2908 1512 3007 1563 ubi
3033 1511 3277 1563 carnalis
3304 1512 3729 1575 generationis
3755 1525 3837 1562 vo-

2213 1588 2404 1651 luptas
2431 1587 2669 1645 habitat,
2696 1598 2795 1649 per
2825 1598 2997 1648 quam
3010 1584 3069 1634 in
3080 1584 3227 1635 hanc
3244 1596 3667 1635 aerumnosam
3680 1589 3737 1634 et
3754 1583 3837 1633 fui-

2213 1657 2352 1710 lacis
2385 1659 2600 1710 lmtitiae
2635 1658 2813 1708 vitam
2852 1670 2949 1720 per
2971 1655 3394 1706 successionem
3419 1656 3622 1719 prolis
3648 1659 3835 1706 natura

2213 1731 2467 1781 humana
2498 1728 2937 1780 transfunditur.
2978 1728 3251 1778 Scrutans
3278 1726 3412 1789 ergo
3439 1740 3552 1778 cor
3580 1732 3835 1777 nostrum

2214 1804 2393 1853 Deus:
2422 1804 2479 1852 et
2503 1800 2854 1865 prospiciens
2884 1799 2962 1849 ibi
2990 1811 3118 1850 esse
3143 1799 3239 1849 ubi
3263 1803 3352 1848 est
3379 1799 3718 1850 thesaurus
3746 1811 3832 1848 no.

2145 1879 2198 1954 B
2222 1878 2342 1954 ster
2376 1873 2586 1954 (Matt/2..
2627 1874 2718 1933 6.),
2764 1872 2928 1930 idest,
2956 1870 3017 1921 in
3040 1870 3198 1952 caelis
3222 1883 3235 1919 :
3263 1873 3550 1954 scrutans
3578 1876 3640 1920 et
3666 1882 3830 1949 renes.

2220 1951 2276 1997 et
2290 1944 2642 2009 prospiciens
2654 1956 2771 1995 non
2786 1955 2895 1993 nos
2912 1942 3275 2005 acquiescere
3291 1942 3450 1992 carni
3466 1947 3535 1993 et
3553 1942 3831 2003 sanguini,

2217 2018 2317 2069 sed
2342 2016 2608 2067 delectari
2630 2016 2690 2065 in
2712 2015 2983 2065 Domino:
3005 2013 3195 2077 dirigit
3205 2015 3431 2077 justum
3464 2014 3532 2063 in
3561 2014 3694 2076 ipsa
3712 2025 3829 2062 con-

2218 2088 2459 2140 scientia
2473 2100 2661 2138 coram
2685 2100 2764 2148 se,
2783 2087 2880 2137 ubi
2900 2085 3095 2136 nullus
3112 2085 3408 2136 hominum
3424 2086 3621 2144 videt,
3638 2085 3741 2135 sed
3761 2097 3832 2134 so-

2219 2161 2311 2212 lus
2359 2160 2456 2210 ille
2502 2160 2599 2222 qui
2623 2159 2643 2187 "
2681 2158 2956 2222 prospicit
2997 2157 3132 2221 quid
3159 2157 3404 2220 quisque
3432 2158 3685 2220 cogitet,
3714 2157 3827 2219 quid

2219 2243 2508 2296 quemque
2533 2230 2793 2281 delectet.
2821 2229 2977 2279 Finis
2993 2229 3149 2279 enim
3184 2240 3339 2279 curm
3368 2228 3693 2279 delectatio
3722 2232 3827 2278 est:

2217 2304 2353 2367 quia
2383 2315 2448 2353 eo
2472 2302 2718 2365 quisque
2741 2302 2895 2351 curis
2912 2300 3426 2364 etcogitationibus
3439 2301 3678 2363 nititur,
3694 2304 3755 2350 ut
3769 2298 3827 2348 ad

2222 2388 2388 2426 suam
2400 2374 2837 2425 delectationem
2850 2373 3160 2437 perveniat.
3175 2372 3343 2422 Videt
3355 2372 3544 2435 igitur
3561 2383 3734 2423 curas
3753 2386 3825 2418 no-

2223 2451 2390 2507 stras,
2406 2446 2505 2509 qui
2532 2446 2816 2496 scrutatur
2832 2457 2953 2495 cor:
2971 2443 3335 2495 videtautem
3352 2444 3539 2494 ﬁnem
3570 2443 3680 2507 [Αι.
3694 2440 3820 2503 fines)

2223 2530 2506 2579 curarum,
2534 2517 2699 2575 idest,
2727 2515 3152 2574 delectationes,
3179 2515 3277 2578 qui
3304 2518 3611 2566 scrutatur
3633 2526 3821 2565 renes:

2220 2594 2286 2640 ut
2298 2602 2429 2640 cum
2446 2588 2732 2640 invenerit
2741 2600 2858 2638 non
2870 2587 2941 2637 ad
2958 2587 3487 2651 concupiscentiam
3502 2586 3717 2647 carnis,
3737 2598 3818 2635 ne-

2224 2674 2335 2723 que
2359 2662 2430 2712 ad
2456 2658 2979 2723 concupiscentiam
3005 2657 3320 2719 oculorum,
3340 2670 3541 2721 neque
3564 2657 3639 2709 ad
3656 2656 3819 2708 ambi-

2223 2734 2433 2783 tionem
2460 2732 2655 2782 saaculi
2687 2734 2835 2793 (qua)
2860 2730 3053 2781 omnia
3081 2734 3379 2781 transeunt
3403 2735 3695 2792 tanquam
3707 2739 3819 2778 um-

2224 2804 2349 2865 bra)
2399 2802 2655 2853 inclinari
2703 2814 2873 2852 curas
2921 2805 3169 2863 nostras,
3212 2802 3371 2853 seda
3402 2801 3623 2865 gaudia
3648 2810 3817 2851 rerum

2225 2878 2571 2928 eeternarum
2597 2874 2822 2925 sustolli
2847 2886 2980 2936 (Ῑυω
3005 2874 3165 2925 nulla
3201 2874 3663 2925 commutatione
3686 2884 3704 2905 ο
3737 2883 3821 2920 va-

2224 2949 2460 3009 riantur,
2495 2945 2702 3009 dirigat
2720 2946 2945 3007 justum
2964 2946 3227 2996 scrutaris
3239 2945 3409 2995 corda
3428 2950 3490 2996 et
3507 2956 3677 2995 renes
3691 2946 3815 2991 Deus.

2225 3020 2408 3083 Opera
2446 3018 2598 3068 enim
2637 3023 2836 3069 nostra
2865 3029 2998 3079 quae
3024 3017 3191 3068 factis
3223 3021 3281 3068 et
3312 3017 3486 3067 dictis
3512 3025 3816 3081 operemur,

2226 3093 2474 3154 possunt
2496 3102 2623 3139 esse
2644 3095 2778 3140 nota
2800 3089 3165 3140 hominibus:
3203 3088 3305 3139 sed
3332 3101 3445 3151 quo
3472 3090 3676 3140 animo
3700 3086 3816 3135 ﬁant

2226 3166 2284 3213 et
2309 3174 2423 3225 quo
2458 3158 2570 3227 37
2619 3173 2720 3224 per
2746 3161 2843 3212 illa
2866 3160 3165 3225 pervenire
3192 3160 3519 3225 cupiamus,
3556 3159 3710 3211 solus
3740 3156 3812 3206 ille

2224 3233 2406 3294 novit,
2436 3232 2534 3294 qui
2560 3234 2849 3283 scrutatur
2878 3231 3051 3282 corda
3084 3233 3141 3283 et
3163 3242 3330 3282 renes
3353 3232 3533 3282 Deus.

526 3312 732 3351 vocare
757 3301 1238 3373 inpcenitentiam
1260 3307 1402 3368 (Luc.
1423 3297 1817 3368 5.),itaqueibi
1835 3305 2000 3369 dixit,
2014 3308 2124 3353 Sul-
2152 3297 2203 3373 α
2294 3304 2379 3357 11.
2414 3306 2481 3354 Et
2525 3304 2662 3367 quia
2692 3304 2841 3354 hanc
2880 3303 3254 3355 directionem
3290 3302 3478 3354 cordis
3516 3304 3629 3354 iste
3647 3301 3815 3373 justus

530 3383 670 3423 vum
696 3384 790 3423 me
815 3372 899 3423 fac
925 3380 1153 3438 propter
1176 3377 1628 3427 misericordiam
1654 3376 2126 3438 tuam,idestnon

530 3446 762 3506 propter
785 3444 1055 3497 meritum
1069 3459 1283 3498 meum.
1300 3450 1467 3499 Nunc
1479 3453 1675 3498 autem
1690 3448 1963 3509 quoniam
1976 3460 2137 3499 voca-

530 3516 625 3582 tus
656 3514 853 3574 tenuit,
882 3518 941 3566 et
966 3518 1225 3569 servavit
1248 3524 1539 3582 praecepta
1565 3530 1696 3580 quae
1711 3520 1950 3582 accepit,
1963 3521 2139 3575 audet

529 3581 718 3633 dicere
734 3582 934 3633 Judica
958 3601 1040 3635 me
1062 3589 1361 3637 secundum
1378 3581 1656 3651 justitiam
1669 3581 1866 3651 meam,
1890 3594 1935 3637 et
1958 3605 2141 3640 secun-

533 3652 669 3702 dum
692 3653 1067 3706 innocentiam
1092 3674 1271 3707 meam
1294 3676 1456 3724 super
1476 3675 1577 3712 me.
1593 3660 1693 3711 Illa
1715 3665 1805 3711 est
1830 3673 1964 3711 vera
1984 3662 2142 3713 inno-

534 3725 741 3789 centia,
769 3739 901 3790 qua:
926 3742 1033 3780 nec
1062 3730 1294 3783 inimico
1319 3738 1505 3783 nocet.
1524 3733 1723 3795 Itaque
1750 3744 1812 3782 se
1829 3733 1975 3783 bene
1982 3734 2139 3795 judi-

540 3798 655 3849 cari
682 3800 936 3862 postulat
962 3802 1281 3854 secundum
1300 3804 1701 3865 innocentiam,
1716 3804 1815 3867 qui
1830 3817 1963 3855 vere
1978 3808 2142 3861 dicere

532 3870 719 3934 potuit
750 3885 765 3921 :
810 3872 867 3922 Si
910 3873 1131 3924 reddidi
1158 3872 1273 3942 36
1301 3875 1747 3927 retribuentibus
1785 3876 1927 3926 mihi
1961 3876 2133 3931 mala.

547 3942 708 4004 Quod
743 3948 937 3996 autem
964 3945 1142 4011 addit,
1171 3947 1346 4011 Super
1374 3963 1472 4010 me,
1508 3961 1625 3999 non
1651 3948 1723 3999 ad
1747 3948 2142 3999 innocentiam

541 4016 895 4079 tantum,sed
914 4016 985 4068 ad
990 4018 1276 4081 justitiam
1302 4031 1530 4081 quoque
1549 4019 1845 4071 subaudiri
1862 4022 2143 4082 potest,ut

532 4086 643 4137 iste
665 4087 740 4138 sit
757 4100 992 4139 sensus:
1016 4089 1220 4143 Judica
1240 4102 1352 4152 me,
1372 4091 1629 4154 Domine,
1646 4090 1965 4142 secundum
1975 4090 2144 4153 justi-

539 4158 675 4209 tiam
709 4171 919 4222 meam,
952 4165 1009 4211 et
1025 4162 1343 4212 secundum
1366 4162 1760 4213 innocentiam
1783 4173 1989 4221 meam,
2009 4173 2143 4223 quas

521 4228 818 4291 justitiaet
838 4230 1165 4283 innocentia
1188 4245 1360 4296 super
1371 4246 1464 4284 me
1486 4235 1589 4285 est.
1605 4236 1728 4295 Quo
1752 4232 2141 4284 additamento

533 4300 893 4353 demonstrat
913 4303 1166 4366 idipsum
1190 4304 1346 4367 quod
1380 4305 1575 4355 anima
1599 4306 1761 4367 justa
1783 4307 1870 4355 est
1891 4310 1948 4356 et
1975 4304 2142 4355 inno-

533 4381 690 4435 cens,
717 4387 836 4426 non
860 4388 960 4440 per
984 4388 1047 4426 se
1069 4375 1298 4437 habere,
1338 4376 1439 4427 sed
1464 4389 1563 4439 per
1589 4375 1967 4427 illustrantem
1992 4380 2049 4427 et
2074 4376 2141 4427 il-

531 4445 913 4499 luminantem
936 4447 1268 4499 Dominum.
1295 4448 1440 4499 Hinc
1463 4449 1713 4500 Jacobus
1736 4449 1832 4512 ait,
1856 4462 2025 4501 omne
2041 4448 2141 4501 da-

536 4524 661 4570 tum
684 4520 985 4583 optimum,
1004 4524 1063 4572 et
1079 4533 1249 4572 omne
1261 4519 1479 4571 donum
1497 4521 1811 4584 perfectum
1829 4521 2139 4573 desursum

534 4595 639 4652 est,
675 4590 1030 4643 descendens
1079 4604 1114 4642 a
1152 4594 1316 4644 Patre
1347 4592 1634 4644 luminum
1664 4593 1855 4655 (Jacob.
1885 4593 1973 4655 1.).
2011 4596 2139 4656 Ipse

2240 3376 2490 3427 habebat
2523 3388 2620 3439 per
2643 3375 2966 3434 Dominum,
2994 3379 3143 3426 recte
3171 3368 3815 3438 subjungitzJustumud-

2230 3447 2503 3511 Jutorium
2550 3461 2729 3494 meum
2771 3461 2806 3495 a
2852 3446 3115 3504 Domino,
3169 3446 3266 3509 qui
3299 3446 3469 3494 salvos
3512 3445 3646 3509 facit
3679 3445 3815 3489 rectos

2240 3518 2413 3579 corde,
2460 3519 2583 3568 Duo
2624 3521 2763 3568 sunt
2797 3518 2903 3578 (Ea:
2935 3518 3254 3580 Augustino)
3290 3517 3473 3567 officia
3501 3514 3814 3568 Medicinae:

2238 3602 2423 3640 unum
2451 3601 2565 3652 quo
2588 3592 2824 3640 sanatur
2848 3589 3172 3651 infirmitas,
3199 3589 3441 3639 alterum
3474 3601 3596 3652 quo
3622 3584 3813 3638 sanitas

2241 3661 2579 3713 custoditur.
2605 3663 2784 3712 Juxta
2807 3660 2947 3712 illud
2968 3662 3214 3724 primum
3230 3660 3448 3712 dictum
3472 3665 3566 3712 est
3589 3660 3648 3709 in
3672 3666 3816 3718 supe—

2240 3733 2373 3784 riori
2397 3732 2635 3796 psalmo,
2673 3734 2938 3784 Miserere
2961 3732 3091 3795 mei,
3126 3733 3357 3783 Domine
3381 3733 3655 3795 quoniam
3679 3726 3812 3779 inﬁr-

2239 3817 2374 3856 mus
2406 3818 2548 3854 sum
2578 3804 2737 3865 (Psat.
2778 3804 2867 3867 6.).
2894 3806 3072 3855 Juxta
3086 3803 3195 3855 hoc
3218 3804 3462 3856 alterum
3486 3804 3602 3855 hoc
3625 3798 3813 3867 psalmo

2242 3876 2466 3928 dicitur.
2481 3876 2537 3927 Si
2565 3881 2654 3927 est
2675 3866 2995 3939 iniquititas
3020 3876 3076 3926 in
3089 3877 3355 3926 manibus
3372 3876 3541 3936 meis,
3563 3875 3609 3926 si
3623 3866 3812 3939 reddidi

2240 3948 2694 3999 retribuentibus
2719 3948 2858 3998 mihi
2883 3946 3048 4003 mala,
3077 3947 3336 3998 decidam
3360 3961 3493 4012 ergo
3515 3938 3811 3999 abinimicis

2242 4020 2388 4070 meis
2410 4020 2623 4071 inanis:
2650 4020 2728 4070 ibi
2756 4019 2906 4072 enim
2925 4019 3188 4070 infirmus
3213 4024 3279 4070 ut
3299 4018 3588 4070 liberetur.
3610 4017 3696 4068 hic
3713 4015 3810 4075 jam

2244 4103 2419 4141 sanus
2467 4104 2538 4142 ne
2584 4095 3000 4154 corrumpatur,
3050 4092 3190 4142 orat.
3228 4092 3406 4142 Juxta
3440 4090 3581 4143 illud
3606 4087 3681 4139 ibi
3700 4081 3812 4136 dici-

2243 4168 2352 4222 tur,
2384 4163 2617 4214 Salvum
2639 4176 2732 4213 me
2758 4163 2863 4224 fac,
2893 4163 3151 4223 Domine,
3178 4162 3497 4213 secundum
3519 4157 3809 4213 misericor-

2242 4235 2394 4285 diam
2423 4238 2598 4284 tuam.
2625 4235 2805 4285 Juxta
2827 4233 2984 4284 istud
3011 4234 3102 4285 hic
3130 4234 3352 4286 dicitur.
3378 4234 3577 4284 Judica
3601 4246 3695 4289 me,
3730 4226 3811 4275 DO-

2240 4307 2405 4365 mine,
2432 4306 2728 4355 secundum
2745 4305 3019 4368 justitiam
3042 4320 3235 4365 meam,
3262 4306 3342 4356 Ibi
3368 4306 3519 4356 enim
3546 4308 3601 4357 et
3623 4299 3808 4374 81110τῖῖο

2239 4377 2464 4439 evadat,
2504 4378 2850 4428 remedium:
2898 4377 2989 4427 hic
3017 4382 3210 4427 autem
3248 4390 3322 4428 ne
3345 4377 3402 4427 in
3425 4377 3678 4428 morbam
3698 4378 3810 4420 reei-

2241 4449 2356 4511 dat,
2384 4449 2687 4501 tuitionem
2706 4450 2864 4512 petit.
2885 4450 3063 4500 Juxta
3088 4447 3227 4499 illud
3254 4448 3479 4511 dicitur,
3496 4447 3717 4500 Salvum
3739 4447 3809 4488 me

2240 4521 2330 4572 fac
2355 4526 2583 4585 propter
2607 4520 3060 4571 misericordiam
3083 4524 3261 4571 tuam.
3288 4522 3464 4571 Juxta
3486 4520 3593 4571 hoc
3617 4514 3806 4586 dicitut.

2238 4584 2453 4641 Justum
2479 4593 2818 4657 adjutor‘ium
2844 4607 3023 4641 meum
3047 4608 3083 4639 a
3106 4592 3357 4649 Domino,
3401 4592 3498 4655 qui
3519 4590 3683 4640 salvos
3703 4584 3809 4657 fuit”

534 4651 634 4713 est
649 4662 800 4745 enim
825 4662 927 4745 lux
951 4676 1103 4745 vera,
1132 4677 1264 4727 quae
1297 4664 1582 4745 illuminat
1595 4651 1826 4745 omnem
1840 4651 2135 4717 hominem
2162 4670 2222 4745 D
2248 4671 2409 4713 rectos
2433 4651 2605 4745 corde.
2634 4667 2702 4716 Et
2724 4664 2819 4745 illa
2841 4664 2993 4745 cnim
3022 4668 3078 4715 et
3101 4664 3214 4714 ista
3240 4651 3430 4745 salvos
3454 4663 3601 4744 facit.
3615 4655 3717 4742 Sed
3738 4651 3807 4701 illa

536 4733 863 4784 venientem
899 4736 959 4785 in
983 4734 1138 4785 hunc
1164 4737 1445 4787 mundum
1470 4737 1649 4800 (Joan.
1678 4736 1767 4799 1.).

599 4804 683 4858 10.
720 4805 933 4856 Deinde
955 4807 1062 4867 (Ea:
1088 4807 1412 4872 Augustino)
1438 4808 1565 4871 subj
1575 4807 1740 4871 ungit
1754 4808 1825 4858 de
1837 4809 2141 4872 peccatori-

538 4876 667 4938 bus,
685 4876 1353 4942 Consummeturnequttia
1370 4886 1727 4944 peccatorum.
1743 4880 1983 4931 Videtur
1996 4891 2147 4933 CON-

545 4958 833 5001 SUMMATA
848 4961 1136 5012 NEQUITIA
1150 4950 1469 5016 hominum,
1482 4952 1581 5015 qui
1594 4954 1948 5000 cruciﬁxerunt
1965 4952 2146 5002 Filium
2186 4972 2189 4973 ν

542 5020 644 5071 Dei
695 5020 873 5085 (Hebr.
924 5020 1024 5085 10.)
1057 5036 1069 5072 :
1107 5022 1208 5073 sed
1234 5035 1433 5075 eorum
1460 5033 1655 5074 Μωοῃ
1683 5026 1788 5082 est,
1819 5024 1917 5085 qui
1947 5024 2151 5076 nolunt

540 5097 692 5144 recte
720 5094 913 5145 vivere
937 5097 994 5145 et
1017 5094 1263 5146 oderunt
1288 5098 1573 5158 praecepta
1597 5093 1871 5154 veritatis,
1899 5107 1999 5158 pro
2025 5096 2150 5159 qui-

543 5164 651 5216 bus
677 5165 988 5217 cruciﬂxus
1013 5170 1105 5217 est
1130 5165 1305 5217 Filius
1325 5166 1448 5217 Dei.
1477 5166 1894 5215 Consummatur
1916 5170 2153 5231 crgo,in-

542 5237 683 5299 quit,
706 5238 953 5301 nequitia
976 5242 1339 5301 peccatorum:
1359 5237 1525 5302 idest,
1540 5250 1638 5301 per
1648 5238 1906 5289 veniatur
1917 5239 1989 5290 ad
2003 5253 2154 5292 sum-

543 5320 699 5359 mam
725 5309 1061 5373 nequitiam,
1088 5314 1155 5361 ut
1178 5309 1361 5372 possit
1382 5308 1501 5372 jam
1518 5311 1745 5373 justum
1771 5311 1967 5363 venire
1990 5312 2150 5374 judi-

544 5380 717 5432 cium.
737 5382 845 5432 Sed
869 5381 1144 5445 quoniam
1168 5393 1285 5431 non
1311 5381 1501 5431 solum
1518 5381 1735 5433 dictum
1749 5387 1856 5445 est,
1878 5383 2152 5436 Sordidus

548 5454 841 5506 sordescat
863 5454 1052 5505 adhuc
1074 5468 1085 5503 :
1098 5452 1197 5503 sed
1212 5452 1402 5504 etiam.
1418 5456 1442 5504 J
1452 5455 1621 5505 ustus
1633 5455 1651 5518 j
1662 5454 1843 5505 ustior
1856 5455 1954 5506 iiat
1966 5455 2026 5518 (A
2036 5471 2149 5519 poc.

548 5523 654 5591 ⁸22.)
688 5526 983 5578 :annectit
1020 5526 1077 5575 et
1109 5524 1260 5575 dicit.
1307 5525 1375 5574 Et
1408 5526 1605 5590 dirigas
1635 5526 1864 5589 justum,
1904 5534 2156 5576 scrutans

540 5598 706 5648 corda
738 5602 785 5647 ct
820 5612 972 5647 renes
1007 5598 1165 5647 Deus.
1211 5598 1508 5659 Quomodo
1540 5602 1728 5663 potest
1752 5597 1917 5662 dirigi
1937 5598 2153 5663 justus,

609 5776 624 5795 '
651 5765 939 5831 Vulgatus
965 5766 1351 5832 Augustinus,
1371 5766 1598 5827 Quando
1618 5782 1718 5832 per
1740 5766 1839 5817 illa
1854 5781 1971 5831 quae
1996 5767 2155 5818 initio

551 5842 872 5904 temporum,
899 5843 1006 5889 etc.

611 5909 635 5939 ι’
661 5908 832 5972 Apud
860 5910 1126 5972 eundem,
1149 5912 1246 5974 qui
1268 5910 1538 5975 perspicit.

624 5989 645 6011 ο
670 5981 874 6033 Denuo
896 5981 1050 6045 apud
1074 5983 1345 6036 eumdem
1363 5983 1658 6036 violantur.
1674 5983 1891 6037 Caetera
1905 5983 1975 6036 de
1991 5982 2166 6037 verbo

2248 4751 2320 4788 ex
2338 4736 2680 4801 aegritudine
2715 4736 2787 4787 ad
2820 4736 3064 4787 salutem
3083 4735 3368 4799 transfert,
3402 4732 3721 4801 hmcinipsa
3738 4736 3809 4772 Sa-

2238 4802 2361 4861 lute
2395 4798 2720 4860 conservat.
2748 4808 2828 4858 Ibi
2861 4808 3051 4869 itaque
3090 4798 3410 4858 misericors
3440 4811 3528 4857 est
3549 4798 3807 4857 auxilium,

2247 4882 2382 4945 quia
2413 4880 2636 4931 nullum
2670 4880 2844 4931 habet
2876 4868 3151 4929 meritum
3196 4884 3470 4938 peccator,
3511 4876 3606 4940 qui
3649 4868 3803 4945 adhu?

2244 4939 2547 5018 justiﬁcari
2589 4952 2890 5005 desiderat,
2922 4950 3161 5001 credens
3195 4950 3255 5001 in
3278 4962 3413 5001 eum
3438 4939 3538 5012 qui
3557 4939 3804 5018 justiﬁes!

2246 5010 2488 5089 impium
2522 5024 2689 5087 (Rom.
2726 5023 2816 5084 4.).
2846 5022 2949 5073 Hic
2975 5026 3170 5073 autem
3188 5022 3412 5085 justum
3434 5010 3698 5072 auxilium
3720 5010 3802 5089 est;

2250 5086 2387 5159 quia
2404 5086 2531 5160 jam
2544 5098 2702 5159 justo
2715 5094 3001 5146 tribuitur.
3027 5094 3189 5145 Dicet
3204 5106 3339 5156 ergo
3364 5093 3441 5144 ibi
3459 5091 3715 5157 peccator,
3728 5086 3801 5160 fit“

2252 5159 2429 5220 dixit:
2446 5168 2717 5218 Inﬁrmus
2740 5180 2890 5230 sum,
2914 5166 3141 5218 salvum
3154 5179 3245 5217 me
3262 5166 3365 5225 fac,
3380 5159 3802 5226 Domine,secunj

2255 5241 2392 5291 dum
2421 5240 2864 5291 misericordiam
2904 5243 3090 5290 tuam:
3133 5243 3192 5289 et
3220 5238 3373 5289 dicat
3407 5237 3499 5287 his
3515 5237 3705 5300 justus,
3727 5230 3799 5284 ίῐυι

2256 5312 2421 5373 dixit,
2448 5312 2502 5364 Si
2547 5312 2767 5363 reddidi
2801 5310 3249 5362 retribuentibus
3287 5309 3428 5360 mihi
3451 5300 3797 5373 malaJustum

2256 5370 2535 5435 auxilium
2571 5399 2747 5432 meum
2792 5399 2825 5431 a
2867 5382 3119 5442 Domino,
3165 5382 3263 5445 qui
3305 5380 3474 5429 salvos
3516 5376 3637 5442 facit
3676 5370 3800 5444 reclO-‘i

2256 5457 2423 5506 corde.
2443 5456 2497 5507 Si
2525 5456 2682 5507 enim
2710 5454 3053 5507 medicinam
3075 5454 3323 5515 exhibet,
3350 5465 3460 5516 qua
3485 5446 3796 5516 sanemurm:

2257 5528 2423 5589 ﬁrmi,
2470 5532 2685 5590 quanto
2722 5527 2907 5589 magis
2933 5526 2954 5554 τι
2987 5538 3141 5577 nunc
3174 5513 3444 5587 cumq—ua
3467 5513 3797 5590 custodia_1_n‘fr

2258 5582 2423 5651 sani?
2452 5582 2732 5662 Quoniam
2768 5582 2848 5662 si,
2872 5610 3003 5648 cum
3030 5582 3645 5661 peccatores-essemus,
3676 5582 3795 5634 Chr"

2257 5767 2329 5821 ad
2356 5768 2593 5820 verbum
2619 5769 2823 5819 Noster
2845 5766 3130 5818 describit.

2321 5818 2343 5869 ³
2372 5818 2725 5892 Dedundare
2759 5818 2883 5891 hcic
2906 5838 3134 5892 videtur
3158 5853 3306 5888 nunc
3328 5836 3543 5902 vocula,
3567 5842 3661 5887 nec
3681 5818 3792 5875 certe

2259 5912 2502 5966 habetur
2523 5913 2677 5978 apud
2701 5912 3112 5977 Augustinum.
