3900 6392
44 329 173 385 673

1086 329 1162 380 IN
1195 329 1521 383 PSALMOS
1553 328 1761 382 LXXV
1790 325 2371 386 COMMENTARIUS.

3281 353 3387 412 674

48 447 343 534 stunsApr-p
360 438 535 534 nobis
550 442 1691 534 fs:tnima:gilsnnunqju:
1712 449 1767 521 Α
1795 455 1982 506 neque
2007 444 2209 534 virtus,
2260 458 2451 534 neque
2491 447 2754 534 altitudo,
2794 464 2982 518 neque
3016 460 3384 534 profundum,

50 513 320 565 stiﬁcati
360 511 504 563 salvi
547 512 760 563 erimus
791 513 863 563 ab
895 512 979 563 ira
1011 525 1110 575 per
1153 514 1342 577 ipsum
1369 515 1536 576 (Rom.
1569 513 1639 577 5.)
1664 518 1691 566 ‘I

51 586 315 635 Justu-m
342 582 627 632 auxilium
663 598 843 632 meum
867 598 902 632 a
938 583 1194 645 Domino,
1231 583 1329 648 qui
1364 584 1536 634 salvos
1558 586 1690 648 facit

50 662 241 705 rectos
270 654 447 706 corde.

126 725 231 781 12.
269 725 486 777 Deinde
522 725 588 776 ut
605 724 942 776 studeamus
959 726 1217 778 converti
1247 725 1321 777 ad
1358 727 1688 788 Dominum,

54 804 124 850 et
164 811 313 849 esse
330 797 471 848 recti
497 796 685 861 corde,
717 798 1085 848 commendat
1106 797 1275 848 nobis
1291 810 1456 849 suam
1472 800 1692 863 patien-

56 871 243 931 tiam,
284 874 345 920 et
368 869 621 919 minatur
656 868 726 918 de
758 868 996 933 judicio,
1034 868 1292 919 subdens
1322 887 1332 917 :
1358 871 1497 918 Deus
1517 870 1691 933 judea:

47 942 282 1005 justus,
319 940 494 1002 fortis,
533 944 578 987 et
608 939 836 1002 patiens,
878 939 1134 1001 nunquid
1172 939 1428 988 irascitur
1444 955 1544 1004 per
1574 941 1691 989 sin-

55 1010 234 1075 gulos
260 1011 410 1059 dies?
435 1009 574 1071 Quis
597 1008 933 1073 Deusjudex
952 1009 1062 1071 (Ea:
1077 1009 1417 1073 Augustino),
1442 1012 1554 1061 nisi
1579 1013 1693 1063 D0-

57 1085 304 1146 minus,
333 1081 433 1145 qui
451 1080 675 1144 judicat
690 1079 938 1145 populos
956 1084 978 1129 ?
993 1083 1111 1132 Iste
1136 1082 1353 1145 justus,
1375 1082 1472 1145 qui
1495 1082 1694 1135 reddet

60 1154 406 1216 unicuique
437 1151 760 1203 secundum
807 1163 979 1215 Opera
1013 1164 1119 1202 sua
1146 1152 1358 1215 (Matth.
1414 1152 1538 1215 16.).
1565 1155 1693 1217 Ipse

62 1225 271 1288 fortis,
293 1223 585 1287 quietiam
613 1226 1012 1286 persecutores
1028 1222 1255 1286 impios,
1274 1236 1407 1273 cum
1423 1224 1499 1275 sit
1513 1231 1693 1284 poten-

59 1296 376 1358 tissimus,
404 1307 501 1359 pro
538 1297 735 1345 nostra
771 1294 960 1345 salute
984 1294 1265 1345 toleravit.
1297 1296 1427 1358 Ipse
1450 1296 1691 1360 patiens,

61 1369 179 1432 qui
206 1367 388 1419 etiam
407 1368 567 1430 ipsos
591 1366 689 1429 qui
726 1366 1014 1429 persecuti
1040 1370 1196 1428 sunt,
1214 1379 1329 1417 non
1353 1367 1547 1418 statim
1563 1373 1695 1431 post

63 1440 567 1493 resurrectionem
592 1438 666 1489 ad
682 1437 1026 1501 supplicium
1041 1438 1252 1501 rapuit,
1267 1437 1369 1488 sed
1388 1439 1661 1490 sustinuit
1678 1456 1689 1487 :

64 1516 140 1564 ut
157 1524 228 1562 se
268 1510 578 1573 aliquando
607 1509 680 1559 ad
702 1510 948 1561 salutem
975 1510 1049 1560 ab
1071 1509 1168 1560 illa
1181 1510 1471 1573 impietate
1487 1525 1695 1558 conver-

68 1587 297 1643 terent,
344 1586 401 1633 et
441 1580 631 1632 adhuc
662 1580 931 1643 sustinet,
976 1592 1216 1632 servans
1258 1581 1695 1644 ultimojudicio

66 1655 359 1707 ultimam
384 1665 636 1718 pinnam,
664 1654 720 1703 et
742 1665 900 1702 nunc
924 1664 1110 1714 usque
1132 1652 1386 1703 invitans
1415 1660 1693 1712 peccatores

69 1728 151 1779 ad
180 1726 587 1791 paenitentiam
629 1725 832 1787 (Matth.
862 1723 910 1776 4.
943 1729 989 1772 et
1013 1722 1139 1787 11.),
1160 1736 1277 1774 non
1313 1724 1567 1774 irascens
1592 1736 1693 1788 per

72 1797 355 1863 singulos
367 1798 511 1858 dies,
522 1808 628 1846 nec
639 1795 711 1846 ad
728 1794 1043 1847 vindictam
1060 1806 1416 1858 congregans
1432 1796 1694 1843 ministros

1796 526 1980 595 neque
2015 521 2273 595 creatura
2304 517 2415 595 alia
2439 523 2645 595 poterit
2682 534 2790 573 nos
2816 517 3076 589 separare
3097 544 3132 582 a
3153 517 3387 591 caritate

1789 587 1920 672 Rei,
1937 597 2066 672 quae
2084 587 2426 672 ‘e‘stichrist‘o‘
2448 592 2480 640 J
2485 604 2589 642 esu
2613 594 2856 646 Domino
2871 587 3070 652 nostro
3094 603 3265 666 (Rom.
3281 587 3386 672 ἐξ).

1790 657 1880 707 Sic
1901 656 2502 737 ardentibussagittas
2527 676 2663 737 suas
2690 673 2960 729 operatus
2983 656 3181 727 estfln
3202 656 3388 729 eiseis

1791 729 2216 792 exemplaribus
2239 730 2322 781 ita
2350 733 2646 785 invenitur
2662 750 2674 786 ε
2689 738 2926 800 Sagittas
2936 756 3064 792 suas
3075 747 3389 801 ardentibus

1791 804 2040 874 ope-ratus
2064 806 2134 874 est
2149 814 2180 874 _:
2211 802 2415 874 Latina
2437 809 2630 856 autem
2668 808 2958 873 pleraque,
2979 812 3276 868 “Ardentes
3287 821 3391 874 ha-

1790 871 2083 953 b.cnt..lSed
2110 871 2396 953 siveipsae
2420 878 2647 940 sagittae
2662 871 2916 943 ardeant,
2945 871 3069 937 Sive
3098 890 3297 944 ardere
3309 871 3390 942 ta-

1956 942 2343 1028 (quodutique
2358 959 2475 1028 non
2490 953 2869 1028 p‘ossunt,nisi
2886 942 3096 1019 etipsee
3110 942 3364 1028 ardeant)

1789 1003 2011 1092 integer
2045 1003 2266 1065 sensus
2287 1020 2414 1092 est._
2430 1003 2539 1092 Sed
2558 1021 2709 1092 quia
2731 1003 2849 1073 non
2873 1003 3387 1092 s'agiiﬁsiafﬁi'u‘ﬁ’ii

1793 1083 1895 1162 sed
1911 1073 2084 1135 etiam
2102 1100 2229 1165 vasa
2250 1088 2440 1169 inertis
2461 1073 2672 1169 dicitin
2682 1073 3391 1169 arcum—Dremi—nu'mupar‘a‘:

1792 1166 1987 1234 visser.
2002 1162 2185 1234 quaeri
2209 1162 2415 1234 potest,
2432 1170 2565 1234 quae
2598 1162 2715 1234 sint
2739 1176 2878 1216 vasa
2896 1171 3099 1221 mortis
3116 1172 3142 1221 9
3160 1162 3253 1226 An
3268 1178 3393 1226 forte

1792 1223 2095 1306 haeretici?
2278 1229 2458 1306 etipsi
2483 1243 2555 1281 ex
2580 1233 2780 1285 eodem
2809 1248 2964 1302 arcu,
2986 1223 3253 1305 idestiex
3278 1223 3393 1298 eis;

1794 1296 1924 1370 dem
1953 1296 2258 1370 scripturis
2281 1299 2342 1370 in
2366 1302 2593 1370 animas
2616 1317 2734 1356 non
2766 1296 3003 1362 caritate
3024 1296 3393 1370 inflamman-

1794 1367 1861 1417 da
1872 1380 1918 1450 s,
1937 1368 2047 1450 sed.
2059 1368 2343 1450 veneno3
2353 1368 2404 1439 9
2413 1375 2772 1450 perimendas
2788 1378 3071 1434 insiliunt.
3098 1387 3261 1446 Quod
3275 1367 3394 1441 adn

1796 1441 2093 1524 contingit,
2120 1441 2234 1524 nisi
2275 1455 2376 1524 pro
2412 1445 2632 1524 meritis
2651 1461 2674 1524 :_
2690 1453 3000 1524 propterea
3025 1441 3239 1511 divinae
3262 1472 3395 1524 pro-

1795 1511 2068 1591 videntia:
2097 1513 2418 1593 etiam-ista
2447 1515 2763 1593 dispositio
2804 1511 3114 1593 tribuenda
3136 1534 3243 1593 est,
3262 1511 3393 1583 non

1796 1586 1930 1644 quia
1952 1586 2082 1663 ipsa.
2098 1590 2424 1663 peccatores
2440 1586 2593 1663 facit,
2607 1589 2707 1640 sed
2721 1591 2852 1652 quia
2864 1593 2988 1657 ipsa
2999 1586 3243 1663 ordinat,
3258 1614 3393 1654 cum

1795 1656 2167 1734 peccaverint.
2194 1656 2341 1734 Malo
2365 1658 2519 1734 enim
2544 1664 2678 1711 voto
2694 1674 2794 1734 per
2815 1656 3113 1725 peCcatum
3134 1656 3393 1734 legentes

1793 1726 1939 1775 male
1963 1729 2250 1804 coguntur
2263 1728 2610 1804 intelligere;
2630 1735 2695 1781 ut
2715 1732 2843 1795 ipsa
2867 1736 2942 1786 sit
2961 1750 3132 1799 poena
3146 1726 3393 1804 paccati:

1795 1808 2041 1859 quorum
2068 1802 2262 1876 tamen
2297 1804 2479 1876 morte
2514 1800 2612 1876 filii
2634 1804 2931 1857 catholica)
2957 1800 3244 1876 Ecclesiae,
3272 1816 3397 1866 tan-

75 1882 252 1922 suos.
274 1870 444 1946 Nunc
467 1870 630 1946 enim
643 1867 919 1931 patientia
933 1866 1036 1916 Dei
1051 1866 1124 1946 ad
1140 1868 1693 1946 paenitentiaminvi-
1709 1865 1763 1939 B
1793 1880 1969 1946 quam
1992 1869 2341 1946 quibusdam
2366 1871 2559 1946 spinis
2595 1885 2630 1923 a
2654 1886 2863 1927 somno
2880 1879 3218 1946 excitantur,
3234 1865 3301 1937 'et
3321 1865 3396 1939 ad

78 1946 187 2002 tat,
230 1941 441 1992 ultimo
468 1952 600 1992 vero
619 1943 874 2001 tempore
898 1950 1032 1988 cum
1059 1938 1169 1987 sibi
1184 1938 1449 1988 homines
1467 1944 1694 2001 propter

76 2013 371 2065 duritiam
401 2010 590 2063 cordis
616 2010 724 2072 sui,
751 2009 844 2062 vel
872 2009 1085 2060 mentis
1111 2021 1254 2071 sum,
1289 2013 1345 2060 et
1368 2022 1465 2060 cor
1486 2008 1692 2073 impae-

76 2087 291 2137 nitens
302 2083 841 2136 thesaurizaverunt
859 2081 1002 2131 iram
1019 2082 1078 2131 in
1095 2081 1185 2131 die
1201 2083 1303 2132 irae
1323 2086 1381 2132 et
1405 2078 1693 2147 38revc—

74 2156 324 2208 lationis
341 2155 486 2219 justi
504 2153 705 2217 judicii
726 2154 847 2214 Dei,
863 2152 1008 2204 iram
1028 2165 1195 2205 suam
1217 2152 1484 2204 ostendet
1509 2166 1522 2203 :
1541 2153 1692 2205 unde

77 2234 143 2281 et
169 2228 483 2279 subditur:

148 2299 241 2354 13.
267 2299 395 2350 Nisi
417 2298 656 2347 conversi
677 2297 911 2360 fueritis,
934 2295 1224 2360 glandium
1260 2309 1423 2344 suum
1445 2294 1689 2344 vibrabit.

81 2372 293 2424 Potest
325 2370 432 2433 (Eae
473 2370 794 2434 Augustino)
827 2369 951 2433 ipse
974 2368 1148 2419 homo
1174 2376 1191 2395 ·
1215 2366 1550 2419 Dominicus
1573 2365 1694 2430 gla-

80 2444 226 2496 dius
265 2442 367 2494 Dei
405 2440 647 2505 intelligi
675 2442 765 2492 bis
797 2445 1024 2502 acutus,
1050 2438 1218 2500 idest,
1258 2438 1490 2500 framea,
1517 2450 1693 2501 quam

82 2528 211 2567 non
229 2514 477 2567 vibravit
493 2514 675 2577 primo
699 2512 989 2563 adventu:
1023 2510 1126 2561 sed
1151 2510 1499 2572 tanquamin
1511 2512 1695 2569 vagina

84 2586 440 2639 humilitatis
450 2584 764 2636 abscondit.
794 2583 1057 2635 Vibrabit
1076 2584 1267 2634 autem
1284 2593 1416 2632 cum
1440 2580 1694 2631 secundo

85 2660 354 2711 adventu
378 2657 619 2709 veniens
637 2656 897 2720 judicare
920 2654 1087 2707 vivos
1104 2656 1160 2704 et
1175 2657 1435 2704 mortuos
1451 2652 1510 2703 in
1526 2654 1695 2700 mani-

88 2733 243 2784 festo
270 2730 574 2794 splendore
598 2729 619 2758 ³³
656 2727 928 2779 claritatis
968 2738 1090 2777 suae
1121 2725 1299 2788 justis
1322 2726 1444 2775 suis
1480 2724 1694 2782 lumen,

87 2809 151 2856 et
176 2808 424 2854 terrores
454 2800 644 2864 impiis
668 2798 992 2851 coruscabit
1021 2798 1231 2859 (Matth.
1257 2794 1326 2849 ‘24
1352 2801 1402 2845 et
1428 2794 1694 2857 Luc.‘21.).

87 2880 242 2929 Nam
258 2876 319 2926 in
336 2874 463 2926 aliis
476 2871 897 2935 exemplaribus
913 2882 1013 2933 pro
1028 2882 1093 2920 eo
1128 2868 1285 2931 quod
1313 2872 1419 2931 est,
1449 2866 1697 2932 gtadium

84 2963 260 3000 suum
282 2946 526 3009 vibrabit,
544 2945 815 3008 frameam
829 2956 987 2990 suam
1011 2939 1418 3004 sptendificabit,
1444 2939 1697 3003 positum

87 3019 203 3067 est.
220 3020 342 3074 Quo
373 3013 551 3064 verbo
580 3012 1126 3064 convenientissime
1151 3011 1463 3075 significari
1486 3012 1699 3059 arbitror

86 3089 367 3140 ultimum
380 3084 694 3138 Dominicae
711 3083 1004 3135 charitatis
1015 3083 1347 3137 adventum.
1366 3086 1432 3135 Et
1443 3084 1578 3146 quia
1591 3083 1700 3133 hoc

79 3160 377 3226 judicium
404 3169 577 3209 suum
590 3158 648 3207 in
667 3156 965 3219 Scripturis
987 3156 1105 3206 suis
1116 3168 1238 3219 jam
1253 3156 1524 3217 ﬁrmavit,
1554 3156 1699 3226 bene

91 3224 477 3297 Subjunctum
508 3233 615 3292 est,
653 3228 857 3277 Arcum
880 3240 1043 3275 suum
1068 3227 1283 3275 tetendit
1306 3232 1351 3276 et
1376 3226 1599 3291 paravit
1623 3224 1693 3273 it-

1790 1938 2682 2015 iptelligenti‘amJScripturarum
2708 1945 3042 2001 divinarum
3069 1938 3395 2015 proﬁciunt.

1794 2010 2205 2089 Oportet‘enim
2232 2012 2453 2089 (inquit)
2469 2018 2528 2089 et
2541 2014 2794 2089 hwreses
2818 2031 2964 2084 esse,
2980 2026 3047 2073 ut
3058 2010 3283 2087 probati
3298 2044 3401 2077 ma-

1792 2081 1988 2160 nifesti
2011 2082 2153 2160 ligant
2175 2083 2328 2160 inter
2350 2097 2474 2160 vos,
2512 2085 2618 2160 hoc
2641 2088 2926 2160 estinter
2943 2081 3230 2160 homines,
3263 2113 3397 2152 cum

1792 2153 2085 2204 manifesti
2110 2159 2249 2205 sunt
2290 2156 2408 2206 Deo
2435 2156 2503 2219 (1.
2540 2158 2659 2207 Cor.
2710 2158 2833 2224 11.).
2868 2164 2961 2215 An
2997 2164 3142 2219 forte
3164 2153 3398 2224 easdem

1792 2225 2033 2298 sagittas
2057 2228 2115 2276 et
2138 2238 2281 2298 vasa
2299 2228 2503 2278 mortis
2533 2228 2820 2292 disposuit
2838 2232 2913 2283 ad
2942 2238 3259 2298 perniciem
3274 2242 3399 2293 inﬂ-

1794 2294 2025 2374 delium,
2050 2300 2108 2374 et
2129 2297 2412 2374 ardentes,_
2425 2298 2520 2374 vel
2552 2301 2869 2374 ardentibus
2900 2294 3169 2368 operatus
3191 2314 3295 2374 est,
3321 2314 3397 2365 ad

1794 2367 2268 2445 exercitationem
2283 2368 2540 2445 ﬁdelium
2553 2374 2577 2420 Ρ
2593 2372 2719 2422 Non
2739 2374 2892 2425 enim
2907 2367 3121 2430 falsum
3137 2385 3245 2445 est,
3260 2367 3395 2444 quod

1793 2438 2108 2518 Apostolus
2153 2438 2317 2518 dixit,
2337 2440 2484 2518 _Aliis
2510 2446 2902 2518 sumusmodor
2945 2449 3081 2503 vita
3103 2452 3164 2503 in
3198 2438 3392 2518 vitam,

1792 2509 1920 2591 aliis
1950 2510 2394 2591 odormortis‘in
2420 2516 2666 2591 mortem
2714 2513 2785 2579 (2.
2837 2518 2956 2570 Cor.
2983 2518 3075 2583 2.).
3102 2524 3228 2576 Non
3261 2509 3398 2591 ergo

1793 2583 2007 2659 mirum
2031 2582 2081 2633 si
2099 2582 2274 2633 iidem
2297 2583 2560 2659 Apostoli
2573 2590 2630 2637 et
2646 2599 2788 2659 vasa
2808 2592 3011 2643 mortis
3040 2582 3183 2647 Sunt
3205 2582 3401 2659 'eis:a
3430 2596 3439 2603 “

1794 2654 2006 2732 quibus
2029 2655 2486 2732 persecutionem
2510 2658 2666 2732 passi
2698 2664 2855 2732 sunt,
2888 2666 2946 2714 et
2958 2663 3145 2728 igneae
3171 2654 3400 2732 sagittae

1794 2727 1868 2778 ad
1890 2725 2303 2778 inﬂammanda
2330 2728 2505 2779 corda
2527 2730 2903 2784 credentium.
2982 2725 3006 2728 ’
3100 2789 3108 2795 _

1860 2795 2107 2875 15.130st
2142 2798 2295 2849 hanc
2321 2804 2518 2875 autem
2548 2800 3046 2875 dispensationem
3073 2809 3178 2872 (Ea.-
3198 2811 3396 2875 Augu-

1796 2869 1953 2947 stino)
1975 2868 2203 2931 justum
2240 2872 2434 2947 veniet
2460 2871 2784 2947 judicium,
2812 2876 2883 2926 de
2906 2889 3022 2940 quo
3050 2868 3131 2931 ita
3152 2868 3312 2947 dicit:
3332 2888 3401 2936 ut

1797 2941 2186 3004 intelligamus
2222 2941 2533 3005 unicuique
2566 2943 2790 2995 homini
2814 2948 3158 3011 supplicium
3180 2941 3305 3004 ﬁeri
3325 2954 3398 3006 de

1799 3017 2031 3077 peccato
2048 3025 2174 3076 suo,
2187 3017 2245 3064 et
2260 3013 2763 3076 ejusiniquitatem
2775 3019 2834 3067 in
2849 3031 3082 3081 paenam
3103 3026 3389 3077 converti:

1798 3098 1872 3136 ne
1894 3088 2165 3148 putemus
2180 3084 2338 3134 illam
2356 3086 2827 3148 tranquillitatem
2850 3091 3202 3146 etineﬂ‘abile
3220 3098 3393 3146 lumen

1803 3157 1906 3230 Dei
1952 3154 2023 3206 de
2069 3167 2130 3206 se
2175 3157 2611 3230 proferrevunde
2657 3165 2893 3222 peccata
2926 3164 3260 3230 puniantur,
3290 3168 3392 3219 sed

1796 3229 1919 3292 ipsa
1948 3231 2179 3291 peccata
2230 3227 2312 3278 sic
2334 3228 2604 3293 ordinari,
2628 3233 2693 3281 ut
2726 3243 2859 3294 quae
2903 3234 3116 3287 fuerint
3143 3227 3394 3291 delecta-

94 3306 236 3381 tum.
262 3304 388 3354 Non
414 3301 643 3381 passim
682 3300 988 3381 verberum
1020 3302 1278 3381 tempora
1296 3297 1695 3381 praetereunda
1727 3297 1772 3311 ν
1796 3303 1991 3381 menta
2018 3298 2253 3381 homini
2298 3302 2536 3381 peccati,
2577 3302 2710 3381 sint_
2736 3303 3126 3359 instrumenta
3147 3310 3265 3361 Deo
3293 3323 3394 3375 pu-

95 3380 259 3437 sunt,
282 3374 435 3438 quod
455 3372 710 3436 gladium
726 3370 795 3422 de
811 3369 1002 3422 futuro
1027 3370 1189 3435 dixit,
1208 3369 1435 3418 vibrabit
1460 3387 1472 3419 :
1495 3381 1694 3421 arcum
1791 3371 1991 3424 nienti.
2008 3369 2139 3418 Ecce
2166 3370 2382 3434 (inquit)
2406 3374 2653 3435 parturit
2690 3373 3042 3438 injustitiam.
3076 3381 3219 3437 Quid~
3239 3369 3394 3434 enim

93 3450 170 3501 de
205 3446 512 3511 praeterito,
557 3443 786 3493 tetendit.
835 3441 1052 3494 Deinde
1097 3441 1373 3505 praeteriti
1421 3441 1695 3506 temporis

98 3522 539 3582 consequuntur
558 3518 737 3569 verba
759 3532 773 3566 :

165 3592 254 3647 14.
287 3591 354 3641 Et
389 3592 450 3638 in
484 3590 598 3653 ipso
638 3587 859 3652 paravit
887 3600 1017 3635 vasa
1052 3585 1280 3636 mortis:
1323 3586 1546 3650 sagittas
1569 3599 1697 3634 suas

99 3663 408 3715 ardentibus
440 3665 687 3726 operatus
719 3663 807 3710 est.
844 3661 1057 3709 Arcum
1093 3669 1228 3720 ergo
1264 3658 1441 3709 istum
1468 3659 1697 3722 (EacAu-

100 3733 671 3801 gustino)Scripturas
705 3736 937 3782 sanctas
959 3731 1203 3780 libenter
1226 3732 1569 3793 acceperim:
1598 3731 1699 3781 ubi

101 3808 433 3859 fortitudine
444 3802 961 3864 novi'l‘estamenti,
974 3802 1140 3864 quasi
1152 3813 1330 3853 nervo
1348 3802 1599 3865 quodam
1611 3806 1701 3851 du-

102 3881 236 3933 ritia
251 3881 398 3930 ﬂexa
422 3878 643 3928 Veteris
668 3878 723 3926 et
737 3874 988 3925 edomita
1009 3877 1117 3923 est.
1141 3874 1291 3923 Hinc
1316 3877 1589 3936 tanquam
1614 3886 1699 3924 sa.

102 3955 268 4017 gittae
279 3951 580 4001 mittuntur
600 3946 874 4011 Apostoli,
902 3944 992 3997 vel
1014 3944 1221 4017 divina
1243 3946 1531 4007 prmconia
1548 3947 1702 4017 jacu-

103 4015 318 4077 iantur.
356 4024 504 4084 Quas
544 4021 760 4084 sagitas
789 4015 1102 4067 ardentibus
1126 4021 1376 4079 operatus
1411 4022 1502 4081 est,
1528 4016 1698 4083 idest,

107 4109 128 4127 ε
155 4096 254 4161 qui
277 4093 536 4159 percussi
551 4092 949 4144 divinoamore
965 4089 1288 4161 ﬂagrarent.
1304 4090 1703 4161 Quaenimalia

110 4159 321 4239 sagitta
344 4179 616 4236 percussa
631 4169 737 4239 est,
757 4174 890 4239 quae
912 4161 975 4239 in
990 4159 1239 4239 Canticis
1262 4160 1701 4239 ait,__\_/ulnerat_a

112 4230 478 4306 caritate-ego
502 4251 633 4291 sum
656 4238 836 4300 (Cant.
858 4234 908 4306 4.
927 4230 1001 4295 5.)
1035 4235 1061 4283 ‘I
1086 4231 1306 4306 Quibus
1329 4231 1452 4283 aliis
1478 4235 1703 4298 sagittis

112 4304 461 4376 accenditur,
486 4313 585 4376 qui
605 4308 785 4362 redire
817 4305 891 4357 ad
910 4307 1097 4356 Deum
1121 4304 1380 4376 cupiens,
1406 4308 1463 4355 et
1486 4306 1558 4356 ab
1592 4308 1705 4358 ista

114 4375 566 4457 peregrinatione
598 4390 867 4457 remeare,
898 4377 1180 4457 adversus
1202 4375 1456 4457 ‘dolosas
1478 4376 1705 4457 linguas

115 4447 276 4529 petit
284 4458 565 4512 auxilium
577 4457 708 4529 ?__et
729 4452 781 4529 ei
805 4450 1030 4529 dicitur,
1077 4447 1221 4507 Quid
1268 4448 1435 4529 detur
1459 4449 1706 4529 tibiLaut

118 4518 259 4599 quid
272 4531 567 4597 adjiciatur
583 4526 682 4577 tibi
697 4520 1249 4599 adversuslinguam
1265 4518 1521 4599 dolosam
1536 4523 1703 4583 (Psat.

121 4592 295 4668 119.)?
320 4592 553 4667 Sagittae
576 4595 827 4663 potentis
861 4596 1068 4655 acutae,
1095 4603 1227 4641 cum
1244 4592 1586 4668 carbonibus
1610 4608 1709 4648 va.

1794 3445 2148 3517 conceperat,
2176 3446 2241 3493 ut
2263 3444 2608 3517 iniustitiam
2636 3447 2980 3509 parturiret?
3021 3450 3267 3516 Concepit
3295 3454 3395 3517 (in-

1796 3515 1935 3581 quit)
1961 3515 2214 3588 dolorem,
2247 3519 2293 3562 et
2321 3516 2525 3579 peperit
2548 3516 2910 3580 iniquitatem.
2953 3522 3080 3573 Non
3101 3515 3212 3575 hoc
3232 3515 3396 3588 pepe-

1796 3589 1890 3652 rit,
1921 3586 2075 3650 quod
2099 3589 2375 3659 concepit.
2414 3588 2541 3638 Non
2573 3589 2727 3641 enim
2769 3590 2881 3642 hoc
2914 3595 3190 3659 nascitur,
3234 3586 3394 3659 quod

1797 3660 2136 3722 concipitur:
2173 3657 2274 3709 sed
2310 3660 2628 3723 concipitur
2664 3674 2878 3728 semen,
2913 3657 3193 3730 nascitur,
3242 3657 3395 3731 quod

1797 3733 2073 3784 formatur
2097 3730 2443 3802 exsemine.
2494 3733 2719 3797 Semen,
2755 3735 2913 3797 quod
2936 3730 3276 3802 concipitur,
3302 3745 3394 3792 est

1798 3804 2064 3873 voluntas
2079 3800 2257 3873 mala:
2285 3801 2507 3853 fructus
2531 3815 2686 3868 vero,
2711 3807 2810 3868 qui
2833 3800 3108 3872 nascitur,
3133 3814 3223 3861 est
3244 3800 3394 3863 actio

1800 3884 2090 3940 perversa.
2115 3872 2279 3923 l'rius
2304 3872 2511 3936 quippe
2535 3876 2688 3925 mala
2710 3876 2997 3939 voluntas,
3018 3882 3290 3942 tanquam
3314 3894 3399 3934 se-

1800 3958 1935 3998 men
1952 3946 2012 3995 in
2035 3942 2204 3996 corde
2232 3945 2509 4007 nascitur,
2547 3946 2649 3996 sed
2691 3946 2896 3998 deinde
2929 3960 3003 3999 ex
3036 3948 3150 4000 hoc
3174 3952 3393 4006 semine

1801 4017 2053 4082 operatio
2080 4016 2319 4090 injusta,
2363 4015 2486 4067 sive
2531 4016 2686 4078 quod
2736 4017 2982 4081 amplius
3027 4025 3135 4085 est,
3180 4022 3395 4090 iniqua,

1802 4096 2079 4154 tanquam
2092 4089 2315 4140 fructus
2337 4093 2666 4152 generatur.
2692 4090 2982 4152 Injustitia
2996 4094 3233 4158 esthoc,
3258 4099 3394 4156 quod

1802 4174 1838 4214 a
1873 4162 2116 4227 justitiae
2164 4159 2361 4231 regula
2409 4159 2712 4213 discordat.
2738 4161 3022 4226 Iniquitas
3052 4178 3203 4230 vero,
3241 4167 3397 4231 quod

1802 4226 1985 4302 ipsius
2004 4233 2249 4299 justitiae
2266 4226 2401 4284 recti
2410 4233 2665 4283 tudinem
2680 4241 2995 4299 oppugnat.
3013 4238 3096 4302 Inj
3105 4226 3278 4290 ustus
3287 4246 3397 4306 est,

1805 4310 1905 4373 qui
1930 4307 2174 4373 justitiae
2198 4310 2483 4369 praecepta
2494 4317 2611 4356 non
2634 4308 2886 4358 custodit
2900 4308 3160 4371 ,iniquus
3173 4316 3278 4374 est,
3299 4313 3399 4375 qui

1803 4380 2015 4444 iniquis
2038 4380 2307 4442 operibus
2324 4376 2632 4428 Dominum
2650 4377 2900 4428 offendit.
2922 4380 3072 4431 Bene
3087 4386 3280 4432 autem
3297 4398 3398 4431 non

1805 4453 2026 4505 dictum
2073 4453 2178 4512 est,
2223 4448 2573 4512 perpetravit
2605 4449 2986 4511 iniquitatem,
3035 4451 3135 4502 sed
3155 4453 3395 4516 peperit:

1805 4525 1940 4588 quia
1989 4521 2142 4573 sicut
2183 4520 2241 4570 in
2292 4524 2459 4583 partu
2487 4518 2647 4570 dolor
2688 4524 2746 4570 et
2772 4519 2932 4571 labor
2954 4526 3045 4573 est
3065 4522 3297 4588 anxius,
3320 4525 3400 4577 ita

1808 4594 2061 4662 perversi
2084 4591 2295 4656 quique
2318 4590 2596 4662 laborant,
2630 4594 2805 4653 atque
2826 4594 2997 4643 anxie
3020 4593 3309 4657 anhelant,
3335 4602 3403 4649 ut

123 4656 809 4734 statariisz'idest,’quibus
824 4677 1134 4731 percussus
1150 4670 1296 4724 atque
1312 4664 1705 4721 inﬂammatus
1732 4656 1790 4731 D
1810 4656 2046 4728 inalum,
2081 4662 2234 4728 quod
2263 4662 2321 4712 in
2352 4661 2518 4734 corde
2542 4662 2921 4727 conceperint,
2944 4664 3018 4714 ad
3053 4656 3401 4729 operationis

124 4758 281 4806 tanto
311 4759 504 4801 amore
523 4743 727 4797 ardeas
746 4738 907 4803 regni
929 4737 1220 4797 cwlorum,
1239 4739 1304 4786 ut
1340 4737 1599 4790 omnium
1623 4754 1708 4793 re-

125 4822 469 4884 sistentium,
503 4820 678 4881 atque
702 4824 737 4865 a
758 4809 1048 4877 proposito
1079 4819 1351 4884 revocare
1386 4808 1710 4864 volentium

124 4899 343 4961 linguas
359 4880 714 4945 contemnas.
733 4891 791 4937 et
808 4880 1236 4961 persecutiones
1256 4893 1452 4961 eorum
1460 4884 1710 4961 derideas,

125 4952 495 5027 dicénszQuis
523 4975 616 5014 me
644 4954 929 5022 separabit
952 4965 988 5004 a
1011 4952 1242 5027 caritate
1267 4953 1475 5027 Christi
1491 4958 1514 5005 Ρ
1530 4957 1714 5008 tribu-

127 5040 276 5104 latio,
298 5024 679 5100 an'angustia,
703 5042 781 5082 an
801 5024 1141 5104 persecutio,
1170 5036 1251 5104 an
1275 5026 1473 5104 fames,
1498 5039 1572 5078 an
1603 5041 1715 5104 nu-

128 5096 295 5175 ditas,
318 5122 393 5162 an
416 5096 748 5173 periculum,
773 5113 848 5154 an
868 5096 1099 5163 gladius
1114 5102 1139 5148 *Ρ
1163 5098 1365 5175 Certus
1383 5112 1512 5150 sum
1536 5102 1711 5175 enim,

128 5170 328 5249 inquit,
355 5170 491 5245 quia
512 5189 703 5242 neque
723 5186 899 5236 mors,
923 5182 1110 5233 neque
1136 5170 1273 5249 vita,
1296 5184 1483 5236 neque
1505 5174 1713 5249 angeli,

129 5244 698 5321 neque'principatus,
736 5257 924 5311 neque
945 5244 1271 5310 praesentia,
1293 5257 1482 5308 neque
1501 5246 1714 5311 futura,

198 5438 215 5459 ⁸
239 5427 524 5480 Christum
550 5422 827 5474 hominem
848 5421 1197 5471 Dominicum
1218 5419 1405 5472 dicere
1428 5432 1500 5472 ex
1520 5420 1718 5485 Augu-

137 5502 270 5556 stini
287 5513 401 5563 ore,
425 5498 637 5562 refugit
660 5498 865 5548 Noster
900 5494 961 5545 in
976 5495 1019 5543 I.
1054 5491 1199 5544 Psal.
1225 5492 1405 5556 initio,
1433 5492 1587 5556 quod
1610 5494 1719 5545 hoc

138 5585 339 5638 nempe
369 5571 539 5622 sciret
565 5570 639 5620 ab
670 5581 737 5620 eo
773 5564 1147 5638 postmodum,
1168 5565 1263 5616 lib.
1290 5567 1331 5615 1.
1357 5566 1604 5616 Retract.
1631 5565 1718 5619 19.

140 5636 534 5712 improbatum.
561 5644 749 5703 Atque
769 5638 828 5712 id
865 5644 1057 5712 tamen
1078 5636 1154 5687 ibi
1178 5638 1468 5712 proposito
1492 5640 1722 5701 exposi-

144 5708 306 5774 tionis
329 5728 452 5768 sum
470 5714 779 5765 intererat:
808 5711 933 5762 heic
965 5711 1144 5762 ferme
1167 5708 1326 5760 nihil.

203 5793 221 5820 δ
245 5786 688 5841 Emendavimus
712 5794 786 5837 ex
809 5783 1153 5847 Augustino,
1180 5792 1357 5844 quem
1371 5783 1722 5837 Nostercon-

147 5864 295 5919 tinuo
326 5859 615 5912 describit.
642 5859 825 5909 Antea
852 5859 974 5907 erat
1001 5854 1317 5906 Cltaritatis.

205 5948 224 5971 ο
246 5932 410 5999 Apud
430 5934 700 5996 August.,
734 5927 927 5995 quibus
943 5926 1205 5992 percussi,
1228 5928 1344 5979 etc.

1810 4745 2030 4799 exitum
2045 4735 2352 4802 perducere
2366 4733 2606 4798 possint.
2626 4735 2797 4785 Recte
2818 4747 3049 4799 quoque
3066 4751 3185 4790 non
3196 4742 3397 4805 dicitur,

1808 4812 2068 4877 concepit
2088 4808 2298 4859 malam
2314 4806 2799 4869 voluntatem,sed
2819 4808 3055 4858 dolorem
3077 4827 3090 4859 ζ
3112 4812 3247 4874 quia
3268 4816 3403 4862 mala

1808 4889 2081 4944 voluntas
2122 4882 2250 4945 ipsa
2294 4891 2355 4929 se
2382 4881 2625 4941 torquet,
2651 4879 2777 4943 ipsa
2802 4880 2894 4930 sui
2927 4881 3273 4946 supplicium
3292 4888 3399 4937 est.

1808 4961 1944 5025 Agit
1975 4956 2130 5010 enim
2179 4950 2545 5025 omnipotens
2591 4951 2745 5002 Deus
2773 4951 2989 5025 judicio
3015 4966 3121 5025 suo
3157 4959 3314 5007 recto
3347 4959 3407 5008 et

1809 5022 1974 5094 miro,
2009 5032 2075 5080 ut
2106 5024 2317 5086 anima,
2344 5034 2477 5086 qua)
2508 5022 2847 5087 peccaverit,
2873 5025 2999 5087 ipsa
3022 5024 3271 5087 seipsam
3292 5039 3405 5090 pu-

1811 5106 1931 5157 niat
1964 5103 2035 5153 de
2083 5100 2311 5163 peccato
2350 5094 2496 5159 ipso,
2540 5094 2693 5158 quod
2714 5099 3017 5158 perpetrat.
3064 5096 3225 5148 Unde
3248 5104 3402 5151 recte

1813 5175 1938 5238 subj
1950 5171 2185 5235 ungitur
2210 5183 2222 5216 :

1875 5235 1962 5303 16.
2006 5243 2211 5293 Lacum
2254 5238 2487 5302 aperuit,
2532 5242 2578 5288 et
2625 5235 2806 5301 effodit
2851 5250 3001 5301 eum,
3034 5242 3080 5287 et
3124 5238 3322 5288 incidit
3343 5239 3405 5290 in

1878 5418 1900 5447 ει
1923 5409 2271 5479 Hujusmodi
2305 5408 2483 5459 fertur
2522 5408 2878 5479 Carnutense
2920 5407 3278 5473 Psalterium,
3305 5422 3410 5464 seu

1819 5496 1987 5545 vetus
2011 5478 2215 5545 Versio,
2240 5492 2375 5544 qua
2398 5478 2732 5530 inscribitur
2752 5479 3047 5528 secundum
3072 5480 3329 5547 Graecum,
3354 5488 3415 5536 et

1819 5562 2044 5616 tertiam
2080 5556 2407 5608 columnam
2437 5554 2679 5614 occupat
2700 5550 2761 5601 in
2785 5552 2838 5601 S.
2867 5551 3016 5602 Petri
3038 5553 3413 5607 Carnutensis

1821 5632 2092 5687 Psalterio
2124 5626 2348 5691 triplici,
2374 5623 2613 5689 primam
2639 5623 2935 5674 obtinente
2953 5624 3219 5676 versione
3241 5638 3313 5677 ex
3328 5629 3417 5677 He-

1821 5710 1999 5766 braeo,
2038 5701 2288 5755 mediam
2311 5696 2577 5760 Vulgata.
2596 5696 2883 5747 Caeterum
2894 5707 3013 5747 non
3025 5696 3094 5747 de
3107 5710 3212 5750 suo
3224 5701 3412 5753 Noster.

1823 5779 1927 5834 sed
1951 5790 2025 5831 ex
2045 5770 2370 5840 Augustino
2393 5769 2452 5820 id
2478 5767 2671 5831 ipsum
2693 5772 2760 5820 ut
2778 5767 3048 5833 pleraque
3067 5769 3179 5822 alia
3199 5777 3412 5828 narrat.

1883 5861 1902 5883 ·
1927 5848 2097 5916 Apud
2118 5843 2450 5911 Augustin,
2486 5841 2545 5891 in
2583 5840 2672 5891 eis.
