3900 6392
547 341 653 397 675

542 452 757 524 foveam
793 465 964 524 quam
981 450 1118 524 fecit.
1160 450 1375 524 Lagum
1417 448 1638 513 aperire
1686 449 2145 524 (Ex/iuvgustino),
2170 451 2227 524 Α

539 526 630 573 est
660 522 724 573 in
750 522 992 574 terrenis
1006 523 1194 583 rebus,
1213 520 1272 570 id
1290 527 1396 579 est,
1419 524 1697 583 tanquam
1714 521 1775 571 in
1800 524 1967 580 terra,
1988 520 2143 571 frau-

548 593 680 645 dem
716 606 928 656 parare,
962 605 1074 656 quo
1119 591 1266 642 alius
1306 591 1488 653 cadat,
1516 603 1687 653 quem
1726 593 1852 643 vult
1881 592 2142 655 decipere

546 666 828 729 injustior.
854 664 1121 727 Aperitur
1144 668 1341 714 autem
1369 662 1463 713 hic
1488 663 1667 726 lacus,
1695 676 1825 713 cum
1850 664 2143 713 consenti-

548 739 643 785 tur
656 734 813 785 malas
829 734 1186 797 suggestioni
1212 738 1567 784 terrenarum
1579 733 1975 797 cupiditatum.
2000 734 2139 785 Etfo-

550 806 700 856 ditur
722 816 874 867 vero,
892 816 1025 855 cum
1046 808 1178 868 post
1193 806 1637 855 consensionem
1661 804 1975 869 operationi
1994 804 2143 855 frau-

551 876 638 926 dis
662 876 922 925 instatur.
943 874 1052 926 Sed
1074 875 1231 926 unde
1255 876 1375 925 fieri
1393 880 1599 939 potest,
1614 881 1679 927 ut
1697 875 1967 938 iniquitas
1985 876 2143 939 prius

548 946 1024 998 laedathominem
1035 947 1283 1010 justum,
1297 944 1411 1012 40
1432 948 1491 997 in
1504 960 1675 1009 quem
1692 947 2143 1010 procedit,quam

547 1029 641 1069 cor
662 1017 740 1080 inj
751 1022 945 1067 ustum
956 1017 1108 1068 unde
1119 1020 1377 1081 procedit
1395 1022 1417 1067 ἱ)
1440 1020 1637 1081 Itaque
1664 1017 1955 1068 fraudator
1979 1030 2144 1081 pecu-

547 1088 660 1140 niae
685 1089 862 1150 (verbi
879 1089 1078 1153 gratia)
1098 1089 1235 1140 dum
1268 1089 1421 1152 capit
1448 1089 1624 1139 alium
1650 1088 1860 1140 damno
1875 1088 2141 1151 lacerare,

546 1160 668 1224 ipse
691 1160 949 1211 avaritia:
972 1159 1209 1212 vulnere
1221 1161 1528 1210 sauciatur.
1548 1160 1685 1219 Quis
1710 1164 1905 1210 autem
1931 1158 2021 1211 vel
2044 1159 2143 1209 de-

544 1243 733 1295 mens,
780 1242 901 1281 non
938 1230 1136 1282 videat
1182 1235 1463 1294 quantum
1484 1229 1634 1281 inter
1655 1230 1762 1281 hos
1789 1230 1985 1293 distet,
2010 1242 2142 1280 cum

538 1302 638 1354 ille
654 1302 901 1367 patiatur
916 1302 1195 1354 damnum
1214 1302 1496 1367 pecuniae,
1514 1301 1607 1353 ille
1630 1302 1975 1353 innocentiae
1996 1306 2020 1351 Ρ
2048 1304 2144 1352 In-

548 1373 685 1424 cidit
700 1386 834 1437 ergo
858 1373 916 1424 in
938 1374 1175 1436 foveam,
1193 1385 1367 1435 quam
1390 1372 1543 1424 fecit.
1577 1372 1740 1434 Quod
1767 1373 1823 1423 in
1846 1372 1955 1424 alio
1992 1372 2142 1435 psal-

550 1457 645 1495 mo
669 1444 893 1504 dicitur,
930 1450 1311 1507 cognoscetur
1342 1443 1620 1495 Dominus
1640 1443 1858 1507 judicia
1879 1443 2093 1495 faciens
2126 1457 2139 1493 :

548 1516 606 1567 in
622 1516 891 1579 operibus
905 1527 1183 1566 manuum
1196 1527 1432 1567 suarum
1457 1515 1911 1579 comprehensus
1924 1520 2013 1567 est
2024 1528 2145 1579 pec-

546 1591 702 1638 cator
726 1586 945 1649 (Psalm.
990 1586 1080 1649 9.).

609 1657 1059 1711 17.Convertetur
1092 1657 1248 1708 dolor
1297 1657 1412 1721 ejus
1462 1658 1522 1706 in
1554 1663 1717 1722 caput
1739 1657 1931 1721 ejus,et
1954 1658 2013 1706 in
2035 1673 2143 1706 ver-

548 1729 700 1779 ticem
722 1730 894 1793 ipsius
919 1730 1184 1793 iniquitas
1198 1729 1312 1793 ejus
1336 1729 1623 1779 descendet.
1650 1730 1776 1780 Non
1788 1730 1941 1781 enim
1965 1729 2145 1781 voluit

546 1802 670 1866 ipse
693 1806 1057 1866 peccatorum
1072 1801 1336 1865 evadere,
1359 1801 1461 1852 sed
1479 1801 1665 1852 factus
1679 1802 1769 1852 est
1782 1803 1889 1852 sub
1909 1806 2139 1865 peccato

546 1877 820 1936 tanquam
834 1886 1038 1925 servus
1055 1888 1067 1924 :
1087 1873 1314 1924 dicente
1338 1874 1601 1933 Domino,
1626 1874 1848 1935 Omnis,
1882 1874 1981 1936 qui
2006 1874 2140 1924 facit

547 1947 844 2009 peccatum
882 1957 1107 2008 servus,
1137 1948 1227 1995 est
1251 1943 1429 2003 (Joan.
1456 1944 1543 2005 8.).
1572 1945 1688 1994 Erit
1719 1956 1853 2007 ergo
1869 1944 2143 2006 iniquitas

547 2017 675 2080 ejus
700 2018 1094 2081 superipsum,
1112 2028 1246 2067 cum
1262 2016 1384 2078 ipse
1399 2015 1690 2079 iniquitati
1706 2028 1831 2067 sum
1850 2016 2146 2067 subditur:

546 2088 811 2152 quianon
828 2089 1016 2153 potuit
1039 2088 1285 2139 Domino
1309 2087 1519 2149 dicere,
1557 2088 1709 2151 quod
1744 2088 2077 2139 innocentes
2095 2091 2153 2139 et

549 2170 567 2188 ³
586 2161 732 2224 justi
755 2160 973 2220 dicunt,
1004 2159 1193 2210 Gloria
1214 2170 1360 2221 mea,
1382 2163 1439 2208 et
1463 2162 1724 2209 exattans
1753 2164 1927 2222 caput
1953 2172 2149 2211 meum

550 2232 765 2296 (Psalm.
786 2230 875 2294 3.).
894 2233 979 2281 Ita
995 2242 1128 2293 ergo
1143 2230 1268 2293 ipsa
1278 2229 1639 2293 eritinferior,
1658 2230 2005 2293 utiniquitas
2023 2232 2149 2293 ejus

549 2304 626 2355 sit
648 2303 929 2367 superior,
983 2306 1041 2353 et
1074 2303 1135 2352 in
1179 2301 1342 2352 illum
1367 2303 1694 2363 descendat,
1722 2314 1852 2365 quae
1874 2306 2151 2367 aggravet

545 2377 709 2428 illum
737 2380 795 2426 et
824 2376 1040 2437 onerat,
1070 2377 1129 2424 et
1157 2373 1231 2424 ad
1256 2375 1513 2436 requiem
1539 2379 1873 2425 sanctorum
1897 2376 2148 2427 revelare

542 2460 662 2499 non
708 2447 864 2498 sinit.
910 2446 1033 2495 Hoc
1062 2445 1145 2505 Iit,
1184 2458 1317 2496 cum
1342 2447 1403 2496 in
1424 2447 1655 2498 homine
1682 2459 1954 2511 perverso
1970 2448 2150 2501 servit

540 2518 687 2571 ratio
715 2522 773 2569 et
805 2516 986 2568 libido
1023 2515 1372 2568 dominatur.

604 2587 771 2643 18.Et
818 2586 957 2650 quia
1000 2587 1106 2651 (Ea:
1150 2589 1476 2650 Augustino)
1534 2588 1662 2640 hmc
1718 2588 2005 2653 perfectus
2041 2589 2149 2641 iste

538 2660 662 2724 jam
685 2661 964 2722 evaserat,
997 2658 1201 2710 laudat
1223 2663 1423 2723 Deum,
1450 2665 1507 2711 et
1529 2660 1694 2711 dicit:
1725 2660 2030 2723 Conﬁtebor
2051 2662 2149 2710 Do-

545 2731 699 2779 mino
727 2730 1025 2778 secundum
1053 2732 1329 2795 justitiam
1353 2732 1465 2796 ejus
1482 2737 1527 2780 et
1540 2732 1769 2795 psallam
1797 2733 2016 2781 nomini
2039 2735 2149 2782 Do-

549 2800 693 2850 mini
720 2801 1298 2854 altissimi.Confessio
1311 2803 1553 2866 justitias
1577 2804 1676 2854 Dei
1704 2808 1811 2867 est,
1832 2804 2045 2866 quaita
2068 2804 2150 2855 lo-

546 2873 793 2936 quimur,
821 2874 965 2924 Vere
988 2875 1356 2938 Deusjustus
1384 2888 1467 2935 es,
1504 2875 1733 2937 quando
1762 2880 1817 2925 et
1838 2876 2039 2938 justos
2067 2876 2148 2927 sic

546 2945 797 3010 protegis
824 2949 887 2997 ut
907 2958 1009 3009 per
1022 2948 1271 3011 teipsum
1294 2948 1715 3008 eosillumines,
1739 2952 1795 2999 et
1817 2953 2147 3012 peccatores

548 3017 630 3067 sic
648 3018 899 3081 ordines,
935 3022 999 3069 ut
1020 3032 1137 3070 non
1172 3023 1285 3085 tua,
1305 3019 1405 3071 sed
1431 3032 1538 3071 sua
1555 3020 1773 3071 malitia
1810 3021 2145 3084 puniantur.

550 3091 693 3150 Quia
709 3089 1002 3153 ergovidet
1017 3092 1550 3143 meritaanimarum
1569 3092 1650 3143 sic
1674 3091 1923 3143 ordinari
1952 3105 1987 3143 a
2008 3094 2148 3156 Deo,

547 3166 611 3214 ut
626 3161 764 3213 dum
786 3175 891 3213 sua
914 3164 1121 3226 cuique
1133 3164 1480 3225 tribuuntur,
1498 3164 1863 3227 pulchritudo
1875 3164 2151 3217 universi-

549 3234 682 3284 tatis
736 3233 898 3285 nulla
940 3247 1014 3285 ex
1050 3240 1209 3298 parte
1244 3234 1506 3299 violetur,
1551 3235 1610 3286 in
1657 3236 1928 3286 omnibus
1951 3236 2146 3289 laudat

547 3307 751 3368 Deum,
790 3308 847 3357 et
890 3306 1002 3357 ista
1047 3311 1105 3359 et
1134 3319 1251 3358 non
1299 3311 1682 3371 peccatorum,
1730 3307 2140 3371 sedjustorum

543 3375 831 3428 confessio
855 3391 867 3427 :
893 3380 949 3428 et
966 3391 1037 3429 ne
1048 3381 1413 3442 peccatorum
1426 3378 1852 3430 confessionem
1870 3380 2141 3444 intellige-

540 3460 736 3498 remus
766 3449 1010 3511 subjecit
1030 3451 1104 3499 ad
1129 3448 1415 3510 ultimum,
1440 3450 1507 3499 Et
1537 3450 1778 3515 psallam
1800 3452 2017 3499 nomini
2041 3453 2141 3501 Do-

539 3520 683 3568 mini
706 3520 976 3573 altissimi.
997 3521 1242 3573 Psallere
1270 3525 1462 3573 autem
1489 3523 1561 3573 ad
1578 3523 1851 3585 gaudium
1873 3525 2135 3589 pertinet,

539 3591 879 3654 pmnitentia
902 3604 1035 3645 vero
1051 3598 1417 3656 peccatorum
1439 3594 1513 3644 ad
1539 3594 1845 3646 tristitiam.
1867 3598 2138 3648 Conl’itea-

539 3674 673 3712 mur
694 3666 752 3713 et
783 3676 891 3713 nos
908 3664 1149 3714 Domino
1186 3664 1506 3716 secundum
1526 3666 1812 3729 justitiam
1838 3667 1982 3730 ejus,
2013 3668 2136 3719 lau-

538 3733 731 3785 dando
755 3738 813 3785 et
826 3735 1197 3796 gloriﬁcando
1215 3750 1366 3799 eum,
1393 3737 1528 3800 quia
1539 3738 1735 3801 justus
1764 3742 1875 3788 est:
1909 3744 1966 3790 et
1988 3740 2136 3803 psal-

537 3804 727 3857 lamus
763 3808 985 3859 nomini
1021 3809 1249 3860 Domini
1289 3809 1572 3874 altissimi,
1627 3816 1779 3862 recte
1821 3813 2131 3877 operando,

537 3879 683 3931 bene
725 3880 992 3944 vivendo,
1021 3881 1343 3945 spiritualer
1362 3882 1667 3946 gaudendo
1697 3902 1708 3932 :
1740 3886 1804 3933 ut
1832 3884 2136 3949 impleatur

536 3952 597 4003 in
620 3953 785 4005 nobis
811 3956 967 4018 quod
992 3954 1174 4008 inalio
1198 3957 1421 4021 psalmo
1446 3956 1672 4021 dicitur,
1695 3958 1812 4011 Deo
1836 3964 2035 4012 nostro
2061 3960 2135 4013 sit

527 4027 782 4090 jocunda
801 4026 1052 4080 laudatio
1077 4029 1236 4092 (Psat.
1264 4027 1417 4092 146.).

856 4144 1223 4208 TlTULUS
1270 4143 1603 4229 PSALMI.
1623 4144 1808 4211 VIII.

597 4257 641 4304 1.
668 4254 783 4301 Ideo
818 4254 949 4301 tituli
972 4253 1117 4301 libris
1147 4257 1513 4313 praeponuntur
1535 4258 1688 4313 utper
1710 4268 1791 4301 eos
1820 4259 1990 4303 auctor
2013 4258 2132 4305 scri-

531 4323 692 4378 ptura:
734 4320 779 4364 et
803 4316 1027 4374 materia,
1055 4316 1160 4362 sive
1183 4316 1400 4378 intentio
1430 4316 1723 4378 declaretur.
1756 4318 1951 4365 Titulus
1977 4320 2130 4378 hujus

533 4376 713 4439 psalmi
738 4383 830 4442 est,
876 4379 941 4426 In
975 4380 1141 4440 ﬁnem
1162 4376 1408 4440 psalmus
1440 4376 1636 4440 David,
1646 4393 1746 4442 pro
1772 4376 2129 4431 torcularibus

533 4443 863 4507 Christusest
885 4448 1050 4507 noster
1073 4442 1207 4507 finis,
1244 4445 1369 4507 teste
1406 4444 1660 4507 Apostolo,
1722 4445 1812 4502 qui
1856 4445 1942 4507 ait,
1974 4444 2124 4495 Rom.

533 4506 632 4566 10.)
675 4506 816 4553 Finis
839 4505 965 4565 legis
1000 4506 1227 4553 Christus
1250 4505 1311 4551 ad
1353 4505 1601 4562 justitiam
1624 4509 1761 4552 omni
1787 4505 2026 4557 credenti.
2052 4511 2127 4556 Ad

532 4569 701 4627 ipsum
730 4569 1011 4615 tendimus:
1056 4568 1186 4632 ultra
1210 4568 1379 4627 ipsum
1397 4568 1529 4614 nihil
1555 4573 1644 4632 est,
1676 4571 1807 4627 quod
1830 4572 2030 4618 tendere
2055 4573 2138 4619 de-

531 4632 755 4679 beamus.
794 4633 903 4688 lpse
917 4634 991 4677 est
1017 4630 1151 4676 enim
1163 4644 1417 4677 summum
1441 4630 1649 4689 bonum,
1676 4635 2136 4682 summalieatitudo

530 4706 649 4739 vera
694 4694 960 4760 aeternitas.
1001 4693 1268 4760 In_justum
1301 4694 1456 4760 finem
1484 4694 1634 4740 mittit
1660 4707 1751 4741 nos
1776 4697 1865 4760 iste
1888 4699 2131 4760 Christus,

529 4766 679 4814 quem
700 4755 900 4812 scripsit
925 4756 1167 4813 propheta
1195 4756 1348 4801 David
1378 4756 1431 4802 in
1445 4769 1655 4815 persona
1678 4759 1925 4808 Ecclesia).
1954 4762 2009 4807 Et
2047 4755 2131 4807 no;

531 4817 735 4883 tandum
759 4818 895 4883 quod
917 4830 1016 4883 non
1043 4817 1205 4877 ait,ad
1231 4819 1381 4863 linem
1398 4831 1413 4883 7:
1433 4820 1538 4883 sed,
1565 4818 1626 4866 in
1638 4820 1825 4881 ﬁnem.
1859 4824 1966 4869 Non
1991 4825 2125 4870 enim

530 4880 746 4927 mittitur
761 4880 823 4926 ad
844 4881 1098 4928 Christum
1112 4884 1324 4941 tantum,
1346 4882 1411 4927 ud
1423 4883 1485 4929 ad
1500 4880 1615 4930 eum
1632 4880 2016 4943 perveniamus:
2041 4888 2125 4933 sed

528 4943 698 5006 etiam,
726 4947 779 4990 ut
802 4944 857 4990 in
884 4943 1081 5006 Christo
1117 4956 1519 5006 permaneamus,
1539 4952 1586 4993 et
1610 4960 1724 4994 eum
1752 4949 1862 5006 ipso
1887 4963 2043 4996 unum
2062 4950 2128 4996 si-

528 5020 659 5071 mus.
686 5003 775 5071 Sed
792 5003 923 5066 quid
947 5007 1175 5071 est,quod
1191 5006 1276 5071 ait,
1301 5005 1408 5055 Pro
1425 5003 1820 5058 torcularibus?
1837 5013 2003 5058 Solent
2018 5010 2125 5071 (Ea:

527 5068 833 5131 Augustino
857 5070 1039 5129 accipit
1079 5070 1360 5131 toreularia,
1397 5075 1650 5132 martyris.
1685 5073 1968 5120 Afﬂictione
1987 5068 2121 5121 enim

526 5134 927 5192 persecutionum
984 5132 1186 5179 calcatis
1223 5133 1313 5196 eis,
1347 5136 1437 5193 qui
1474 5136 1659 5184 Christi
1685 5149 1866 5183 nomen
1904 5137 2123 5183 confessi

526 5202 660 5257 sunt,
688 5197 919 5243 mortalia
942 5210 1111 5243 eorum
1147 5201 1382 5255 tanquam
1414 5199 1611 5245 vinaria
1636 5199 1690 5245 in
1719 5204 1843 5245 terra
1868 5212 2124 5246 remanse-

526 5272 661 5315 runt.
694 5269 900 5315 Possunt
1084 5269 1229 5315 etiam
1270 5282 1354 5328 per
1393 5270 1674 5329 toreularia,
1716 5270 1907 5327 quique
1954 5270 2123 5317 fideles

524 5337 756 5399 intelligi,
783 5342 1081 5401 secundum,
1112 5341 1246 5399 quod
1272 5341 1484 5387 tolerant
1506 5343 1703 5399 propter
1727 5341 1879 5386 Deum
1916 5341 2123 5388 adversa

525 5401 675 5459 hujus
709 5404 906 5452 mundi.
952 5404 1200 5461 Scriptum
1246 5408 1319 5449 est
1354 5405 1490 5450 enim
1522 5416 1694 5449 omnes
1722 5404 1811 5460 qui
1838 5404 2017 5450 volunt
2040 5405 2122 5463 pie

521 5463 685 5528 vivere
726 5466 780 5510 in
817 5466 1012 5528 Christo
1050 5467 1446 5525 persecutionem
1476 5465 1750 5528 patiuntur
1775 5465 1847 5526 {2.
1874 5465 2029 5514 Tim..
2052 5466 2119 5528 3.)

518 5525 753 5591 Psallitur
765 5541 881 5587 ergo
898 5527 1001 5590 (Ea:
1010 5524 1132 5591 Aug
1143 5528 1334 5590 ustino)
1353 5541 1451 5590 pro
1471 5532 1579 5574 tore
1588 5524 1847 5589 alaribus,
1862 5542 1951 5588 pro
1964 5524 2122 5576 Eccle-

517 5587 606 5635 size
629 5587 1013 5639 constitutione:
1054 5587 1170 5640 cum
1204 5587 1446 5639 Dominus
1468 5595 1636 5637 noster
1658 5587 1925 5651 postquam
1946 5605 2119 5640 resur-

582 5730 900 5795 ‘Vulgatus
943 5734 1331 5799 Augustinus,
1359 5732 1491 5785 recti
1525 5735 1582 5787 et
1628 5733 1798 5800 paulo
1822 5736 1954 5801 post
1985 5736 2118 5800 quia

515 5812 706 5869 gravat
742 5806 917 5869 illum,
958 5820 1062 5871 pro
1087 5821 1202 5873 quae
1229 5811 1520 5874 aggravet.

571 5879 592 5908 "
614 5881 994 5934 Restituimus
1020 5894 1095 5933 ex
1117 5880 1351 5947 vulgato
1376 5880 1723 5947 Augustino,
1748 5880 1811 5930 in
1834 5896 1988 5948 quos,
2012 5894 2114 5947 pro

510 5966 615 6016 quo
629 5960 767 6010 :tum
778 5955 1063 6011 exeodem
1072 5955 1197 6020 jam
1210 5954 1482 6011 vocalem
1491 5954 1820 6011 suffecimus
1840 5955 2112 6020 :denique

1610 322 1877 390 RUFINO
1911 333 2373 390 PRESBYTERO
2402 333 2786 387 ASCRIPTUS

3741 340 3821 394 676

2254 448 2398 510 rexit,
2423 449 2485 496 ad
2513 448 2665 495 caelos
2704 446 2945 498 ascendit.
2975 449 3111 496 Tunc
3134 448 3266 496 enim
3286 450 3675 510 nisitSpiritum
3701 454 3824 500 Sauc-

2256 516 2379 569 tum,
2412 525 2510 569 quo
2561 511 2765 573 impleti;
2806 512 3063 573 discipuli,
3097 526 3211 559 cum
3238 513 3420 560 fiducia
3438 515 3821 571 praedicaverunt

2246 576 2449 621 verbum
2480 575 2565 622 Dei
2592 575 2651 629 (Α
2663 570 2830 635 ct.“2.),
2847 580 2903 622 ut
2928 570 3159 621 Ecclesia:
3182 570 3628 635 congregarentur.
3647 578 3727 624 Est
3760 594 3823 625 au-

2248 640 2341 683 tem
2374 638 2590 685 intentio
2614 638 2866 694 prophetas
2895 638 2946 682 in
2971 639 3061 684 hoc
3076 652 3237 700 opere,
3257 652 3428 684 omnes
3443 640 3506 685 ad
3531 640 3686 686 fidem
3706 642 3824 687 Chri-

2245 700 2309 745 sti
2334 700 2564 759 invitare,
2584 700 2731 755 cujus
2756 701 2866 745 laus
2906 704 3037 746 tanta
3084 706 3152 746 est
3184 702 3419 748 universa
3444 707 3608 750 terra:
3641 708 3686 749 et
3708 708 3822 761 cujus

2244 762 2402 819 gratia
2426 766 2471 807 et
2501 762 2680 807 virtute
2702 763 2971 809 constituta
2995 767 3040 809 et
3061 765 3370 811 corroborata
3417 770 3486 813 est
3534 765 3819 813 universalis

2247 825 2482 872 Ecclesia.
2511 824 2634 871 Dicit
2658 825 2813 886 enim,

2747 936 3146 1001 PSALMUS
3187 937 3343 1002 VIII

2306 1070 2357 1124 2.
2382 1071 2614 1119 Domine
2664 1071 2931 1120 Dominus
2968 1078 3161 1135 noster,
3198 1088 3366 1136 quam
3393 1073 3725 1124 admirabile
3764 1083 3819 1124 est

2242 1157 2442 1191 nomen
2483 1147 2640 1191 tuum
2668 1143 2725 1190 in
2754 1144 3007 1192 universa
3032 1149 3175 1193 terra
3199 1147 3210 1195 i
3240 1147 3321 1196 Ac
3343 1146 3391 1195 si
3415 1146 3716 1211 diceret,0
3740 1149 3823 1197 D0-

2243 1213 2400 1264 mine
2425 1213 2682 1263 omnium
2722 1226 2822 1277 per
2845 1216 3177 1277 potentiam,
3200 1216 3297 1278 qui
3321 1221 3411 1268 est
3434 1218 3725 1268 Dominus
3746 1231 3824 1269 no-

2248 1289 2365 1335 ster
2391 1297 2490 1347 per
2532 1290 2794 1348 gratiam,
2828 1297 3001 1348 quam
3026 1289 3081 1336 te
3104 1286 3463 1339 admirantur
3485 1302 3718 1349 omnes,
3742 1290 3819 1351 qui

2242 1354 2503 1406 incolunt
2548 1359 2788 1406 terram!
2816 1357 2899 1406 Tu
2935 1357 3171 1407 Domine
3203 1364 3376 1409 notus
3410 1360 3624 1411 erasin
3646 1362 3824 1410 Judma

2244 1429 2489 1489 tantum,
2515 1430 2572 1478 et
2586 1428 2645 1477 in
2658 1427 2832 1478 Israel
2847 1440 3125 1491 magnum
3140 1442 3348 1482 nomen
3363 1435 3527 1483 tuum
3550 1432 3822 1494 (Psat.75.).

2244 1498 2575 1562 Apparuisti
2603 1499 2753 1549 inter
2788 1512 2916 1562 nos,
2942 1503 3204 1551 mortuus
3228 1506 3457 1567 propter
3477 1515 3636 1564 nos,,
3663 1516 3823 1553 surre-

2244 1570 2732 1629 xisti,ascendisti
2777 1569 2836 1620 in
2879 1570 3108 1633 caelum,
3155 1573 3368 1636 Spiritu
3416 1578 3517 1624 tuo
3546 1574 3823 1638 perfudisti

2244 1640 2417 1692 corda
2439 1640 2870 1703 discipulorum,
2899 1642 3111 1705 quibus
3150 1643 3626 1709 praedicantibus,
3654 1645 3711 1695 in
3731 1658 3823 1695 om.

2244 1725 2375 1763 nem
2394 1716 2607 1762 terram
2628 1713 2807 1764 exivit
2822 1727 3003 1764 sonus
3016 1726 3231 1777 eorum,
3245 1719 3303 1766 et
3318 1727 3532 1767 nomen
3546 1721 3711 1767 tuum
3723 1716 3819 1780 glo~

2252 1784 2473 1834 riosum
2513 1783 2667 1846 quod
2711 1788 2833 1834 erat
2859 1789 3065 1835 notum
3081 1785 3139 1835 in
3164 1791 3335 1849 gente
3365 1799 3500 1849 una,
3523 1787 3739 1838 factum
3756 1794 3823 1837 est

2165 1832 2219 1906 B
2247 1832 2580 1906 admirabile
2602 1832 2665 1905 in
2688 1832 2962 1907 natea;
2976 1832 3155 1907 Eri—at
3164 1832 3739 1920 inusitata;
3753 1832 3823 1908 aa:

2248 1926 2542 1977 mirabile?
2568 1926 2842 1984 Quoniam
2858 1926 3053 1975 elevata
3068 1934 3138 1975 est
3152 1929 3565 1991 magniﬁcentia
3586 1934 3681 1977 tua
3692 1945 3823 1992 super

2250 1997 2415 2046 caelos.
2443 1997 2749 2047 Amortuis
2778 2010 3089 2061 resurgens
3113 2000 3172 2048 in
3202 2000 3406 2051 caelum
3429 2000 3758 2057 ascendisti.
3782 2002 3821 2049 et

2250 2068 2349 2131 qui
2375 2068 2612 2119 humilis
2639 2068 2946 2133 videbaris,
2964 2071 3313 2133 magniﬁcus
3341 2072 3681 2135 apparuisti.
3702 2072 3821 2121 Hinc

2250 2140 2405 2190 enim
2425 2140 2529 2201 (Ea:
2571 2140 2898 2202 Augustino)
2922 2144 3159 2204 apparet
3189 2142 3289 2204 qui
3311 2142 3697 2205 descenderis,
3716 2154 3821 2192 cum

2248 2223 2283 2261 a
2304 2210 2652 2273 quibusdam
2679 2212 2869 2263 visum
2892 2217 2982 2263 est
3005 2215 3062 2264 et
3088 2224 3124 2264 a
3148 2214 3374 2265 cateris
3398 2215 3703 2274 creditum,
3730 2225 3819 2276 quo

2249 2282 2600 2333 ascenderis.

2312 2353 2345 2407 3
2386 2355 2475 2402 15.13
2496 2369 2584 2402 ore
2606 2354 2911 2416 infantium
2934 2360 2979 2402 et
3001 2354 3315 2404 [celantium
3336 2355 3605 2420 perfecisti
3630 2355 3815 2405 laudem

2244 2431 2465 2489 propter
2505 2426 2904 2475 inimicostuos.
2934 2428 3059 2477 Non
3080 2439 3321 2491 possum
3341 2428 3445 2491 (Ea:
3466 2429 3666 2491 eodem)
3701 2429 3820 2478 acci-

2247 2511 2379 2561 pere
2403 2497 2545 2549 alios
2589 2498 2858 2559 infantes,
2879 2503 3053 2561 atque
3074 2499 3373 2562 lactentes,
3397 2512 3576 2563 quam
3602 2512 3698 2551 eos
3721 2498 3819 2561 qui-

2248 2570 2360 2619 bus
2399 2569 2535 2621 dicit
2567 2569 2899 2632 Apostolus,
2933 2571 3228 2633 Tanquam
3264 2569 3523 2633 parvulis
3547 2572 3609 2621 in
3629 2570 3817 2620 Christo

2247 2638 2336 2691 lac
2360 2645 2559 2703 potum
2582 2640 2714 2691 dedi
2741 2641 2923 2704 vobis,
2969 2653 3086 2691 non
3113 2641 3305 2692 cibum
3330 2641 3401 2703 (1.
3433 2642 3557 2691 Cor.
3578 2640 3667 2703 3.).
3692 2642 3816 2700 Quos

2250 2712 2651 2774 signiﬁcabant
2661 2712 2758 2775 illi,
2773 2713 2875 2775 qui
2887 2713 3199 2764 Dominum
3210 2712 3614 2777 praecedebant
3623 2712 3821 2764 laudan-

2250 2787 2335 2833 tes
2362 2784 2572 2845 (Matth.
2593 2782 2722 2846 21.).
2742 2784 2840 2834 inb
2863 2796 3010 2847 quos
3023 2786 3146 2849 ipse
3163 2784 3441 2836 Dominus
3457 2785 3572 2836 hoc
3594 2783 3819 2836 testimo-

2247 2855 2345 2905 nio
2394 2868 2535 2905 usus
2560 2859 2669 2918 est,
2695 2868 2829 2906 cum
2853 2855 3179 2907 dicentibus
3202 2856 3443 2920 Judteis,
3468 2860 3538 2907 ut
3554 2870 3659 2908 nos
3675 2854 3818 2906 corri-

2248 2932 2407 2991 peret
2422 2928 2718 2991 respondit
2746 2942 2758 2978 :
2780 2929 2906 2979 Non
2940 2927 3164 2992 legistis
3180 2932 3206 2979 ‘t
3229 2931 3313 2980 Ex
3340 2942 3436 2980 ore
3458 2928 3756 2981 infantium
3775 2931 3817 2977 et

2247 3000 2584 3051 lactentium
2618 2999 2907 3063 perfecisti
2931 3000 3200 3052 laudem?
3215 3002 3366 3052 Bene
3387 3005 3586 3052 autem
3608 3013 3719 3052 non
3738 2998 3813 3058 ait,

2251 3071 2454 3135 fecisti,
2501 3071 2623 3136 sed,
2673 3072 2949 3135 Perfecisti
2974 3072 3209 3123 laudem.
3236 3076 3381 3125 Sunt
3403 3074 3562 3124 enim
3584 3074 3644 3124 in
3665 3070 3815 3124 Eccle-

2252 3143 2353 3193 siis
2380 3143 2552 3194 etiam
2576 3143 2654 3205 hi,
2709 3144 2808 3206 qui
2830 3156 2946 3195 non
2969 3145 3092 3207 jam
3136 3144 3281 3195 lacte
3311 3148 3603 3208 petantur,
3629 3143 3724 3195 sed
3746 3154 3813 3193 ve-

2250 3219 2489 3266 scuntur
2500 3216 2654 3267 cibo:
2670 3228 2814 3279 quos
2830 3216 2986 3267 idem
2998 3219 3313 3280 Apostolus
3328 3217 3619 3281 significat
3628 3216 3810 3273 dicens,

2247 3288 2591 3351 Sapientiam
2618 3288 2909 3350 loquimur
2930 3289 3080 3341 inter
3102 3290 3383 3354 perfectos
3402 3288 3474 3351 (1.
3493 3290 3615 3339 Cor.
3630 3284 3810 3350 2.).Sed

2242 3372 2361 3410 non
2383 3373 2455 3411 ex
2478 3359 2571 3410 his
2624 3361 2761 3411 solis
2783 3360 3161 3424 perficiuntur
3192 3362 3482 3424 Ecclesiae,
3510 3363 3648 3424 quia
3663 3361 3706 3411 si
3728 3357 3809 3408 soli

2241 3437 2453 3492 essent,
2468 3444 2586 3483 non
2598 3436 2903 3484 consulere
2911 3438 3003 3484 tur
3018 3434 3213 3497 generi
3222 3434 3494 3485 humano.
3509 3431 3811 3485 Consulitur

2241 3508 2453 3567 autem,
2464 3515 2595 3554 cum
2611 3504 2689 3554 illi
2715 3516 2949 3567 quoque
2968 3505 3231 3556 nondum
3245 3517 3483 3570 capaces
3496 3499 3811 3570 cognitionis

2238 3576 2850 3639 rerum,spiritualium
2880 3581 3059 3639 atque
3082 3587 3101 3607 α
3135 3582 3480 3629 internarum
3505 3576 3810 3629 nutriuntur

2240 3647 2352 3699 fide
2375 3649 2705 3712 temporalis
2722 3649 2996 3712 historiae,
3015 3663 3148 3713 quas
3163 3662 3264 3714 pro
3282 3650 3463 3701 salute
3478 3654 3692 3710 nostra,
3703 3646 3808 3710 post

2239 3720 2590 3783 patriarchas
2615 3724 2672 3773 et
2693 3721 3000 3785 prophetas
3018 3724 3090 3773 ab
3110 3722 3235 3786 ipsa
3246 3722 3532 3786 Sapientia
3552 3721 3652 3773 Dei
3667 3718 3806 3771 etiam

2239 3792 2490 3856 suscepti
2535 3794 2787 3844 hominis
2842 3799 3198 3846 sacramento
3222 3794 3626 3846 administrata
3650 3794 3743 3855 est,
3763 3789 3807 3839 in

2237 3876 2352 3927 qua
2376 3864 2533 3916 salus
2550 3869 2638 3916 est
2659 3866 2816 3917 omni
2831 3867 3271 3931 credenti(Rom.
3294 3867 3396 3929 1.):
3419 3870 3482 3918 ut
3493 3864 3805 3918 auctoritate

2237 3937 2625 4003 commonitus
2650 3940 2952 4001 prmceptis
2978 3939 3277 4003 inserviat,
3302 3938 3801 4003 quibusgpurgatus

2237 4002 2404 4063 quisq
2412 4013 2501 4063 ue,
2517 4005 2573 4052 et
2584 4002 2645 4052 in
2655 4003 2887 4052 caritate
2906 4002 3192 4053 radicatus
3210 4001 3381 4066 atque
3403 4001 3693 4064 fundatus,
3704 4007 3804 4062 pes-

2237 4073 2313 4123 sit
2335 4086 2578 4134 currere,
2604 4086 2737 4124 cum
2765 4074 3035 4125 omnibus
3053 4074 3287 4137 sanctis,
3301 4074 3546 4136 nonjam
3559 4068 3801 4138 parvulus

2233 4145 2295 4197 in
2316 4144 2480 4210 lacte,
2510 4147 2612 4198 sed
2640 4148 2873 4210 juvenis
2895 4148 2954 4199 in
2977 4147 3121 4210 cibo,
3141 4147 3626 4212 comprehendere
3647 4142 3801 4195 latitu-

2235 4218 2446 4281 dinem,
2490 4218 2929 4285 longitudinem,
2985 4220 3345 4272 altitudinem
3378 4224 3433 4271 et
3476 4216 3798 4284 profundum

2236 4290 2445 4355 (Ephes.
2472 4290 2543 4355 3.)
2561 4307 2572 4342 :
2590 4293 2733 4343 scire
2758 4295 2931 4344 etiam
2958 4291 3073 4359 42
3102 4292 3632 4358 supereminentem
3645 4288 3800 4341 scien-

2236 4366 2372 4415 tiam
2405 4366 2657 4416 caritatis
2702 4365 2928 4418 Christi.
2956 4366 3098 4418 Haec
3120 4370 3313 4420 autem
3342 4366 3551 4430 fecisti,
3588 4363 3798 4416 Domine

2233 4436 2408 4501 Deus,
2434 4442 2664 4500 propter
2696 4437 2965 4491 inimicos
2978 4444 3139 4490 tuos:
3176 4444 3236 4488 ut
3272 4440 3512 4488 destruas
3536 4435 3797 4488 inimicum

2236 4512 2281 4583 et
2304 4508 2546 4583 ultorem.
2576 4510 2714 4570 Quis
2728 4524 2826 4575 per
2843 4511 3164 4575 inimicum,
3179 4512 3290 4562 nisi
3302 4513 3568 4574 Paganus
3585 4515 3640 4562 et
3651 4509 3797 4583 luere:

2242 4580 2386 4632 ticus
2402 4582 2686 4647 accipiter,
2705 4596 2806 4647 per
2825 4584 3070 4636 ultorem
3095 4597 3231 4637 vero
3254 4584 3513 4643 Judaeus,
3538 4583 3637 4647 qui
3657 4580 3796 4643 qua-il

2235 4664 2337 4715 pro
2352 4651 2478 4716 lege
2508 4667 2616 4705 sua
2648 4654 2978 4707 ulciscenda
2999 4660 3055 4708 et
3069 4656 3427 4708 defendenda
3441 4654 3794 4706 Christianum

2150 4723 2208 4797 D
2229 4736 2443 4777 nomen
2458 4729 2924 4791 persequebatur.
2947 4730 3100 4789 Quos
3114 4733 3195 4791 tu,
3210 4728 3470 4792 Domine,
3483 4717 3794 4779 destruxisti

2230 4800 2291 4847 et
2306 4798 2632 4855 confudisti,
2653 4813 2787 4851 cum
2798 4805 2853 4851 te
2864 4801 3169 4864 aspirante:
3197 4799 3271 4852 ad
3286 4800 3461 4852 tidem
3476 4804 3631 4852 tuam
3645 4803 3793 4847 vene-

2229 4874 2367 4920 runt
2389 4870 2633 4934 parvuli,
2653 4875 2711 4924 et
2732 4873 2792 4923 in
2815 4885 2921 4924 suo
2950 4884 3137 4924 errore
3160 4874 3558 4925 remanserunt
3578 4868 3790 4933 legiSPe'

2226 4940 2320 4993 riti
2342 4946 2399 5015 et
2441 4942 2779 5015 philosophi.
2808 4946 3017 5008 Magna
3045 4944 3409 4997 inimicorum
3434 4941 3686 4995 confusio
3702 4938 3789 5015 es},

2226 5026 2357 5064 cum
2380 5013 2633 5067 infantes
2657 5016 2911 5077 laudant,
2928 5018 3212 5081 sapientes
3236 5017 3650 5081 blasphemant,
3672 5014 3723 5064 et
3740 5013 3788 5056 111

2222 5084 2616 5151 hoc,Domine,
2634 5101 2847 5140 nomen
2860 5094 3124 5140 sanctum
3138 5094 3303 5142 tuum
3320 5088 3667 5147 admirabile,
3679 5089 3785 5134 cum

2221 5157 2334 5209 hoc
2358 5158 2429 5210 de
2464 5164 2521 5210 te
2546 5172 2645 5224 per
2662 5164 2821 5212 tuam
2844 5161 3089 5225 gratiam
3106 5163 3260 5226 capit
3276 5174 3503 5226 parvus,
3544 5156 3688 5224 quod
3709 5160 3787 5217 per

2224 5242 2389 5281 suam
2406 5232 2741 5295 sapientiam
2755 5246 2873 5285 non
2888 5239 3079 5297 potest
3089 5248 3357 5299 magnus.
3372 5233 3531 5286 Unde
3543 5230 3782 5294 scriptun1

2223 5306 2312 5353 est
2343 5317 2356 5354 :
2393 5304 2715 5356 Conﬂtebor
2756 5306 2877 5369 tibi,
2919 5307 3086 5357 Pater
3119 5306 3361 5358 Domine
3400 5305 3524 5357 caeli
3549 5310 3604 5357 et
3628 5306 3779 5354 terrai,

2223 5374 2358 5437 quia
2381 5377 2732 5429 abscondisti
2757 5377 2884 5429 haec
2932 5378 3287 5442 sapientibus
3319 5383 3379 5429 et
3419 5373 3780 5442 prudentibus,

2220 5449 2577 5569 (eittrevelasti
2599 5462 2667 5501 ea
2680 5448 2943 5514 parvulis
2982 5440 3194 5514 (Matth.
3232 5449 3359 5515 11.).
3390 5440 3550 5503 Unde
3578 5452 3631 5501 et
3670 5440 3778 5497 θιὼ·

2259 5531 2277 5569 ι
2310 5532 2394 5569 ur.

2259 5518 2394 5585 itur,

2280 5591 2331 5645 4·
2358 5591 2629 5651 Quoniam
2652 5592 2831 5644 videbo
2860 5594 3011 5644 caelos
3036 5598 3150 5645 tuos
3172 5609 3341 5660 opera
3363 5594 3652 5660 digitorum
3682 5590 3777 5635 ίαθ·

2216 5733 2585 5785 consuleretur
2633 5735 3033 5800 rescripsimus
3057 5748 3159 5801 pro
3182 5736 3531 5787 consulerent.

2279 5815 2297 5835 ε
2316 5807 2505 5870 Atque
2528 5806 2655 5859 heic
2676 5813 3003 5858 aeternan
3036 5806 3496 5862 emendavimus’
3515 5820 3586 5861 ex
3605 5806 3773 5864 Augu‘

2215 5878 2383 5942 stino,
2429 5890 2532 5943 pro
2583 5892 2698 5944 quo
2741 5884 2882 5945 erat,
2898 5887 3272 5934 externarum.
3296 5883 3401 5935 Pro
3432 5874 3769 5932 commonitus;

2214 5951 2371 6017 quod
2399 5955 2491 6007 est
2512 5952 2681 6018 paulo
2717 5957 2851 6019 post
2869 5952 3079 6019 legitur
3097 5956 3250 6020 apud
3270 5966 3405 6011 eum
3425 5954 3718 6007 commotus.
