  <div class='ocr_page' id='page_1' title='image "/cluster/home/n/w/nwhite01/storage/ocr_20150623/21/umn.319510024773153/342.png"; bbox 0 0 3900 6408; ppageno 0'>
   <div class='ocr_carea' id='block_1_1' title="bbox 55 362 182 417">
    <p class='ocr_par' dir='ltr' id='par_1_1' title="bbox 55 362 182 417">
     <span class='ocr_line' id='line_1_1' title="bbox 55 362 182 417; baseline 0 -1"><span class='ocrx_word' id='word_1_1' title='bbox 55 362 182 417; x_wconf 88' lang='grc'>677</span> 
     </span>
    </p>
   </div>
   <div class='ocr_carea' id='block_1_2' title="bbox 1093 362 2384 418">
    <p class='ocr_par' dir='ltr' id='par_1_2' title="bbox 1093 362 2384 418">
     <span class='ocr_line' id='line_1_2' title="bbox 1093 362 2384 418; baseline 0.001 -3"><span class='ocrx_word' id='word_1_2' title='bbox 1093 363 1168 417; x_wconf 88' lang='lat' dir='ltr'>IN</span> <span class='ocrx_word' id='word_1_3' title='bbox 1199 363 1522 418; x_wconf 84' lang='lat' dir='ltr'>PSALMOS</span> <span class='ocrx_word' id='word_1_4' title='bbox 1553 362 1764 418; x_wconf 86' lang='lat' dir='ltr'><strong>LXXV</strong></span> <span class='ocrx_word' id='word_1_5' title='bbox 1799 363 2384 418; x_wconf 80' lang='lat' dir='ltr'>COMMENTARIUS.</span> 
     </span>
    </p>
   </div>
   <div class='ocr_carea' id='block_1_3' title="bbox 3285 368 3392 424">
    <p class='ocr_par' dir='ltr' id='par_1_3' title="bbox 3285 368 3392 424">
     <span class='ocr_line' id='line_1_3' title="bbox 3285 368 3392 424; baseline 0 0"><span class='ocrx_word' id='word_1_6' title='bbox 3285 368 3392 424; x_wconf 87' lang='lat'>678</span> 
     </span>
    </p>
   </div>
   <div class='ocr_carea' id='block_1_4' title="bbox 55 471 3396 556">
    <p class='ocr_par' dir='ltr' id='par_1_4' title="bbox 55 471 3396 556">
     <span class='ocr_line' id='line_1_4' title="bbox 55 471 3396 556; baseline 0.001 -34"><span class='ocrx_word' id='word_1_7' title='bbox 55 487 212 556; x_wconf 44' lang='lat' dir='ltr'>tum</span> <span class='ocrx_word' id='word_1_8' title='bbox 245 485 274 554; x_wconf 78' lang='lat'>:_</span> <span class='ocrx_word' id='word_1_9' title='bbox 291 471 482 522; x_wconf 83' lang='lat' dir='ltr'>tunam</span> <span class='ocrx_word' id='word_1_10' title='bbox 505 475 551 521; x_wconf 83' lang='lat' dir='ltr'>et</span> <span class='ocrx_word' id='word_1_11' title='bbox 578 471 904 556; x_wconf 41' lang='lat' dir='ltr'>stellamque</span> <span class='ocrx_word' id='word_1_12' title='bbox 928 476 984 522; x_wconf 84' lang='lat' dir='ltr'>tu</span> <span class='ocrx_word' id='word_1_13' title='bbox 995 471 1261 556; x_wconf 66' lang='lat' dir='ltr'>fundasti.</span> <span class='ocrx_word' id='word_1_14' title='bbox 1288 476 1369 526; x_wconf 88' lang='lat' dir='ltr'>Ac</span> <span class='ocrx_word' id='word_1_15' title='bbox 1393 475 1442 527; x_wconf 90' lang='lat' dir='ltr'>si</span> <span class='ocrx_word' id='word_1_16' title='bbox 1457 475 1687 540; x_wconf 95' lang='lat' dir='ltr'>diceret,</span> <span class='ocrx_word' id='word_1_17' title='bbox 1714 473 1865 556; x_wconf 76' lang='lat' dir='ltr'>Ade</span> <span class='ocrx_word' id='word_1_18' title='bbox 1897 473 2154 556; x_wconf 61' lang='lat' dir='ltr'>reprobis</span> <span class='ocrx_word' id='word_1_19' title='bbox 2179 474 2460 556; x_wconf 83' lang='lat' dir='ltr'>subditur.</span> <span class='ocrx_word' id='word_1_20' title='bbox 2476 475 2723 556; x_wconf 53' lang='lat' dir='ltr'>[nsuper</span> <span class='ocrx_word' id='word_1_21' title='bbox 2742 479 2789 556; x_wconf 73' lang='lat' dir='ltr'>et</span> <span class='ocrx_word' id='word_1_22' title='bbox 2806 488 2999 540; x_wconf 83' lang='lat' dir='ltr'>pecora</span> <span class='ocrx_word' id='word_1_23' title='bbox 3021 476 3219 556; x_wconf 50' lang='lat' dir='ltr'>campi,</span> <span class='ocrx_word' id='word_1_24' title='bbox 3243 479 3396 556; x_wconf 50' lang='lat' dir='ltr'>potu-</span> 
     </span>
    </p>
   </div>
   <div class='ocr_carea' id='block_1_5' title="bbox 60 543 1692 613">
    <p class='ocr_par' dir='ltr' id='par_1_5' title="bbox 60 543 1692 613">
     <span class='ocr_line' id='line_1_5' title="bbox 60 543 1692 613; baseline 0.002 -17"><span class='ocrx_word' id='word_1_25' title='bbox 60 545 375 608; x_wconf 87' lang='lat' dir='ltr'>Quoniam</span> <span class='ocrx_word' id='word_1_26' title='bbox 387 556 619 596; x_wconf 82' lang='lat' dir='ltr'>cernam</span> <span class='ocrx_word' id='word_1_27' title='bbox 639 549 696 596; x_wconf 91' lang='lat' dir='ltr'>et</span> <span class='ocrx_word' id='word_1_28' title='bbox 709 543 1022 608; x_wconf 77' lang='lat' dir='ltr'>intelligam</span> <span class='ocrx_word' id='word_1_29' title='bbox 1034 546 1370 611; x_wconf 89' lang='lat' dir='ltr'>Scripturas,</span> <span class='ocrx_word' id='word_1_30' title='bbox 1383 561 1549 612; x_wconf 91' lang='lat' dir='ltr'>quas,</span> <span class='ocrx_word' id='word_1_31' title='bbox 1565 562 1692 613; x_wconf 88' lang='lat' dir='ltr'>ope-</span> 
     </span>
    </p>
   </div>
   <div class='ocr_carea' id='block_1_6' title="bbox 61 615 1693 684">
    <p class='ocr_par' dir='ltr' id='par_1_6' title="bbox 61 615 1693 684">
     <span class='ocr_line' id='line_1_6' title="bbox 61 615 1693 684; baseline 0.001 -18"><span class='ocrx_word' id='word_1_32' title='bbox 61 622 252 667; x_wconf 82' lang='lat' dir='ltr'>rante</span> <span class='ocrx_word' id='word_1_33' title='bbox 289 615 498 680; x_wconf 89' lang='lat' dir='ltr'>Spiritu</span> <span class='ocrx_word' id='word_1_34' title='bbox 524 620 752 676; x_wconf 78' lang='lat' dir='ltr'>Sancto,</span> <span class='ocrx_word' id='word_1_35' title='bbox 783 628 883 679; x_wconf 87' lang='lat' dir='ltr'>per</span> <span class='ocrx_word' id='word_1_36' title='bbox 914 616 1211 666; x_wconf 85' lang='lat' dir='ltr'>ministros</span> <span class='ocrx_word' id='word_1_37' title='bbox 1251 622 1379 668; x_wconf 90' lang='lat' dir='ltr'>tuos</span> <span class='ocrx_word' id='word_1_38' title='bbox 1403 620 1693 684; x_wconf 85' lang='lat' dir='ltr'>conscrip—</span> 
     </span>
    </p>
   </div>
   <div class='ocr_carea' id='block_1_7' title="bbox 63 687 1695 754">
    <p class='ocr_par' dir='ltr' id='par_1_7' title="bbox 63 687 1695 754">
     <span class='ocr_line' id='line_1_7' title="bbox 63 687 1695 754; baseline -0.006 -16"><span class='ocrx_word' id='word_1_39' title='bbox 63 689 233 740; x_wconf 86' lang='lat' dir='ltr'>sisti.</span> <span class='ocrx_word' id='word_1_40' title='bbox 261 688 546 738; x_wconf 77' lang='lat' dir='ltr'>Videntur</span> <span class='ocrx_word' id='word_1_41' title='bbox 568 701 702 750; x_wconf 85' lang='lat' dir='ltr'>ergo</span> <span class='ocrx_word' id='word_1_42' title='bbox 731 687 834 748; x_wconf 65' lang='lat'>(15.1:</span> <span class='ocrx_word' id='word_1_43' title='bbox 857 688 1179 750; x_wconf 79' lang='lat' dir='ltr'>Augustino)</span> <span class='ocrx_word' id='word_1_44' title='bbox 1205 687 1330 740; x_wconf 67' lang='lat' dir='ltr'>caeli</span> <span class='ocrx_word' id='word_1_45' title='bbox 1356 702 1526 754; x_wconf 85' lang='lat' dir='ltr'>Opera</span> <span class='ocrx_word' id='word_1_46' title='bbox 1549 690 1695 754; x_wconf 75' lang='lat' dir='ltr'>digi-</span> 
     </span>
    </p>
   </div>
   <div class='ocr_carea' id='block_1_8' title="bbox 64 757 1695 823">
    <p class='ocr_par' dir='ltr' id='par_1_8' title="bbox 64 757 1695 823">
     <span class='ocr_line' id='line_1_8' title="bbox 64 757 1695 823; baseline 0.001 -13"><span class='ocrx_word' id='word_1_47' title='bbox 64 766 284 811; x_wconf 86' lang='lat' dir='ltr'>torum</span> <span class='ocrx_word' id='word_1_48' title='bbox 314 759 428 821; x_wconf 92' lang='lat' dir='ltr'>Dei,</span> <span class='ocrx_word' id='word_1_49' title='bbox 454 758 511 808; x_wconf 89' lang='lat' dir='ltr'>id</span> <span class='ocrx_word' id='word_1_50' title='bbox 535 757 1060 820; x_wconf 85' lang='lat' dir='ltr'>est,-intelligentur</span> <span class='ocrx_word' id='word_1_51' title='bbox 1083 759 1209 810; x_wconf 81' lang='lat' dir='ltr'>libri</span> <span class='ocrx_word' id='word_1_52' title='bbox 1228 761 1494 823; x_wconf 87' lang='lat' dir='ltr'>usquead</span> <span class='ocrx_word' id='word_1_53' title='bbox 1513 761 1695 812; x_wconf 82' lang='lat' dir='ltr'>infan-</span> 
     </span>
    </p>
   </div>
   <div class='ocr_carea' id='block_1_9' title="bbox 67 829 1694 892">
    <p class='ocr_par' dir='ltr' id='par_1_9' title="bbox 67 829 1694 892">
     <span class='ocr_line' id='line_1_9' title="bbox 67 829 1694 892; baseline 0.002 -11"><span class='ocrx_word' id='word_1_54' title='bbox 67 832 236 882; x_wconf 86' lang='lat' dir='ltr'>tium</span> <span class='ocrx_word' id='word_1_55' title='bbox 288 829 613 880; x_wconf 71' lang='lat' dir='ltr'>tarditatem</span> <span class='ocrx_word' id='word_1_56' title='bbox 645 829 930 892; x_wconf 82' lang='lat' dir='ltr'>perducti;</span> <span class='ocrx_word' id='word_1_57' title='bbox 957 835 1014 881; x_wconf 92' lang='lat' dir='ltr'>et</span> <span class='ocrx_word' id='word_1_58' title='bbox 1050 845 1148 882; x_wconf 89' lang='lat' dir='ltr'>eos</span> <span class='ocrx_word' id='word_1_59' title='bbox 1184 844 1280 892; x_wconf 86' lang='lat' dir='ltr'>per</span> <span class='ocrx_word' id='word_1_60' title='bbox 1309 831 1694 884; x_wconf 79' lang='lat' dir='ltr'>humilitatem</span> 
     </span>
    </p>
   </div>
   <div class='ocr_carea' id='block_1_10' title="bbox 64 901 1697 968">
    <p class='ocr_par' dir='ltr' id='par_1_10' title="bbox 64 901 1697 968">
     <span class='ocr_line' id='line_1_10' title="bbox 64 901 1697 968; baseline 0.001 -15"><span class='ocrx_word' id='word_1_61' title='bbox 64 902 384 953; x_wconf 59' lang='lat' dir='ltr'>historicas</span> <span class='ocrx_word' id='word_1_62' title='bbox 400 901 549 960; x_wconf 81' lang='lat' dir='ltr'>ﬁdei,</span> <span class='ocrx_word' id='word_1_63' title='bbox 568 913 700 964; x_wconf 60' lang='lat' dir='ltr'>quae</span> <span class='ocrx_word' id='word_1_64' title='bbox 727 901 1111 965; x_wconf 88' lang='lat' dir='ltr'>temporaliter</span> <span class='ocrx_word' id='word_1_65' title='bbox 1125 907 1289 965; x_wconf 87' lang='lat' dir='ltr'>gesta</span> <span class='ocrx_word' id='word_1_66' title='bbox 1307 909 1412 968; x_wconf 91' lang='lat' dir='ltr'>est,</span> <span class='ocrx_word' id='word_1_67' title='bbox 1430 905 1503 955; x_wconf 91' lang='lat' dir='ltr'>ad</span> <span class='ocrx_word' id='word_1_68' title='bbox 1528 905 1697 956; x_wconf 89' lang='lat' dir='ltr'>subli-</span> 
     </span>
    </p>
   </div>
   <div class='ocr_carea' id='block_1_11' title="bbox 66 972 1699 1037">
    <p class='ocr_par' dir='ltr' id='par_1_11' title="bbox 66 972 1699 1037">
     <span class='ocr_line' id='line_1_11' title="bbox 66 972 1699 1037; baseline 0 -11"><span class='ocrx_word' id='word_1_69' title='bbox 66 975 355 1026; x_wconf 85' lang='lat' dir='ltr'>mitatem</span> <span class='ocrx_word' id='word_1_70' title='bbox 384 972 776 1037; x_wconf 69' lang='lat' dir='ltr'>intelligentiae</span> <span class='ocrx_word' id='word_1_71' title='bbox 797 985 990 1024; x_wconf 88' lang='lat' dir='ltr'>rerum</span> <span class='ocrx_word' id='word_1_72' title='bbox 1001 979 1345 1026; x_wconf 62' lang='lat' dir='ltr'>internarum</span> <span class='ocrx_word' id='word_1_73' title='bbox 1357 977 1503 1026; x_wconf 85' lang='lat' dir='ltr'>bene</span> <span class='ocrx_word' id='word_1_74' title='bbox 1523 977 1699 1027; x_wconf 86' lang='lat' dir='ltr'>nutri-</span> 
     </span>
    </p>
   </div>
   <div class='ocr_carea' id='block_1_12' title="bbox 71 1045 1696 1109">
    <p class='ocr_par' dir='ltr' id='par_1_12' title="bbox 71 1045 1696 1109">
     <span class='ocr_line' id='line_1_12' title="bbox 71 1045 1696 1109; baseline 0.002 -13"><span class='ocrx_word' id='word_1_75' title='bbox 71 1051 174 1096; x_wconf 90' lang='lat' dir='ltr'>tos</span> <span class='ocrx_word' id='word_1_76' title='bbox 202 1050 266 1097; x_wconf 90' lang='lat' dir='ltr'>et</span> <span class='ocrx_word' id='word_1_77' title='bbox 293 1045 586 1095; x_wconf 81' lang='lat' dir='ltr'>roboratus</span> <span class='ocrx_word' id='word_1_78' title='bbox 615 1054 630 1072; x_wconf 90' lang='grc'><strong>·</strong></span> <span class='ocrx_word' id='word_1_79' title='bbox 649 1045 910 1108; x_wconf 77' lang='lat' dir='ltr'>exigunt.</span> <span class='ocrx_word' id='word_1_80' title='bbox 943 1045 1002 1096; x_wconf 92' lang='lat' dir='ltr'>in</span> <span class='ocrx_word' id='word_1_81' title='bbox 1025 1059 1203 1109; x_wconf 88' lang='lat' dir='ltr'>eaque</span> <span class='ocrx_word' id='word_1_82' title='bbox 1228 1048 1586 1099; x_wconf 77' lang='lat' dir='ltr'>conﬁrmant.</span> <span class='ocrx_word' id='word_1_83' title='bbox 1614 1049 1696 1098; x_wconf 80' lang='lat' dir='ltr'>Ex</span> 
     </span>
    </p>
   </div>
   <div class='ocr_carea' id='block_1_13' title="bbox 63 1115 1696 1184">
    <p class='ocr_par' dir='ltr' id='par_1_13' title="bbox 63 1115 1696 1184">
     <span class='ocr_line' id='line_1_13' title="bbox 63 1115 1696 1184; baseline 0.001 -15"><span class='ocrx_word' id='word_1_84' title='bbox 63 1117 171 1169; x_wconf 82' lang='lat' dir='ltr'>his</span> <span class='ocrx_word' id='word_1_85' title='bbox 201 1118 401 1170; x_wconf 81' lang='lat' dir='ltr'>verbis</span> <span class='ocrx_word' id='word_1_86' title='bbox 426 1115 645 1179; x_wconf 89' lang='lat' dir='ltr'>liquido</span> <span class='ocrx_word' id='word_1_87' title='bbox 669 1121 841 1180; x_wconf 88' lang='lat' dir='ltr'>patet,</span> <span class='ocrx_word' id='word_1_88' title='bbox 869 1117 1005 1180; x_wconf 88' lang='lat' dir='ltr'>quia</span> <span class='ocrx_word' id='word_1_89' title='bbox 1034 1120 1311 1182; x_wconf 84' lang='lat' dir='ltr'>propheta</span> <span class='ocrx_word' id='word_1_90' title='bbox 1328 1125 1696 1184; x_wconf 86' lang='lat' dir='ltr'>sanctusmy—</span> 
     </span>
    </p>
   </div>
   <div class='ocr_carea' id='block_1_14' title="bbox 68 1187 1698 1255">
    <p class='ocr_par' dir='ltr' id='par_1_14' title="bbox 68 1187 1698 1255">
     <span class='ocr_line' id='line_1_14' title="bbox 68 1187 1698 1255; baseline 0.003 -16"><span class='ocrx_word' id='word_1_91' title='bbox 68 1189 232 1240; x_wconf 87' lang='lat' dir='ltr'>stice</span> <span class='ocrx_word' id='word_1_92' title='bbox 257 1187 530 1252; x_wconf 87' lang='lat' dir='ltr'>loquitur.</span> <span class='ocrx_word' id='word_1_93' title='bbox 557 1188 613 1240; x_wconf 91' lang='lat' dir='ltr'>Si</span> <span class='ocrx_word' id='word_1_94' title='bbox 636 1189 789 1239; x_wconf 89' lang='lat' dir='ltr'>enim</span> <span class='ocrx_word' id='word_1_95' title='bbox 804 1189 975 1252; x_wconf 80' lang='lat' dir='ltr'>juxta</span> <span class='ocrx_word' id='word_1_96' title='bbox 999 1189 1180 1241; x_wconf 89' lang='lat' dir='ltr'>solam</span> <span class='ocrx_word' id='word_1_97' title='bbox 1202 1189 1698 1255; x_wconf 88' lang='lat' dir='ltr'>literamloquere-</span> 
     </span>
    </p>
   </div>
   <div class='ocr_carea' id='block_1_15' title="bbox 69 1259 1698 1326">
    <p class='ocr_par' dir='ltr' id='par_1_15' title="bbox 69 1259 1698 1326">
     <span class='ocr_line' id='line_1_15' title="bbox 69 1259 1698 1326; baseline 0.001 -16"><span class='ocrx_word' id='word_1_98' title='bbox 69 1265 199 1324; x_wconf 88' lang='lat' dir='ltr'>tur,</span> <span class='ocrx_word' id='word_1_99' title='bbox 226 1260 491 1311; x_wconf 90' lang='lat' dir='ltr'>dicturus</span> <span class='ocrx_word' id='word_1_100' title='bbox 513 1259 794 1312; x_wconf 90' lang='lat' dir='ltr'>luminare</span> <span class='ocrx_word' id='word_1_101' title='bbox 816 1261 1028 1322; x_wconf 85' lang='lat' dir='ltr'>minus,</span> <span class='ocrx_word' id='word_1_102' title='bbox 1052 1262 1210 1326; x_wconf 92' lang='lat' dir='ltr'>prius</span> <span class='ocrx_word' id='word_1_103' title='bbox 1231 1261 1513 1314; x_wconf 88' lang='lat' dir='ltr'>luminare</span> <span class='ocrx_word' id='word_1_104' title='bbox 1535 1267 1698 1324; x_wconf 84' lang='lat' dir='ltr'>majus</span> 
     </span>
    </p>
   </div>
   <div class='ocr_carea' id='block_1_16' title="bbox 69 1331 1698 1398">
    <p class='ocr_par' dir='ltr' id='par_1_16' title="bbox 69 1331 1698 1398">
     <span class='ocr_line' id='line_1_16' title="bbox 69 1331 1698 1398; baseline 0.003 -17"><span class='ocrx_word' id='word_1_105' title='bbox 69 1332 240 1394; x_wconf 85' lang='lat' dir='ltr'>(Gen.</span> <span class='ocrx_word' id='word_1_106' title='bbox 269 1331 339 1396; x_wconf 89' lang='lat'>1.)</span> <span class='ocrx_word' id='word_1_107' title='bbox 367 1331 567 1382; x_wconf 88' lang='lat' dir='ltr'>debuit</span> <span class='ocrx_word' id='word_1_108' title='bbox 589 1332 796 1396; x_wconf 89' lang='lat' dir='ltr'>dicere,</span> <span class='ocrx_word' id='word_1_109' title='bbox 822 1336 887 1383; x_wconf 94' lang='lat' dir='ltr'>ut</span> <span class='ocrx_word' id='word_1_110' title='bbox 911 1338 1044 1384; x_wconf 88' lang='lat' dir='ltr'>ante</span> <span class='ocrx_word' id='word_1_111' title='bbox 1065 1333 1261 1394; x_wconf 89' lang='lat' dir='ltr'>solem,</span> <span class='ocrx_word' id='word_1_112' title='bbox 1287 1339 1344 1386; x_wconf 90' lang='lat' dir='ltr'>et</span> <span class='ocrx_word' id='word_1_113' title='bbox 1360 1335 1698 1398; x_wconf 87' lang='lat' dir='ltr'>postlunam</span> 
     </span>
    </p>
   </div>
   <div class='ocr_carea' id='block_1_17' title="bbox 70 1403 1700 1469">
    <p class='ocr_par' dir='ltr' id='par_1_17' title="bbox 70 1403 1700 1469">
     <span class='ocr_line' id='line_1_17' title="bbox 70 1403 1700 1469; baseline 0.001 -15"><span class='ocrx_word' id='word_1_114' title='bbox 70 1407 268 1467; x_wconf 88' lang='lat' dir='ltr'>atque</span> <span class='ocrx_word' id='word_1_115' title='bbox 295 1403 491 1455; x_wconf 87' lang='lat' dir='ltr'>stellas</span> <span class='ocrx_word' id='word_1_116' title='bbox 514 1403 784 1454; x_wconf 84' lang='lat' dir='ltr'>fundatas</span> <span class='ocrx_word' id='word_1_117' title='bbox 799 1417 930 1455; x_wconf 90' lang='lat' dir='ltr'>esse</span> <span class='ocrx_word' id='word_1_118' title='bbox 948 1405 1402 1468; x_wconf 87' lang='lat' dir='ltr'>perhiberet.Sed</span> <span class='ocrx_word' id='word_1_119' title='bbox 1419 1409 1537 1467; x_wconf 84' lang='lat' dir='ltr'>quia</span> <span class='ocrx_word' id='word_1_120' title='bbox 1555 1411 1700 1469; x_wconf 81' lang='lat' dir='ltr'>juxta</span> 
     </span>
    </p>
   </div>
   <div class='ocr_carea' id='block_1_18' title="bbox 78 1473 1698 1539">
    <p class='ocr_par' dir='ltr' id='par_1_18' title="bbox 78 1473 1698 1539">
     <span class='ocr_line' id='line_1_18' title="bbox 78 1473 1698 1539; baseline 0.004 -14"><span class='ocrx_word' id='word_1_121' title='bbox 78 1473 456 1526; x_wconf 87' lang='lat' dir='ltr'>intellectum</span> <span class='ocrx_word' id='word_1_122' title='bbox 476 1475 789 1539; x_wconf 85' lang='lat' dir='ltr'>mysticum</span> <span class='ocrx_word' id='word_1_123' title='bbox 801 1475 1142 1539; x_wconf 85' lang='lat' dir='ltr'>loquebatur</span> <span class='ocrx_word' id='word_1_124' title='bbox 1155 1482 1215 1528; x_wconf 91' lang='lat' dir='ltr'>ut</span> <span class='ocrx_word' id='word_1_125' title='bbox 1227 1477 1424 1528; x_wconf 88' lang='lat' dir='ltr'>lunam</span> <span class='ocrx_word' id='word_1_126' title='bbox 1437 1483 1698 1530; x_wconf 89' lang='lat' dir='ltr'>sanctam</span> 
     </span>
    </p>
   </div>
   <div class='ocr_carea' id='block_1_19' title="bbox 73 1546 1702 1614">
    <p class='ocr_par' dir='ltr' id='par_1_19' title="bbox 73 1546 1702 1614">
     <span class='ocr_line' id='line_1_19' title="bbox 73 1546 1702 1614; baseline 0.004 -18"><span class='ocrx_word' id='word_1_127' title='bbox 73 1546 429 1609; x_wconf 89' lang='lat' dir='ltr'>Ecclesiam,</span> <span class='ocrx_word' id='word_1_128' title='bbox 453 1553 510 1598; x_wconf 91' lang='lat' dir='ltr'>et</span> <span class='ocrx_word' id='word_1_129' title='bbox 524 1547 718 1599; x_wconf 87' lang='lat' dir='ltr'>stellas</span> <span class='ocrx_word' id='word_1_130' title='bbox 731 1561 932 1599; x_wconf 89' lang='lat' dir='ltr'>omnes</span> <span class='ocrx_word' id='word_1_131' title='bbox 945 1553 1178 1600; x_wconf 90' lang='lat' dir='ltr'>sanctos</span> <span class='ocrx_word' id='word_1_132' title='bbox 1193 1551 1447 1614; x_wconf 90' lang='lat' dir='ltr'>accipere</span> <span class='ocrx_word' id='word_1_133' title='bbox 1464 1551 1702 1603; x_wconf 88' lang='lat' dir='ltr'>debere-</span> 
     </span>
    </p>
   </div>
   <div class='ocr_carea' id='block_1_20' title="bbox 75 1619 1699 1688">
    <p class='ocr_par' dir='ltr' id='par_1_20' title="bbox 75 1619 1699 1688">
     <span class='ocr_line' id='line_1_20' title="bbox 75 1619 1699 1688; baseline 0.002 -19"><span class='ocrx_word' id='word_1_134' title='bbox 75 1631 267 1670; x_wconf 88' lang='lat' dir='ltr'>mus:</span> <span class='ocrx_word' id='word_1_135' title='bbox 300 1619 480 1671; x_wconf 90' lang='lat' dir='ltr'>solem</span> <span class='ocrx_word' id='word_1_136' title='bbox 522 1621 818 1671; x_wconf 88' lang='lat' dir='ltr'>nominare</span> <span class='ocrx_word' id='word_1_137' title='bbox 861 1619 1060 1682; x_wconf 89' lang='lat' dir='ltr'>noluit,</span> <span class='ocrx_word' id='word_1_138' title='bbox 1105 1621 1240 1684; x_wconf 90' lang='lat' dir='ltr'>quia</span> <span class='ocrx_word' id='word_1_139' title='bbox 1285 1621 1548 1674; x_wconf 87' lang='lat' dir='ltr'>videlicet</span> <span class='ocrx_word' id='word_1_140' title='bbox 1592 1623 1699 1688; x_wconf 87' lang='lat' dir='ltr'>ipsi</span> 
     </span>
    </p>
   </div>
   <div class='ocr_carea' id='block_1_21' title="bbox 81 1690 1700 1758">
    <p class='ocr_par' dir='ltr' id='par_1_21' title="bbox 81 1690 1700 1758">
     <span class='ocr_line' id='line_1_21' title="bbox 81 1690 1700 1758; baseline 0.002 -17"><span class='ocrx_word' id='word_1_141' title='bbox 81 1696 320 1742; x_wconf 80' lang='lat' dir='ltr'>aeterno</span> <span class='ocrx_word' id='word_1_142' title='bbox 351 1690 455 1742; x_wconf 89' lang='lat' dir='ltr'>soli</span> <span class='ocrx_word' id='word_1_143' title='bbox 477 1690 846 1756; x_wconf 89' lang='lat' dir='ltr'>loquebatur:</span> <span class='ocrx_word' id='word_1_144' title='bbox 875 1691 945 1742; x_wconf 91' lang='lat' dir='ltr'>de</span> <span class='ocrx_word' id='word_1_145' title='bbox 970 1704 1084 1754; x_wconf 90' lang='lat' dir='ltr'>quo</span> <span class='ocrx_word' id='word_1_146' title='bbox 1108 1693 1386 1757; x_wconf 89' lang='lat' dir='ltr'>scriptum</span> <span class='ocrx_word' id='word_1_147' title='bbox 1397 1699 1502 1758; x_wconf 89' lang='lat' dir='ltr'>est,</span> <span class='ocrx_word' id='word_1_148' title='bbox 1523 1695 1700 1744; x_wconf 70' lang='lat' dir='ltr'>Vobis</span> 
     </span>
    </p>
   </div>
   <div class='ocr_carea' id='block_1_22' title="bbox 83 1761 1697 1828">
    <p class='ocr_par' dir='ltr' id='par_1_22' title="bbox 83 1761 1697 1828">
     <span class='ocr_line' id='line_1_22' title="bbox 83 1761 1697 1828; baseline 0.001 -16"><span class='ocrx_word' id='word_1_149' title='bbox 83 1766 316 1826; x_wconf 87' lang='lat' dir='ltr'>autem,</span> <span class='ocrx_word' id='word_1_150' title='bbox 352 1761 452 1825; x_wconf 90' lang='lat' dir='ltr'>qui</span> <span class='ocrx_word' id='word_1_151' title='bbox 481 1762 696 1812; x_wconf 87' lang='lat' dir='ltr'>timetis</span> <span class='ocrx_word' id='word_1_152' title='bbox 729 1764 932 1826; x_wconf 88' lang='lat' dir='ltr'>Deum,</span> <span class='ocrx_word' id='word_1_153' title='bbox 955 1763 1170 1814; x_wconf 89' lang='lat' dir='ltr'>orietur</span> <span class='ocrx_word' id='word_1_154' title='bbox 1191 1763 1279 1816; x_wconf 90' lang='lat' dir='ltr'>sol</span> <span class='ocrx_word' id='word_1_155' title='bbox 1294 1765 1538 1828; x_wconf 69' lang='lat' dir='ltr'>justitiae</span> <span class='ocrx_word' id='word_1_156' title='bbox 1563 1766 1697 1826; x_wconf 83' lang='lat' dir='ltr'>(Ma-</span> 
     </span>
    </p>
   </div>
   <div class='ocr_carea' id='block_1_23' title="bbox 1793 545 3394 612">
    <p class='ocr_par' dir='ltr' id='par_1_23' title="bbox 1793 545 3394 612">
     <span class='ocr_line' id='line_1_23' title="bbox 1793 545 3394 612; baseline 0.003 -17"><span class='ocrx_word' id='word_1_157' title='bbox 1793 561 1902 596; x_wconf 89' lang='lat' dir='ltr'>cres</span> <span class='ocrx_word' id='word_1_158' title='bbox 1925 545 2033 595; x_wconf 72' lang='lat' dir='ltr'>caeli</span> <span class='ocrx_word' id='word_1_159' title='bbox 2062 552 2106 594; x_wconf 86' lang='lat' dir='ltr'>et</span> <span class='ocrx_word' id='word_1_160' title='bbox 2145 548 2306 610; x_wconf 78' lang='lat' dir='ltr'>pisces</span> <span class='ocrx_word' id='word_1_161' title='bbox 2338 548 2527 598; x_wconf 80' lang='lat' dir='ltr'>maris.</span> <span class='ocrx_word' id='word_1_162' title='bbox 2556 547 2718 608; x_wconf 89' lang='lat' dir='ltr'>Quod</span> <span class='ocrx_word' id='word_1_163' title='bbox 2743 549 2985 612; x_wconf 84' lang='lat' dir='ltr'>Insuper,</span> <span class='ocrx_word' id='word_1_164' title='bbox 3012 547 3164 610; x_wconf 88' lang='lat' dir='ltr'>dicit,</span> <span class='ocrx_word' id='word_1_165' title='bbox 3192 549 3263 600; x_wconf 92' lang='lat' dir='ltr'>ad</span> <span class='ocrx_word' id='word_1_166' title='bbox 3287 551 3394 602; x_wconf 85' lang='lat' dir='ltr'>dif-</span> 
     </span>
    </p>
   </div>
   <div class='ocr_carea' id='block_1_24' title="bbox 1795 617 3392 684">
    <p class='ocr_par' dir='ltr' id='par_1_24' title="bbox 1795 617 3392 684">
     <span class='ocr_line' id='line_1_24' title="bbox 1795 617 3392 684; baseline 0.004 -16"><span class='ocrx_word' id='word_1_167' title='bbox 1795 617 2092 668; x_wconf 82' lang='lat' dir='ltr'>ferentiam</span> <span class='ocrx_word' id='word_1_168' title='bbox 2131 618 2406 669; x_wconf 88' lang='lat' dir='ltr'>bonorum</span> <span class='ocrx_word' id='word_1_169' title='bbox 2445 625 2502 670; x_wconf 89' lang='lat' dir='ltr'>et</span> <span class='ocrx_word' id='word_1_170' title='bbox 2532 619 2814 670; x_wconf 90' lang='lat' dir='ltr'>malorum</span> <span class='ocrx_word' id='word_1_171' title='bbox 2848 620 3035 684; x_wconf 85' lang='lat' dir='ltr'>ponit:</span> <span class='ocrx_word' id='word_1_172' title='bbox 3064 620 3176 670; x_wconf 87' lang='lat' dir='ltr'>hoc</span> <span class='ocrx_word' id='word_1_173' title='bbox 3199 626 3392 674; x_wconf 90' lang='lat' dir='ltr'>autem</span> 
     </span>
    </p>
   </div>
   <div class='ocr_carea' id='block_1_25' title="bbox 1793 689 3393 756">
    <p class='ocr_par' dir='ltr' id='par_1_25' title="bbox 1793 689 3393 756">
     <span class='ocr_line' id='line_1_25' title="bbox 1793 689 3393 756; baseline 0.006 -20"><span class='ocrx_word' id='word_1_174' title='bbox 1793 689 2020 752; x_wconf 69' lang='lat' dir='ltr'>Insuper</span> <span class='ocrx_word' id='word_1_175' title='bbox 2042 701 2159 739; x_wconf 92' lang='lat' dir='ltr'>non</span> <span class='ocrx_word' id='word_1_176' title='bbox 2185 689 2371 740; x_wconf 89' lang='lat' dir='ltr'>solum</span> <span class='ocrx_word' id='word_1_177' title='bbox 2405 691 2477 742; x_wconf 90' lang='lat' dir='ltr'>ad</span> <span class='ocrx_word' id='word_1_178' title='bbox 2501 703 2706 756; x_wconf 88' lang='lat' dir='ltr'>pecora</span> <span class='ocrx_word' id='word_1_179' title='bbox 2728 691 2932 755; x_wconf 85' lang='lat' dir='ltr'>campi,</span> <span class='ocrx_word' id='word_1_180' title='bbox 2959 691 3063 742; x_wconf 91' lang='lat' dir='ltr'>sed</span> <span class='ocrx_word' id='word_1_181' title='bbox 3091 692 3266 744; x_wconf 86' lang='lat' dir='ltr'>etiam</span> <span class='ocrx_word' id='word_1_182' title='bbox 3288 695 3393 746; x_wconf 89' lang='lat' dir='ltr'>ad-</span> 
     </span>
    </p>
   </div>
   <div class='ocr_carea' id='block_1_26' title="bbox 1794 759 3393 826">
    <p class='ocr_par' dir='ltr' id='par_1_26' title="bbox 1794 759 3393 826">
     <span class='ocr_line' id='line_1_26' title="bbox 1794 759 3393 826; baseline 0.003 -14"><span class='ocrx_word' id='word_1_183' title='bbox 1794 759 2058 812; x_wconf 87' lang='lat' dir='ltr'>volucres</span> <span class='ocrx_word' id='word_1_184' title='bbox 2081 759 2204 812; x_wconf 63' lang='lat' dir='ltr'>cali</span> <span class='ocrx_word' id='word_1_185' title='bbox 2227 765 2284 812; x_wconf 92' lang='lat' dir='ltr'>et</span> <span class='ocrx_word' id='word_1_186' title='bbox 2315 762 2500 825; x_wconf 87' lang='lat' dir='ltr'>pisces</span> <span class='ocrx_word' id='word_1_187' title='bbox 2524 763 2698 814; x_wconf 87' lang='lat' dir='ltr'>maris</span> <span class='ocrx_word' id='word_1_188' title='bbox 2728 763 3136 826; x_wconf 89' lang='lat' dir='ltr'>reportandum</span> <span class='ocrx_word' id='word_1_189' title='bbox 3162 769 3270 815; x_wconf 92' lang='lat' dir='ltr'>est.</span> <span class='ocrx_word' id='word_1_190' title='bbox 3298 767 3393 816; x_wconf 84' lang='lat' dir='ltr'>Pe-</span> 
     </span>
    </p>
   </div>
   <div class='ocr_carea' id='block_1_27' title="bbox 1795 831 3390 898">
    <p class='ocr_par' dir='ltr' id='par_1_27' title="bbox 1795 831 3390 898">
     <span class='ocr_line' id='line_1_27' title="bbox 1795 831 3390 898; baseline 0.004 -16"><span class='ocrx_word' id='word_1_191' title='bbox 1795 845 1927 883; x_wconf 89' lang='lat' dir='ltr'>cora</span> <span class='ocrx_word' id='word_1_192' title='bbox 1953 831 2138 895; x_wconf 87' lang='lat' dir='ltr'>campi</span> <span class='ocrx_word' id='word_1_193' title='bbox 2177 833 2281 895; x_wconf 73' lang='lat' dir='ltr'>(Ea:</span> <span class='ocrx_word' id='word_1_194' title='bbox 2304 834 2624 896; x_wconf 77' lang='lat' dir='ltr'>Augustino)</span> <span class='ocrx_word' id='word_1_195' title='bbox 2657 835 3017 898; x_wconf 89' lang='lat' dir='ltr'>accipiuntur</span> <span class='ocrx_word' id='word_1_196' title='bbox 3041 834 3309 888; x_wconf 86' lang='lat' dir='ltr'>homines</span> <span class='ocrx_word' id='word_1_197' title='bbox 3333 837 3390 888; x_wconf 91' lang='lat' dir='ltr'>in</span> 
     </span>
    </p>
   </div>
   <div class='ocr_carea' id='block_1_28' title="bbox 1796 902 3390 970">
    <p class='ocr_par' dir='ltr' id='par_1_28' title="bbox 1796 902 3390 970">
     <span class='ocr_line' id='line_1_28' title="bbox 1796 902 3390 970; baseline 0.004 -18"><span class='ocrx_word' id='word_1_198' title='bbox 1796 903 1984 954; x_wconf 87' lang='lat' dir='ltr'>carnis</span> <span class='ocrx_word' id='word_1_199' title='bbox 2009 902 2303 966; x_wconf 85' lang='lat' dir='ltr'>voluptate</span> <span class='ocrx_word' id='word_1_200' title='bbox 2325 904 2662 966; x_wconf 78' lang='lat' dir='ltr'>gaudentes,</span> <span class='ocrx_word' id='word_1_201' title='bbox 2680 906 2776 956; x_wconf 92' lang='lat' dir='ltr'>ubi</span> <span class='ocrx_word' id='word_1_202' title='bbox 2800 905 2943 956; x_wconf 88' lang='lat' dir='ltr'>nihil</span> <span class='ocrx_word' id='word_1_203' title='bbox 2957 905 3222 970; x_wconf 86' lang='lat' dir='ltr'>arduum,</span> <span class='ocrx_word' id='word_1_204' title='bbox 3246 906 3390 959; x_wconf 89' lang='lat' dir='ltr'>nihil</span> 
     </span>
    </p>
   </div>
   <div class='ocr_carea' id='block_1_29' title="bbox 1795 973 3397 1042">
    <p class='ocr_par' dir='ltr' id='par_1_29' title="bbox 1795 973 3397 1042">
     <span class='ocr_line' id='line_1_29' title="bbox 1795 973 3397 1042; baseline 0.004 -17"><span class='ocrx_word' id='word_1_205' title='bbox 1795 973 2146 1025; x_wconf 90' lang='lat' dir='ltr'>laboriosum</span> <span class='ocrx_word' id='word_1_206' title='bbox 2170 975 2446 1026; x_wconf 89' lang='lat' dir='ltr'>ascendit.</span> <span class='ocrx_word' id='word_1_207' title='bbox 2465 979 2714 1040; x_wconf 77' lang='lat' dir='ltr'>Campus</span> <span class='ocrx_word' id='word_1_208' title='bbox 2729 980 2818 1027; x_wconf 86' lang='lat' dir='ltr'>est</span> <span class='ocrx_word' id='word_1_209' title='bbox 2832 978 2983 1028; x_wconf 88' lang='lat' dir='ltr'>enim</span> <span class='ocrx_word' id='word_1_210' title='bbox 3000 977 3114 1028; x_wconf 88' lang='lat' dir='ltr'>lata</span> <span class='ocrx_word' id='word_1_211' title='bbox 3135 979 3247 1040; x_wconf 89' lang='lat' dir='ltr'>via,</span> <span class='ocrx_word' id='word_1_212' title='bbox 3263 991 3397 1042; x_wconf 68' lang='lat' dir='ltr'>quin</span> 
     </span>
    </p>
   </div>
   <div class='ocr_carea' id='block_1_30' title="bbox 1797 1046 3398 1112">
    <p class='ocr_par' dir='ltr' id='par_1_30' title="bbox 1797 1046 3398 1112">
     <span class='ocr_line' id='line_1_30' title="bbox 1797 1046 3398 1112; baseline 0.003 -15"><span class='ocrx_word' id='word_1_213' title='bbox 1797 1046 1957 1097; x_wconf 89' lang='lat' dir='ltr'>ducit</span> <span class='ocrx_word' id='word_1_214' title='bbox 1979 1046 2050 1096; x_wconf 89' lang='lat' dir='ltr'>ad</span> <span class='ocrx_word' id='word_1_215' title='bbox 2076 1047 2388 1098; x_wconf 88' lang='lat' dir='ltr'>interitum.</span> <span class='ocrx_word' id='word_1_216' title='bbox 2414 1046 2481 1098; x_wconf 86' lang='lat' dir='ltr'>1n</span> <span class='ocrx_word' id='word_1_217' title='bbox 2496 1060 2698 1112; x_wconf 88' lang='lat' dir='ltr'>campo</span> <span class='ocrx_word' id='word_1_218' title='bbox 2723 1047 2866 1098; x_wconf 87' lang='lat' dir='ltr'>Abel</span> <span class='ocrx_word' id='word_1_219' title='bbox 2890 1049 3194 1110; x_wconf 87' lang='lat' dir='ltr'>occiditur,</span> <span class='ocrx_word' id='word_1_220' title='bbox 3225 1049 3398 1102; x_wconf 88' lang='lat' dir='ltr'>Volu-</span> 
     </span>
    </p>
   </div>
   <div class='ocr_carea' id='block_1_31' title="bbox 1797 1117 3398 1182">
    <p class='ocr_par' dir='ltr' id='par_1_31' title="bbox 1797 1117 3398 1182">
     <span class='ocr_line' id='line_1_31' title="bbox 1797 1117 3398 1182; baseline 0.002 -13"><span class='ocrx_word' id='word_1_221' title='bbox 1797 1131 1922 1169; x_wconf 91' lang='lat' dir='ltr'>cres</span> <span class='ocrx_word' id='word_1_222' title='bbox 1947 1117 2071 1168; x_wconf 66' lang='lat' dir='ltr'>caeli</span> <span class='ocrx_word' id='word_1_223' title='bbox 2094 1123 2230 1168; x_wconf 92' lang='lat' dir='ltr'>sunt</span> <span class='ocrx_word' id='word_1_224' title='bbox 2248 1117 2399 1181; x_wconf 89' lang='lat' dir='ltr'>elati,</span> <span class='ocrx_word' id='word_1_225' title='bbox 2425 1119 2523 1182; x_wconf 90' lang='lat' dir='ltr'>qui</span> <span class='ocrx_word' id='word_1_226' title='bbox 2542 1119 2884 1182; x_wconf 84' lang='lat' dir='ltr'>cogitatione</span> <span class='ocrx_word' id='word_1_227' title='bbox 2909 1125 2966 1170; x_wconf 92' lang='lat' dir='ltr'>et</span> <span class='ocrx_word' id='word_1_228' title='bbox 2990 1120 3278 1172; x_wconf 90' lang='lat' dir='ltr'>locutione</span> <span class='ocrx_word' id='word_1_229' title='bbox 3303 1127 3398 1174; x_wconf 91' lang='lat' dir='ltr'>tu-</span> 
     </span>
    </p>
   </div>
   <div class='ocr_carea' id='block_1_32' title="bbox 1797 1187 3399 1254">
    <p class='ocr_par' dir='ltr' id='par_1_32' title="bbox 1797 1187 3399 1254">
     <span class='ocr_line' id='line_1_32' title="bbox 1797 1187 3399 1254; baseline 0.004 -16"><span class='ocrx_word' id='word_1_230' title='bbox 1797 1187 1952 1248; x_wconf 90' lang='lat' dir='ltr'>midi,</span> <span class='ocrx_word' id='word_1_231' title='bbox 2001 1188 2137 1239; x_wconf 90' lang='lat' dir='ltr'>dum</span> <span class='ocrx_word' id='word_1_232' title='bbox 2183 1193 2422 1239; x_wconf 59' lang='lat' dir='ltr'>caeteros</span> <span class='ocrx_word' id='word_1_233' title='bbox 2467 1203 2530 1240; x_wconf 92' lang='lat' dir='ltr'>se</span> <span class='ocrx_word' id='word_1_234' title='bbox 2575 1190 2870 1241; x_wconf 86' lang='lat' dir='ltr'>inferiores</span> <span class='ocrx_word' id='word_1_235' title='bbox 2905 1195 3166 1254; x_wconf 89' lang='lat' dir='ltr'>pensant,</span> <span class='ocrx_word' id='word_1_236' title='bbox 3203 1199 3399 1246; x_wconf 90' lang='lat' dir='ltr'>mente</span> 
     </span>
    </p>
   </div>
   <div class='ocr_carea' id='block_1_33' title="bbox 1799 1259 3400 1324">
    <p class='ocr_par' dir='ltr' id='par_1_33' title="bbox 1799 1259 3400 1324">
     <span class='ocr_line' id='line_1_33' title="bbox 1799 1259 3400 1324; baseline 0.002 -13"><span class='ocrx_word' id='word_1_237' title='bbox 1799 1261 1964 1324; x_wconf 91' lang='lat' dir='ltr'>quasi</span> <span class='ocrx_word' id='word_1_238' title='bbox 1986 1259 2047 1310; x_wconf 91' lang='lat' dir='ltr'>in</span> <span class='ocrx_word' id='word_1_239' title='bbox 2069 1259 2250 1310; x_wconf 84' lang='lat' dir='ltr'>altum</span> <span class='ocrx_word' id='word_1_240' title='bbox 2276 1259 2488 1312; x_wconf 88' lang='lat' dir='ltr'>volant.</span> <span class='ocrx_word' id='word_1_241' title='bbox 2514 1262 2594 1312; x_wconf 91' lang='lat' dir='ltr'>De</span> <span class='ocrx_word' id='word_1_242' title='bbox 2620 1261 2832 1324; x_wconf 89' lang='lat' dir='ltr'>quibus</span> <span class='ocrx_word' id='word_1_243' title='bbox 2858 1261 3082 1324; x_wconf 88' lang='lat' dir='ltr'>dicitur,</span> <span class='ocrx_word' id='word_1_244' title='bbox 3101 1263 3276 1314; x_wconf 88' lang='lat' dir='ltr'>Labia</span> <span class='ocrx_word' id='word_1_245' title='bbox 3296 1277 3400 1316; x_wconf 89' lang='lat' dir='ltr'>no-</span> 
     </span>
    </p>
   </div>
   <div class='ocr_carea' id='block_1_34' title="bbox 1801 1331 3400 1398">
    <p class='ocr_par' dir='ltr' id='par_1_34' title="bbox 1801 1331 3400 1398">
     <span class='ocr_line' id='line_1_34' title="bbox 1801 1331 3400 1398; baseline 0.003 -16"><span class='ocrx_word' id='word_1_246' title='bbox 1801 1335 1920 1382; x_wconf 89' lang='lat' dir='ltr'>stra</span> <span class='ocrx_word' id='word_1_247' title='bbox 1934 1344 1967 1381; x_wconf 92' lang='lat' dir='ltr'>a</span> <span class='ocrx_word' id='word_1_248' title='bbox 1981 1331 2148 1382; x_wconf 89' lang='lat' dir='ltr'>nobis</span> <span class='ocrx_word' id='word_1_249' title='bbox 2163 1335 2318 1394; x_wconf 89' lang='lat' dir='ltr'>sunt,</span> <span class='ocrx_word' id='word_1_250' title='bbox 2342 1331 2472 1394; x_wconf 89' lang='lat' dir='ltr'>quis</span> <span class='ocrx_word' id='word_1_251' title='bbox 2485 1337 2680 1383; x_wconf 88' lang='lat' dir='ltr'>noster</span> <span class='ocrx_word' id='word_1_252' title='bbox 2689 1332 2972 1384; x_wconf 84' lang='lat' dir='ltr'>Dominus</span> <span class='ocrx_word' id='word_1_253' title='bbox 2982 1337 3074 1384; x_wconf 91' lang='lat' dir='ltr'>est</span> <span class='ocrx_word' id='word_1_254' title='bbox 3090 1334 3248 1394; x_wconf 83' lang='lat' dir='ltr'>(Psal.</span> <span class='ocrx_word' id='word_1_255' title='bbox 3265 1334 3327 1388; x_wconf 92' lang='lat'>11</span> <span class='ocrx_word' id='word_1_256' title='bbox 3341 1335 3400 1398; x_wconf 79' lang='lat'>.)?</span> 
     </span>
    </p>
   </div>
   <div class='ocr_carea' id='block_1_35' title="bbox 1800 1403 3403 1468">
    <p class='ocr_par' dir='ltr' id='par_1_35' title="bbox 1800 1403 3403 1468">
     <span class='ocr_line' id='line_1_35' title="bbox 1800 1403 3403 1468; baseline 0.001 -14"><span class='ocrx_word' id='word_1_257' title='bbox 1800 1405 1992 1454; x_wconf 88' lang='lat' dir='ltr'>Pisces</span> <span class='ocrx_word' id='word_1_258' title='bbox 2017 1403 2188 1453; x_wconf 90' lang='lat' dir='ltr'>maris</span> <span class='ocrx_word' id='word_1_259' title='bbox 2214 1407 2354 1453; x_wconf 90' lang='lat' dir='ltr'>sunt</span> <span class='ocrx_word' id='word_1_260' title='bbox 2375 1403 2604 1460; x_wconf 85' lang='lat' dir='ltr'>curiosi,</span> <span class='ocrx_word' id='word_1_261' title='bbox 2647 1404 2752 1462; x_wconf 78' lang='lat' dir='ltr'>Qui</span> <span class='ocrx_word' id='word_1_262' title='bbox 2775 1404 3158 1468; x_wconf 80' lang='lat' dir='ltr'>perambulant</span> <span class='ocrx_word' id='word_1_263' title='bbox 3186 1407 3403 1456; x_wconf 77' lang='lat' dir='ltr'>semitas</span> 
     </span>
    </p>
   </div>
   <div class='ocr_carea' id='block_1_36' title="bbox 1799 1474 3500 1539">
    <p class='ocr_par' dir='ltr' id='par_1_36' title="bbox 1799 1474 3500 1539">
     <span class='ocr_line' id='line_1_36' title="bbox 1799 1474 3500 1539; baseline 0.001 -15"><span class='ocrx_word' id='word_1_264' title='bbox 1799 1475 1988 1524; x_wconf 79' lang='lat' dir='ltr'>maris.</span> <span class='ocrx_word' id='word_1_265' title='bbox 2002 1474 2480 1538; x_wconf 89' lang='lat' dir='ltr'>Idest,inquirunt</span> <span class='ocrx_word' id='word_1_266' title='bbox 2494 1476 2558 1526; x_wconf 91' lang='lat' dir='ltr'>in</span> <span class='ocrx_word' id='word_1_267' title='bbox 2573 1474 2860 1539; x_wconf 81' lang='lat' dir='ltr'>profundo</span> <span class='ocrx_word' id='word_1_268' title='bbox 2873 1476 3051 1539; x_wconf 87' lang='lat' dir='ltr'>hujus</span> <span class='ocrx_word' id='word_1_269' title='bbox 3069 1476 3270 1528; x_wconf 63' lang='lat' dir='ltr'>sateuli</span> <span class='ocrx_word' id='word_1_270' title='bbox 3287 1483 3404 1527; x_wconf 87' lang='lat' dir='ltr'>tem-</span> <span class='ocrx_word' id='word_1_271' title='bbox 3489 1496 3500 1504; x_wconf 89' lang='lat'><strong>-</strong></span> 
     </span>
    </p>
   </div>
   <div class='ocr_carea' id='block_1_37' title="bbox 1801 1546 3404 1612">
    <p class='ocr_par' dir='ltr' id='par_1_37' title="bbox 1801 1546 3404 1612">
     <span class='ocr_line' id='line_1_37' title="bbox 1801 1546 3404 1612; baseline 0.002 -16"><span class='ocrx_word' id='word_1_272' title='bbox 1801 1546 2030 1612; x_wconf 90' lang='lat' dir='ltr'>poralia,</span> <span class='ocrx_word' id='word_1_273' title='bbox 2063 1559 2192 1608; x_wconf 81' lang='lat' dir='ltr'>quae</span> <span class='ocrx_word' id='word_1_274' title='bbox 2230 1550 2506 1608; x_wconf 90' lang='lat' dir='ltr'>tanquam</span> <span class='ocrx_word' id='word_1_275' title='bbox 2543 1547 2766 1598; x_wconf 69' lang='lat' dir='ltr'>semita:</span> <span class='ocrx_word' id='word_1_276' title='bbox 2787 1547 2848 1598; x_wconf 91' lang='lat' dir='ltr'>in</span> <span class='ocrx_word' id='word_1_277' title='bbox 2877 1547 3023 1598; x_wconf 90' lang='lat' dir='ltr'>mari</span> <span class='ocrx_word' id='word_1_278' title='bbox 3055 1547 3166 1600; x_wconf 90' lang='lat' dir='ltr'>cito</span> <span class='ocrx_word' id='word_1_279' title='bbox 3191 1560 3404 1600; x_wconf 85' lang='lat' dir='ltr'>evane-</span> 
     </span>
    </p>
   </div>
   <div class='ocr_carea' id='block_1_38' title="bbox 1803 1618 3402 1691">
    <p class='ocr_par' dir='ltr' id='par_1_38' title="bbox 1803 1618 3402 1691">
     <span class='ocr_line' id='line_1_38' title="bbox 1803 1618 3402 1691; baseline 0 -22"><span class='ocrx_word' id='word_1_280' title='bbox 1803 1622 1985 1691; x_wconf 81' lang='lat' dir='ltr'>scunt</span> <span class='ocrx_word' id='word_1_281' title='bbox 2013 1622 2071 1668; x_wconf 91' lang='lat' dir='ltr'>et</span> <span class='ocrx_word' id='word_1_282' title='bbox 2093 1618 2403 1691; x_wconf 67' lang='lat' dir='ltr'>intereunt.</span> <span class='ocrx_word' id='word_1_283' title='bbox 2425 1620 2495 1670; x_wconf 91' lang='lat' dir='ltr'>Et</span> <span class='ocrx_word' id='word_1_284' title='bbox 2516 1630 2632 1668; x_wconf 91' lang='lat' dir='ltr'>non</span> <span class='ocrx_word' id='word_1_285' title='bbox 2657 1619 2756 1691; x_wconf 87' lang='lat' dir='ltr'>ait,</span> <span class='ocrx_word' id='word_1_286' title='bbox 2782 1618 3116 1691; x_wconf 80' lang='lat' dir='ltr'>Ambulant,</span> <span class='ocrx_word' id='word_1_287' title='bbox 3145 1620 3248 1671; x_wconf 88' lang='lat' dir='ltr'>sed</span> <span class='ocrx_word' id='word_1_288' title='bbox 3270 1621 3402 1691; x_wconf 42' lang='lat' dir='ltr'>Per:</span> 
     </span>
    </p>
   </div>
   <div class='ocr_carea' id='block_1_39' title="bbox 1803 1688 3402 1753">
    <p class='ocr_par' dir='ltr' id='par_1_39' title="bbox 1803 1688 3402 1753">
     <span class='ocr_line' id='line_1_39' title="bbox 1803 1688 3402 1753; baseline 0.002 -13"><span class='ocrx_word' id='word_1_289' title='bbox 1803 1689 2083 1740; x_wconf 76' lang='lat' dir='ltr'>ambulant</span> <span class='ocrx_word' id='word_1_290' title='bbox 2131 1703 2144 1738; x_wconf 90' lang='lat'><strong>:</strong></span> <span class='ocrx_word' id='word_1_291' title='bbox 2203 1688 2476 1740; x_wconf 88' lang='lat' dir='ltr'>ostendes</span> <span class='ocrx_word' id='word_1_292' title='bbox 2533 1689 3058 1753; x_wconf 88' lang='lat' dir='ltr'>pertinacissimum</span> <span class='ocrx_word' id='word_1_293' title='bbox 3124 1688 3402 1753; x_wconf 70' lang='lat' dir='ltr'>studium,</span> 
     </span>
    </p>
   </div>
   <div class='ocr_carea' id='block_1_40' title="bbox 1805 1760 3405 1824">
    <p class='ocr_par' dir='ltr' id='par_1_40' title="bbox 1805 1760 3405 1824">
     <span class='ocr_line' id='line_1_40' title="bbox 1805 1760 3405 1824; baseline 0 -12"><span class='ocrx_word' id='word_1_294' title='bbox 1805 1761 2000 1812; x_wconf 90' lang='lat' dir='ltr'>inania</span> <span class='ocrx_word' id='word_1_295' title='bbox 2021 1763 2079 1812; x_wconf 89' lang='lat' dir='ltr'>et</span> <span class='ocrx_word' id='word_1_296' title='bbox 2092 1760 2538 1824; x_wconf 63' lang='lat' dir='ltr'>praeterﬂuentia</span> <span class='ocrx_word' id='word_1_297' title='bbox 2553 1761 2956 1824; x_wconf 68' lang='lat' dir='ltr'>quaerentium.</span> <span class='ocrx_word' id='word_1_298' title='bbox 2975 1763 3114 1813; x_wconf 59' lang='lat' dir='ltr'>Haec</span> <span class='ocrx_word' id='word_1_299' title='bbox 3124 1769 3290 1810; x_wconf 87' lang='lat' dir='ltr'>autem</span> <span class='ocrx_word' id='word_1_300' title='bbox 3311 1765 3405 1812; x_wconf 85' lang='lat' dir='ltr'>tria</span> 
     </span>
    </p>
   </div>
   <div class='ocr_carea' id='block_1_41' title="bbox 84 1805 3400 1898">
    <p class='ocr_par' dir='ltr' id='par_1_41' title="bbox 84 1805 3400 1898">
     <span class='ocr_line' id='line_1_41' title="bbox 84 1805 3400 1898; baseline 0.001 -16"><span class='ocrx_word' id='word_1_301' title='bbox 255 1805 482 1897; x_wconf 63' lang='lat' dir='ltr'>71.).‘be</span> <span class='ocrx_word' id='word_1_302' title='bbox 518 1846 631 1896; x_wconf 90' lang='lat' dir='ltr'>quo</span> <span class='ocrx_word' id='word_1_303' title='bbox 669 1805 892 1898; x_wconf 56' lang='lat' dir='ltr'>reprobi</span> <span class='ocrx_word' id='word_1_304' title='bbox 917 1805 987 1884; x_wconf 78' lang='grc'>⁷111</span> <span class='ocrx_word' id='word_1_305' title='bbox 1011 1835 1125 1886; x_wconf 90' lang='lat' dir='ltr'>iine</span> <span class='ocrx_word' id='word_1_306' title='bbox 1143 1805 1538 1887; x_wconf 43' lang='lat' dir='ltr'>.dic&#39;tdriwsunt</span> <span class='ocrx_word' id='word_1_307' title='bbox 1603 1837 1697 1888; x_wconf 89' lang='lat' dir='ltr'>Sol</span> <span class='ocrx_word' id='word_1_308' title='bbox 1720 1805 1776 1883; x_wconf 86' lang='lat' dir='ltr'><strong>B</strong></span> <span class='ocrx_word' id='word_1_309' title='bbox 1805 1845 2016 1898; x_wconf 87' lang='lat' dir='ltr'>genera</span> <span class='ocrx_word' id='word_1_310' title='bbox 2039 1805 2503 1896; x_wconf 56' lang='lat' dir='ltr'>viiiorum,idest,</span> <span class='ocrx_word' id='word_1_311' title='bbox 2522 1805 2787 1895; x_wconf 66' lang='lat' dir='ltr'>vbluptas</span> <span class='ocrx_word' id='word_1_312' title='bbox 2801 1833 3010 1896; x_wconf 88' lang='lat' dir='ltr'>carnis,</span> <span class='ocrx_word' id='word_1_313' title='bbox 3028 1837 3086 1884; x_wconf 89' lang='lat' dir='ltr'>et</span> <span class='ocrx_word' id='word_1_314' title='bbox 3111 1834 3400 1898; x_wconf 88' lang='lat' dir='ltr'>superbia,</span> 
     </span>
    </p>
   </div>
   <div class='ocr_carea' id='block_1_42' title="bbox 70 1905 1699 1973">
    <p class='ocr_par' dir='ltr' id='par_1_42' title="bbox 70 1905 1699 1973">
     <span class='ocr_line' id='line_1_42' title="bbox 70 1905 1699 1973; baseline 0.003 -19"><span class='ocrx_word' id='word_1_315' title='bbox 70 1905 333 1968; x_wconf 69' lang='lat' dir='ltr'>justitiw</span> <span class='ocrx_word' id='word_1_316' title='bbox 357 1917 474 1956; x_wconf 91' lang='lat' dir='ltr'>non</span> <span class='ocrx_word' id='word_1_317' title='bbox 499 1909 658 1956; x_wconf 85' lang='lat' dir='ltr'>ortus</span> <span class='ocrx_word' id='word_1_318' title='bbox 682 1911 772 1956; x_wconf 86' lang='lat' dir='ltr'>est</span> <span class='ocrx_word' id='word_1_319' title='bbox 795 1905 960 1956; x_wconf 90' lang='lat' dir='ltr'>nobis</span> <span class='ocrx_word' id='word_1_320' title='bbox 987 1906 1134 1970; x_wconf 71' lang='grc' dir='ltr'>(δίῳ.</span> <span class='ocrx_word' id='word_1_321' title='bbox 1167 1905 1259 1970; x_wconf 82' lang='grc'><strong>5.),</strong></span> <span class='ocrx_word' id='word_1_322' title='bbox 1293 1907 1541 1960; x_wconf 90' lang='lat' dir='ltr'>Dicendo</span> <span class='ocrx_word' id='word_1_323' title='bbox 1565 1920 1699 1973; x_wconf 88' lang='lat' dir='ltr'>ergo</span> 
     </span>
    </p>
   </div>
   <div class='ocr_carea' id='block_1_43' title="bbox 81 1975 1700 2040">
    <p class='ocr_par' dir='ltr' id='par_1_43' title="bbox 81 1975 1700 2040">
     <span class='ocr_line' id='line_1_43' title="bbox 81 1975 1700 2040; baseline 0.005 -17"><span class='ocrx_word' id='word_1_324' title='bbox 81 1975 290 2024; x_wconf 86' lang='lat' dir='ltr'>lunam</span> <span class='ocrx_word' id='word_1_325' title='bbox 313 1980 358 2024; x_wconf 88' lang='lat' dir='ltr'>et</span> <span class='ocrx_word' id='word_1_326' title='bbox 389 1976 561 2025; x_wconf 82' lang='lat' dir='ltr'>stellas</span> <span class='ocrx_word' id='word_1_327' title='bbox 587 1992 721 2039; x_wconf 89' lang='lat' dir='ltr'>quas</span> <span class='ocrx_word' id='word_1_328' title='bbox 744 1982 801 2024; x_wconf 84' lang='lat' dir='ltr'>tu</span> <span class='ocrx_word' id='word_1_329' title='bbox 824 1977 1090 2040; x_wconf 72' lang='lat' dir='ltr'>fundasti,</span> <span class='ocrx_word' id='word_1_330' title='bbox 1118 1982 1175 2028; x_wconf 89' lang='lat' dir='ltr'>et</span> <span class='ocrx_word' id='word_1_331' title='bbox 1212 1983 1436 2029; x_wconf 89' lang='lat' dir='ltr'>tantum</span> <span class='ocrx_word' id='word_1_332' title='bbox 1460 1981 1700 2031; x_wconf 89' lang='lat' dir='ltr'>tacendo</span> 
     </span>
    </p>
   </div>
   <div class='ocr_carea' id='block_1_44' title="bbox 84 2046 1702 2113">
    <p class='ocr_par' dir='ltr' id='par_1_44' title="bbox 84 2046 1702 2113">
     <span class='ocr_line' id='line_1_44' title="bbox 84 2046 1702 2113; baseline 0.003 -16"><span class='ocrx_word' id='word_1_333' title='bbox 84 2046 297 2110; x_wconf 89' lang='lat' dir='ltr'>solem,</span> <span class='ocrx_word' id='word_1_334' title='bbox 323 2049 421 2111; x_wconf 87' lang='lat' dir='ltr'>qui</span> <span class='ocrx_word' id='word_1_335' title='bbox 445 2048 630 2098; x_wconf 83' lang='lat' dir='ltr'>factus</span> <span class='ocrx_word' id='word_1_336' title='bbox 655 2053 762 2112; x_wconf 89' lang='lat' dir='ltr'>est,</span> <span class='ocrx_word' id='word_1_337' title='bbox 789 2049 1082 2113; x_wconf 87' lang='lat' dir='ltr'>indicavit,</span> <span class='ocrx_word' id='word_1_338' title='bbox 1101 2051 1235 2112; x_wconf 88' lang='lat' dir='ltr'>quia</span> <span class='ocrx_word' id='word_1_339' title='bbox 1258 2049 1335 2100; x_wconf 83' lang='lat' dir='ltr'>illi</span> <span class='ocrx_word' id='word_1_340' title='bbox 1353 2050 1457 2102; x_wconf 88' lang='lat' dir='ltr'>soli</span> <span class='ocrx_word' id='word_1_341' title='bbox 1472 2051 1702 2104; x_wconf 90' lang='lat' dir='ltr'>locutus</span> 
     </span>
    </p>
   </div>
   <div class='ocr_carea' id='block_1_45' title="bbox 82 2119 1704 2186">
    <p class='ocr_par' dir='ltr' id='par_1_45' title="bbox 82 2119 1704 2186">
     <span class='ocr_line' id='line_1_45' title="bbox 82 2119 1704 2186; baseline 0.005 -18"><span class='ocrx_word' id='word_1_342' title='bbox 82 2124 199 2180; x_wconf 84' lang='lat' dir='ltr'>est,</span> <span class='ocrx_word' id='word_1_343' title='bbox 240 2119 341 2182; x_wconf 92' lang='lat' dir='ltr'>qui</span> <span class='ocrx_word' id='word_1_344' title='bbox 377 2133 497 2170; x_wconf 90' lang='lat' dir='ltr'>non</span> <span class='ocrx_word' id='word_1_345' title='bbox 525 2119 712 2170; x_wconf 90' lang='lat' dir='ltr'>solum</span> <span class='ocrx_word' id='word_1_346' title='bbox 745 2119 925 2172; x_wconf 89' lang='lat' dir='ltr'>solem</span> <span class='ocrx_word' id='word_1_347' title='bbox 957 2126 1014 2172; x_wconf 90' lang='lat' dir='ltr'>et</span> <span class='ocrx_word' id='word_1_348' title='bbox 1041 2121 1258 2186; x_wconf 89' lang='lat' dir='ltr'>lunam,</span> <span class='ocrx_word' id='word_1_349' title='bbox 1281 2128 1338 2174; x_wconf 93' lang='lat' dir='ltr'>et</span> <span class='ocrx_word' id='word_1_350' title='bbox 1361 2123 1554 2174; x_wconf 89' lang='lat' dir='ltr'>stellas</span> <span class='ocrx_word' id='word_1_351' title='bbox 1585 2137 1704 2176; x_wconf 90' lang='lat' dir='ltr'>cor-</span> 
     </span>
    </p>
   </div>
   <div class='ocr_carea' id='block_1_46' title="bbox 81 2189 1702 2258">
    <p class='ocr_par' dir='ltr' id='par_1_46' title="bbox 81 2189 1702 2258">
     <span class='ocr_line' id='line_1_46' title="bbox 81 2189 1702 2258; baseline 0.005 -18"><span class='ocrx_word' id='word_1_352' title='bbox 81 2189 382 2255; x_wconf 89' lang='lat' dir='ltr'>poraliter,</span> <span class='ocrx_word' id='word_1_353' title='bbox 410 2191 513 2242; x_wconf 91' lang='lat' dir='ltr'>sed</span> <span class='ocrx_word' id='word_1_354' title='bbox 537 2193 710 2242; x_wconf 88' lang='lat' dir='ltr'>etiam</span> <span class='ocrx_word' id='word_1_355' title='bbox 731 2191 930 2243; x_wconf 90' lang='lat' dir='ltr'>lunam</span> <span class='ocrx_word' id='word_1_356' title='bbox 954 2193 1282 2256; x_wconf 85' lang='lat' dir='ltr'>Ecclesiam,</span> <span class='ocrx_word' id='word_1_357' title='bbox 1307 2200 1484 2258; x_wconf 87' lang='lat' dir='ltr'>atque</span> <span class='ocrx_word' id='word_1_358' title='bbox 1509 2195 1702 2248; x_wconf 88' lang='lat' dir='ltr'>stellas</span> 
     </span>
    </p>
   </div>
   <div class='ocr_carea' id='block_1_47' title="bbox 85 2263 1701 2330">
    <p class='ocr_par' dir='ltr' id='par_1_47' title="bbox 85 2263 1701 2330">
     <span class='ocr_line' id='line_1_47' title="bbox 85 2263 1701 2330; baseline 0.002 -17"><span class='ocrx_word' id='word_1_359' title='bbox 85 2267 334 2314; x_wconf 86' lang='lat' dir='ltr'>sanctos</span> <span class='ocrx_word' id='word_1_360' title='bbox 358 2276 560 2314; x_wconf 88' lang='lat' dir='ltr'>omnes</span> <span class='ocrx_word' id='word_1_361' title='bbox 591 2263 959 2328; x_wconf 89' lang='lat' dir='ltr'>spiritualiter</span> <span class='ocrx_word' id='word_1_362' title='bbox 993 2265 1141 2316; x_wconf 86' lang='lat' dir='ltr'>facit.</span> <span class='ocrx_word' id='word_1_363' title='bbox 1167 2265 1258 2317; x_wconf 73' lang='lat' dir='ltr'>Sic</span> <span class='ocrx_word' id='word_1_364' title='bbox 1281 2279 1416 2330; x_wconf 86' lang='lat' dir='ltr'>ergo</span> <span class='ocrx_word' id='word_1_365' title='bbox 1440 2280 1573 2317; x_wconf 90' lang='lat' dir='ltr'>cum</span> <span class='ocrx_word' id='word_1_366' title='bbox 1596 2267 1701 2317; x_wconf 88' lang='lat' dir='ltr'>ali-</span> 
     </span>
    </p>
   </div>
   <div class='ocr_carea' id='block_1_48' title="bbox 83 2334 1702 2398">
    <p class='ocr_par' dir='ltr' id='par_1_48' title="bbox 83 2334 1702 2398">
     <span class='ocr_line' id='line_1_48' title="bbox 83 2334 1702 2398; baseline 0.002 -12"><span class='ocrx_word' id='word_1_367' title='bbox 83 2334 235 2398; x_wconf 89' lang='lat' dir='ltr'>quid</span> <span class='ocrx_word' id='word_1_368' title='bbox 265 2334 428 2386; x_wconf 87' lang='lat' dir='ltr'>deest</span> <span class='ocrx_word' id='word_1_369' title='bbox 449 2335 726 2395; x_wconf 71' lang='lat' dir='ltr'>historitn,</span> <span class='ocrx_word' id='word_1_370' title='bbox 762 2340 957 2398; x_wconf 88' lang='lat' dir='ltr'>aperta</span> <span class='ocrx_word' id='word_1_371' title='bbox 982 2337 1201 2388; x_wconf 88' lang='lat' dir='ltr'>ratione</span> <span class='ocrx_word' id='word_1_372' title='bbox 1225 2337 1489 2388; x_wconf 89' lang='lat' dir='ltr'>ducimur</span> <span class='ocrx_word' id='word_1_373' title='bbox 1511 2339 1584 2389; x_wconf 91' lang='lat' dir='ltr'>ad</span> <span class='ocrx_word' id='word_1_374' title='bbox 1612 2338 1702 2390; x_wconf 87' lang='lat' dir='ltr'>in-</span> 
     </span>
    </p>
   </div>
   <div class='ocr_carea' id='block_1_49' title="bbox 81 2405 1702 2470">
    <p class='ocr_par' dir='ltr' id='par_1_49' title="bbox 81 2405 1702 2470">
     <span class='ocr_line' id='line_1_49' title="bbox 81 2405 1702 2470; baseline 0.003 -14"><span class='ocrx_word' id='word_1_375' title='bbox 81 2405 391 2457; x_wconf 88' lang='lat' dir='ltr'>tellectum</span> <span class='ocrx_word' id='word_1_376' title='bbox 421 2406 728 2470; x_wconf 73' lang='lat' dir='ltr'>allegoriae.</span> <span class='ocrx_word' id='word_1_377' title='bbox 743 2409 963 2458; x_wconf 84' lang='lat' dir='ltr'>Deinde</span> <span class='ocrx_word' id='word_1_378' title='bbox 978 2409 1334 2460; x_wconf 89' lang='lat' dir='ltr'>mentionem</span> <span class='ocrx_word' id='word_1_379' title='bbox 1345 2409 1479 2460; x_wconf 83' lang='lat' dir='ltr'>facit</span> <span class='ocrx_word' id='word_1_380' title='bbox 1496 2409 1702 2461; x_wconf 90' lang='lat' dir='ltr'>terreni</span> 
     </span>
    </p>
   </div>
   <div class='ocr_carea' id='block_1_50' title="bbox 83 2477 1702 2543">
    <p class='ocr_par' dir='ltr' id='par_1_50' title="bbox 83 2477 1702 2543">
     <span class='ocr_line' id='line_1_50' title="bbox 83 2477 1702 2543; baseline 0.002 -15"><span class='ocrx_word' id='word_1_381' title='bbox 83 2478 352 2528; x_wconf 81' lang='lat' dir='ltr'>hominis</span> <span class='ocrx_word' id='word_1_382' title='bbox 377 2483 434 2528; x_wconf 92' lang='lat' dir='ltr'>et</span> <span class='ocrx_word' id='word_1_383' title='bbox 458 2477 724 2538; x_wconf 79' lang='lat' dir='ltr'>caelestis,</span> <span class='ocrx_word' id='word_1_384' title='bbox 753 2492 899 2542; x_wconf 91' lang='lat' dir='ltr'>quos</span> <span class='ocrx_word' id='word_1_385' title='bbox 925 2479 1285 2543; x_wconf 88' lang='lat' dir='ltr'>omnipotens</span> <span class='ocrx_word' id='word_1_386' title='bbox 1312 2482 1479 2532; x_wconf 90' lang='lat' dir='ltr'>Pater</span> <span class='ocrx_word' id='word_1_387' title='bbox 1505 2482 1702 2532; x_wconf 89' lang='lat' dir='ltr'>visita-</span> 
     </span>
    </p>
   </div>
   <div class='ocr_carea' id='block_1_51' title="bbox 85 2551 1700 2618">
    <p class='ocr_par' dir='ltr' id='par_1_51' title="bbox 85 2551 1700 2618">
     <span class='ocr_line' id='line_1_51' title="bbox 85 2551 1700 2618; baseline 0.003 -18"><span class='ocrx_word' id='word_1_388' title='bbox 85 2551 180 2601; x_wconf 86' lang='lat' dir='ltr'>vit</span> <span class='ocrx_word' id='word_1_389' title='bbox 206 2564 220 2600; x_wconf 90' lang='lat'><strong>:</strong></span> <span class='ocrx_word' id='word_1_390' title='bbox 252 2563 436 2602; x_wconf 90' lang='lat' dir='ltr'>unum</span> <span class='ocrx_word' id='word_1_391' title='bbox 462 2563 562 2615; x_wconf 89' lang='lat' dir='ltr'>per</span> <span class='ocrx_word' id='word_1_392' title='bbox 583 2551 1037 2605; x_wconf 88' lang='lat' dir='ltr'>misericordiam</span> <span class='ocrx_word' id='word_1_393' title='bbox 1059 2552 1396 2603; x_wconf 89' lang='lat' dir='ltr'>mirabiliter</span> <span class='ocrx_word' id='word_1_394' title='bbox 1416 2551 1700 2618; x_wconf 90' lang='lat' dir='ltr'>relevans,</span> 
     </span>
    </p>
   </div>
   <div class='ocr_carea' id='block_1_52' title="bbox 85 2621 1700 2686">
    <p class='ocr_par' dir='ltr' id='par_1_52' title="bbox 85 2621 1700 2686">
     <span class='ocr_line' id='line_1_52' title="bbox 85 2621 1700 2686; baseline 0.002 -13"><span class='ocrx_word' id='word_1_395' title='bbox 85 2621 340 2674; x_wconf 86' lang='lat' dir='ltr'>alterum</span> <span class='ocrx_word' id='word_1_396' title='bbox 353 2635 452 2686; x_wconf 90' lang='lat' dir='ltr'>per</span> <span class='ocrx_word' id='word_1_397' title='bbox 467 2623 783 2674; x_wconf 72' lang='lat' dir='ltr'>divinitatis</span> <span class='ocrx_word' id='word_1_398' title='bbox 794 2623 1036 2686; x_wconf 82' lang='lat' dir='ltr'>gloriam</span> <span class='ocrx_word' id='word_1_399' title='bbox 1047 2623 1404 2676; x_wconf 87' lang='lat' dir='ltr'>inell‘abiliter</span> <span class='ocrx_word' id='word_1_400' title='bbox 1419 2624 1700 2676; x_wconf 80' lang='lat' dir='ltr'>exaltans:</span> 
     </span>
    </p>
   </div>
   <div class='ocr_carea' id='block_1_53' title="bbox 85 2695 1154 2758">
    <p class='ocr_par' dir='ltr' id='par_1_53' title="bbox 85 2695 1154 2758">
     <span class='ocr_line' id='line_1_53' title="bbox 85 2695 1154 2758; baseline 0 -12"><span class='ocrx_word' id='word_1_401' title='bbox 85 2695 153 2746; x_wconf 87' lang='lat' dir='ltr'>in</span> <span class='ocrx_word' id='word_1_402' title='bbox 177 2707 427 2758; x_wconf 89' lang='lat' dir='ltr'>quorum</span> <span class='ocrx_word' id='word_1_403' title='bbox 451 2695 828 2746; x_wconf 86' lang='lat' dir='ltr'>admiratione</span> <span class='ocrx_word' id='word_1_404' title='bbox 853 2696 975 2758; x_wconf 87' lang='lat' dir='ltr'>subj</span> <span class='ocrx_word' id='word_1_405' title='bbox 988 2695 1154 2746; x_wconf 85' lang='lat' dir='ltr'>unxit</span> 
     </span>
    </p>
   </div>
   <div class='ocr_carea' id='block_1_54' title="bbox 155 2765 1704 2832">
    <p class='ocr_par' dir='ltr' id='par_1_54' title="bbox 155 2765 1704 2832">
     <span class='ocr_line' id='line_1_54' title="bbox 155 2765 1704 2832; baseline 0.001 -18"><span class='ocrx_word' id='word_1_406' title='bbox 155 2765 207 2820; x_wconf 74' lang='grc' dir='ltr'><strong>ὃ.</strong></span> <span class='ocrx_word' id='word_1_407' title='bbox 236 2767 379 2825; x_wconf 83' lang='lat' dir='ltr'>Quid</span> <span class='ocrx_word' id='word_1_408' title='bbox 424 2772 496 2815; x_wconf 84' lang='lat' dir='ltr'>est</span> <span class='ocrx_word' id='word_1_409' title='bbox 529 2768 706 2830; x_wconf 86' lang='lat' dir='ltr'>homo,</span> <span class='ocrx_word' id='word_1_410' title='bbox 745 2767 892 2830; x_wconf 86' lang='lat' dir='ltr'>quod</span> <span class='ocrx_word' id='word_1_411' title='bbox 934 2781 1139 2816; x_wconf 83' lang='lat' dir='ltr'>memor</span> <span class='ocrx_word' id='word_1_412' title='bbox 1169 2783 1220 2816; x_wconf 89' lang='lat' dir='ltr'>es</span> <span class='ocrx_word' id='word_1_413' title='bbox 1253 2769 1404 2832; x_wconf 81' lang='lat' dir='ltr'>ejus?</span> <span class='ocrx_word' id='word_1_414' title='bbox 1427 2773 1524 2817; x_wconf 86' lang='lat' dir='ltr'>aut</span> <span class='ocrx_word' id='word_1_415' title='bbox 1555 2768 1704 2830; x_wconf 85' lang='lat' dir='ltr'>filius</span> 
     </span>
    </p>
   </div>
   <div class='ocr_carea' id='block_1_55' title="bbox 87 2837 1705 2904">
    <p class='ocr_par' dir='ltr' id='par_1_55' title="bbox 87 2837 1705 2904">
     <span class='ocr_line' id='line_1_55' title="bbox 87 2837 1705 2904; baseline 0.004 -18"><span class='ocrx_word' id='word_1_416' title='bbox 87 2837 357 2902; x_wconf 72' lang='lat' dir='ltr'>hominis,</span> <span class='ocrx_word' id='word_1_417' title='bbox 399 2839 660 2902; x_wconf 85' lang='lat' dir='ltr'>quoniam</span> <span class='ocrx_word' id='word_1_418' title='bbox 705 2839 890 2886; x_wconf 81' lang='lat' dir='ltr'>visitas</span> <span class='ocrx_word' id='word_1_419' title='bbox 918 2842 1076 2889; x_wconf 77' lang='lat' dir='ltr'>eum?</span> <span class='ocrx_word' id='word_1_420' title='bbox 1124 2841 1279 2890; x_wconf 82' lang='lat' dir='ltr'>Inter</span> <span class='ocrx_word' id='word_1_421' title='bbox 1301 2841 1619 2904; x_wconf 86' lang='lat' dir='ltr'>hominem,</span> <span class='ocrx_word' id='word_1_422' title='bbox 1647 2845 1705 2892; x_wconf 91' lang='lat' dir='ltr'>et</span> 
     </span>
    </p>
   </div>
   <div class='ocr_carea' id='block_1_56' title="bbox 85 2909 1708 2976">
    <p class='ocr_par' dir='ltr' id='par_1_56' title="bbox 85 2909 1708 2976">
     <span class='ocr_line' id='line_1_56' title="bbox 85 2909 1708 2976; baseline 0.001 -16"><span class='ocrx_word' id='word_1_423' title='bbox 85 2909 281 2960; x_wconf 82' lang='lat' dir='ltr'>ﬁlium</span> <span class='ocrx_word' id='word_1_424' title='bbox 304 2909 555 2960; x_wconf 87' lang='lat' dir='ltr'>hominis</span> <span class='ocrx_word' id='word_1_425' title='bbox 585 2914 673 2961; x_wconf 91' lang='lat' dir='ltr'>est</span> <span class='ocrx_word' id='word_1_426' title='bbox 693 2909 984 2961; x_wconf 89' lang='lat' dir='ltr'>distantia.</span> <span class='ocrx_word' id='word_1_427' title='bbox 1010 2910 1209 2962; x_wconf 86' lang='lat' dir='ltr'>Omnis</span> <span class='ocrx_word' id='word_1_428' title='bbox 1233 2912 1387 2962; x_wconf 90' lang='lat' dir='ltr'>enim</span> <span class='ocrx_word' id='word_1_429' title='bbox 1403 2912 1708 2976; x_wconf 71' lang='lat' dir='ltr'>(ExAugu-</span> 
     </span>
    </p>
   </div>
   <div class='ocr_carea' id='block_1_57' title="bbox 85 2980 1704 3044">
    <p class='ocr_par' dir='ltr' id='par_1_57' title="bbox 85 2980 1704 3044">
     <span class='ocr_line' id='line_1_57' title="bbox 85 2980 1704 3044; baseline 0.002 -14"><span class='ocrx_word' id='word_1_430' title='bbox 85 2981 254 3044; x_wconf 84' lang='lat' dir='ltr'>stino)</span> <span class='ocrx_word' id='word_1_431' title='bbox 288 2980 438 3032; x_wconf 71' lang='lat' dir='ltr'>[ilius</span> <span class='ocrx_word' id='word_1_432' title='bbox 461 2982 710 3032; x_wconf 89' lang='lat' dir='ltr'>hominis</span> <span class='ocrx_word' id='word_1_433' title='bbox 733 2983 936 3034; x_wconf 91' lang='lat' dir='ltr'>homo:</span> <span class='ocrx_word' id='word_1_434' title='bbox 965 2982 1068 3033; x_wconf 89' lang='lat' dir='ltr'>sed</span> <span class='ocrx_word' id='word_1_435' title='bbox 1088 2995 1206 3034; x_wconf 92' lang='lat' dir='ltr'>non</span> <span class='ocrx_word' id='word_1_436' title='bbox 1227 2985 1415 3034; x_wconf 90' lang='lat' dir='ltr'>omnis</span> <span class='ocrx_word' id='word_1_437' title='bbox 1441 2985 1614 3034; x_wconf 92' lang='lat' dir='ltr'>homo</span> <span class='ocrx_word' id='word_1_438' title='bbox 1635 2984 1704 3034; x_wconf 86' lang='lat' dir='ltr'>ii-</span> 
     </span>
    </p>
   </div>
   <div class='ocr_carea' id='block_1_58' title="bbox 89 3053 1702 3119">
    <p class='ocr_par' dir='ltr' id='par_1_58' title="bbox 89 3053 1702 3119">
     <span class='ocr_line' id='line_1_58' title="bbox 89 3053 1702 3119; baseline 0.001 -15"><span class='ocrx_word' id='word_1_439' title='bbox 89 3053 214 3104; x_wconf 86' lang='lat' dir='ltr'>lius</span> <span class='ocrx_word' id='word_1_440' title='bbox 249 3053 522 3106; x_wconf 87' lang='lat' dir='ltr'>hominis.</span> <span class='ocrx_word' id='word_1_441' title='bbox 561 3053 748 3104; x_wconf 84' lang='lat' dir='ltr'>Adam</span> <span class='ocrx_word' id='word_1_442' title='bbox 781 3054 990 3118; x_wconf 90' lang='lat' dir='ltr'>quippe</span> <span class='ocrx_word' id='word_1_443' title='bbox 1026 3055 1219 3119; x_wconf 90' lang='lat' dir='ltr'>homo,</span> <span class='ocrx_word' id='word_1_444' title='bbox 1267 3055 1369 3106; x_wconf 91' lang='lat' dir='ltr'>sed</span> <span class='ocrx_word' id='word_1_445' title='bbox 1398 3068 1517 3106; x_wconf 91' lang='lat' dir='ltr'>non</span> <span class='ocrx_word' id='word_1_446' title='bbox 1550 3054 1702 3107; x_wconf 77' lang='lat' dir='ltr'>illius</span> 
     </span>
    </p>
   </div>
   <div class='ocr_carea' id='block_1_59' title="bbox 90 3125 1706 3190">
    <p class='ocr_par' dir='ltr' id='par_1_59' title="bbox 90 3125 1706 3190">
     <span class='ocr_line' id='line_1_59' title="bbox 90 3125 1706 3190; baseline 0.001 -14"><span class='ocrx_word' id='word_1_447' title='bbox 90 3125 532 3189; x_wconf 87' lang='lat' dir='ltr'>hominis.Ergo</span> <span class='ocrx_word' id='word_1_448' title='bbox 556 3125 658 3188; x_wconf 89' lang='lat' dir='ltr'>qui</span> <span class='ocrx_word' id='word_1_449' title='bbox 676 3129 907 3190; x_wconf 84' lang='lat' dir='ltr'>portant</span> <span class='ocrx_word' id='word_1_450' title='bbox 921 3127 1233 3190; x_wconf 80' lang='lat' dir='ltr'>imaginem</span> <span class='ocrx_word' id='word_1_451' title='bbox 1259 3127 1465 3178; x_wconf 87' lang='lat' dir='ltr'>terreni</span> <span class='ocrx_word' id='word_1_452' title='bbox 1483 3130 1706 3177; x_wconf 84' lang='lat' dir='ltr'>hominis</span> 
     </span>
    </p>
   </div>
   <div class='ocr_carea' id='block_1_60' title="bbox 93 3196 1706 3263">
    <p class='ocr_par' dir='ltr' id='par_1_60' title="bbox 93 3196 1706 3263">
     <span class='ocr_line' id='line_1_60' title="bbox 93 3196 1706 3263; baseline 0.001 -14"><span class='ocrx_word' id='word_1_453' title='bbox 93 3196 169 3262; x_wconf 85' lang='grc'>(1.</span> <span class='ocrx_word' id='word_1_454' title='bbox 221 3197 338 3247; x_wconf 84' lang='lat' dir='ltr'>Cor.</span> <span class='ocrx_word' id='word_1_455' title='bbox 387 3197 510 3262; x_wconf 80' lang='lat'>15.),</span> <span class='ocrx_word' id='word_1_456' title='bbox 542 3198 643 3261; x_wconf 89' lang='lat' dir='ltr'>qui</span> <span class='ocrx_word' id='word_1_457' title='bbox 675 3208 792 3249; x_wconf 90' lang='lat' dir='ltr'>non</span> <span class='ocrx_word' id='word_1_458' title='bbox 816 3202 906 3249; x_wconf 88' lang='lat' dir='ltr'>est</span> <span class='ocrx_word' id='word_1_459' title='bbox 928 3197 1080 3249; x_wconf 86' lang='lat' dir='ltr'>lilius</span> <span class='ocrx_word' id='word_1_460' title='bbox 1104 3198 1375 3263; x_wconf 87' lang='lat' dir='ltr'>hominis,</span> <span class='ocrx_word' id='word_1_461' title='bbox 1403 3199 1706 3250; x_wconf 89' lang='lat' dir='ltr'>hominum</span> 
     </span>
    </p>
   </div>
   <div class='ocr_carea' id='block_1_61' title="bbox 91 3269 1707 3336">
    <p class='ocr_par' dir='ltr' id='par_1_61' title="bbox 91 3269 1707 3336">
     <span class='ocr_line' id='line_1_61' title="bbox 91 3269 1707 3336; baseline 0.001 -16"><span class='ocrx_word' id='word_1_462' title='bbox 91 3269 334 3320; x_wconf 84' lang='lat' dir='ltr'>nomine</span> <span class='ocrx_word' id='word_1_463' title='bbox 363 3270 759 3334; x_wconf 78' lang='lat' dir='ltr'>designantur.</span> <span class='ocrx_word' id='word_1_464' title='bbox 787 3270 894 3330; x_wconf 80' lang='lat' dir='ltr'>Qui</span> <span class='ocrx_word' id='word_1_465' title='bbox 917 3274 1110 3321; x_wconf 90' lang='lat' dir='ltr'>autem</span> <span class='ocrx_word' id='word_1_466' title='bbox 1137 3275 1368 3334; x_wconf 89' lang='lat' dir='ltr'>portant</span> <span class='ocrx_word' id='word_1_467' title='bbox 1393 3271 1707 3336; x_wconf 86' lang='lat' dir='ltr'>imaginem</span> 
     </span>
    </p>
   </div>
   <div class='ocr_carea' id='block_1_62' title="bbox 93 3340 1706 3406">
    <p class='ocr_par' dir='ltr' id='par_1_62' title="bbox 93 3340 1706 3406">
     <span class='ocr_line' id='line_1_62' title="bbox 93 3340 1706 3406; baseline 0.002 -14"><span class='ocrx_word' id='word_1_468' title='bbox 93 3340 350 3393; x_wconf 67' lang='lat' dir='ltr'>caelestis</span> <span class='ocrx_word' id='word_1_469' title='bbox 381 3341 648 3405; x_wconf 89' lang='lat' dir='ltr'>hominis,</span> <span class='ocrx_word' id='word_1_470' title='bbox 673 3341 775 3392; x_wconf 85' lang='lat' dir='ltr'>ﬁlii</span> <span class='ocrx_word' id='word_1_471' title='bbox 797 3342 1095 3392; x_wconf 88' lang='lat' dir='ltr'>hominum</span> <span class='ocrx_word' id='word_1_472' title='bbox 1117 3342 1494 3406; x_wconf 89' lang='lat' dir='ltr'>appellantur.</span> <span class='ocrx_word' id='word_1_473' title='bbox 1519 3345 1706 3397; x_wconf 85' lang='lat' dir='ltr'>Homo</span> 
     </span>
    </p>
   </div>
   <div class='ocr_carea' id='block_1_63' title="bbox 94 3412 1705 3477">
    <p class='ocr_par' dir='ltr' id='par_1_63' title="bbox 94 3412 1705 3477">
     <span class='ocr_line' id='line_1_63' title="bbox 94 3412 1705 3477; baseline 0.002 -13"><span class='ocrx_word' id='word_1_474' title='bbox 94 3426 240 3477; x_wconf 87' lang='lat' dir='ltr'>ergo</span> <span class='ocrx_word' id='word_1_475' title='bbox 262 3413 370 3464; x_wconf 92' lang='lat' dir='ltr'>hoc</span> <span class='ocrx_word' id='word_1_476' title='bbox 393 3412 518 3464; x_wconf 92' lang='lat' dir='ltr'>loco</span> <span class='ocrx_word' id='word_1_477' title='bbox 542 3418 805 3464; x_wconf 90' lang='lat' dir='ltr'>terrenus</span> <span class='ocrx_word' id='word_1_478' title='bbox 835 3413 1057 3475; x_wconf 89' lang='lat' dir='ltr'>dicitur,</span> <span class='ocrx_word' id='word_1_479' title='bbox 1072 3413 1223 3464; x_wconf 74' lang='lat' dir='ltr'>illius</span> <span class='ocrx_word' id='word_1_480' title='bbox 1241 3420 1438 3466; x_wconf 91' lang='lat' dir='ltr'>autem</span> <span class='ocrx_word' id='word_1_481' title='bbox 1452 3415 1705 3469; x_wconf 89' lang='lat' dir='ltr'>hominis</span> 
     </span>
    </p>
   </div>
   <div class='ocr_carea' id='block_1_64' title="bbox 97 3483 1707 3552">
    <p class='ocr_par' dir='ltr' id='par_1_64' title="bbox 97 3483 1707 3552">
     <span class='ocr_line' id='line_1_64' title="bbox 97 3483 1707 3552; baseline 0.004 -17"><span class='ocrx_word' id='word_1_482' title='bbox 97 3485 368 3536; x_wconf 63' lang='lat' dir='ltr'>caelestis.</span> <span class='ocrx_word' id='word_1_483' title='bbox 395 3487 464 3534; x_wconf 85' lang='lat' dir='ltr'>Et</span> <span class='ocrx_word' id='word_1_484' title='bbox 485 3484 577 3536; x_wconf 91' lang='lat' dir='ltr'>ille</span> <span class='ocrx_word' id='word_1_485' title='bbox 600 3484 767 3549; x_wconf 89' lang='lat' dir='ltr'>longe</span> <span class='ocrx_word' id='word_1_486' title='bbox 791 3483 906 3552; x_wconf 71' lang='lat'>43</span> <span class='ocrx_word' id='word_1_487' title='bbox 940 3487 1237 3548; x_wconf 79' lang='lat' dir='ltr'>sejunctus</span> <span class='ocrx_word' id='word_1_488' title='bbox 1260 3500 1294 3537; x_wconf 91' lang='lat' dir='ltr'>a</span> <span class='ocrx_word' id='word_1_489' title='bbox 1322 3490 1459 3547; x_wconf 91' lang='lat' dir='ltr'>Deo,</span> <span class='ocrx_word' id='word_1_490' title='bbox 1486 3489 1578 3540; x_wconf 89' lang='lat' dir='ltr'>hic</span> <span class='ocrx_word' id='word_1_491' title='bbox 1604 3501 1707 3540; x_wconf 83' lang='lat' dir='ltr'>au-</span> 
     </span>
    </p>
   </div>
   <div class='ocr_carea' id='block_1_65' title="bbox 101 3558 1711 3630">
    <p class='ocr_par' dir='ltr' id='par_1_65' title="bbox 101 3558 1711 3630">
     <span class='ocr_line' id='line_1_65' title="bbox 101 3558 1711 3630; baseline 0.004 -24"><span class='ocrx_word' id='word_1_492' title='bbox 101 3561 222 3607; x_wconf 85' lang='lat' dir='ltr'>teni</span> <span class='ocrx_word' id='word_1_493' title='bbox 254 3558 674 3630; x_wconf 59' lang='lat' dir='ltr'>prasensDeo</span> <span class='ocrx_word' id='word_1_494' title='bbox 709 3562 766 3608; x_wconf 90' lang='lat' dir='ltr'>et</span> <span class='ocrx_word' id='word_1_495' title='bbox 803 3563 1102 3622; x_wconf 88' lang='lat' dir='ltr'>propterea</span> <span class='ocrx_word' id='word_1_496' title='bbox 1130 3559 1296 3630; x_wconf 84' lang='lat' dir='ltr'>illius</span> <span class='ocrx_word' id='word_1_497' title='bbox 1341 3573 1562 3612; x_wconf 89' lang='lat' dir='ltr'>memor</span> <span class='ocrx_word' id='word_1_498' title='bbox 1598 3566 1711 3630; x_wconf 90' lang='lat' dir='ltr'>est,</span> 
     </span>
    </p>
   </div>
   <div class='ocr_carea' id='block_1_66' title="bbox 103 3627 1706 3694">
    <p class='ocr_par' dir='ltr' id='par_1_66' title="bbox 103 3627 1706 3694">
     <span class='ocr_line' id='line_1_66' title="bbox 103 3627 1706 3694; baseline 0.004 -15"><span class='ocrx_word' id='word_1_499' title='bbox 103 3633 386 3691; x_wconf 88' lang='lat' dir='ltr'>tanquam</span> <span class='ocrx_word' id='word_1_500' title='bbox 420 3629 481 3678; x_wconf 90' lang='lat' dir='ltr'>in</span> <span class='ocrx_word' id='word_1_501' title='bbox 522 3627 840 3692; x_wconf 86' lang='lat' dir='ltr'>longinquo</span> <span class='ocrx_word' id='word_1_502' title='bbox 876 3630 1088 3694; x_wconf 85' lang='lat' dir='ltr'>positi:</span> <span class='ocrx_word' id='word_1_503' title='bbox 1124 3629 1280 3682; x_wconf 90' lang='lat' dir='ltr'>hunc</span> <span class='ocrx_word' id='word_1_504' title='bbox 1319 3644 1454 3684; x_wconf 85' lang='lat' dir='ltr'>vere</span> <span class='ocrx_word' id='word_1_505' title='bbox 1491 3627 1706 3693; x_wconf 78' lang='lat' dir='ltr'>visitat,</span> 
     </span>
    </p>
   </div>
   <div class='ocr_carea' id='block_1_67' title="bbox 100 3699 1713 3767">
    <p class='ocr_par' dir='ltr' id='par_1_67' title="bbox 100 3699 1713 3767">
     <span class='ocr_line' id='line_1_67' title="bbox 100 3699 1713 3767; baseline 0.004 -15"><span class='ocrx_word' id='word_1_506' title='bbox 100 3713 279 3766; x_wconf 89' lang='lat' dir='ltr'>quem</span> <span class='ocrx_word' id='word_1_507' title='bbox 303 3713 558 3764; x_wconf 69' lang='lat' dir='ltr'>praesens</span> <span class='ocrx_word' id='word_1_508' title='bbox 580 3699 828 3752; x_wconf 89' lang='lat' dir='ltr'>illustrat</span> <span class='ocrx_word' id='word_1_509' title='bbox 852 3701 1015 3753; x_wconf 87' lang='lat' dir='ltr'>vultu</span> <span class='ocrx_word' id='word_1_510' title='bbox 1038 3714 1161 3753; x_wconf 90' lang='lat' dir='ltr'>suo.</span> <span class='ocrx_word' id='word_1_511' title='bbox 1178 3705 1374 3767; x_wconf 88' lang='lat' dir='ltr'>Longe</span> <span class='ocrx_word' id='word_1_512' title='bbox 1397 3709 1488 3756; x_wconf 91' lang='lat' dir='ltr'>est</span> <span class='ocrx_word' id='word_1_513' title='bbox 1501 3705 1655 3756; x_wconf 89' lang='lat' dir='ltr'>enim</span> <span class='ocrx_word' id='word_1_514' title='bbox 1679 3717 1713 3757; x_wconf 90' lang='lat' dir='ltr'>a</span> 
     </span>
    </p>
   </div>
   <div class='ocr_carea' id='block_1_68' title="bbox 101 3772 1711 3838">
    <p class='ocr_par' dir='ltr' id='par_1_68' title="bbox 101 3772 1711 3838">
     <span class='ocr_line' id='line_1_68' title="bbox 101 3772 1711 3838; baseline 0.003 -14"><span class='ocrx_word' id='word_1_515' title='bbox 101 3774 500 3838; x_wconf 86' lang='lat' dir='ltr'>peccatoribus</span> <span class='ocrx_word' id='word_1_516' title='bbox 525 3772 682 3823; x_wconf 88' lang='lat' dir='ltr'>salus</span> <span class='ocrx_word' id='word_1_517' title='bbox 709 3773 873 3834; x_wconf 80' lang='lat' dir='ltr'>(Psal.</span> <span class='ocrx_word' id='word_1_518' title='bbox 899 3773 1059 3836; x_wconf 79' lang='lat'>118.).</span> <span class='ocrx_word' id='word_1_519' title='bbox 1086 3777 1156 3824; x_wconf 86' lang='lat' dir='ltr'>Et</span> <span class='ocrx_word' id='word_1_520' title='bbox 1180 3776 1472 3838; x_wconf 85' lang='lat' dir='ltr'>signatum</span> <span class='ocrx_word' id='word_1_521' title='bbox 1495 3782 1586 3828; x_wconf 89' lang='lat' dir='ltr'>est</span> <span class='ocrx_word' id='word_1_522' title='bbox 1610 3791 1711 3828; x_wconf 90' lang='lat' dir='ltr'>su-</span> 
     </span>
    </p>
   </div>
   <div class='ocr_carea' id='block_1_69' title="bbox 101 3844 1492 3910">
    <p class='ocr_par' dir='ltr' id='par_1_69' title="bbox 101 3844 1492 3910">
     <span class='ocr_line' id='line_1_69' title="bbox 101 3844 1492 3910; baseline -0.001 -13"><span class='ocrx_word' id='word_1_523' title='bbox 101 3859 209 3910; x_wconf 89' lang='lat' dir='ltr'>per</span> <span class='ocrx_word' id='word_1_524' title='bbox 239 3857 342 3896; x_wconf 92' lang='lat' dir='ltr'>nos</span> <span class='ocrx_word' id='word_1_525' title='bbox 377 3844 572 3896; x_wconf 89' lang='lat' dir='ltr'>lumen</span> <span class='ocrx_word' id='word_1_526' title='bbox 597 3844 794 3897; x_wconf 85' lang='lat' dir='ltr'>vultus</span> <span class='ocrx_word' id='word_1_527' title='bbox 822 3845 920 3908; x_wconf 90' lang='lat' dir='ltr'>tui,</span> <span class='ocrx_word' id='word_1_528' title='bbox 946 3847 1189 3896; x_wconf 78' lang='lat' dir='ltr'>Domine</span> <span class='ocrx_word' id='word_1_529' title='bbox 1217 3847 1375 3910; x_wconf 72' lang='lat' dir='ltr'>(Psat.</span> <span class='ocrx_word' id='word_1_530' title='bbox 1402 3847 1492 3910; x_wconf 81' lang='grc'><strong>4.).</strong></span> 
     </span>
    </p>
   </div>
   <div class='ocr_carea' id='block_1_70' title="bbox 172 3915 1717 3982">
    <p class='ocr_par' dir='ltr' id='par_1_70' title="bbox 172 3915 1717 3982">
     <span class='ocr_line' id='line_1_70' title="bbox 172 3915 1717 3982; baseline 0.003 -17"><span class='ocrx_word' id='word_1_531' title='bbox 172 3917 221 3972; x_wconf 84' lang='grc'><strong>6.</strong></span> <span class='ocrx_word' id='word_1_532' title='bbox 271 3915 446 3968; x_wconf 77' lang='lat' dir='ltr'>Filius</span> <span class='ocrx_word' id='word_1_533' title='bbox 483 3917 658 3981; x_wconf 83' lang='lat' dir='ltr'>igitur</span> <span class='ocrx_word' id='word_1_534' title='bbox 679 3917 930 3968; x_wconf 81' lang='lat' dir='ltr'>hominis</span> <span class='ocrx_word' id='word_1_535' title='bbox 957 3918 1062 3979; x_wconf 79' lang='lat' dir='ltr'>(Ea:</span> <span class='ocrx_word' id='word_1_536' title='bbox 1081 3919 1402 3982; x_wconf 78' lang='lat' dir='ltr'>Augustino)</span> <span class='ocrx_word' id='word_1_537' title='bbox 1431 3919 1614 3982; x_wconf 91' lang='lat' dir='ltr'>primo</span> <span class='ocrx_word' id='word_1_538' title='bbox 1638 3920 1717 3972; x_wconf 84' lang='lat' dir='ltr'>vi-</span> 
     </span>
    </p>
   </div>
   <div class='ocr_carea' id='block_1_71' title="bbox 107 3989 1714 4055">
    <p class='ocr_par' dir='ltr' id='par_1_71' title="bbox 107 3989 1714 4055">
     <span class='ocr_line' id='line_1_71' title="bbox 107 3989 1714 4055; baseline 0 -14"><span class='ocrx_word' id='word_1_539' title='bbox 107 3991 320 4042; x_wconf 88' lang='lat' dir='ltr'>sitatus</span> <span class='ocrx_word' id='word_1_540' title='bbox 335 3994 425 4040; x_wconf 90' lang='lat' dir='ltr'>est</span> <span class='ocrx_word' id='word_1_541' title='bbox 449 3989 510 4039; x_wconf 90' lang='lat' dir='ltr'>in</span> <span class='ocrx_word' id='word_1_542' title='bbox 527 3990 652 4052; x_wconf 91' lang='lat' dir='ltr'>ipso</span> <span class='ocrx_word' id='word_1_543' title='bbox 678 3989 912 4040; x_wconf 87' lang='lat' dir='ltr'>homine</span> <span class='ocrx_word' id='word_1_544' title='bbox 938 3990 958 4017; x_wconf 82' lang='grc'>¹³</span> <span class='ocrx_word' id='word_1_545' title='bbox 980 3990 1301 4055; x_wconf 89' lang='lat' dir='ltr'>Dominico,</span> <span class='ocrx_word' id='word_1_546' title='bbox 1318 3997 1458 4044; x_wconf 90' lang='lat' dir='ltr'>nato</span> <span class='ocrx_word' id='word_1_547' title='bbox 1474 4006 1547 4044; x_wconf 82' lang='lat' dir='ltr'>ex</span> <span class='ocrx_word' id='word_1_548' title='bbox 1563 3996 1714 4043; x_wconf 84' lang='lat' dir='ltr'>Maria</span> 
     </span>
    </p>
   </div>
   <div class='ocr_carea' id='block_1_72' title="bbox 111 4060 1717 4130">
    <p class='ocr_par' dir='ltr' id='par_1_72' title="bbox 111 4060 1717 4130">
     <span class='ocr_line' id='line_1_72' title="bbox 111 4060 1717 4130; baseline 0.004 -18"><span class='ocrx_word' id='word_1_549' title='bbox 111 4061 362 4124; x_wconf 79' lang='lat' dir='ltr'>Virgine,</span> <span class='ocrx_word' id='word_1_550' title='bbox 387 4060 458 4112; x_wconf 91' lang='lat' dir='ltr'>de</span> <span class='ocrx_word' id='word_1_551' title='bbox 481 4073 596 4123; x_wconf 91' lang='lat' dir='ltr'>quo</span> <span class='ocrx_word' id='word_1_552' title='bbox 633 4066 864 4125; x_wconf 88' lang='lat' dir='ltr'>propter</span> <span class='ocrx_word' id='word_1_553' title='bbox 887 4061 1278 4114; x_wconf 77' lang='lat' dir='ltr'>inﬁrmitatem</span> <span class='ocrx_word' id='word_1_554' title='bbox 1305 4065 1510 4127; x_wconf 88' lang='lat' dir='ltr'>carnis,</span> <span class='ocrx_word' id='word_1_555' title='bbox 1539 4079 1717 4130; x_wconf 91' lang='lat' dir='ltr'>quam</span> 
     </span>
    </p>
   </div>
   <div class='ocr_carea' id='block_1_73' title="bbox 110 4132 1718 4199">
    <p class='ocr_par' dir='ltr' id='par_1_73' title="bbox 110 4132 1718 4199">
     <span class='ocr_line' id='line_1_73' title="bbox 110 4132 1718 4199; baseline 0.003 -13"><span class='ocrx_word' id='word_1_556' title='bbox 110 4133 401 4198; x_wconf 89' lang='lat' dir='ltr'>Sapientia</span> <span class='ocrx_word' id='word_1_557' title='bbox 422 4132 522 4183; x_wconf 88' lang='lat' dir='ltr'>Dei</span> <span class='ocrx_word' id='word_1_558' title='bbox 544 4137 770 4197; x_wconf 85' lang='lat' dir='ltr'>gestare</span> <span class='ocrx_word' id='word_1_559' title='bbox 788 4134 1023 4198; x_wconf 85' lang='lat' dir='ltr'>dignata</span> <span class='ocrx_word' id='word_1_560' title='bbox 1036 4139 1205 4198; x_wconf 87' lang='lat' dir='ltr'>est,et</span> <span class='ocrx_word' id='word_1_561' title='bbox 1222 4137 1512 4199; x_wconf 87' lang='lat' dir='ltr'>passionis</span> <span class='ocrx_word' id='word_1_562' title='bbox 1533 4138 1718 4190; x_wconf 88' lang='lat' dir='ltr'>humi-</span> 
     </span>
    </p>
   </div>
   <div class='ocr_carea' id='block_1_74' title="bbox 107 4205 1718 4272">
    <p class='ocr_par' dir='ltr' id='par_1_74' title="bbox 107 4205 1718 4272">
     <span class='ocr_line' id='line_1_74' title="bbox 107 4205 1718 4272; baseline 0.004 -15"><span class='ocrx_word' id='word_1_563' title='bbox 107 4207 348 4268; x_wconf 78' lang='lat' dir='ltr'>litatem,</span> <span class='ocrx_word' id='word_1_564' title='bbox 391 4209 543 4257; x_wconf 88' lang='lat' dir='ltr'>recte</span> <span class='ocrx_word' id='word_1_565' title='bbox 588 4205 870 4262; x_wconf 87' lang='lat' dir='ltr'>subditur,</span> <span class='ocrx_word' id='word_1_566' title='bbox 903 4205 1156 4254; x_wconf 73' lang='lat' dir='ltr'>Minuisti</span> <span class='ocrx_word' id='word_1_567' title='bbox 1195 4222 1318 4256; x_wconf 85' lang='lat' dir='ltr'>eum</span> <span class='ocrx_word' id='word_1_568' title='bbox 1346 4211 1511 4272; x_wconf 82' lang='lat' dir='ltr'>paulo</span> <span class='ocrx_word' id='word_1_569' title='bbox 1531 4213 1718 4262; x_wconf 86' lang='lat' dir='ltr'>minus</span> 
     </span>
    </p>
   </div>
   <div class='ocr_carea' id='block_1_75' title="bbox 111 4277 1721 4346">
    <p class='ocr_par' dir='ltr' id='par_1_75' title="bbox 111 4277 1721 4346">
     <span class='ocr_line' id='line_1_75' title="bbox 111 4277 1721 4346; baseline 0.004 -18"><span class='ocrx_word' id='word_1_570' title='bbox 111 4278 182 4328; x_wconf 92' lang='lat' dir='ltr'>ab</span> <span class='ocrx_word' id='word_1_571' title='bbox 203 4277 436 4341; x_wconf 75' lang='lat' dir='ltr'>Angelis.</span> <span class='ocrx_word' id='word_1_572' title='bbox 453 4278 562 4330; x_wconf 86' lang='lat' dir='ltr'>Sed</span> <span class='ocrx_word' id='word_1_573' title='bbox 586 4277 816 4329; x_wconf 80' lang='lat' dir='ltr'>additur</span> <span class='ocrx_word' id='word_1_574' title='bbox 837 4277 933 4328; x_wconf 91' lang='lat' dir='ltr'>illa</span> <span class='ocrx_word' id='word_1_575' title='bbox 947 4277 1294 4342; x_wconf 85' lang='lat' dir='ltr'>clariiicatio,</span> <span class='ocrx_word' id='word_1_576' title='bbox 1321 4293 1436 4342; x_wconf 91' lang='lat' dir='ltr'>qua</span> <span class='ocrx_word' id='word_1_577' title='bbox 1446 4297 1721 4346; x_wconf 81' lang='lat' dir='ltr'>resurgens</span> 
     </span>
    </p>
   </div>
   <div class='ocr_carea' id='block_1_76' title="bbox 114 4349 1724 4414">
    <p class='ocr_par' dir='ltr' id='par_1_76' title="bbox 114 4349 1724 4414">
     <span class='ocr_line' id='line_1_76' title="bbox 114 4349 1724 4414; baseline 0.002 -11"><span class='ocrx_word' id='word_1_578' title='bbox 114 4351 373 4403; x_wconf 86' lang='lat' dir='ltr'>ascendit</span> <span class='ocrx_word' id='word_1_579' title='bbox 393 4351 451 4402; x_wconf 90' lang='lat' dir='ltr'>in</span> <span class='ocrx_word' id='word_1_580' title='bbox 474 4349 699 4403; x_wconf 57' lang='lat' dir='ltr'>calum.</span> <span class='ocrx_word' id='word_1_581' title='bbox 722 4349 911 4399; x_wconf 81' lang='lat' dir='ltr'>Gloria</span> <span class='ocrx_word' id='word_1_582' title='bbox 935 4349 1154 4414; x_wconf 86' lang='lat' dir='ltr'>(inquit)</span> <span class='ocrx_word' id='word_1_583' title='bbox 1167 4357 1213 4399; x_wconf 88' lang='lat' dir='ltr'>et</span> <span class='ocrx_word' id='word_1_584' title='bbox 1231 4353 1434 4403; x_wconf 83' lang='lat' dir='ltr'>honore</span> <span class='ocrx_word' id='word_1_585' title='bbox 1452 4358 1724 4408; x_wconf 77' lang='lat' dir='ltr'>coronasti</span> 
     </span>
    </p>
   </div>
   <div class='ocr_carea' id='block_1_77' title="bbox 115 4422 1721 4486">
    <p class='ocr_par' dir='ltr' id='par_1_77' title="bbox 115 4422 1721 4486">
     <span class='ocr_line' id='line_1_77' title="bbox 115 4422 1721 4486; baseline 0.006 -16"><span class='ocrx_word' id='word_1_586' title='bbox 115 4437 260 4485; x_wconf 84' lang='lat' dir='ltr'>eum,</span> <span class='ocrx_word' id='word_1_587' title='bbox 277 4427 321 4470; x_wconf 87' lang='lat' dir='ltr'>et</span> <span class='ocrx_word' id='word_1_588' title='bbox 343 4422 662 4471; x_wconf 74' lang='lat' dir='ltr'>constituisti</span> <span class='ocrx_word' id='word_1_589' title='bbox 684 4435 807 4470; x_wconf 84' lang='lat' dir='ltr'>eum</span> <span class='ocrx_word' id='word_1_590' title='bbox 821 4436 982 4485; x_wconf 83' lang='lat' dir='ltr'>super</span> <span class='ocrx_word' id='word_1_591' title='bbox 1003 4436 1169 4486; x_wconf 81' lang='lat' dir='ltr'>opera</span> <span class='ocrx_word' id='word_1_592' title='bbox 1193 4433 1721 4480; x_wconf 81' lang='lat' dir='ltr'>manuumtuarum.</span> 
     </span>
    </p>
   </div>
   <div class='ocr_carea' id='block_1_78' title="bbox 118 4492 1720 4562">
    <p class='ocr_par' dir='ltr' id='par_1_78' title="bbox 118 4492 1720 4562">
     <span class='ocr_line' id='line_1_78' title="bbox 118 4492 1720 4562; baseline 0.002 -16"><span class='ocrx_word' id='word_1_593' title='bbox 118 4497 225 4546; x_wconf 85' lang='lat' dir='ltr'>Per</span> <span class='ocrx_word' id='word_1_594' title='bbox 239 4506 408 4558; x_wconf 87' lang='lat' dir='ltr'>opera</span> <span class='ocrx_word' id='word_1_595' title='bbox 422 4506 701 4546; x_wconf 91' lang='lat' dir='ltr'>manuum</span> <span class='ocrx_word' id='word_1_596' title='bbox 722 4493 823 4544; x_wconf 89' lang='lat' dir='ltr'>Dei</span> <span class='ocrx_word' id='word_1_597' title='bbox 839 4492 1240 4556; x_wconf 89' lang='lat' dir='ltr'>intelliguntur</span> <span class='ocrx_word' id='word_1_598' title='bbox 1253 4496 1476 4562; x_wconf 84' lang='lat' dir='ltr'>Angeli,</span> <span class='ocrx_word' id='word_1_599' title='bbox 1502 4510 1572 4550; x_wconf 91' lang='lat' dir='ltr'>eo</span> <span class='ocrx_word' id='word_1_600' title='bbox 1584 4503 1720 4560; x_wconf 88' lang='lat' dir='ltr'>quod</span> 
     </span>
    </p>
   </div>
   <div class='ocr_carea' id='block_1_79' title="bbox 123 4565 1720 4630">
    <p class='ocr_par' dir='ltr' id='par_1_79' title="bbox 123 4565 1720 4630">
     <span class='ocr_line' id='line_1_79' title="bbox 123 4565 1720 4630; baseline 0.002 -10"><span class='ocrx_word' id='word_1_601' title='bbox 123 4565 390 4620; x_wconf 85' lang='lat' dir='ltr'>subtilius</span> <span class='ocrx_word' id='word_1_602' title='bbox 409 4571 466 4618; x_wconf 91' lang='lat' dir='ltr'>et</span> <span class='ocrx_word' id='word_1_603' title='bbox 481 4566 715 4630; x_wconf 81' lang='lat' dir='ltr'>dignius</span> <span class='ocrx_word' id='word_1_604' title='bbox 727 4565 952 4618; x_wconf 63' lang='lat' dir='ltr'>castoris</span> <span class='ocrx_word' id='word_1_605' title='bbox 967 4566 1242 4616; x_wconf 88' lang='lat' dir='ltr'>creaturis</span> <span class='ocrx_word' id='word_1_606' title='bbox 1266 4577 1301 4617; x_wconf 90' lang='lat' dir='ltr'>a</span> <span class='ocrx_word' id='word_1_607' title='bbox 1325 4569 1566 4622; x_wconf 89' lang='lat' dir='ltr'>Domino</span> <span class='ocrx_word' id='word_1_608' title='bbox 1586 4571 1720 4624; x_wconf 81' lang='lat' dir='ltr'>facti</span> 
     </span>
    </p>
   </div>
   <div class='ocr_carea' id='block_1_80' title="bbox 126 4637 1722 4706">
    <p class='ocr_par' dir='ltr' id='par_1_80' title="bbox 126 4637 1722 4706">
     <span class='ocr_line' id='line_1_80' title="bbox 126 4637 1722 4706; baseline 0.003 -15"><span class='ocrx_word' id='word_1_609' title='bbox 126 4643 276 4691; x_wconf 87' lang='lat' dir='ltr'>sunt.</span> <span class='ocrx_word' id='word_1_610' title='bbox 305 4641 371 4688; x_wconf 87' lang='lat' dir='ltr'>Et</span> <span class='ocrx_word' id='word_1_611' title='bbox 393 4639 529 4702; x_wconf 92' lang='lat' dir='ltr'>quia</span> <span class='ocrx_word' id='word_1_612' title='bbox 554 4650 672 4689; x_wconf 92' lang='lat' dir='ltr'>non</span> <span class='ocrx_word' id='word_1_613' title='bbox 693 4637 882 4688; x_wconf 90' lang='lat' dir='ltr'>solum</span> <span class='ocrx_word' id='word_1_614' title='bbox 901 4637 1219 4700; x_wconf 82' lang='lat' dir='ltr'>angelicam</span> <span class='ocrx_word' id='word_1_615' title='bbox 1244 4643 1509 4692; x_wconf 89' lang='lat' dir='ltr'>naturam</span> <span class='ocrx_word' id='word_1_616' title='bbox 1530 4646 1722 4706; x_wconf 91' lang='lat' dir='ltr'>possi-</span> 
     </span>
    </p>
   </div>
   <div class='ocr_carea' id='block_1_81' title="bbox 127 4709 1724 4781">
    <p class='ocr_par' dir='ltr' id='par_1_81' title="bbox 127 4709 1724 4781">
     <span class='ocr_line' id='line_1_81' title="bbox 127 4709 1724 4781; baseline 0.006 -19"><span class='ocrx_word' id='word_1_617' title='bbox 127 4712 278 4773; x_wconf 90' lang='lat' dir='ltr'>dere,</span> <span class='ocrx_word' id='word_1_618' title='bbox 322 4710 424 4762; x_wconf 89' lang='lat' dir='ltr'>sed</span> <span class='ocrx_word' id='word_1_619' title='bbox 468 4715 526 4762; x_wconf 88' lang='lat' dir='ltr'>et</span> <span class='ocrx_word' id='word_1_620' title='bbox 567 4710 883 4762; x_wconf 89' lang='lat' dir='ltr'>humanam</span> <span class='ocrx_word' id='word_1_621' title='bbox 927 4713 1058 4774; x_wconf 91' lang='lat' dir='ltr'>post</span> <span class='ocrx_word' id='word_1_622' title='bbox 1089 4709 1316 4774; x_wconf 89' lang='lat' dir='ltr'>lapsum</span> <span class='ocrx_word' id='word_1_623' title='bbox 1340 4713 1638 4781; x_wconf 88' lang='lat' dir='ltr'>redimere,</span> <span class='ocrx_word' id='word_1_624' title='bbox 1663 4723 1724 4771; x_wconf 90' lang='lat' dir='ltr'>et</span> 
     </span>
    </p>
   </div>
   <div class='ocr_carea' id='block_1_82' title="bbox 130 4782 1582 4850">
    <p class='ocr_par' dir='ltr' id='par_1_82' title="bbox 130 4782 1582 4850">
     <span class='ocr_line' id='line_1_82' title="bbox 130 4782 1582 4850; baseline 0.005 -17"><span class='ocrx_word' id='word_1_625' title='bbox 130 4783 407 4846; x_wconf 80' lang='lat' dir='ltr'>subjicere</span> <span class='ocrx_word' id='word_1_626' title='bbox 432 4782 541 4833; x_wconf 90' lang='lat' dir='ltr'>sibi</span> <span class='ocrx_word' id='word_1_627' title='bbox 574 4783 845 4846; x_wconf 85' lang='lat' dir='ltr'>dignatus</span> <span class='ocrx_word' id='word_1_628' title='bbox 869 4787 976 4844; x_wconf 90' lang='lat' dir='ltr'>est,</span> <span class='ocrx_word' id='word_1_629' title='bbox 1002 4788 1155 4834; x_wconf 89' lang='lat' dir='ltr'>recte</span> <span class='ocrx_word' id='word_1_630' title='bbox 1189 4784 1314 4848; x_wconf 89' lang='lat' dir='ltr'>subj</span> <span class='ocrx_word' id='word_1_631' title='bbox 1327 4787 1582 4850; x_wconf 86' lang='lat' dir='ltr'>ungitur.</span> 
     </span>
    </p>
   </div>
   <div class='ocr_carea' id='block_1_83' title="bbox 196 4853 1728 4918">
    <p class='ocr_par' dir='ltr' id='par_1_83' title="bbox 196 4853 1728 4918">
     <span class='ocr_line' id='line_1_83' title="bbox 196 4853 1728 4918; baseline 0 -14"><span class='ocrx_word' id='word_1_632' title='bbox 196 4855 244 4909; x_wconf 92' lang='lat'>7.</span> <span class='ocrx_word' id='word_1_633' title='bbox 283 4855 476 4904; x_wconf 87' lang='lat' dir='ltr'>Omnia</span> <span class='ocrx_word' id='word_1_634' title='bbox 513 4855 776 4918; x_wconf 83' lang='lat' dir='ltr'>subjeciin</span> <span class='ocrx_word' id='word_1_635' title='bbox 807 4853 902 4903; x_wconf 85' lang='lat' dir='ltr'>sub</span> <span class='ocrx_word' id='word_1_636' title='bbox 933 4855 1152 4918; x_wconf 82' lang='lat' dir='ltr'>pedibus</span> <span class='ocrx_word' id='word_1_637' title='bbox 1183 4855 1317 4918; x_wconf 75' lang='lat' dir='ltr'>ejus.</span> <span class='ocrx_word' id='word_1_638' title='bbox 1355 4859 1495 4918; x_wconf 59' lang='lat' dir='ltr'>Quae</span> <span class='ocrx_word' id='word_1_639' title='bbox 1531 4861 1728 4914; x_wconf 78' lang='lat' dir='ltr'>omnia,</span> 
     </span>
    </p>
   </div>
   <div class='ocr_carea' id='block_1_84' title="bbox 131 4926 1726 4998">
    <p class='ocr_par' dir='ltr' id='par_1_84' title="bbox 131 4926 1726 4998">
     <span class='ocr_line' id='line_1_84' title="bbox 131 4926 1726 4998; baseline 0.003 -17"><span class='ocrx_word' id='word_1_640' title='bbox 131 4927 363 4992; x_wconf 79' lang='lat' dir='ltr'>OXpOnit</span> <span class='ocrx_word' id='word_1_641' title='bbox 387 4941 400 4978; x_wconf 88' lang='lat'><strong>:</strong></span> <span class='ocrx_word' id='word_1_642' title='bbox 438 4927 562 4976; x_wconf 86' lang='lat' dir='ltr'>Oves</span> <span class='ocrx_word' id='word_1_643' title='bbox 583 4934 629 4976; x_wconf 88' lang='lat' dir='ltr'>el.</span> <span class='ocrx_word' id='word_1_644' title='bbox 654 4926 800 4976; x_wconf 80' lang='lat' dir='ltr'>boves</span> <span class='ocrx_word' id='word_1_645' title='bbox 823 4927 1119 4976; x_wconf 84' lang='lat' dir='ltr'>universas.</span> <span class='ocrx_word' id='word_1_646' title='bbox 1145 4929 1250 4979; x_wconf 87' lang='lat' dir='ltr'>Per</span> <span class='ocrx_word' id='word_1_647' title='bbox 1272 4943 1411 4981; x_wconf 89' lang='lat' dir='ltr'>oves</span> <span class='ocrx_word' id='word_1_648' title='bbox 1437 4933 1726 4998; x_wconf 78' lang='lat' dir='ltr'>simplices</span> 
     </span>
    </p>
   </div>
   <div class='ocr_carea' id='block_1_85' title="bbox 134 4997 1727 5068">
    <p class='ocr_par' dir='ltr' id='par_1_85' title="bbox 134 4997 1727 5068">
     <span class='ocr_line' id='line_1_85' title="bbox 134 4997 1727 5068; baseline 0.004 -16"><span class='ocrx_word' id='word_1_649' title='bbox 134 5002 342 5065; x_wconf 87' lang='lat' dir='ltr'>quique</span> <span class='ocrx_word' id='word_1_650' title='bbox 370 4997 428 5050; x_wconf 91' lang='lat' dir='ltr'>in</span> <span class='ocrx_word' id='word_1_651' title='bbox 451 5003 652 5050; x_wconf 90' lang='lat' dir='ltr'>sancta</span> <span class='ocrx_word' id='word_1_652' title='bbox 671 4998 924 5050; x_wconf 88' lang='lat' dir='ltr'>Ecclesia</span> <span class='ocrx_word' id='word_1_653' title='bbox 945 4998 1216 5050; x_wconf 89' lang='lat' dir='ltr'>intellecti</span> <span class='ocrx_word' id='word_1_654' title='bbox 1252 5008 1408 5066; x_wconf 91' lang='lat' dir='ltr'>sunt,</span> <span class='ocrx_word' id='word_1_655' title='bbox 1435 5008 1534 5068; x_wconf 89' lang='lat' dir='ltr'>qui</span> <span class='ocrx_word' id='word_1_656' title='bbox 1551 4997 1727 5058; x_wconf 23' lang='lat' dir='ltr'>imore</span> 
     </span>
    </p>
   </div>
   <div class='ocr_carea' id='block_1_86' title="bbox 135 5071 1728 5141">
    <p class='ocr_par' dir='ltr' id='par_1_86' title="bbox 135 5071 1728 5141">
     <span class='ocr_line' id='line_1_86' title="bbox 135 5071 1728 5141; baseline 0.004 -16"><span class='ocrx_word' id='word_1_657' title='bbox 135 5075 328 5126; x_wconf 90' lang='lat' dir='ltr'>ovium</span> <span class='ocrx_word' id='word_1_658' title='bbox 352 5071 460 5122; x_wconf 85' lang='lat' dir='ltr'>sub</span> <span class='ocrx_word' id='word_1_659' title='bbox 479 5071 756 5134; x_wconf 84' lang='lat' dir='ltr'>regimine</span> <span class='ocrx_word' id='word_1_660' title='bbox 781 5075 1076 5136; x_wconf 88' lang='lat' dir='ltr'>pastorum</span> <span class='ocrx_word' id='word_1_661' title='bbox 1090 5073 1422 5136; x_wconf 88' lang='lat' dir='ltr'>simpliciter</span> <span class='ocrx_word' id='word_1_662' title='bbox 1432 5081 1607 5141; x_wconf 88' lang='lat' dir='ltr'>atque</span> <span class='ocrx_word' id='word_1_663' title='bbox 1619 5079 1728 5130; x_wconf 91' lang='lat' dir='ltr'>hu-</span> 
     </span>
    </p>
   </div>
   <div class='ocr_carea' id='block_1_87' title="bbox 134 5145 1730 5208">
    <p class='ocr_par' dir='ltr' id='par_1_87' title="bbox 134 5145 1730 5208">
     <span class='ocr_line' id='line_1_87' title="bbox 134 5145 1730 5208; baseline 0.003 -10"><span class='ocrx_word' id='word_1_664' title='bbox 134 5145 341 5199; x_wconf 87' lang='lat' dir='ltr'>militer</span> <span class='ocrx_word' id='word_1_665' title='bbox 375 5145 596 5196; x_wconf 90' lang='lat' dir='ltr'>vivunt.</span> <span class='ocrx_word' id='word_1_666' title='bbox 633 5145 738 5195; x_wconf 89' lang='lat' dir='ltr'>Per</span> <span class='ocrx_word' id='word_1_667' title='bbox 773 5146 952 5195; x_wconf 87' lang='lat' dir='ltr'>boves</span> <span class='ocrx_word' id='word_1_668' title='bbox 985 5157 1121 5196; x_wconf 87' lang='lat' dir='ltr'>vero</span> <span class='ocrx_word' id='word_1_669' title='bbox 1154 5145 1265 5208; x_wconf 93' lang='lat' dir='ltr'>ipsi</span> <span class='ocrx_word' id='word_1_670' title='bbox 1293 5152 1543 5202; x_wconf 87' lang='lat' dir='ltr'>rectores</span> <span class='ocrx_word' id='word_1_671' title='bbox 1573 5151 1730 5202; x_wconf 91' lang='lat' dir='ltr'>desi-</span> 
     </span>
    </p>
   </div>
   <div class='ocr_carea' id='block_1_88' title="bbox 135 5216 1732 5284">
    <p class='ocr_par' dir='ltr' id='par_1_88' title="bbox 135 5216 1732 5284">
     <span class='ocr_line' id='line_1_88' title="bbox 135 5216 1732 5284; baseline 0.002 -14"><span class='ocrx_word' id='word_1_672' title='bbox 135 5221 403 5284; x_wconf 88' lang='lat' dir='ltr'>gnantur,</span> <span class='ocrx_word' id='word_1_673' title='bbox 421 5216 521 5280; x_wconf 90' lang='lat' dir='ltr'>qui</span> <span class='ocrx_word' id='word_1_674' title='bbox 542 5216 717 5269; x_wconf 90' lang='lat' dir='ltr'>verbo</span> <span class='ocrx_word' id='word_1_675' title='bbox 737 5217 1014 5268; x_wconf 68' lang='lat' dir='ltr'>doctrinm</span> <span class='ocrx_word' id='word_1_676' title='bbox 1029 5217 1202 5267; x_wconf 88' lang='lat' dir='ltr'>corda</span> <span class='ocrx_word' id='word_1_677' title='bbox 1215 5220 1513 5273; x_wconf 86' lang='lat' dir='ltr'>hominum</span> <span class='ocrx_word' id='word_1_678' title='bbox 1529 5239 1732 5274; x_wconf 79' lang='lat' dir='ltr'>exarare</span> 
     </span>
    </p>
   </div>
   <div class='ocr_carea' id='block_1_89' title="bbox 137 5288 1730 5350">
    <p class='ocr_par' dir='ltr' id='par_1_89' title="bbox 137 5288 1730 5350">
     <span class='ocr_line' id='line_1_89' title="bbox 137 5288 1730 5350; baseline 0.005 -7"><span class='ocrx_word' id='word_1_679' title='bbox 137 5297 197 5344; x_wconf 89' lang='lat' dir='ltr'>et</span> <span class='ocrx_word' id='word_1_680' title='bbox 248 5288 505 5341; x_wconf 82' lang='lat' dir='ltr'>excolere</span> <span class='ocrx_word' id='word_1_681' title='bbox 549 5301 668 5340; x_wconf 92' lang='lat' dir='ltr'>non</span> <span class='ocrx_word' id='word_1_682' title='bbox 709 5293 956 5350; x_wconf 87' lang='lat' dir='ltr'>cessant,</span> <span class='ocrx_word' id='word_1_683' title='bbox 986 5294 1049 5340; x_wconf 89' lang='lat' dir='ltr'>ut</span> <span class='ocrx_word' id='word_1_684' title='bbox 1071 5289 1143 5340; x_wconf 92' lang='lat' dir='ltr'>de</span> <span class='ocrx_word' id='word_1_685' title='bbox 1173 5293 1413 5344; x_wconf 87' lang='lat' dir='ltr'>terrenis</span> <span class='ocrx_word' id='word_1_686' title='bbox 1435 5298 1730 5350; x_wconf 89' lang='lat' dir='ltr'>mentibus</span> 
     </span>
    </p>
   </div>
   <div class='ocr_carea' id='block_1_90' title="bbox 1801 1903 3408 1968">
    <p class='ocr_par' dir='ltr' id='par_1_90' title="bbox 1801 1903 3408 1968">
     <span class='ocr_line' id='line_1_90' title="bbox 1801 1903 3408 1968; baseline 0 -12"><span class='ocrx_word' id='word_1_687' title='bbox 1801 1909 1859 1956; x_wconf 90' lang='lat' dir='ltr'>et</span> <span class='ocrx_word' id='word_1_688' title='bbox 1903 1903 2224 1965; x_wconf 87' lang='lat' dir='ltr'>curiositas,</span> <span class='ocrx_word' id='word_1_689' title='bbox 2263 1903 2457 1954; x_wconf 89' lang='lat' dir='ltr'>omnia</span> <span class='ocrx_word' id='word_1_690' title='bbox 2500 1907 2734 1966; x_wconf 88' lang='lat' dir='ltr'>peccata</span> <span class='ocrx_word' id='word_1_691' title='bbox 2777 1904 3144 1966; x_wconf 85' lang='lat' dir='ltr'>concludant,</span> <span class='ocrx_word' id='word_1_692' title='bbox 3189 1917 3322 1968; x_wconf 65' lang='lat' dir='ltr'>quas</span> <span class='ocrx_word' id='word_1_693' title='bbox 3371 1915 3408 1955; x_wconf 87' lang='lat' dir='ltr'>a</span> 
     </span>
    </p>
   </div>
   <div class='ocr_carea' id='block_1_91' title="bbox 1799 1973 3407 2038">
    <p class='ocr_par' dir='ltr' id='par_1_91' title="bbox 1799 1973 3407 2038">
     <span class='ocr_line' id='line_1_91' title="bbox 1799 1973 3407 2038; baseline -0.001 -11"><span class='ocrx_word' id='word_1_694' title='bbox 1799 1978 2019 2027; x_wconf 87' lang='lat' dir='ltr'>Joanne</span> <span class='ocrx_word' id='word_1_695' title='bbox 2054 1973 2326 2038; x_wconf 86' lang='lat' dir='ltr'>Apostolo</span> <span class='ocrx_word' id='word_1_696' title='bbox 2349 1979 2760 2026; x_wconf 85' lang='lat' dir='ltr'>enumerantur</span> <span class='ocrx_word' id='word_1_697' title='bbox 2785 1973 2849 2038; x_wconf 89' lang='lat'><strong>(1.</strong></span> <span class='ocrx_word' id='word_1_698' title='bbox 2869 1974 3131 2038; x_wconf 76' lang='lat' dir='ltr'>Joan.°2.),</span> <span class='ocrx_word' id='word_1_699' title='bbox 3159 1988 3292 2026; x_wconf 90' lang='lat' dir='ltr'>cum</span> <span class='ocrx_word' id='word_1_700' title='bbox 3319 1974 3407 2026; x_wconf 91' lang='lat' dir='ltr'>di-</span> 
     </span>
    </p>
   </div>
   <div class='ocr_carea' id='block_1_92' title="bbox 1801 2045 3408 2110">
    <p class='ocr_par' dir='ltr' id='par_1_92' title="bbox 1801 2045 3408 2110">
     <span class='ocr_line' id='line_1_92' title="bbox 1801 2045 3408 2110; baseline 0 -12"><span class='ocrx_word' id='word_1_701' title='bbox 1801 2047 1896 2098; x_wconf 93' lang='lat' dir='ltr'>cit.</span> <span class='ocrx_word' id='word_1_702' title='bbox 1959 2046 2141 2099; x_wconf 89' lang='lat' dir='ltr'>Nolite</span> <span class='ocrx_word' id='word_1_703' title='bbox 2196 2045 2431 2110; x_wconf 81' lang='lat' dir='ltr'>diligere</span> <span class='ocrx_word' id='word_1_704' title='bbox 2485 2045 2772 2097; x_wconf 90' lang='lat' dir='ltr'>mundum</span> <span class='ocrx_word' id='word_1_705' title='bbox 2819 2047 3076 2110; x_wconf 82' lang='lat' dir='ltr'>(Ibidem),</span> <span class='ocrx_word' id='word_1_706' title='bbox 3134 2047 3408 2110; x_wconf 87' lang='lat' dir='ltr'>quoniam</span> 
     </span>
    </p>
   </div>
   <div class='ocr_carea' id='block_1_93' title="bbox 1801 2117 3406 2182">
    <p class='ocr_par' dir='ltr' id='par_1_93' title="bbox 1801 2117 3406 2182">
     <span class='ocr_line' id='line_1_93' title="bbox 1801 2117 3406 2182; baseline -0.002 -11"><span class='ocrx_word' id='word_1_707' title='bbox 1801 2119 1995 2171; x_wconf 90' lang='lat' dir='ltr'>omnia</span> <span class='ocrx_word' id='word_1_708' title='bbox 2019 2131 2150 2182; x_wconf 72' lang='lat' dir='ltr'>qum</span> <span class='ocrx_word' id='word_1_709' title='bbox 2173 2119 2232 2168; x_wconf 91' lang='lat' dir='ltr'>in</span> <span class='ocrx_word' id='word_1_710' title='bbox 2267 2117 2483 2170; x_wconf 89' lang='lat' dir='ltr'>mundo</span> <span class='ocrx_word' id='word_1_711' title='bbox 2517 2122 2674 2180; x_wconf 88' lang='lat' dir='ltr'>sunt,</span> <span class='ocrx_word' id='word_1_712' title='bbox 2709 2117 3179 2181; x_wconf 87' lang='lat' dir='ltr'>concupiscentia</span> <span class='ocrx_word' id='word_1_713' title='bbox 3216 2119 3406 2169; x_wconf 88' lang='lat' dir='ltr'>carnis</span> 
     </span>
    </p>
   </div>
   <div class='ocr_carea' id='block_1_94' title="bbox 1803 2187 3409 2253">
    <p class='ocr_par' dir='ltr' id='par_1_94' title="bbox 1803 2187 3409 2253">
     <span class='ocr_line' id='line_1_94' title="bbox 1803 2187 3409 2253; baseline -0.001 -11"><span class='ocrx_word' id='word_1_714' title='bbox 1803 2196 1940 2243; x_wconf 88' lang='lat' dir='ltr'>sunt</span> <span class='ocrx_word' id='word_1_715' title='bbox 1981 2195 2039 2242; x_wconf 91' lang='lat' dir='ltr'>et</span> <span class='ocrx_word' id='word_1_716' title='bbox 2081 2189 2548 2253; x_wconf 87' lang='lat' dir='ltr'>concupiscentia</span> <span class='ocrx_word' id='word_1_717' title='bbox 2575 2187 2908 2252; x_wconf 89' lang='lat' dir='ltr'>oculorum,</span> <span class='ocrx_word' id='word_1_718' title='bbox 2954 2193 3012 2240; x_wconf 89' lang='lat' dir='ltr'>et</span> <span class='ocrx_word' id='word_1_719' title='bbox 3034 2189 3272 2241; x_wconf 90' lang='lat' dir='ltr'>ambitio</span> <span class='ocrx_word' id='word_1_720' title='bbox 3299 2201 3409 2241; x_wconf 68' lang='lat' dir='ltr'>sae-</span> 
     </span>
    </p>
   </div>
   <div class='ocr_carea' id='block_1_95' title="bbox 1801 2259 3410 2326">
    <p class='ocr_par' dir='ltr' id='par_1_95' title="bbox 1801 2259 3410 2326">
     <span class='ocr_line' id='line_1_95' title="bbox 1801 2259 3410 2326; baseline -0.002 -12"><span class='ocrx_word' id='word_1_721' title='bbox 1801 2263 1916 2314; x_wconf 88' lang='lat' dir='ltr'>culi</span> <span class='ocrx_word' id='word_1_722' title='bbox 1943 2263 2143 2326; x_wconf 79' lang='lat' dir='ltr'>(thcs.</span> <span class='ocrx_word' id='word_1_723' title='bbox 2171 2261 2260 2323; x_wconf 85' lang='lat'>6.).</span> <span class='ocrx_word' id='word_1_724' title='bbox 2289 2263 2393 2312; x_wconf 90' lang='lat' dir='ltr'>Per</span> <span class='ocrx_word' id='word_1_725' title='bbox 2425 2259 2621 2310; x_wconf 89' lang='lat' dir='ltr'>oculos</span> <span class='ocrx_word' id='word_1_726' title='bbox 2645 2260 2800 2310; x_wconf 89' lang='lat' dir='ltr'>enim</span> <span class='ocrx_word' id='word_1_727' title='bbox 2823 2259 3126 2311; x_wconf 88' lang='lat' dir='ltr'>curiositas</span> <span class='ocrx_word' id='word_1_728' title='bbox 3162 2259 3309 2311; x_wconf 89' lang='lat' dir='ltr'>solet</span> <span class='ocrx_word' id='word_1_729' title='bbox 3329 2260 3410 2311; x_wconf 90' lang='lat' dir='ltr'>in-</span> 
     </span>
    </p>
   </div>
   <div class='ocr_carea' id='block_1_96' title="bbox 1799 2331 3408 2398">
    <p class='ocr_par' dir='ltr' id='par_1_96' title="bbox 1799 2331 3408 2398">
     <span class='ocr_line' id='line_1_96' title="bbox 1799 2331 3408 2398; baseline -0.002 -13"><span class='ocrx_word' id='word_1_730' title='bbox 1799 2333 1995 2398; x_wconf 88' lang='lat' dir='ltr'>telligi.</span> <span class='ocrx_word' id='word_1_731' title='bbox 2022 2335 2091 2384; x_wconf 86' lang='lat' dir='ltr'>Et</span> <span class='ocrx_word' id='word_1_732' title='bbox 2112 2333 2204 2384; x_wconf 86' lang='lat' dir='ltr'>his</span> <span class='ocrx_word' id='word_1_733' title='bbox 2222 2333 2403 2384; x_wconf 88' lang='lat' dir='ltr'>tribus</span> <span class='ocrx_word' id='word_1_734' title='bbox 2421 2331 2831 2382; x_wconf 87' lang='lat' dir='ltr'>tentationibus</span> <span class='ocrx_word' id='word_1_735' title='bbox 2849 2332 3130 2382; x_wconf 91' lang='lat' dir='ltr'>Dominus</span> <span class='ocrx_word' id='word_1_736' title='bbox 3149 2336 3408 2383; x_wconf 89' lang='lat' dir='ltr'>tentatus</span> 
     </span>
    </p>
   </div>
   <div class='ocr_carea' id='block_1_97' title="bbox 1801 2403 3407 2470">
    <p class='ocr_par' dir='ltr' id='par_1_97' title="bbox 1801 2403 3407 2470">
     <span class='ocr_line' id='line_1_97' title="bbox 1801 2403 3407 2470; baseline -0.002 -12"><span class='ocrx_word' id='word_1_737' title='bbox 1801 2411 1892 2458; x_wconf 88' lang='lat' dir='ltr'>est</span> <span class='ocrx_word' id='word_1_738' title='bbox 1923 2405 2132 2470; x_wconf 71' lang='lat' dir='ltr'>(Matth.</span> <span class='ocrx_word' id='word_1_739' title='bbox 2163 2405 2232 2468; x_wconf 79' lang='grc'>4.)</span> <span class='ocrx_word' id='word_1_740' title='bbox 2262 2409 2358 2456; x_wconf 83' lang='lat' dir='ltr'>:et</span> <span class='ocrx_word' id='word_1_741' title='bbox 2395 2416 2576 2468; x_wconf 91' lang='lat' dir='ltr'>quum</span> <span class='ocrx_word' id='word_1_742' title='bbox 2613 2415 2732 2454; x_wconf 91' lang='lat' dir='ltr'>non</span> <span class='ocrx_word' id='word_1_743' title='bbox 2756 2404 2944 2468; x_wconf 92' lang='lat' dir='ltr'>potuit</span> <span class='ocrx_word' id='word_1_744' title='bbox 2965 2403 3119 2467; x_wconf 90' lang='lat' dir='ltr'>apud</span> <span class='ocrx_word' id='word_1_745' title='bbox 3143 2416 3279 2454; x_wconf 92' lang='lat' dir='ltr'>eum</span> <span class='ocrx_word' id='word_1_746' title='bbox 3303 2415 3407 2456; x_wconf 90' lang='lat' dir='ltr'>va-</span> 
     </span>
    </p>
   </div>
   <div class='ocr_carea' id='block_1_98' title="bbox 1799 2473 3408 2538">
    <p class='ocr_par' dir='ltr' id='par_1_98' title="bbox 1799 2473 3408 2538">
     <span class='ocr_line' id='line_1_98' title="bbox 1799 2473 3408 2538; baseline -0.002 -9"><span class='ocrx_word' id='word_1_747' title='bbox 1799 2477 1927 2535; x_wconf 83' lang='lat' dir='ltr'>lere</span> <span class='ocrx_word' id='word_1_748' title='bbox 1954 2477 2240 2528; x_wconf 90' lang='lat' dir='ltr'>inimicus.</span> <span class='ocrx_word' id='word_1_749' title='bbox 2271 2476 2382 2527; x_wconf 93' lang='lat' dir='ltr'>hoc</span> <span class='ocrx_word' id='word_1_750' title='bbox 2403 2476 2475 2526; x_wconf 89' lang='lat' dir='ltr'>de</span> <span class='ocrx_word' id='word_1_751' title='bbox 2517 2473 2612 2526; x_wconf 89' lang='lat' dir='ltr'>illo</span> <span class='ocrx_word' id='word_1_752' title='bbox 2657 2474 2887 2525; x_wconf 88' lang='lat' dir='ltr'>dicitur.</span> <span class='ocrx_word' id='word_1_753' title='bbox 2933 2475 3224 2538; x_wconf 87' lang='lat' dir='ltr'>Posquam</span> <span class='ocrx_word' id='word_1_754' title='bbox 3253 2486 3408 2526; x_wconf 90' lang='lat' dir='ltr'>com-</span> 
     </span>
    </p>
   </div>
   <div class='ocr_carea' id='block_1_99' title="bbox 1801 2545 3406 2615">
    <p class='ocr_par' dir='ltr' id='par_1_99' title="bbox 1801 2545 3406 2615">
     <span class='ocr_line' id='line_1_99' title="bbox 1801 2545 3406 2615; baseline -0.002 -15"><span class='ocrx_word' id='word_1_755' title='bbox 1801 2549 1980 2615; x_wconf 90' lang='lat' dir='ltr'>plevit</span> <span class='ocrx_word' id='word_1_756' title='bbox 2023 2561 2252 2600; x_wconf 89' lang='lat' dir='ltr'>omnem</span> <span class='ocrx_word' id='word_1_757' title='bbox 2291 2548 2669 2598; x_wconf 88' lang='lat' dir='ltr'>tentationem</span> <span class='ocrx_word' id='word_1_758' title='bbox 2714 2545 2976 2598; x_wconf 89' lang='lat' dir='ltr'>diabolus</span> <span class='ocrx_word' id='word_1_759' title='bbox 3023 2548 3164 2610; x_wconf 87' lang='lat' dir='ltr'>(Luc.</span> <span class='ocrx_word' id='word_1_760' title='bbox 3205 2545 3298 2609; x_wconf 69' lang='grc'>4).</span> <span class='ocrx_word' id='word_1_761' title='bbox 3336 2547 3406 2597; x_wconf 87' lang='lat' dir='ltr'>Et</span> 
     </span>
    </p>
   </div>
   <div class='ocr_carea' id='block_1_100' title="bbox 1801 2617 3410 2686">
    <p class='ocr_par' dir='ltr' id='par_1_100' title="bbox 1801 2617 3410 2686">
     <span class='ocr_line' id='line_1_100' title="bbox 1801 2617 3410 2686; baseline -0.003 -13"><span class='ocrx_word' id='word_1_762' title='bbox 1801 2623 1940 2686; x_wconf 88' lang='lat' dir='ltr'>quia</span> <span class='ocrx_word' id='word_1_763' title='bbox 1969 2623 2086 2673; x_wconf 90' lang='lat' dir='ltr'>tam</span> <span class='ocrx_word' id='word_1_764' title='bbox 2109 2619 2386 2672; x_wconf 87' lang='lat' dir='ltr'>mirabilis</span> <span class='ocrx_word' id='word_1_765' title='bbox 2408 2623 2500 2670; x_wconf 90' lang='lat' dir='ltr'>est</span> <span class='ocrx_word' id='word_1_766' title='bbox 2518 2619 2820 2682; x_wconf 90' lang='lat' dir='ltr'>Dominus,</span> <span class='ocrx_word' id='word_1_767' title='bbox 2837 2617 2990 2682; x_wconf 91' lang='lat' dir='ltr'>quod</span> <span class='ocrx_word' id='word_1_768' title='bbox 3012 2617 3259 2670; x_wconf 81' lang='lat' dir='ltr'>infantes</span> <span class='ocrx_word' id='word_1_769' title='bbox 3275 2629 3410 2668; x_wconf 88' lang='lat' dir='ltr'>eru-</span> 
     </span>
    </p>
   </div>
   <div class='ocr_carea' id='block_1_101' title="bbox 1801 2689 3408 2759">
    <p class='ocr_par' dir='ltr' id='par_1_101' title="bbox 1801 2689 3408 2759">
     <span class='ocr_line' id='line_1_101' title="bbox 1801 2689 3408 2759; baseline -0.004 -13"><span class='ocrx_word' id='word_1_770' title='bbox 1801 2695 1902 2759; x_wconf 91' lang='lat' dir='ltr'>dit,</span> <span class='ocrx_word' id='word_1_771' title='bbox 1936 2698 2160 2746; x_wconf 88' lang='lat' dir='ltr'>astutos</span> <span class='ocrx_word' id='word_1_772' title='bbox 2195 2693 2460 2756; x_wconf 90' lang='lat' dir='ltr'>destruit,</span> <span class='ocrx_word' id='word_1_773' title='bbox 2495 2690 2890 2756; x_wconf 88' lang='lat' dir='ltr'>peceatoribus</span> <span class='ocrx_word' id='word_1_774' title='bbox 2924 2689 3245 2753; x_wconf 88' lang='lat' dir='ltr'>miseretur,</span> <span class='ocrx_word' id='word_1_775' title='bbox 3273 2701 3408 2740; x_wconf 87' lang='lat' dir='ltr'>san-</span> 
     </span>
    </p>
   </div>
   <div class='ocr_carea' id='block_1_102' title="bbox 1801 2761 3410 2831">
    <p class='ocr_par' dir='ltr' id='par_1_102' title="bbox 1801 2761 3410 2831">
     <span class='ocr_line' id='line_1_102' title="bbox 1801 2761 3410 2831; baseline -0.003 -13"><span class='ocrx_word' id='word_1_776' title='bbox 1801 2772 1927 2819; x_wconf 87' lang='lat' dir='ltr'>ctos</span> <span class='ocrx_word' id='word_1_777' title='bbox 1963 2767 2177 2829; x_wconf 87' lang='lat' dir='ltr'>visitat,</span> <span class='ocrx_word' id='word_1_778' title='bbox 2204 2763 2322 2831; x_wconf 69' lang='lat'><strong>44</strong></span> <span class='ocrx_word' id='word_1_779' title='bbox 2353 2764 2588 2828; x_wconf 86' lang='lat' dir='ltr'>angelos</span> <span class='ocrx_word' id='word_1_780' title='bbox 2614 2762 2892 2828; x_wconf 89' lang='lat' dir='ltr'>possidet,</span> <span class='ocrx_word' id='word_1_781' title='bbox 2936 2762 3204 2814; x_wconf 90' lang='lat' dir='ltr'>homines</span> <span class='ocrx_word' id='word_1_782' title='bbox 3226 2761 3410 2813; x_wconf 86' lang='lat' dir='ltr'>conti-</span> 
     </span>
    </p>
   </div>
   <div class='ocr_carea' id='block_1_103' title="bbox 1802 2833 3406 2900">
    <p class='ocr_par' dir='ltr' id='par_1_103' title="bbox 1802 2833 3406 2900">
     <span class='ocr_line' id='line_1_103' title="bbox 1802 2833 3406 2900; baseline -0.004 -9"><span class='ocrx_word' id='word_1_783' title='bbox 1802 2844 1919 2900; x_wconf 87' lang='lat' dir='ltr'>net,</span> <span class='ocrx_word' id='word_1_784' title='bbox 1949 2851 2177 2890; x_wconf 87' lang='lat' dir='ltr'>omnem</span> <span class='ocrx_word' id='word_1_785' title='bbox 2202 2840 2522 2888; x_wconf 87' lang='lat' dir='ltr'>creaturam</span> <span class='ocrx_word' id='word_1_786' title='bbox 2555 2835 2664 2886; x_wconf 88' lang='lat' dir='ltr'>sibi</span> <span class='ocrx_word' id='word_1_787' title='bbox 2689 2833 2948 2898; x_wconf 89' lang='lat' dir='ltr'>subjicit:</span> <span class='ocrx_word' id='word_1_788' title='bbox 2971 2833 3166 2898; x_wconf 90' lang='lat' dir='ltr'>ipsum</span> <span class='ocrx_word' id='word_1_789' title='bbox 3188 2833 3288 2896; x_wconf 89' lang='lat' dir='ltr'>qui</span> <span class='ocrx_word' id='word_1_790' title='bbox 3313 2838 3406 2885; x_wconf 87' lang='lat' dir='ltr'>est</span> 
     </span>
    </p>
   </div>
   <div class='ocr_carea' id='block_1_104' title="bbox 1803 2904 3406 2976">
    <p class='ocr_par' dir='ltr' id='par_1_104' title="bbox 1803 2904 3406 2976">
     <span class='ocr_line' id='line_1_104' title="bbox 1803 2904 3406 2976; baseline -0.004 -14"><span class='ocrx_word' id='word_1_791' title='bbox 1803 2911 2144 2976; x_wconf 88' lang='lat' dir='ltr'>principium</span> <span class='ocrx_word' id='word_1_792' title='bbox 2173 2913 2231 2960; x_wconf 91' lang='lat' dir='ltr'>et</span> <span class='ocrx_word' id='word_1_793' title='bbox 2252 2909 2404 2967; x_wconf 82' lang='lat' dir='ltr'>linis,</span> <span class='ocrx_word' id='word_1_794' title='bbox 2429 2907 2734 2958; x_wconf 87' lang='lat' dir='ltr'>laudemus</span> <span class='ocrx_word' id='word_1_795' title='bbox 2755 2906 2818 2956; x_wconf 91' lang='lat' dir='ltr'>in</span> <span class='ocrx_word' id='word_1_796' title='bbox 2838 2905 3116 2969; x_wconf 88' lang='lat' dir='ltr'>principio</span> <span class='ocrx_word' id='word_1_797' title='bbox 3139 2907 3198 2955; x_wconf 94' lang='lat' dir='ltr'>et</span> <span class='ocrx_word' id='word_1_798' title='bbox 3214 2905 3277 2955; x_wconf 92' lang='lat' dir='ltr'>in</span> <span class='ocrx_word' id='word_1_799' title='bbox 3290 2904 3406 2976; x_wconf 79' lang='lat' dir='ltr'>fine</span> 
     </span>
    </p>
   </div>
   <div class='ocr_carea' id='block_1_105' title="bbox 1805 2975 3407 3045">
    <p class='ocr_par' dir='ltr' id='par_1_105' title="bbox 1805 2975 3407 3045">
     <span class='ocr_line' id='line_1_105' title="bbox 1805 2975 3407 3045; baseline -0.005 -11"><span class='ocrx_word' id='word_1_800' title='bbox 1805 2975 1864 3034; x_wconf 86' lang='lat' dir='ltr'>et</span> <span class='ocrx_word' id='word_1_801' title='bbox 1889 2994 2175 3045; x_wconf 86' lang='lat' dir='ltr'>nusquam</span> <span class='ocrx_word' id='word_1_802' title='bbox 2206 2993 2241 3032; x_wconf 89' lang='lat' dir='ltr'>a</span> <span class='ocrx_word' id='word_1_803' title='bbox 2272 2979 2442 3030; x_wconf 88' lang='lat' dir='ltr'>laude</span> <span class='ocrx_word' id='word_1_804' title='bbox 2469 2981 2596 3043; x_wconf 89' lang='lat' dir='ltr'>ejus</span> <span class='ocrx_word' id='word_1_805' title='bbox 2629 2989 2946 3041; x_wconf 86' lang='lat' dir='ltr'>cessemus,</span> <span class='ocrx_word' id='word_1_806' title='bbox 2971 2976 3230 3028; x_wconf 89' lang='lat' dir='ltr'>dicentes</span> <span class='ocrx_word' id='word_1_807' title='bbox 3256 2994 3269 3026; x_wconf 85' lang='lat'><strong>:</strong></span> <span class='ocrx_word' id='word_1_808' title='bbox 3296 2975 3407 3026; x_wconf 90' lang='lat' dir='ltr'>Do-</span> 
     </span>
    </p>
   </div>
   <div class='ocr_carea' id='block_1_106' title="bbox 1804 3053 2592 3113">
    <p class='ocr_par' dir='ltr' id='par_1_106' title="bbox 1804 3053 2592 3113">
     <span class='ocr_line' id='line_1_106' title="bbox 1804 3053 2592 3113; baseline -0.003 -9"><span class='ocrx_word' id='word_1_809' title='bbox 1804 3055 1953 3104; x_wconf 79' lang='lat' dir='ltr'>mine</span> <span class='ocrx_word' id='word_1_810' title='bbox 1973 3053 2242 3104; x_wconf 82' lang='lat' dir='ltr'>Dominus</span> <span class='ocrx_word' id='word_1_811' title='bbox 2265 3056 2460 3113; x_wconf 80' lang='lat' dir='ltr'>noster,</span> <span class='ocrx_word' id='word_1_812' title='bbox 2483 3053 2592 3102; x_wconf 85' lang='lat' dir='ltr'>etc.</span> 
     </span>
    </p>
   </div>
   <div class='ocr_carea' id='block_1_107' title="bbox 2151 3161 3050 3232">
    <p class='ocr_par' dir='ltr' id='par_1_107' title="bbox 2151 3161 3050 3232">
     <span class='ocr_line' id='line_1_107' title="bbox 2151 3161 3050 3232; baseline -0.004 -1"><span class='ocrx_word' id='word_1_813' title='bbox 2151 3166 2290 3232; x_wconf 90' lang='lat' dir='ltr'>TIT</span> <span class='ocrx_word' id='word_1_814' title='bbox 2301 3165 2517 3231; x_wconf 91' lang='lat' dir='ltr'>ULUS</span> <span class='ocrx_word' id='word_1_815' title='bbox 2559 3161 2886 3229; x_wconf 81' lang='lat' dir='ltr'><strong>PSALMI</strong></span> <span class='ocrx_word' id='word_1_816' title='bbox 2929 3162 3050 3228; x_wconf 90' lang='lat' dir='ltr'>IX.</span> 
     </span>
    </p>
   </div>
   <div class='ocr_carea' id='block_1_108' title="bbox 1736 3281 3404 3372">
    <p class='ocr_par' dir='ltr' id='par_1_108' title="bbox 1736 3281 3404 3372">
     <span class='ocr_line' id='line_1_108' title="bbox 1736 3281 3404 3372; baseline -0.005 -8"><span class='ocrx_word' id='word_1_817' title='bbox 1736 3281 1787 3358; x_wconf 74' lang='lat' dir='ltr'>CI</span> <span class='ocrx_word' id='word_1_818' title='bbox 1879 3317 2082 3365; x_wconf 86' lang='lat' dir='ltr'>Canitur</span> <span class='ocrx_word' id='word_1_819' title='bbox 2123 3315 2214 3361; x_wconf 89' lang='lat' dir='ltr'>iste</span> <span class='ocrx_word' id='word_1_820' title='bbox 2259 3312 2483 3372; x_wconf 84' lang='lat' dir='ltr'>psalmus</span> <span class='ocrx_word' id='word_1_821' title='bbox 2527 3310 2634 3359; x_wconf 85' lang='lat' dir='ltr'>Pro</span> <span class='ocrx_word' id='word_1_822' title='bbox 2671 3308 2889 3358; x_wconf 84' lang='lat' dir='ltr'>occultis</span> <span class='ocrx_word' id='word_1_823' title='bbox 2910 3307 3034 3369; x_wconf 81' lang='lat' dir='ltr'>ﬁlii.</span> <span class='ocrx_word' id='word_1_824' title='bbox 3060 3309 3116 3355; x_wconf 88' lang='lat' dir='ltr'>Et</span> <span class='ocrx_word' id='word_1_825' title='bbox 3149 3309 3269 3368; x_wconf 86' lang='lat' dir='ltr'>quia</span> <span class='ocrx_word' id='word_1_826' title='bbox 3301 3321 3404 3356; x_wconf 91' lang='lat' dir='ltr'>non</span> 
     </span>
    </p>
   </div>
   <div class='ocr_carea' id='block_1_109' title="bbox 1805 3372 3406 3438">
    <p class='ocr_par' dir='ltr' id='par_1_109' title="bbox 1805 3372 3406 3438">
     <span class='ocr_line' id='line_1_109' title="bbox 1805 3372 3406 3438; baseline -0.007 -9"><span class='ocrx_word' id='word_1_827' title='bbox 1805 3381 1924 3430; x_wconf 88' lang='lat' dir='ltr'>dicit</span> <span class='ocrx_word' id='word_1_828' title='bbox 1947 3381 2110 3438; x_wconf 87' lang='lat' dir='ltr'>cujus,</span> <span class='ocrx_word' id='word_1_829' title='bbox 2148 3376 2508 3435; x_wconf 88' lang='lat' dir='ltr'>intelligendus</span> <span class='ocrx_word' id='word_1_830' title='bbox 2541 3374 2838 3438; x_wconf 84' lang='lat' dir='ltr'>unigenitus</span> <span class='ocrx_word' id='word_1_831' title='bbox 2872 3373 3034 3438; x_wconf 87' lang='lat' dir='ltr'>Filius</span> <span class='ocrx_word' id='word_1_832' title='bbox 3058 3372 3256 3438; x_wconf 70' lang='lat' dir='ltr'>Deitast.</span> <span class='ocrx_word' id='word_1_833' title='bbox 3287 3373 3406 3419; x_wconf 82' lang='lat' dir='ltr'>Nam</span> 
     </span>
    </p>
   </div>
   <div class='ocr_carea' id='block_1_110' title="bbox 1805 3435 3407 3502">
    <p class='ocr_par' dir='ltr' id='par_1_110' title="bbox 1805 3435 3407 3502">
     <span class='ocr_line' id='line_1_110' title="bbox 1805 3435 3407 3502; baseline -0.006 -10"><span class='ocrx_word' id='word_1_834' title='bbox 1805 3451 1850 3493; x_wconf 90' lang='lat' dir='ltr'>et</span> <span class='ocrx_word' id='word_1_835' title='bbox 1879 3445 1986 3502; x_wconf 88' lang='lat' dir='ltr'>ipse</span> <span class='ocrx_word' id='word_1_836' title='bbox 2010 3435 2258 3488; x_wconf 80' lang='lat' dir='ltr'>Dominus</span> <span class='ocrx_word' id='word_1_837' title='bbox 2293 3437 2400 3498; x_wconf 73' lang='lat' dir='ltr'>(Ea:</span> <span class='ocrx_word' id='word_1_838' title='bbox 2427 3435 2750 3502; x_wconf 79' lang='lat' dir='ltr'>Augustino)</span> <span class='ocrx_word' id='word_1_839' title='bbox 2776 3437 3036 3502; x_wconf 74' lang='lat' dir='ltr'>eumsine</span> <span class='ocrx_word' id='word_1_840' title='bbox 3069 3435 3407 3502; x_wconf 80' lang='lat' dir='ltr'>additamento</span> 
     </span>
    </p>
   </div>
   <div class='ocr_carea' id='block_1_111' title="bbox 1807 3499 3406 3570">
    <p class='ocr_par' dir='ltr' id='par_1_111' title="bbox 1807 3499 3406 3570">
     <span class='ocr_line' id='line_1_111' title="bbox 1807 3499 3406 3570; baseline -0.004 -18"><span class='ocrx_word' id='word_1_841' title='bbox 1807 3499 1959 3570; x_wconf 70' lang='lat' dir='ltr'>ponit</span> <span class='ocrx_word' id='word_1_842' title='bbox 1981 3505 2185 3570; x_wconf 86' lang='lat' dir='ltr'>Filium,</span> <span class='ocrx_word' id='word_1_843' title='bbox 2210 3503 2452 3570; x_wconf 34' lang='lat' dir='ltr'>seipsum.</span> <span class='ocrx_word' id='word_1_844' title='bbox 2460 3501 2786 3570; x_wconf 78' lang='lat' dir='ltr'>unigenitum</span> <span class='ocrx_word' id='word_1_845' title='bbox 2823 3500 3008 3546; x_wconf 80' lang='lat' dir='ltr'>Filium</span> <span class='ocrx_word' id='word_1_846' title='bbox 3032 3499 3142 3570; x_wconf 71' lang='lat' dir='ltr'>vult</span> <span class='ocrx_word' id='word_1_847' title='bbox 3169 3499 3406 3570; x_wconf 76' lang='lat' dir='ltr'>intelligi,</span> 
     </span>
    </p>
   </div>
   <div class='ocr_carea' id='block_1_112' title="bbox 1807 3561 3408 3631">
    <p class='ocr_par' dir='ltr' id='par_1_112' title="bbox 1807 3561 3408 3631">
     <span class='ocr_line' id='line_1_112' title="bbox 1807 3561 3408 3631; baseline -0.006 -13"><span class='ocrx_word' id='word_1_848' title='bbox 1807 3561 1896 3618; x_wconf 70' lang='lat' dir='ltr'>ubi</span> <span class='ocrx_word' id='word_1_849' title='bbox 1917 3569 2004 3631; x_wconf 83' lang='lat' dir='ltr'>ait,</span> <span class='ocrx_word' id='word_1_850' title='bbox 2033 3569 2083 3614; x_wconf 84' lang='lat' dir='ltr'>Si</span> <span class='ocrx_word' id='word_1_851' title='bbox 2119 3561 2207 3612; x_wconf 82' lang='lat' dir='ltr'>vos</span> <span class='ocrx_word' id='word_1_852' title='bbox 2235 3565 2397 3631; x_wconf 82' lang='lat' dir='ltr'>Filius</span> <span class='ocrx_word' id='word_1_853' title='bbox 2419 3564 2724 3631; x_wconf 51' lang='lat' dir='ltr'>liberayerit,</span> <span class='ocrx_word' id='word_1_854' title='bbox 2752 3567 2872 3631; x_wconf 62' lang='lat' dir='ltr'>tunc</span> <span class='ocrx_word' id='word_1_855' title='bbox 2911 3575 3024 3631; x_wconf 79' lang='lat' dir='ltr'>vere</span> <span class='ocrx_word' id='word_1_856' title='bbox 3070 3561 3244 3631; x_wconf 55' lang='lat' dir='ltr'>liberi“</span> <span class='ocrx_word' id='word_1_857' title='bbox 3267 3561 3408 3631; x_wconf 75' lang='lat' dir='ltr'>eritis</span> 
     </span>
    </p>
   </div>
   <div class='ocr_carea' id='block_1_113' title="bbox 1807 3623 3410 3696">
    <p class='ocr_par' dir='ltr' id='par_1_113' title="bbox 1807 3623 3410 3696">
     <span class='ocr_line' id='line_1_113' title="bbox 1807 3623 3410 3696; baseline -0.007 -16"><span class='ocrx_word' id='word_1_858' title='bbox 1807 3623 2102 3696; x_wconf 57' lang='lat' dir='ltr'>(Joan.&#39;8_.).</span> <span class='ocrx_word' id='word_1_859' title='bbox 2127 3629 2392 3696; x_wconf 35' lang='grc' dir='ltr'><strong>ωας-111111</strong></span> <span class='ocrx_word' id='word_1_860' title='bbox 2419 3627 2546 3696; x_wconf 81' lang='lat' dir='ltr'>dixit</span> <span class='ocrx_word' id='word_1_861' title='bbox 2566 3627 2728 3696; x_wconf 39' lang='lat' dir='ltr'>fili-us</span> <span class='ocrx_word' id='word_1_862' title='bbox 2754 3626 2858 3696; x_wconf 70' lang='lat' dir='ltr'>Dei,</span> <span class='ocrx_word' id='word_1_863' title='bbox 2873 3626 2960 3672; x_wconf 84' lang='lat' dir='ltr'>sed</span> <span class='ocrx_word' id='word_1_864' title='bbox 2988 3628 3177 3696; x_wconf 76' lang='lat' dir='ltr'>tantum</span> <span class='ocrx_word' id='word_1_865' title='bbox 3196 3623 3410 3670; x_wconf 88' lang='lat' dir='ltr'>dicendo</span> 
     </span>
    </p>
   </div>
   <div class='ocr_carea' id='block_1_114' title="bbox 1809 3687 3410 3752">
    <p class='ocr_par' dir='ltr' id='par_1_114' title="bbox 1809 3687 3410 3752">
     <span class='ocr_line' id='line_1_114' title="bbox 1809 3687 3410 3752; baseline -0.007 -8"><span class='ocrx_word' id='word_1_866' title='bbox 1809 3687 1986 3752; x_wconf 71' lang='lat' dir='ltr'>Filius,</span> <span class='ocrx_word' id='word_1_867' title='bbox 2015 3687 2097 3740; x_wconf 80' lang='lat' dir='ltr'>dat</span> <span class='ocrx_word' id='word_1_868' title='bbox 2130 3691 2347 3750; x_wconf 84' lang='lat' dir='ltr'>intelligi</span> <span class='ocrx_word' id='word_1_869' title='bbox 2372 3691 2519 3748; x_wconf 88' lang='lat' dir='ltr'>cujus</span> <span class='ocrx_word' id='word_1_870' title='bbox 2535 3690 2601 3737; x_wconf 87' lang='lat' dir='ltr'>sit</span> <span class='ocrx_word' id='word_1_871' title='bbox 2619 3689 2796 3738; x_wconf 83' lang='lat' dir='ltr'>Filius.</span> <span class='ocrx_word' id='word_1_872' title='bbox 2817 3689 2972 3744; x_wconf 83' lang='lat' dir='ltr'>Quam</span> <span class='ocrx_word' id='word_1_873' title='bbox 2997 3687 3294 3752; x_wconf 87' lang='lat' dir='ltr'>locutionem</span> <span class='ocrx_word' id='word_1_874' title='bbox 3308 3699 3410 3733; x_wconf 90' lang='lat' dir='ltr'>non</span> 
     </span>
    </p>
   </div>
   <div class='ocr_carea' id='block_1_115' title="bbox 1811 3751 3409 3818">
    <p class='ocr_par' dir='ltr' id='par_1_115' title="bbox 1811 3751 3409 3818">
     <span class='ocr_line' id='line_1_115' title="bbox 1811 3751 3409 3818; baseline -0.007 -12"><span class='ocrx_word' id='word_1_875' title='bbox 1811 3751 1987 3818; x_wconf 80' lang='lat' dir='ltr'>recipit</span> <span class='ocrx_word' id='word_1_876' title='bbox 2009 3755 2112 3802; x_wconf 87' lang='lat' dir='ltr'>nisi</span> <span class='ocrx_word' id='word_1_877' title='bbox 2136 3754 2432 3802; x_wconf 75' lang='lat' dir='ltr'>excellentia</span> <span class='ocrx_word' id='word_1_878' title='bbox 2452 3754 2579 3810; x_wconf 85' lang='lat' dir='ltr'>ejus.</span> <span class='ocrx_word' id='word_1_879' title='bbox 2605 3753 2666 3818; x_wconf 83' lang='lat' dir='ltr'>de</span> <span class='ocrx_word' id='word_1_880' title='bbox 2680 3751 3172 3818; x_wconf 75' lang='lat' dir='ltr'>quoitaloquimur,</span> <span class='ocrx_word' id='word_1_881' title='bbox 3189 3751 3409 3818; x_wconf 73' lang='lat' dir='ltr'>utetiam</span> 
     </span>
    </p>
   </div>
   <div class='ocr_carea' id='block_1_116' title="bbox 1811 3813 3409 3874">
    <p class='ocr_par' dir='ltr' id='par_1_116' title="bbox 1811 3813 3409 3874">
     <span class='ocr_line' id='line_1_116' title="bbox 1811 3813 3409 3874; baseline -0.008 -4"><span class='ocrx_word' id='word_1_882' title='bbox 1811 3823 1854 3870; x_wconf 85' lang='lat' dir='ltr'>si</span> <span class='ocrx_word' id='word_1_883' title='bbox 1877 3813 1990 3868; x_wconf 76' lang='lat' dir='ltr'>eum</span> <span class='ocrx_word' id='word_1_884' title='bbox 2012 3831 2113 3864; x_wconf 91' lang='lat' dir='ltr'>non</span> <span class='ocrx_word' id='word_1_885' title='bbox 2141 3818 2476 3872; x_wconf 88' lang='lat' dir='ltr'>nominemus,</span> <span class='ocrx_word' id='word_1_886' title='bbox 2495 3815 2654 3873; x_wconf 87' lang='lat' dir='ltr'>possit</span> <span class='ocrx_word' id='word_1_887' title='bbox 2678 3815 2910 3874; x_wconf 87' lang='lat' dir='ltr'>intelligi.</span> <span class='ocrx_word' id='word_1_888' title='bbox 2926 3817 2995 3860; x_wconf 83' lang='lat' dir='ltr'>Ita</span> <span class='ocrx_word' id='word_1_889' title='bbox 3018 3813 3153 3858; x_wconf 91' lang='lat' dir='ltr'>enim</span> <span class='ocrx_word' id='word_1_890' title='bbox 3172 3813 3409 3871; x_wconf 89' lang='lat' dir='ltr'>dicimus,</span> 
     </span>
    </p>
   </div>
   <div class='ocr_carea' id='block_1_117' title="bbox 1813 3874 3411 3941">
    <p class='ocr_par' dir='ltr' id='par_1_117' title="bbox 1813 3874 3411 3941">
     <span class='ocr_line' id='line_1_117' title="bbox 1813 3874 3411 3941; baseline -0.006 -11"><span class='ocrx_word' id='word_1_891' title='bbox 1813 3885 1964 3941; x_wconf 80' lang='lat' dir='ltr'>Pluit,</span> <span class='ocrx_word' id='word_1_892' title='bbox 1990 3885 2200 3937; x_wconf 87' lang='lat' dir='ltr'>serenat,</span> <span class='ocrx_word' id='word_1_893' title='bbox 2231 3883 2383 3940; x_wconf 84' lang='lat' dir='ltr'>tonat,</span> <span class='ocrx_word' id='word_1_894' title='bbox 2406 3883 2451 3923; x_wconf 89' lang='lat' dir='ltr'>et</span> <span class='ocrx_word' id='word_1_895' title='bbox 2474 3880 2514 3922; x_wconf 90' lang='lat' dir='ltr'>si</span> <span class='ocrx_word' id='word_1_896' title='bbox 2539 3890 2639 3941; x_wconf 86' lang='lat' dir='ltr'>qua</span> <span class='ocrx_word' id='word_1_897' title='bbox 2660 3876 2918 3922; x_wconf 87' lang='lat' dir='ltr'>suntalia:</span> <span class='ocrx_word' id='word_1_898' title='bbox 2941 3874 3411 3941; x_wconf 67' lang='lat' dir='ltr'>necaddimusquis</span> 
     </span>
    </p>
   </div>
   <div class='ocr_carea' id='block_1_118' title="bbox 1814 3936 3413 4002">
    <p class='ocr_par' dir='ltr' id='par_1_118' title="bbox 1814 3936 3413 4002">
     <span class='ocr_line' id='line_1_118' title="bbox 1814 3936 3413 4002; baseline -0.007 -9"><span class='ocrx_word' id='word_1_899' title='bbox 1814 3947 1865 3994; x_wconf 87' lang='lat' dir='ltr'>id</span> <span class='ocrx_word' id='word_1_900' title='bbox 1893 3936 2054 4002; x_wconf 77' lang='lat' dir='ltr'>faciat,</span> <span class='ocrx_word' id='word_1_901' title='bbox 2072 3945 2192 4002; x_wconf 90' lang='lat' dir='ltr'>quia</span> <span class='ocrx_word' id='word_1_902' title='bbox 2209 3936 2437 3988; x_wconf 85' lang='lat' dir='ltr'>omnium</span> <span class='ocrx_word' id='word_1_903' title='bbox 2455 3939 2708 3985; x_wconf 88' lang='lat' dir='ltr'>mentibus</span> <span class='ocrx_word' id='word_1_904' title='bbox 2733 3942 2908 4002; x_wconf 78' lang='lat' dir='ltr'>sponte</span> <span class='ocrx_word' id='word_1_905' title='bbox 2929 3952 2980 3984; x_wconf 87' lang='lat' dir='ltr'>se</span> <span class='ocrx_word' id='word_1_906' title='bbox 3005 3939 3144 3982; x_wconf 70' lang='lat' dir='ltr'>oil‘ert</span> <span class='ocrx_word' id='word_1_907' title='bbox 3161 3936 3413 3982; x_wconf 84' lang='lat' dir='ltr'>excellen-</span> 
     </span>
    </p>
   </div>
   <div class='ocr_carea' id='block_1_119' title="bbox 1811 4001 3417 4056">
    <p class='ocr_par' dir='ltr' id='par_1_119' title="bbox 1811 4001 3417 4056">
     <span class='ocr_line' id='line_1_119' title="bbox 1811 4001 3417 4056; baseline -0.008 0"><span class='ocrx_word' id='word_1_908' title='bbox 1811 4009 1881 4056; x_wconf 85' lang='lat' dir='ltr'>tia</span> <span class='ocrx_word' id='word_1_909' title='bbox 1904 4001 2150 4054; x_wconf 84' lang='lat' dir='ltr'>facientis.</span> <span class='ocrx_word' id='word_1_910' title='bbox 2167 4008 2295 4051; x_wconf 89' lang='lat' dir='ltr'>Duos</span> <span class='ocrx_word' id='word_1_911' title='bbox 2317 4003 2560 4049; x_wconf 84' lang='lat' dir='ltr'>adventus</span> <span class='ocrx_word' id='word_1_912' title='bbox 2583 4002 2780 4046; x_wconf 88' lang='lat' dir='ltr'>Domini</span> <span class='ocrx_word' id='word_1_913' title='bbox 2801 4001 3076 4046; x_wconf 86' lang='lat' dir='ltr'>credimus:</span> <span class='ocrx_word' id='word_1_914' title='bbox 3098 4011 3256 4044; x_wconf 90' lang='lat' dir='ltr'>unum</span> <span class='ocrx_word' id='word_1_915' title='bbox 3281 4010 3417 4056; x_wconf 75' lang='lat' dir='ltr'>prte-</span> 
     </span>
    </p>
   </div>
   <div class='ocr_carea' id='block_1_120' title="bbox 1819 4061 3412 4128">
    <p class='ocr_par' dir='ltr' id='par_1_120' title="bbox 1819 4061 3412 4128">
     <span class='ocr_line' id='line_1_120' title="bbox 1819 4061 3412 4128; baseline -0.008 -9"><span class='ocrx_word' id='word_1_916' title='bbox 1819 4073 2034 4128; x_wconf 87' lang='lat' dir='ltr'>teritum,</span> <span class='ocrx_word' id='word_1_917' title='bbox 2063 4082 2211 4128; x_wconf 88' lang='lat' dir='ltr'>quem</span> <span class='ocrx_word' id='word_1_918' title='bbox 2232 4067 2394 4113; x_wconf 71' lang='lat' dir='ltr'>Judaei</span> <span class='ocrx_word' id='word_1_919' title='bbox 2419 4077 2521 4110; x_wconf 90' lang='lat' dir='ltr'>non</span> <span class='ocrx_word' id='word_1_920' title='bbox 2548 4064 2928 4128; x_wconf 62' lang='lat' dir='ltr'>intellexerunt:</span> <span class='ocrx_word' id='word_1_921' title='bbox 2958 4063 3170 4128; x_wconf 80' lang='lat' dir='ltr'>alterum</span> <span class='ocrx_word' id='word_1_922' title='bbox 3185 4061 3412 4128; x_wconf 80' lang='lat' dir='ltr'>futurum</span> 
     </span>
    </p>
   </div>
   <div class='ocr_carea' id='block_1_121' title="bbox 1817 4123 3412 4196">
    <p class='ocr_par' dir='ltr' id='par_1_121' title="bbox 1817 4123 3412 4196">
     <span class='ocr_line' id='line_1_121' title="bbox 1817 4123 3412 4196; baseline -0.008 -14"><span class='ocrx_word' id='word_1_923' title='bbox 1817 4148 1966 4196; x_wconf 85' lang='lat' dir='ltr'>quem</span> <span class='ocrx_word' id='word_1_924' title='bbox 1991 4123 2191 4191; x_wconf 81' lang='lat' dir='ltr'>utrique</span> <span class='ocrx_word' id='word_1_925' title='bbox 2213 4140 2490 4196; x_wconf 79' lang='lat' dir='ltr'>speramus.</span> <span class='ocrx_word' id='word_1_926' title='bbox 2516 4127 2828 4196; x_wconf 62' lang='lat' dir='ltr'>thuoniam</span> <span class='ocrx_word' id='word_1_927' title='bbox 2841 4126 2952 4196; x_wconf 78' lang='lat' dir='ltr'>iste,</span> <span class='ocrx_word' id='word_1_928' title='bbox 2971 4137 3118 4196; x_wconf 81' lang='lat' dir='ltr'>quem</span> <span class='ocrx_word' id='word_1_929' title='bbox 3134 4123 3295 4196; x_wconf 62' lang='lat' dir='ltr'>Judaei</span> <span class='ocrx_word' id='word_1_930' title='bbox 3311 4136 3412 4196; x_wconf 78' lang='lat' dir='ltr'>non</span> 
     </span>
    </p>
   </div>
   <div class='ocr_carea' id='block_1_122' title="bbox 1819 4187 3415 4256">
    <p class='ocr_par' dir='ltr' id='par_1_122' title="bbox 1819 4187 3415 4256">
     <span class='ocr_line' id='line_1_122' title="bbox 1819 4187 3415 4256; baseline -0.008 -10"><span class='ocrx_word' id='word_1_931' title='bbox 1819 4187 2194 4256; x_wconf 69' lang='lat' dir='ltr'>intellexerunt,</span> <span class='ocrx_word' id='word_1_932' title='bbox 2217 4187 2454 4256; x_wconf 76' lang='lat' dir='ltr'>gentibus</span> <span class='ocrx_word' id='word_1_933' title='bbox 2472 4189 2675 4256; x_wconf 56' lang='lat' dir='ltr'>proiuil,</span> <span class='ocrx_word' id='word_1_934' title='bbox 2702 4201 2822 4256; x_wconf 85' lang='lat' dir='ltr'>non_</span> <span class='ocrx_word' id='word_1_935' title='bbox 2837 4187 3257 4256; x_wconf 67' lang='lat' dir='ltr'>inconvenienter</span> 
     </span>
    </p>
   </div>
   <div class='ocr_carea' id='block_1_123' title="bbox 1820 4249 3415 4323">
    <p class='ocr_par' dir='ltr' id='par_1_123' title="bbox 1820 4249 3415 4323">
     <span class='ocr_line' id='line_1_123' title="bbox 1820 4249 3415 4323; baseline -0.008 -15"><span class='ocrx_word' id='word_1_936' title='bbox 1820 4263 1957 4323; x_wconf 87' lang='lat' dir='ltr'>pitur</span> <span class='ocrx_word' id='word_1_937' title='bbox 1981 4262 2041 4307; x_wconf 88' lang='lat' dir='ltr'>de</span> <span class='ocrx_word' id='word_1_938' title='bbox 2067 4261 2158 4306; x_wconf 90' lang='lat' dir='ltr'>hoc</span> <span class='ocrx_word' id='word_1_939' title='bbox 2181 4249 2397 4323; x_wconf 78' lang='lat' dir='ltr'>adventu</span> <span class='ocrx_word' id='word_1_940' title='bbox 2409 4249 2528 4323; x_wconf 84' lang='lat' dir='ltr'>dici,</span> <span class='ocrx_word' id='word_1_941' title='bbox 2552 4252 2661 4323; x_wconf 85' lang='lat' dir='ltr'>Pro</span> <span class='ocrx_word' id='word_1_942' title='bbox 2677 4249 3026 4323; x_wconf 78' lang='lat' dir='ltr'>occultisﬁlii,</span> <span class='ocrx_word' id='word_1_943' title='bbox 3043 4251 3128 4323; x_wconf 78' lang='lat' dir='ltr'>ubi</span> <span class='ocrx_word' id='word_1_944' title='bbox 3145 4250 3339 4323; x_wconf 68' lang='lat' dir='ltr'>cwcitas</span> <span class='ocrx_word' id='word_1_945' title='bbox 3360 4249 3415 4323; x_wconf 82' lang='lat' dir='ltr'>in</span> 
     </span>
    </p>
   </div>
   <div class='ocr_carea' id='block_1_124' title="bbox 1821 4315 3418 4383">
    <p class='ocr_par' dir='ltr' id='par_1_124' title="bbox 1821 4315 3418 4383">
     <span class='ocr_line' id='line_1_124' title="bbox 1821 4315 3418 4383; baseline -0.009 -10"><span class='ocrx_word' id='word_1_946' title='bbox 1821 4315 1970 4372; x_wconf 73' lang='lat' dir='ltr'>israel</span> <span class='ocrx_word' id='word_1_947' title='bbox 2000 4337 2060 4370; x_wconf 78' lang='lat' dir='ltr'>ex</span> <span class='ocrx_word' id='word_1_948' title='bbox 2102 4327 2240 4383; x_wconf 88' lang='lat' dir='ltr'>parte</span> <span class='ocrx_word' id='word_1_949' title='bbox 2283 4319 2411 4383; x_wconf 78' lang='lat' dir='ltr'>facta</span> <span class='ocrx_word' id='word_1_950' title='bbox 2443 4315 2639 4383; x_wconf 78' lang='lat' dir='ltr'>est,__u_t</span> <span class='ocrx_word' id='word_1_951' title='bbox 2678 4316 2942 4383; x_wconf 82' lang='lat' dir='ltr'>plenitudo</span> <span class='ocrx_word' id='word_1_952' title='bbox 2968 4315 3193 4383; x_wconf 75' lang='lat' dir='ltr'>gentium</span> <span class='ocrx_word' id='word_1_953' title='bbox 3209 4315 3418 4383; x_wconf 76' lang='lat' dir='ltr'>intraret</span> 
     </span>
    </p>
   </div>
   <div class='ocr_carea' id='block_1_125' title="bbox 1825 4375 3414 4450">
    <p class='ocr_par' dir='ltr' id='par_1_125' title="bbox 1825 4375 3414 4450">
     <span class='ocr_line' id='line_1_125' title="bbox 1825 4375 3414 4450; baseline -0.008 -15"><span class='ocrx_word' id='word_1_954' title='bbox 1825 4388 1997 4450; x_wconf 86' lang='lat' dir='ltr'>(Rom.</span> <span class='ocrx_word' id='word_1_955' title='bbox 2029 4375 2145 4450; x_wconf 52' lang='grc' dir='ltr'><strong>ιι).</strong></span> <span class='ocrx_word' id='word_1_956' title='bbox 2175 4385 2278 4430; x_wconf 90' lang='lat' dir='ltr'>Duo</span> <span class='ocrx_word' id='word_1_957' title='bbox 2301 4382 2448 4450; x_wconf 81' lang='lat' dir='ltr'>etiam</span> <span class='ocrx_word' id='word_1_958' title='bbox 2469 4375 3018 4450; x_wconf 48' lang='lat' dir='ltr'>judiciainsinunntui;</span> <span class='ocrx_word' id='word_1_959' title='bbox 3016 4391 3100 4436; x_wconf 88' lang='lat' dir='ltr'>per</span> <span class='ocrx_word' id='word_1_960' title='bbox 3117 4375 3414 4450; x_wconf 64' lang='lat' dir='ltr'>§cripturas:</span> 
     </span>
    </p>
   </div>
   <div class='ocr_carea' id='block_1_126' title="bbox 1822 4437 3420 4504">
    <p class='ocr_par' dir='ltr' id='par_1_126' title="bbox 1822 4437 3420 4504">
     <span class='ocr_line' id='line_1_126' title="bbox 1822 4437 3420 4504; baseline -0.009 -7"><span class='ocrx_word' id='word_1_961' title='bbox 1822 4437 1984 4498; x_wconf 73' lang='lat' dir='ltr'>unum</span> <span class='ocrx_word' id='word_1_962' title='bbox 2008 4437 2275 4504; x_wconf 78' lang='lat' dir='ltr'>occultum,</span> <span class='ocrx_word' id='word_1_963' title='bbox 2309 4450 2357 4492; x_wconf 91' lang='lat' dir='ltr'>et</span> <span class='ocrx_word' id='word_1_964' title='bbox 2377 4437 2588 4490; x_wconf 83' lang='lat' dir='ltr'>alterum</span> <span class='ocrx_word' id='word_1_965' title='bbox 2613 4441 2956 4504; x_wconf 66' lang='lat' dir='ltr'>manifestum.</span> <span class='ocrx_word' id='word_1_966' title='bbox 2981 4437 3420 4504; x_wconf 77' lang='lat' dir='ltr'>occultum_judi-</span> 
     </span>
    </p>
   </div>
   <div class='ocr_carea' id='block_1_127' title="bbox 1823 4501 3416 4570">
    <p class='ocr_par' dir='ltr' id='par_1_127' title="bbox 1823 4501 3416 4570">
     <span class='ocr_line' id='line_1_127' title="bbox 1823 4501 3416 4570; baseline -0.009 -10"><span class='ocrx_word' id='word_1_967' title='bbox 1823 4515 1958 4560; x_wconf 90' lang='lat' dir='ltr'>cium</span> <span class='ocrx_word' id='word_1_968' title='bbox 1980 4516 2053 4558; x_wconf 89' lang='lat' dir='ltr'>est</span> <span class='ocrx_word' id='word_1_969' title='bbox 2073 4523 2220 4570; x_wconf 72' lang='lat' dir='ltr'>pinna</span> <span class='ocrx_word' id='word_1_970' title='bbox 2242 4501 2342 4567; x_wconf 83' lang='lat' dir='ltr'>qua</span> <span class='ocrx_word' id='word_1_971' title='bbox 2361 4507 2577 4570; x_wconf 82' lang='lat' dir='ltr'>quisque</span> <span class='ocrx_word' id='word_1_972' title='bbox 2599 4508 2682 4550; x_wconf 89' lang='lat' dir='ltr'>aut</span> <span class='ocrx_word' id='word_1_973' title='bbox 2706 4503 2960 4570; x_wconf 78' lang='lat' dir='ltr'>exiircetur</span> <span class='ocrx_word' id='word_1_974' title='bbox 2979 4501 3039 4570; x_wconf 82' lang='lat' dir='ltr'>ad</span> <span class='ocrx_word' id='word_1_975' title='bbox 3071 4501 3416 4570; x_wconf 73' lang='lat' dir='ltr'>purgationem</span> 
     </span>
    </p>
   </div>
   <div class='ocr_carea' id='block_1_128' title="bbox 1823 4562 3418 4625">
    <p class='ocr_par' dir='ltr' id='par_1_128' title="bbox 1823 4562 3418 4625">
     <span class='ocr_line' id='line_1_128' title="bbox 1823 4562 3418 4625; baseline -0.009 -2"><span class='ocrx_word' id='word_1_976' title='bbox 1823 4581 1911 4622; x_wconf 84' lang='lat' dir='ltr'>aut</span> <span class='ocrx_word' id='word_1_977' title='bbox 1933 4562 2230 4622; x_wconf 65' lang='lat' dir='ltr'>admonetur</span> <span class='ocrx_word' id='word_1_978' title='bbox 2251 4562 2312 4616; x_wconf 77' lang='lat' dir='ltr'>ad</span> <span class='ocrx_word' id='word_1_979' title='bbox 2337 4562 3418 4625; x_wconf 68' lang='lat' dir='ltr'>conversionem,autsicontempseritexcm-</span> 
     </span>
    </p>
   </div>
   <div class='ocr_carea' id='block_1_129' title="bbox 1826 4626 3417 4686">
    <p class='ocr_par' dir='ltr' id='par_1_129' title="bbox 1826 4626 3417 4686">
     <span class='ocr_line' id='line_1_129' title="bbox 1826 4626 3417 4686; baseline -0.009 -1"><span class='ocrx_word' id='word_1_980' title='bbox 1826 4643 1964 4686; x_wconf 86' lang='lat' dir='ltr'>catur</span> <span class='ocrx_word' id='word_1_981' title='bbox 1995 4637 2056 4684; x_wconf 87' lang='lat' dir='ltr'>ad</span> <span class='ocrx_word' id='word_1_982' title='bbox 2089 4633 2478 4682; x_wconf 83' lang='lat' dir='ltr'>damnationem.</span> <span class='ocrx_word' id='word_1_983' title='bbox 2511 4629 2764 4676; x_wconf 88' lang='lat' dir='ltr'>Judicium</span> <span class='ocrx_word' id='word_1_984' title='bbox 2789 4635 2952 4674; x_wconf 86' lang='lat' dir='ltr'>autem</span> <span class='ocrx_word' id='word_1_985' title='bbox 2977 4626 3300 4674; x_wconf 81' lang='lat' dir='ltr'>manifestum</span> <span class='ocrx_word' id='word_1_986' title='bbox 3323 4630 3417 4684; x_wconf 87' lang='lat' dir='ltr'>est,</span> 
     </span>
    </p>
   </div>
   <div class='ocr_carea' id='block_1_130' title="bbox 1745 4668 3421 4762">
    <p class='ocr_par' dir='ltr' id='par_1_130' title="bbox 1745 4668 3421 4762">
     <span class='ocr_line' id='line_1_130' title="bbox 1745 4668 3421 4762; baseline -0.009 -13"><span class='ocrx_word' id='word_1_987' title='bbox 1745 4668 1804 4743; x_wconf 86' lang='lat' dir='ltr'>D</span> <span class='ocrx_word' id='word_1_988' title='bbox 1826 4668 2298 4762; x_wconf 44' lang='grc' dir='ltr'>δνὲξιιῖἶιῖξᾞει</span> <span class='ocrx_word' id='word_1_989' title='bbox 2323 4668 2562 4741; x_wconf 76' lang='lat' dir='ltr'>Dominus</span> <span class='ocrx_word' id='word_1_990' title='bbox 2585 4692 2812 4762; x_wconf 74' lang='lat' dir='ltr'>judicare</span> <span class='ocrx_word' id='word_1_991' title='bbox 2830 4691 2970 4762; x_wconf 76' lang='lat' dir='ltr'>vivos</span> <span class='ocrx_word' id='word_1_992' title='bbox 2992 4695 3038 4737; x_wconf 90' lang='lat' dir='ltr'>et</span> <span class='ocrx_word' id='word_1_993' title='bbox 3063 4694 3299 4762; x_wconf 78' lang='lat' dir='ltr'>mortuos.</span> 
     </span>
    </p>
   </div>
   <div class='ocr_carea' id='block_1_131' title="bbox 1824 4751 3419 4821">
    <p class='ocr_par' dir='ltr' id='par_1_131' title="bbox 1824 4751 3419 4821">
     <span class='ocr_line' id='line_1_131' title="bbox 1824 4751 3419 4821; baseline -0.009 -9"><span class='ocrx_word' id='word_1_994' title='bbox 1824 4751 1924 4813; x_wconf 75' lang='lat' dir='ltr'>rion</span> <span class='ocrx_word' id='word_1_995' title='bbox 1949 4763 2270 4821; x_wconf 90' lang='lat' dir='ltr'>corriguntur</span> <span class='ocrx_word' id='word_1_996' title='bbox 2292 4759 2386 4805; x_wconf 90' lang='lat' dir='ltr'>isto</span> <span class='ocrx_word' id='word_1_997' title='bbox 2409 4757 2604 4803; x_wconf 88' lang='lat' dir='ltr'>occulto</span> <span class='ocrx_word' id='word_1_998' title='bbox 2620 4755 2832 4821; x_wconf 84' lang='lat' dir='ltr'>judicio,</span> <span class='ocrx_word' id='word_1_999' title='bbox 2857 4755 3307 4821; x_wconf 74' lang='lat' dir='ltr'>dignepunientur</span> <span class='ocrx_word' id='word_1_1000' title='bbox 3328 4751 3419 4821; x_wconf 76' lang='lat' dir='ltr'>illo</span> 
     </span>
    </p>
   </div>
   <div class='ocr_carea' id='block_1_132' title="bbox 1824 4815 3421 4878">
    <p class='ocr_par' dir='ltr' id='par_1_132' title="bbox 1824 4815 3421 4878">
     <span class='ocr_line' id='line_1_132' title="bbox 1824 4815 3421 4878; baseline -0.01 -3"><span class='ocrx_word' id='word_1_1001' title='bbox 1824 4815 2109 4875; x_wconf 52' lang='lat' dir='ltr'>manifesto:</span> <span class='ocrx_word' id='word_1_1002' title='bbox 2137 4825 2192 4871; x_wconf 88' lang='lat' dir='ltr'>In</span> <span class='ocrx_word' id='word_1_1003' title='bbox 2235 4825 2327 4868; x_wconf 87' lang='lat' dir='ltr'>hoc</span> <span class='ocrx_word' id='word_1_1004' title='bbox 2349 4825 2512 4866; x_wconf 88' lang='lat' dir='ltr'>autem</span> <span class='ocrx_word' id='word_1_1005' title='bbox 2539 4820 2732 4878; x_wconf 87' lang='lat' dir='ltr'>psalmo</span> <span class='ocrx_word' id='word_1_1006' title='bbox 2756 4817 3068 4866; x_wconf 85' lang='lat' dir='ltr'>observanda</span> <span class='ocrx_word' id='word_1_1007' title='bbox 3090 4823 3206 4864; x_wconf 89' lang='lat' dir='ltr'>sunt</span> <span class='ocrx_word' id='word_1_1008' title='bbox 3227 4815 3421 4870; x_wconf 77' lang='lat' dir='ltr'>occulta</span> 
     </span>
    </p>
   </div>
   <div class='ocr_carea' id='block_1_133' title="bbox 1824 4880 3404 4951">
    <p class='ocr_par' dir='ltr' id='par_1_133' title="bbox 1824 4880 3404 4951">
     <span class='ocr_line' id='line_1_133' title="bbox 1824 4880 3404 4951; baseline -0.01 -12"><span class='ocrx_word' id='word_1_1009' title='bbox 1824 4891 1957 4951; x_wconf 89' lang='lat' dir='ltr'>Filii,</span> <span class='ocrx_word' id='word_1_1010' title='bbox 1991 4889 2043 4937; x_wconf 92' lang='lat' dir='ltr'>id</span> <span class='ocrx_word' id='word_1_1011' title='bbox 2064 4892 2154 4948; x_wconf 86' lang='lat' dir='ltr'>est,</span> <span class='ocrx_word' id='word_1_1012' title='bbox 2182 4885 2393 4951; x_wconf 86' lang='lat' dir='ltr'>humilis</span> <span class='ocrx_word' id='word_1_1013' title='bbox 2425 4885 2534 4942; x_wconf 86' lang='lat' dir='ltr'>ejus</span> <span class='ocrx_word' id='word_1_1014' title='bbox 2557 4883 2820 4944; x_wconf 78' lang='lat' dir='ltr'>adventus,</span> <span class='ocrx_word' id='word_1_1015' title='bbox 2846 4881 2936 4942; x_wconf 82' lang='lat' dir='ltr'>qui</span> <span class='ocrx_word' id='word_1_1016' title='bbox 2959 4881 3146 4940; x_wconf 81' lang='lat' dir='ltr'>profuit</span> <span class='ocrx_word' id='word_1_1017' title='bbox 3168 4880 3404 4951; x_wconf 80' lang='lat' dir='ltr'>gentibus</span> 
     </span>
    </p>
   </div>
   <div class='ocr_carea' id='block_1_134' title="bbox 1827 4945 3426 5014">
    <p class='ocr_par' dir='ltr' id='par_1_134' title="bbox 1827 4945 3426 5014">
     <span class='ocr_line' id='line_1_134' title="bbox 1827 4945 3426 5014; baseline -0.01 -13"><span class='ocrx_word' id='word_1_1018' title='bbox 1827 4945 2184 5002; x_wconf 51' lang='lat' dir='ltr'>cum&#39;cazcitate</span> <span class='ocrx_word' id='word_1_1019' title='bbox 2211 4950 2518 5014; x_wconf 69' lang='lat' dir='ltr'>.Iudaeorum,</span> <span class='ocrx_word' id='word_1_1020' title='bbox 2541 4951 2587 4993; x_wconf 87' lang='lat' dir='ltr'>et</span> <span class='ocrx_word' id='word_1_1021' title='bbox 2608 4958 3041 5014; x_wconf 65' lang='lat' dir='ltr'>pmnaqutenunc</span> <span class='ocrx_word' id='word_1_1022' title='bbox 3055 4945 3247 5014; x_wconf 71' lang='lat' dir='ltr'>occulte</span> <span class='ocrx_word' id='word_1_1023' title='bbox 3257 4945 3426 5014; x_wconf 69' lang='lat' dir='ltr'>agitur</span> 
     </span>
    </p>
   </div>
   <div class='ocr_carea' id='block_1_135' title="bbox 1827 5008 3422 5070">
    <p class='ocr_par' dir='ltr' id='par_1_135' title="bbox 1827 5008 3422 5070">
     <span class='ocr_line' id='line_1_135' title="bbox 1827 5008 3422 5070; baseline -0.011 -6"><span class='ocrx_word' id='word_1_1024' title='bbox 1827 5017 2054 5064; x_wconf 87' lang='lat' dir='ltr'>nondum</span> <span class='ocrx_word' id='word_1_1025' title='bbox 2090 5013 2409 5062; x_wconf 82' lang='lat' dir='ltr'>damnatione</span> <span class='ocrx_word' id='word_1_1026' title='bbox 2453 5009 2784 5070; x_wconf 85' lang='lat' dir='ltr'>peccantium,</span> <span class='ocrx_word' id='word_1_1027' title='bbox 2817 5009 2902 5054; x_wconf 88' lang='lat' dir='ltr'>sed</span> <span class='ocrx_word' id='word_1_1028' title='bbox 2949 5013 3032 5053; x_wconf 85' lang='lat' dir='ltr'>aut</span> <span class='ocrx_word' id='word_1_1029' title='bbox 3071 5008 3422 5070; x_wconf 73' lang='lat' dir='ltr'>exercitatione</span> 
     </span>
    </p>
   </div>
   <div class='ocr_carea' id='block_1_136' title="bbox 1813 5064 3422 5138">
    <p class='ocr_par' dir='ltr' id='par_1_136' title="bbox 1813 5064 3422 5138">
     <span class='ocr_line' id='line_1_136' title="bbox 1813 5064 3422 5138; baseline -0.011 -11"><span class='ocrx_word' id='word_1_1030' title='bbox 1813 5091 2204 5138; x_wconf 85' lang='lat' dir='ltr'>&#39;eonversorum,</span> <span class='ocrx_word' id='word_1_1031' title='bbox 2229 5081 2312 5123; x_wconf 86' lang='lat' dir='ltr'>aut</span> <span class='ocrx_word' id='word_1_1032' title='bbox 2330 5064 2688 5130; x_wconf 78' lang='lat' dir='ltr'>admonitione,</span> <span class='ocrx_word' id='word_1_1033' title='bbox 2709 5064 2780 5138; x_wconf 34' lang='lat' dir='ltr'>ut;</span> <span class='ocrx_word' id='word_1_1034' title='bbox 2781 5073 3150 5138; x_wconf 83' lang='lat' dir='ltr'>convertantur,</span> <span class='ocrx_word' id='word_1_1035' title='bbox 3175 5069 3262 5112; x_wconf 86' lang='lat' dir='ltr'>aut</span> <span class='ocrx_word' id='word_1_1036' title='bbox 3275 5064 3422 5138; x_wconf 39' lang='lat' dir='ltr'>cingi:</span> 
     </span>
    </p>
   </div>
   <div class='ocr_carea' id='block_1_137' title="bbox 1829 5124 3422 5204">
    <p class='ocr_par' dir='ltr' id='par_1_137' title="bbox 1829 5124 3422 5204">
     <span class='ocr_line' id='line_1_137' title="bbox 1829 5124 3422 5204; baseline -0.009 -14"><span class='ocrx_word' id='word_1_1037' title='bbox 1829 5124 1944 5204; x_wconf 68' lang='lat' dir='ltr'>tate,</span> <span class='ocrx_word' id='word_1_1038' title='bbox 1967 5124 2021 5188; x_wconf 85' lang='grc'>111</span> <span class='ocrx_word' id='word_1_1039' title='bbox 2039 5124 2352 5204; x_wconf 72' lang='lat' dir='ltr'>damnationi</span> <span class='ocrx_word' id='word_1_1040' title='bbox 2373 5124 2731 5204; x_wconf 62' lang='lat' dir='ltr'>preparentur.</span> <span class='ocrx_word' id='word_1_1041' title='bbox 2751 5135 2958 5204; x_wconf 30' lang='lat' dir='ltr'>Dicetur.</span> <span class='ocrx_word' id='word_1_1042' title='bbox 2973 5144 3088 5191; x_wconf 84' lang='lat' dir='ltr'>ergo</span> <span class='ocrx_word' id='word_1_1043' title='bbox 3116 5124 3238 5176; x_wconf 75' lang='lat' dir='ltr'>voce</span> <span class='ocrx_word' id='word_1_1044' title='bbox 3275 5124 3422 5176; x_wconf 79' lang='lat' dir='ltr'>Filii:</span> 
     </span>
    </p>
   </div>
   <div class='ocr_carea' id='block_1_138' title="bbox 1830 5196 3107 5260">
    <p class='ocr_par' dir='ltr' id='par_1_138' title="bbox 1830 5196 3107 5260">
     <span class='ocr_line' id='line_1_138' title="bbox 1830 5196 3107 5260; baseline -0.01 -6"><span class='ocrx_word' id='word_1_1045' title='bbox 1830 5196 2025 5254; x_wconf 78' lang='lat' dir='ltr'>dicatur</span> <span class='ocrx_word' id='word_1_1046' title='bbox 2045 5215 2168 5250; x_wconf 78' lang='lat' dir='ltr'>voce</span> <span class='ocrx_word' id='word_1_1047' title='bbox 2191 5202 2418 5249; x_wconf 89' lang='lat' dir='ltr'>omnium</span> <span class='ocrx_word' id='word_1_1048' title='bbox 2442 5201 2770 5260; x_wconf 83' lang='lat' dir='ltr'>perfectorum</span> <span class='ocrx_word' id='word_1_1049' title='bbox 2794 5197 2858 5242; x_wconf 89' lang='lat' dir='ltr'>ad</span> <span class='ocrx_word' id='word_1_1050' title='bbox 2879 5196 3070 5242; x_wconf 85' lang='lat' dir='ltr'>Patrem</span> <span class='ocrx_word' id='word_1_1051' title='bbox 3093 5204 3107 5242; x_wconf 90' lang='lat'><strong>:</strong></span> 
     </span>
    </p>
   </div>
   <div class='ocr_carea' id='block_1_139' title="bbox 2354 5308 2916 5378">
    <p class='ocr_par' dir='ltr' id='par_1_139' title="bbox 2354 5308 2916 5378">
     <span class='ocr_line' id='line_1_139' title="bbox 2354 5308 2916 5378; baseline -0.011 0"><span class='ocrx_word' id='word_1_1052' title='bbox 2354 5310 2753 5378; x_wconf 85' lang='lat' dir='ltr'>PSALMUS</span> <span class='ocrx_word' id='word_1_1053' title='bbox 2795 5308 2916 5374; x_wconf 87' lang='lat' dir='ltr'>IX.</span> 
     </span>
    </p>
   </div>
   <div class='ocr_carea' id='block_1_140' title="bbox 1897 5425 3426 5502">
    <p class='ocr_par' dir='ltr' id='par_1_140' title="bbox 1897 5425 3426 5502">
     <span class='ocr_line' id='line_1_140' title="bbox 1897 5425 3426 5502; baseline -0.02 -7"><span class='ocrx_word' id='word_1_1054' title='bbox 1897 5445 1948 5500; x_wconf 59' lang='grc' dir='ltr'><strong>ἓ.</strong></span> <span class='ocrx_word' id='word_1_1055' title='bbox 1989 5437 2283 5502; x_wconf 82' lang='lat' dir='ltr'>Conﬁtebor</span> <span class='ocrx_word' id='word_1_1056' title='bbox 2349 5433 2461 5496; x_wconf 75' lang='lat' dir='ltr'>tibi,</span> <span class='ocrx_word' id='word_1_1057' title='bbox 2532 5429 2780 5490; x_wconf 80' lang='lat' dir='ltr'>Domine,</span> <span class='ocrx_word' id='word_1_1058' title='bbox 2829 5429 2891 5502; x_wconf 79' lang='lat' dir='ltr'>in</span> <span class='ocrx_word' id='word_1_1059' title='bbox 2940 5429 3044 5476; x_wconf 91' lang='lat' dir='ltr'>toto</span> <span class='ocrx_word' id='word_1_1060' title='bbox 3087 5425 3241 5502; x_wconf 70' lang='lat' dir='ltr'>corde</span> <span class='ocrx_word' id='word_1_1061' title='bbox 3270 5439 3426 5502; x_wconf 45' lang='lat' dir='ltr'>tneo;</span> 
     </span>
    </p>
   </div>
   <div class='ocr_carea' id='block_1_141' title="bbox 1837 5497 3434 5569">
    <p class='ocr_par' dir='ltr' id='par_1_141' title="bbox 1837 5497 3434 5569">
     <span class='ocr_line' id='line_1_141' title="bbox 1837 5497 3434 5569; baseline -0.012 0"><span class='ocrx_word' id='word_1_1062' title='bbox 1837 5497 2075 5569; x_wconf 63' lang='lat' dir='ltr'>na—rrabo</span> <span class='ocrx_word' id='word_1_1063' title='bbox 2091 5497 2282 5561; x_wconf 84' lang='lat' dir='ltr'>omnia</span> <span class='ocrx_word' id='word_1_1064' title='bbox 2306 5503 2583 5554; x_wconf 76' lang='lat' dir='ltr'>mirabilia</span> <span class='ocrx_word' id='word_1_1065' title='bbox 2601 5508 2713 5552; x_wconf 84' lang='lat' dir='ltr'>tua.</span> <span class='ocrx_word' id='word_1_1066' title='bbox 2737 5503 2820 5552; x_wconf 88' lang='lat' dir='ltr'>Ac</span> <span class='ocrx_word' id='word_1_1067' title='bbox 2833 5499 3084 5564; x_wconf 86' lang='lat' dir='ltr'>siaperte</span> <span class='ocrx_word' id='word_1_1068' title='bbox 3094 5497 3267 5561; x_wconf 82' lang='lat' dir='ltr'>dicat,</span> <span class='ocrx_word' id='word_1_1069' title='bbox 3283 5499 3434 5550; x_wconf 86' lang='lat' dir='ltr'>Lau-</span> 
     </span>
    </p>
   </div>
   <div class='ocr_carea' id='block_1_142' title="bbox 1838 5569 3434 5654">
    <p class='ocr_par' dir='ltr' id='par_1_142' title="bbox 1838 5569 3434 5654">
     <span class='ocr_line' id='line_1_142' title="bbox 1838 5569 3434 5654; baseline -0.014 -11"><span class='ocrx_word' id='word_1_1070' title='bbox 1838 5591 1988 5642; x_wconf 89' lang='lat' dir='ltr'>dabo</span> <span class='ocrx_word' id='word_1_1071' title='bbox 2038 5591 2094 5638; x_wconf 90' lang='lat' dir='ltr'>te</span> <span class='ocrx_word' id='word_1_1072' title='bbox 2137 5584 2199 5634; x_wconf 92' lang='lat' dir='ltr'>in</span> <span class='ocrx_word' id='word_1_1073' title='bbox 2249 5577 2581 5654; x_wconf 87' lang='lat' dir='ltr'>toto_corde</span> <span class='ocrx_word' id='word_1_1074' title='bbox 2617 5588 2764 5654; x_wconf 84' lang='lat' dir='ltr'>meo,</span> <span class='ocrx_word' id='word_1_1075' title='bbox 2790 5573 2961 5654; x_wconf 84' lang='lat' dir='ltr'>corde</span> <span class='ocrx_word' id='word_1_1076' title='bbox 2984 5572 3226 5654; x_wconf 73' lang='lat' dir='ltr'>integro,</span> <span class='ocrx_word' id='word_1_1077' title='bbox 3262 5569 3434 5654; x_wconf 69' lang='lat' dir='ltr'>corde</span> 
     </span>
    </p>
   </div>
   <div class='ocr_carea' id='block_1_143' title="bbox 1839 5641 3433 5730">
    <p class='ocr_par' dir='ltr' id='par_1_143' title="bbox 1839 5641 3433 5730">
     <span class='ocr_line' id='line_1_143' title="bbox 1839 5641 3433 5730; baseline -0.014 -14"><span class='ocrx_word' id='word_1_1078' title='bbox 1839 5641 2109 5730; x_wconf 85' lang='lat' dir='ltr'>perfecto.</span> <span class='ocrx_word' id='word_1_1079' title='bbox 2146 5660 2358 5710; x_wconf 89' lang='lat' dir='ltr'>Beatus</span> <span class='ocrx_word' id='word_1_1080' title='bbox 2380 5652 2556 5705; x_wconf 91' lang='lat' dir='ltr'>homo</span> <span class='ocrx_word' id='word_1_1081' title='bbox 2578 5649 2677 5715; x_wconf 86' lang='lat' dir='ltr'>qui</span> <span class='ocrx_word' id='word_1_1082' title='bbox 2701 5649 2772 5701; x_wconf 88' lang='lat' dir='ltr'>de</span> <span class='ocrx_word' id='word_1_1083' title='bbox 2803 5652 2922 5700; x_wconf 88' lang='lat' dir='ltr'>toto</span> <span class='ocrx_word' id='word_1_1084' title='bbox 2955 5645 3125 5699; x_wconf 88' lang='lat' dir='ltr'>corde</span> <span class='ocrx_word' id='word_1_1085' title='bbox 3157 5656 3264 5698; x_wconf 91' lang='lat' dir='ltr'>suo</span> <span class='ocrx_word' id='word_1_1086' title='bbox 3287 5641 3433 5696; x_wconf 85' lang='lat' dir='ltr'>nihil</span> 
     </span>
    </p>
   </div>
   <div class='ocr_carea' id='block_1_144' title="bbox 137 5361 1734 5434">
    <p class='ocr_par' dir='ltr' id='par_1_144' title="bbox 137 5361 1734 5434">
     <span class='ocr_line' id='line_1_144' title="bbox 137 5361 1734 5434; baseline 0.006 -19"><span class='ocrx_word' id='word_1_1087' title='bbox 137 5363 383 5415; x_wconf 85' lang='lat' dir='ltr'>fructum</span> <span class='ocrx_word' id='word_1_1088' title='bbox 407 5361 762 5426; x_wconf 83' lang='lat' dir='ltr'>spiritualem</span> <span class='ocrx_word' id='word_1_1089' title='bbox 785 5362 1030 5413; x_wconf 90' lang='lat' dir='ltr'>Domino</span> <span class='ocrx_word' id='word_1_1090' title='bbox 1051 5363 1313 5416; x_wconf 90' lang='lat' dir='ltr'>reddant.</span> <span class='ocrx_word' id='word_1_1091' title='bbox 1340 5367 1491 5418; x_wconf 87' lang='lat' dir='ltr'>Oves</span> <span class='ocrx_word' id='word_1_1092' title='bbox 1514 5383 1648 5434; x_wconf 86' lang='lat' dir='ltr'>ergo</span> <span class='ocrx_word' id='word_1_1093' title='bbox 1674 5376 1734 5424; x_wconf 89' lang='lat' dir='ltr'>et</span> 
     </span>
    </p>
   </div>
   <div class='ocr_carea' id='block_1_145' title="bbox 141 5435 1734 5504">
    <p class='ocr_par' dir='ltr' id='par_1_145' title="bbox 141 5435 1734 5504">
     <span class='ocr_line' id='line_1_145' title="bbox 141 5435 1734 5504; baseline 0.006 -15"><span class='ocrx_word' id='word_1_1094' title='bbox 141 5439 315 5489; x_wconf 87' lang='lat' dir='ltr'>boves</span> <span class='ocrx_word' id='word_1_1095' title='bbox 337 5436 642 5488; x_wconf 88' lang='lat' dir='ltr'>universas</span> <span class='ocrx_word' id='word_1_1096' title='bbox 661 5435 767 5486; x_wconf 88' lang='lat' dir='ltr'>sibi</span> <span class='ocrx_word' id='word_1_1097' title='bbox 791 5435 1073 5488; x_wconf 90' lang='lat' dir='ltr'>Dominus</span> <span class='ocrx_word' id='word_1_1098' title='bbox 1100 5438 1363 5504; x_wconf 89' lang='lat' dir='ltr'>subjecit,</span> <span class='ocrx_word' id='word_1_1099' title='bbox 1381 5441 1518 5504; x_wconf 90' lang='lat' dir='ltr'>quia</span> <span class='ocrx_word' id='word_1_1100' title='bbox 1530 5457 1734 5498; x_wconf 90' lang='lat' dir='ltr'>omnes</span> 
     </span>
    </p>
   </div>
   <div class='ocr_carea' id='block_1_146' title="bbox 141 5508 1735 5572">
    <p class='ocr_par' dir='ltr' id='par_1_146' title="bbox 141 5508 1735 5572">
     <span class='ocr_line' id='line_1_146' title="bbox 141 5508 1735 5572; baseline 0.007 -12"><span class='ocrx_word' id='word_1_1101' title='bbox 141 5509 348 5560; x_wconf 87' lang='lat' dir='ltr'>electos</span> <span class='ocrx_word' id='word_1_1102' title='bbox 377 5511 496 5558; x_wconf 88' lang='lat' dir='ltr'>tam</span> <span class='ocrx_word' id='word_1_1103' title='bbox 520 5508 814 5572; x_wconf 87' lang='lat' dir='ltr'>subjectos</span> <span class='ocrx_word' id='word_1_1104' title='bbox 841 5519 1016 5572; x_wconf 88' lang='lat' dir='ltr'>quam</span> <span class='ocrx_word' id='word_1_1105' title='bbox 1041 5510 1306 5572; x_wconf 80' lang='lat' dir='ltr'>praelatos</span> <span class='ocrx_word' id='word_1_1106' title='bbox 1325 5512 1388 5563; x_wconf 91' lang='lat' dir='ltr'>in</span> <span class='ocrx_word' id='word_1_1107' title='bbox 1412 5521 1614 5570; x_wconf 90' lang='lat' dir='ltr'>sancta</span> <span class='ocrx_word' id='word_1_1108' title='bbox 1635 5521 1735 5570; x_wconf 83' lang='lat' dir='ltr'>Ec-</span> 
     </span>
    </p>
   </div>
   <div class='ocr_carea' id='block_1_147' title="bbox 143 5579 1207 5646">
    <p class='ocr_par' dir='ltr' id='par_1_147' title="bbox 143 5579 1207 5646">
     <span class='ocr_line' id='line_1_147' title="bbox 143 5579 1207 5646; baseline -0.002 -13"><span class='ocrx_word' id='word_1_1109' title='bbox 143 5579 314 5633; x_wconf 88' lang='lat' dir='ltr'>clesia</span> <span class='ocrx_word' id='word_1_1110' title='bbox 340 5579 592 5644; x_wconf 85' lang='lat' dir='ltr'>disponit</span> <span class='ocrx_word' id='word_1_1111' title='bbox 613 5579 832 5643; x_wconf 88' lang='lat' dir='ltr'>etregit</span> <span class='ocrx_word' id='word_1_1112' title='bbox 855 5579 924 5642; x_wconf 87' lang='lat'>(1.</span> <span class='ocrx_word' id='word_1_1113' title='bbox 951 5581 1090 5634; x_wconf 85' lang='lat' dir='ltr'>Petr.</span> <span class='ocrx_word' id='word_1_1114' title='bbox 1117 5582 1207 5646; x_wconf 92' lang='lat'>3.).</span> 
     </span>
    </p>
   </div>
   <div class='ocr_carea' id='block_1_148' title="bbox 207 5652 1739 5729">
    <p class='ocr_par' dir='ltr' id='par_1_148' title="bbox 207 5652 1739 5729">
     <span class='ocr_line' id='line_1_148' title="bbox 207 5652 1739 5729; baseline 0.01 -27"><span class='ocrx_word' id='word_1_1115' title='bbox 207 5652 257 5708; x_wconf 88' lang='lat'>8.</span> <span class='ocrx_word' id='word_1_1116' title='bbox 293 5653 359 5704; x_wconf 87' lang='lat' dir='ltr'>Et</span> <span class='ocrx_word' id='word_1_1117' title='bbox 385 5653 522 5717; x_wconf 89' lang='lat' dir='ltr'>quia</span> <span class='ocrx_word' id='word_1_1118' title='bbox 542 5653 635 5706; x_wconf 87' lang='lat' dir='ltr'>hic</span> <span class='ocrx_word' id='word_1_1119' title='bbox 656 5655 792 5706; x_wconf 90' lang='lat' dir='ltr'>mali</span> <span class='ocrx_word' id='word_1_1120' title='bbox 815 5667 948 5707; x_wconf 90' lang='lat' dir='ltr'>cum</span> <span class='ocrx_word' id='word_1_1121' title='bbox 968 5656 1134 5708; x_wconf 89' lang='lat' dir='ltr'>bonis</span> <span class='ocrx_word' id='word_1_1122' title='bbox 1157 5659 1566 5729; x_wconf 88' lang='lat' dir='ltr'>admiscentur,</span> <span class='ocrx_word' id='word_1_1123' title='bbox 1590 5663 1739 5718; x_wconf 92' lang='lat' dir='ltr'>bene</span> 
     </span>
    </p>
   </div>
   <div class='ocr_carea' id='block_1_149' title="bbox 214 5796 1742 5871">
    <p class='ocr_par' dir='ltr' id='par_1_149' title="bbox 214 5796 1742 5871">
     <span class='ocr_line' id='line_1_149' title="bbox 214 5796 1742 5871; baseline 0.009 -24"><span class='ocrx_word' id='word_1_1124' title='bbox 214 5806 232 5828; x_wconf 79' lang='grc' dir='ltr'>ι</span> <span class='ocrx_word' id='word_1_1125' title='bbox 254 5796 456 5850; x_wconf 87' lang='lat' dir='ltr'>Verius</span> <span class='ocrx_word' id='word_1_1126' title='bbox 475 5798 632 5871; x_wconf 87' lang='lat' dir='ltr'>apud</span> <span class='ocrx_word' id='word_1_1127' title='bbox 654 5800 988 5865; x_wconf 70' lang='lat' dir='ltr'>Augustin,</span> <span class='ocrx_word' id='word_1_1128' title='bbox 1017 5802 1234 5866; x_wconf 77' lang='lat' dir='ltr'>erigunt</span> <span class='ocrx_word' id='word_1_1129' title='bbox 1259 5818 1272 5856; x_wconf 91' lang='lat'><strong>:</strong></span> <span class='ocrx_word' id='word_1_1130' title='bbox 1301 5808 1424 5858; x_wconf 91' lang='lat' dir='ltr'>tum</span> <span class='ocrx_word' id='word_1_1131' title='bbox 1447 5806 1601 5871; x_wconf 87' lang='lat' dir='ltr'>apud</span> <span class='ocrx_word' id='word_1_1132' title='bbox 1625 5808 1742 5861; x_wconf 90' lang='lat' dir='ltr'>No-</span> 
     </span>
    </p>
   </div>
   <div class='ocr_carea' id='block_1_150' title="bbox 153 5870 1742 5944">
    <p class='ocr_par' dir='ltr' id='par_1_150' title="bbox 153 5870 1742 5944">
     <span class='ocr_line' id='line_1_150' title="bbox 153 5870 1742 5944; baseline -0.001 -16"><span class='ocrx_word' id='word_1_1133' title='bbox 153 5880 331 5928; x_wconf 83' lang='lat' dir='ltr'>strum</span> <span class='ocrx_word' id='word_1_1134' title='bbox 367 5870 686 5938; x_wconf 87' lang='lat' dir='ltr'>verissime,</span> <span class='ocrx_word' id='word_1_1135' title='bbox 711 5873 774 5922; x_wconf 79' lang='lat' dir='ltr'>in</span> <span class='ocrx_word' id='word_1_1136' title='bbox 797 5888 964 5939; x_wconf 86' lang='lat' dir='ltr'>eaque</span> <span class='ocrx_word' id='word_1_1137' title='bbox 978 5877 1322 5940; x_wconf 82' lang='lat' dir='ltr'>conﬁrmant,</span> <span class='ocrx_word' id='word_1_1138' title='bbox 1347 5890 1449 5942; x_wconf 88' lang='lat' dir='ltr'>pro</span> <span class='ocrx_word' id='word_1_1139' title='bbox 1473 5870 1588 5944; x_wconf 61' lang='lat' dir='ltr'>duo</span> <span class='ocrx_word' id='word_1_1140' title='bbox 1617 5883 1742 5938; x_wconf 69' lang='lat' dir='ltr'>vul-</span> 
     </span>
    </p>
   </div>
   <div class='ocr_carea' id='block_1_151' title="bbox 151 5944 1416 6019">
    <p class='ocr_par' dir='ltr' id='par_1_151' title="bbox 151 5944 1416 6019">
     <span class='ocr_line' id='line_1_151' title="bbox 151 5944 1416 6019; baseline -0.004 -16"><span class='ocrx_word' id='word_1_1141' title='bbox 151 5952 317 6019; x_wconf 86' lang='lat' dir='ltr'>gatus</span> <span class='ocrx_word' id='word_1_1142' title='bbox 337 5944 723 6010; x_wconf 78' lang='lat' dir='ltr'>Augustinus,</span> <span class='ocrx_word' id='word_1_1143' title='bbox 746 5945 809 5997; x_wconf 75' lang='lat' dir='ltr'>in</span> <span class='ocrx_word' id='word_1_1144' title='bbox 841 5961 905 5997; x_wconf 85' lang='lat' dir='ltr'>ea</span> <span class='ocrx_word' id='word_1_1145' title='bbox 927 5964 1045 6016; x_wconf 58' lang='lat' dir='ltr'>qua</span> <span class='ocrx_word' id='word_1_1146' title='bbox 1066 5953 1416 6017; x_wconf 74' lang='lat' dir='ltr'>conﬁrmant.</span> 
     </span>
    </p>
   </div>
   <div class='ocr_carea' id='block_1_152' title="bbox 1905 5789 3444 5868">
    <p class='ocr_par' dir='ltr' id='par_1_152' title="bbox 1905 5789 3444 5868">
     <span class='ocr_line' id='line_1_152' title="bbox 1905 5789 3444 5868; baseline -0.014 -7"><span class='ocrx_word' id='word_1_1147' title='bbox 1905 5808 1928 5840; x_wconf 67' lang='grc' dir='ltr'>δ</span> <span class='ocrx_word' id='word_1_1148' title='bbox 1949 5804 2156 5860; x_wconf 87' lang='lat' dir='ltr'>Recole</span> <span class='ocrx_word' id='word_1_1149' title='bbox 2180 5812 2312 5868; x_wconf 77' lang='lat' dir='ltr'>quae</span> <span class='ocrx_word' id='word_1_1150' title='bbox 2341 5795 2628 5865; x_wconf 85' lang='lat' dir='ltr'>superiore</span> <span class='ocrx_word' id='word_1_1151' title='bbox 2657 5793 2918 5862; x_wconf 82' lang='lat' dir='ltr'>proxime</span> <span class='ocrx_word' id='word_1_1152' title='bbox 2939 5791 3166 5846; x_wconf 87' lang='lat' dir='ltr'>Psalmo</span> <span class='ocrx_word' id='word_1_1153' title='bbox 3187 5789 3262 5844; x_wconf 86' lang='lat' dir='ltr'>ad</span> <span class='ocrx_word' id='word_1_1154' title='bbox 3284 5802 3444 5847; x_wconf 68' lang='lat' dir='ltr'>vers.</span> 
     </span>
    </p>
   </div>
   <div class='ocr_carea' id='block_1_153' title="bbox 1845 5879 2428 5939">
    <p class='ocr_par' dir='ltr' id='par_1_153' title="bbox 1845 5879 2428 5939">
     <span class='ocr_line' id='line_1_153' title="bbox 1845 5879 2428 5939; baseline -0.021 0"><span class='ocrx_word' id='word_1_1155' title='bbox 1845 5881 1930 5939; x_wconf 82' lang='lat'>31.</span> <span class='ocrx_word' id='word_1_1156' title='bbox 1950 5882 2256 5934; x_wconf 85' lang='lat' dir='ltr'>observata</span> <span class='ocrx_word' id='word_1_1157' title='bbox 2273 5879 2428 5929; x_wconf 88' lang='lat' dir='ltr'>sunt.</span> 
     </span>
    </p>
   </div>
  </div>
