3900 6428
504 366 608 422 679

1564 360 1830 413 RUFINO
1863 357 2321 413 PRESBYTERO
2354 358 2737 412 ASCRIPTUS

3724 359 3826 413 630

501 475 713 551 retine_t
729 470 1186 551 sibi,_sed‘totum
1202 472 1483 551 expendit
1502 473 1562 551 in
1580 473 2102 551 laudem_Dei.:Ijan-_-
2126 479 2179 551 Α
2204 472 2439 551 (ξφ-5.).
2463 473 2669 551 ipsein
2690 470 2932 551 Christo,
2950 474 3230 551 tanquam
3248 468 3310 521 in
3332 468 3541 551 throno
3559 483 3702 551 suo,
3722 473 3828 537 ju-

504 556 631 602 tum
668 549 824 597 Deus
864 542 1081 593 laudari
1123 543 1310 607 debet,
1347 549 1626 606 quantum
1655 547 1710 595 et
1733 544 1907 609 diligi.
1944 546 2101 595 Sicut

505 631 643 683 ergo
683 613 1009 677 diligendus
1033 617 1123 663 est
1144 626 1215 664 ex
1233 617 1352 683 toto
1377 615 1564 675 corde,
1593 618 1715 666 tota
1737 618 1945 679 anima,
1972 615 2106 667 totis

512 682 730 742 viribus
779 686 948 746 (Deut.
973 688 1026 741 ὃς
1056 684 1252 733 Matth.
1295 682 1385 746 “2‘2;
1436 686 1562 736 Luc.
1603 685 1746 747 10.):
1786 687 1867 737 sic
1906 692 1962 738 et
1985 686 2107 736 lau-

506 761 732 815 dandus
756 758 862 807 est.
889 754 951 803 Ei
978 754 1127 804 sicut
1152 754 1313 805 nulla
1333 754 1812 818 tribulatio,nulla
1823 757 2106 819 angustia,

507 832 667 885 nulla
710 830 968 879 creatura.
1011 824 1181 877 debet
1229 838 1339 877 nos
1384 838 1647 890 separare
1683 839 1718 877 a
1748 828 1983 878 caritate
2007 827 2109 877 Dei

509 906 676 969 (Rom.
719 898 788 960 8.)
817 911 829 947 :
866 898 950 969 ita
980 908 1085 947 nec
1120 896 1359 969 alaude
1380 899 1498 948 Dei.
1544 898 1655 969 Qui
1680 899 1809 949 talis
1840 903 1948 958 est,
1984 898 2107 948 ido-

506 985 650 1027 neus
693 973 784 1022 est
845 968 1032 1018 dicere
1079 981 1092 1017 :
1143 968 1439 1031 Conﬁtebor
1492 968 1585 1016 tibi
1624 970 1870 1033 Domine,
1904 971 1963 1017 in
2005 974 2107 1017 toto

503 1044 656 1096 corde
670 1056 810 1090 meo.
842 1039 954 1091 Sed
978 1039 1026 1090 si
1048 1038 1374 1091 laudandus
1397 1045 1486 1091 est
1518 1041 1820 1105 Dominus,
1842 1054 2034 1093 nonne
2055 1045 2111 1091 et

504 1111 908 1182 praedicandus
925 1115 948 1161 Ρ
963 1110 1097 1162 Ideo
1119 1112 1495 1175 subjunctum
1518 1117 1622 1175 est,
1654 1114 1907 1163 Narrabo
1922 1128 2044 1162 omn
2056 1113 2111 1161 ia

504 1185 789 1237 mirabilia
809 1189 920 1233 tua.
946 1182 1153 1234 Omnia
1181 1183 1414 1246 quidem
1433 1188 1549 1235 tam
1566 1184 1813 1235 visibilia
1828 1198 2001 1247 quam
2018 1185 2109 1235 in-

504 1255 768 1321 visibilia,
815 1258 934 1306 tam
969 1253 1290 1316 spiritualia
1319 1266 1494 1316 quam
1527 1256 1859 1319 corporalia,
1904 1262 2018 1307 tam
2045 1268 2112 1306 ea

505 1341 639 1396 quae
662 1329 814 1379 circa
836 1338 1043 1389 corpus
1069 1324 1368 1378 visibiliter
1390 1327 1527 1396 facis
1554 1324 1628 1376 ad
1652 1327 2019 1378 nutriendam
2044 1328 2112 1377 i1-

505 1395 656 1465 dem,
694 1410 871 1462 quam
902 1408 969 1449 ea
992 1407 1123 1459 quae
1157 1395 1521 1449 invisibiliter
1544 1398 1693 1449 circa
1715 1399 1967 1450 animam
1988 1401 2112 1462 agis

503 1472 577 1525 ad
599 1469 926 1522 donandam
960 1471 1237 1518 aeternam
1276 1466 1541 1518 saiutem.
1589 1470 1772 1529 Quare
1806 1474 2114 1521 narrantur

505 1540 789 1595 mirabilia
831 1538 971 1590 Dei?
1010 1538 1083 1588 Ut
1119 1549 1193 1589 ex
1224 1538 1491 1601 operibus
1527 1539 1695 1602 (Rom.
1722 1539 1793 1603 1,)
1827 1553 2113 1604 δεηθείη-

503 1626 636 1666 mus
661 1609 777 1678 45
804 1614 1115 1674 auctorem,
1148 1613 1208 1660 et
1244 1610 1604 1661 mirabilibus
1632 1611 1984 1663 admiremur
2006 1613 2114 1663 mi-

502 1685 741 1738 rabilem
761 1702 772 1731 :
799 1686 857 1733 et
875 1682 955 1732 ita
965 1681 1287 1732 excitemur
1301 1681 1373 1731 ad
1390 1684 1853 1744 cognoscendum
1865 1690 1921 1736 et
1937 1700 2114 1733 aman-

2205 546 2431 596 dicabat
2453 547 2483 596 J
2492 545 2689 596 udaeos
2708 543 3034 605 judicantes
3050 541 3362 592 Christum.
3388 542 3469 592 Illi
3470 542 3490 606 j
3501 543 3829 605 udicabant

2205 616 2527 674 manifeste,
2546 615 2638 666 ille
2655 614 2893 666 occulte.
2908 611 3263 676 Deprehensi
3287 610 3404 680 46
3432 619 3592 678 sunt,
3607 628 3828 666 secun-

2206 686 2345 737 dum
2375 686 2525 750 quod
2543 687 2664 749 ipse
2678 684 2957 735 Dominus
2973 686 3076 734 ait:
3104 684 3599 746 Comprehendam
3613 690 3829 747 sapien-

2208 762 2293 808 tes
2316 758 2376 808 in
2399 758 2612 808 astutia
2636 767 2832 807 eorum
2858 754 2990 815 (Job.
3015 752 3107 816 5.).
3135 755 3277 804 Nam
3297 755 3516 818 judicio
3536 762 3596 808 et
3624 757 3830 808 consi-

2206 826 2280 879 lio
2306 841 2412 879 suo
2433 830 2784 891 putaverunt
2812 826 3015 888 egisse,
3041 829 3108 874 ut
3131 837 3341 876 nomen
3365 826 3578 877 Christi
3602 827 3831 878 delere-

2212 904 2302 951 tur
2330 899 2400 949 de
2428 904 2578 949 terra
2603 917 2614 946 :
2648 901 2705 948 et
2738 909 2803 948 eo
2840 898 2968 959 ipso
2995 896 3209 959 judicio
3235 903 3496 961 egerunt,
3522 902 3589 950 ut
3608 900 3831 950 Christi

2206 983 2420 1023 nomen
2443 969 2774 1020 admirabile
2797 968 2959 1019 ﬂeret
2980 968 3039 1018 in
3056 968 3324 1019 universa
3340 974 3503 1021 terra.
3522 972 3553 1020 J
3561 970 3830 1021 udicium

2208 1055 2341 1105 ergo
2362 1040 2523 1101 illud,
2537 1040 2693 1103 quod
2719 1040 2791 1089 ab
2815 1039 3006 1101 impiis
3022 1038 3312 1101 judicatus
3328 1043 3433 1099 est,
3456 1040 3625 1092 etilla
3642 1056 3833 1090 caussa

2207 1125 2323 1175 qua
2328 1114 2527 1177 justus
2544 1111 2887 1163 etinnocens
2900 1110 3207 1161 damnatus
3223 1116 3331 1174 est,
3344 1124 3461 1163 non
3474 1112 3831 1169 fuiteorum.

2210 1184 2311 1235 sed
2349 1183 2557 1234 Christi
2588 1198 2601 1233 :
2649 1182 2785 1245 quia
2826 1180 2938 1231 illis
2968 1180 3184 1245 nocuit,
3221 1182 3445 1233 Christo
3479 1182 3701 1246 profuit
3734 1198 3749 1233 :
3779 1187 3832 1234 et

2209 1257 2355 1307 miro
2372 1255 2548 1305 modo
2566 1265 2762 1305 eorum
2774 1252 2966 1316 pravis
2990 1253 3383 1304 voluntatibus
3401 1253 3670 1306 Christus
3690 1258 3829 1316 quod

2210 1326 2555 1380 voluitfecit.
2577 1326 2699 1376 Hoc
2709 1329 2903 1375 autem
2917 1323 3069 1386 quod
3080 1323 3177 1387 ait,
3196 1325 3299 1384 Qui
3308 1325 3831 1389 judicasjustitiam,

2210 1398 2282 1449 ad
2302 1397 2678 1449 differentiam
2703 1408 2900 1446 eorum
2926 1395 3142 1446 dictum
3169 1399 3273 1455 est,
3292 1396 3390 1458 qui
3403 1397 3834 1460 judicaverunt

2209 1470 2591 1533 iniquitatem.
2634 1469 2703 1518 Et
2738 1467 2870 1530 quia
2899 1465 3172 1518 damnato
3208 1466 3433 1518 diabolo
3458 1470 3519 1519 et
3541 1469 3832 1520 membris

2212 1544 2357 1606 ejus,
2376 1544 2579 1605 gentes
2600 1550 2895 1592 conversae
2913 1542 3048 1589 sunt
3066 1537 3138 1588 ad
3151 1537 3460 1600 Christum,
3478 1543 3682 1604 aperte
3696 1541 3834 1591 sub-

2207 1615 2474 1677 junctum
2507 1616 2599 1662 est
2621 1624 2634 1660 :

2275 1685 2325 1739 6.
2357 1682 2648 1747 Increpasti
2678 1686 2871 1745 gentes,
2896 1684 2940 1730 et
2958 1680 3121 1744 periit
3137 1680 3341 1745 impius
3364 1697 3380 1730 :
3405 1696 3610 1731 nomen
3635 1697 3829 1732 eorum

505 1758 647 1809 dum
666 1753 993 1806 Dominum.
1016 1755 1086 1803 Et
1109 1753 1192 1803 ita
1205 1756 1509 1804 contemtis
1534 1756 1909 1819 temporibus,
1933 1772 2095 1824 spem
2196 1757 2371 1806 detesti
2404 1756 2463 1803 in
2500 1760 2775 1803 aeternum.
2814 1758 2861 1800 et
2892 1753 2951 1800 in.
2980 1752 3229 1801 swcutum
3251 1753 3444 1804 saeculi.
3478 1757 3710 1819 Aspere
3746 1755 3835 1805 in-

503 1831 765 1922 nostram
789 1828 847 1876 et
867 1823 1146 1922 gaudium
1168 1827 1879 1922 nostrum‘c‘onsr‘tituamus
1909 1823 2115 1910 inipso,
2142 1847 2197 1922 B

507 1902 661 1951 sicut
687 1898 799 1947 iste
823 1898 911 1946 vir
935 1899 1195 1957 sanctus,
1227 1896 1326 1957 qui
1354 1896 1657 1947 subdendo
1683 1898 1763 1948 ait
1790 1915 1803 1951 :

569 1970 621 2046 3.
656 1966 895 2046 testabor
924 1972 993 2046 et
1020 1967 1362 2046 exaltabotin
1392 1974 1454 2046 te,
1488 1968 1729 2046 psallam
1758 1976 1979 2025 nomini
2010 1983 2119 2046 tuo,

507 2042 785 2092 Attissime.
818 2038 1085 2089 Leetabor
1103 2038 1320 2101 (inquit)
1346 2038 1406 2089 in
1424 2042 1495 2098 te,
1523 2052 1642 2091 non
1668 2041 1727 2091 in
1745 2048 1979 2109 saeculo,
2004 2038 2122 2101 non

507 2109 1063 2176 inconcupiscentiis
1077 2114 1284 2182 carnis,
1299 2122 1414 2161 non
1431 2111 1491 2161 in
1508 2112 1905 2176 voluptatibus
1923 2124 2119 2182 mundi,

511 2184 668 2248 quod
689 2185 781 2234 est
804 2181 1032 2233 vanitas
1057 2200 1068 2229 :
1100 2180 1205 2232 sed
1232 2182 1293 2232 in
1317 2186 1371 2233 te
1390 2183 1489 2244 qui
1509 2195 1572 2233 es
1599 2180 2121 2243 veritas.Gaudium

512 2256 690 2320 hujus
735 2252 913 2305 seculi
955 2251 1029 2302 ad
1063 2252 1357 2303 interitum
1393 2253 1550 2303 ducit
1588 2254 1791 2318 (Eccles.
1830 2258 1921 2321 1.).
1972 2262 2123 2313 sicut,

512 2327 787 2390 scriptum
810 2328 916 2397 est.
944 2324 1046 2375 Va:
1071 2323 1235 2397 vobis
1261 2324 1361 2387 qui
1380 2324 1580 2376 ridetis
1617 2340 1789 2391 nunc,
1817 2331 1949 2393 quia
1964 2332 2122 2397 luge-

510 2400 644 2452 bitis
695 2398 834 2462 (Luc.
862 2395 953 2459 6.).
1009 2396 1298 2448 Gaudium
1343 2408 1481 2449 vero
1517 2398 1671 2459 quod
1701 2400 1762 2450 in
1787 2403 1905 2453 Deo
1925 2395 2117 2466 estfin

507 2471 617 2523 hac
633 2470 869 2533 quidem
892 2467 1015 2518 vita
1036 2467 1285 2530 inchoat,
1313 2468 1416 2520 sed
1432 2470 1494 2519 in
1509 2473 1792 2521 aeternum
1807 2473 2081 2535 perdurat
2102 2492 2113 2523 :

509 2545 661 2597 sicut
691 2543 815 2607 ipse
847 2540 1130 2592 Dominus
1159 2540 1453 2604 discipulis
1478 2542 1602 2591 suis
1627 2541 1706 2592 ait
1737 2556 1749 2592 :
1774 2543 1987 2593 lterum
2012 2556 2117 2595 au-

510 2620 627 2668 tem
648 2614 858 2666 videbo
881 2623 1006 2674 vos,
1031 2613 1089 2661 et
1114 2611 1388 2674 gaudebit
1411 2624 1506 2663 cor
1528 2618 1786 2664 vestrum
1809 2617 2115 2674 etgaudium

510 2690 771 2739 vestrum
793 2694 965 2735 nemo
984 2680 1141 2732 tollet
1162 2694 1197 2732 a
1222 2683 1384 2733 vobis
1412 2683 1589 2746 (Joan.
1618 2684 1747 2746 16.).
1774 2686 2113 2735 Etsciendum

511 2757 649 2822 quia
668 2754 869 2807 laetitia
890 2753 963 2803 ad
986 2757 1240 2803 mentem
1252 2753 1516 2816 pertinet,
1534 2755 1811 2806 exultatio
1823 2755 1895 2806 ad
1908 2769 2114 2820 corpus

516 2829 780 2881 Psalmus
794 2826 867 2877 ad
886 2825 1098 2876 bonam
1124 2825 1527 2887 operationem.
1554 2826 1637 2876 Sit
1659 2840 1791 2890 ergo
1806 2827 2004 2879 laetitia
2014 2832 2117 2889 spi-

513 2901 736 2952 ritualis
756 2898 816 2948 in
837 2899 1047 2960 mente,
1064 2895 1138 2946 sit
1154 2900 1354 2947 sancta
1371 2895 1627 2947 hilaritas
1642 2898 1702 2947 in
1714 2911 1965 2964 corpore,
1979 2914 2114 2951 con-

511 2971 705 3025 cordet
716 2969 1052 3023 divinalaus
1068 2980 1201 3019 cum
1219 2969 1370 3019 bona
1384 2969 1728 3033 operatione,
1750 2974 1808 3021 et
1821 2971 2110 3036 impletur,

515 3042 673 3109 quod
688 3043 915 3094 dicitur.
939 3040 1176 3091 Lmtabor
1198 3046 1243 3090 et
1271 3041 1517 3091 exuttabo
1540 3042 1602 3091 in
1634 3048 1695 3106 te,
1738 3044 1973 3107 psallam
2009 3059 2111 3094 no-

513 3116 657 3165 mini
680 3120 769 3164 tuo
791 3114 1079 3164 Attissime.

576 3187 627 3241 4.
645 3187 712 3235 In
737 3184 1099 3236 Convertendo
1111 3183 1402 3233 inimicum
1416 3199 1598 3234 meum
1613 3190 1909 3235 retrorsum
1929 3200 1941 3237 :
1958 3187 2115 3250 Inﬁn-

514 3258 833 3321 mabuntur,
856 3263 900 3306 et
922 3255 1173 3321 peribunt
1195 3270 1231 3304 a
1247 3256 1507 3318 facietua.
1532 3259 1637 3307 Hic
1652 3257 2123 3320 incipitenarrare

513 3344 597 3392 ea,
624 3341 759 3393 qum
784 3331 960 3379 sentit
983 3329 1054 3378 de
1078 3328 1316 3378 occultis
1345 3327 1463 3378 ﬁlii.
1489 3328 1727 3387 Quando
1752 3332 2009 3380 tentatus
2031 3338 2121 3385 est

514 3403 812 3465 Dominus,
848 3405 998 3451 retro
1016 3411 1334 3452 conversus
1363 3405 1454 3450 est
1472 3399 1760 3451 inimicus.
1787 3401 2016 3452 Dictum
2032 3408 2121 3457 est

511 3474 626 3525 illi:
655 3472 813 3524 Vade
840 3476 993 3523 retro
1017 3473 1262 3523 Satana:
1293 3471 1574 3534 scriptum
1609 3477 1700 3522 est
1722 3472 1896 3534 enim,
1926 3475 2121 3526 Domi-

512 3558 657 3597 num
689 3546 873 3596 Deum
895 3549 1061 3595 tuum
1086 3542 1371 3604 adorabis,
1389 3542 1536 3594 etilli
1552 3542 1657 3594 soli
1670 3545 1889 3596 servies
1906 3546 2114 3607 (Matth.

516 3617 640 3679 16.).
655 3617 817 3667 Tunc
839 3615 938 3679 qui
965 3615 1069 3678 (Ex
1084 3615 1127 3662 A
1137 3629 1206 3677 ug
1216 3615 1407 3677 ustino)
1427 3616 1699 3667 tentando
1716 3630 1777 3666 se
1788 3630 2119 3682 praeponere

513 3689 797 3752 cupiebat,
823 3691 975 3738 retro
998 3690 1087 3737 est
1112 3686 1323 3747 factus,
1339 3699 1456 3738 non
1482 3687 1817 3751 decipiendo
1838 3695 2118 3742 tentatum

513 3761 617 3813 sed
637 3761 696 3812 in
726 3773 791 3812 eo
815 3758 959 3811 nihil
983 3759 1247 3811 valendo.
1278 3762 1605 3811 Conversus
1631 3762 1908 3825 estigitur
1928 3763 2120 3814 inimi-

512 3844 634 3893 cus,
664 3834 967 3896 postquam
992 3842 1110 3881 non
1137 3830 1318 3881 valuit
1340 3831 1631 3882 hominem
1662 3834 1952 3884 caelestem
1969 3834 2119 3886 deci-

510 3916 643 3968 pere
668 3907 952 3955 tentatum
981 3920 990 3951 :
1019 3906 1075 3953 et
1096 3915 1158 3954 se
1182 3902 1251 3953 ad
1282 3907 1537 3954 terrenos
1565 3905 1862 3969 convertit,
1886 3906 1986 3957 ubi
2010 3906 2118 3958 do-

507 3976 712 4027 minari
737 3978 948 4039 potest.
977 3976 1332 4038 Quapropter
1359 3973 1555 4026 nullus
1579 3987 1713 4027 eum
1731 3977 2006 4040 praecedit
2023 3978 2119 4028 ho-

507 4048 750 4107 minum,
783 4051 840 4098 et
868 4050 1017 4098 retro
1055 4059 1189 4097 eum
1217 4059 1346 4098 esse
1372 4046 1525 4109 facit,
1557 4047 1670 4098 nisi
1700 4048 1799 4110 qui
1821 4047 2115 4112 deponens

506 4118 816 4183 imaginem
832 4122 1042 4170 terreni
1063 4117 1332 4178 hominis,
1353 4119 1667 4181 portaverit
1687 4119 1998 4184 imaginem
2013 4133 2117 4173 om.

506 4189 669 4241 lestis
694 4189 761 4250 (1'
790 4190 910 4240 Cor.
940 4188 1065 4252 15.).
1092 4189 1364 4241 Diabolus
1390 4191 1600 4254 quippe
1626 4192 1730 4256 (Ea:
1744 4195 1941 4256 eodem)
1964 4199 2115 4246 retro

509 4273 826 4314 conversus
857 4263 948 4312 est
982 4261 1154 4310 etiam
1195 4261 1257 4311 in
1280 4262 2007 4325 persecutionejustorum.
2044 4262 2115 4316 Et

509 4334 664 4384 mulo
684 4333 888 4384 utilius
911 4334 1242 4395 persecutor
1253 4338 1359 4397 est,
1380 4346 1555 4396 quam
1574 4334 1622 4384 si
1638 4334 1757 4386 dux
1774 4342 1830 4388 et
1845 4338 2112 4400 princeps

507 4405 751 4469 praeiret.
779 4404 943 4456 Malle
968 4402 1248 4455 debemus
1272 4417 1407 4456 eum
1430 4412 1871 4469 persequentem
1895 4408 2111 4473 fugere,

509 4488 684 4539 quam
704 4476 911 4528 ducem
929 4475 1110 4538 sequi.
1127 4476 1421 4528 Habemus
1445 4477 1598 4529 enim
1614 4491 1728 4541 quo
1745 4480 2053 4543 fugiamus,
2067 4485 2111 4528 et

508 4549 934 4599 abscondamur
956 4546 1019 4598 in
1065 4548 1305 4600 occultis
1322 4550 1463 4613 Filii,
1500 4551 1634 4613 quia
1658 4553 1941 4602 Dominus
1966 4551 2112 4602 refu-

508 4619 669 4683 gium
692 4620 879 4672 factus
899 4623 990 4670 est
1016 4620 1183 4670 nobis
1210 4621 1369 4685 (ρεαι.
1394 4621 1521 4686 89.).
1540 4625 1609 4673 Et
1635 4622 1771 4685 quia
1786 4622 1957 4674 multi
1976 4625 2112 4674 snnt

506 4691 750 4742 ministri
776 4694 835 4742 et
848 4693 1109 4743 membra
1137 4692 1365 4755 diaboli,
1383 4700 1537 4745 recte
1558 4695 1617 4745 in
1640 4694 1844 4758 plurali
1868 4707 2110 4747 numero

507 4762 732 4827 dicitur,
765 4762 1217 4826 Inﬁrmabuntur,
1243 4770 1289 4813 et
1318 4766 1569 4829 peribunt
1600 4781 1636 4814 a
1657 4765 1794 4827 faeie
1817 4771 1928 4816 tua.
1954 4768 2110 4819 Inﬁr-

498 4838 701 4885 matus
725 4839 817 4886 est
839 4835 1100 4887 diabolus
1120 4849 1253 4888 cum
1279 4839 1401 4890 suis
1425 4838 1723 4894 ministris.
1752 4838 1983 4901 quando
2012 4853 2114 4904 po-

509 4910 797 4970 testatem,
837 4919 1012 4970 quam
1044 4909 1104 4960 in
1127 4909 1382 4962 humano
1419 4922 1628 4973 genere
1653 4910 1872 4973 habuit,
1897 4913 2109 4965 amisit.

508 4978 718 5030 Peribit
736 4982 1128 5045 vero,quando
1142 4983 1199 5033 in
1214 4984 1407 5047 ignem
1420 4982 1680 5032 mittetur
1694 4988 2005 5036 acrternum
2022 4988 2111 5047 qui

506 5055 741 5115 paratus
766 5057 857 5104 est
879 5054 1103 5106 diabolo
1117 5052 1407 5118 etangelis
1425 5053 1552 5115 ejus
1573 5054 1781 5117 (Matth.
1796 5054 1924 5119 25.).
1937 5058 2109 5109 Recte

506 5126 697 5175 autem
723 5124 941 5177 dictum
964 5132 1055 5178 est
1072 5146 1081 5175 :
1098 5125 1557 5187 Peribunta/‘acie
1574 5130 1692 5175 tua:
1721 5130 1855 5191 quia
1867 5132 2108 5190 scriptum

510 5200 618 5253 est,
635 5196 870 5248 tollatur
890 5198 1123 5260 impius,
1142 5209 1215 5247 ne
1239 5196 1431 5248 videat
1453 5197 1690 5259 gloriam
1713 5199 1818 5251 Dei
1838 5201 1956 5263 (lsa.
1976 5199 2104 5263 26.):

506 5266 598 5318 vel
624 5267 757 5330 quia
778 5272 929 5320 retro
953 5280 1270 5319 conversus
1294 5268 1677 5332 estinimicus,
1694 5271 1823 5322 ideo
1842 5274 2110 5337 injustiet

503 5337 1123 5411 impiiinfirmabuntur
1144 5340 1216 5390 ab
1233 5341 1502 5403 operibus
1528 5344 1650 5394 suis
1670 5345 1855 5407 malis,
1890 5352 1948 5398 et
1959 5347 2109 5411 peri-

503 5410 650 5462 bunt
681 5413 754 5463 ab
790 5410 1182 5475 impietatibus
1222 5414 1362 5476 suis,
1402 5426 1437 5465 a
1460 5415 1620 5479 facie,
1648 5415 1819 5478 idest,
1847 5431 1882 5470 a
1905 5420 2108 5482 cogni-

502 5482 659 5535 tione
684 5488 799 5534 tua.
827 5485 899 5534 Et
921 5483 1121 5536 merito
1148 5501 1159 5533 :

566 5552 618 5617 5,
656 5554 930 5612 Quoniam
994 5555 1165 5618 fecisti
1222 5557 1498 5621 judicium
1542 5575 1724 5610 meum
1770 5566 1814 5609 et
1858 5577 2108 5611 caussam

507 5638 680 5674 meam
712 5638 725 5675 :
756 5625 937 5675 sedisti
958 5643 1119 5693 super
1152 5629 1431 5695 thronum,
1459 5632 1556 5694 qui
1570 5631 1789 5694 judicas
1810 5633 2103 5696 justitiam.

504 5695 659 5749 Deus
682 5702 804 5750 erat
826 5699 887 5751 in
917 5700 1138 5754 Christo
1169 5702 1457 5754 mundum
1488 5695 1863 5756 reconcilians
1898 5705 2009 5757 sibi
2032 5704 2103 5768 (“2.

568 5867 587 5888 ⁸
618 5859 1060 5913 Restituendum
1094 5861 1325 5914 videtur
1360 5877 1434 5916 ex
1471 5862 1796 5929 Augustino
1821 5865 2107 5929 agitantes.

2216 1826 2486 1892 crepandi
2506 1830 2685 1888 erant,
2703 1825 2799 1887 qui
2815 1824 2915 1875 diu
2930 1824 2992 1874 in
3005 1825 3404 1887 iniquitatibus
3420 1838 3834 1889 perseverave-

2217 1904 2364 1951 rant.
2378 1901 2534 1949 Dura
2546 1896 2934 1959 increpatione
2946 1895 3183 1947 feriendi
3195 1902 3375 1959 erant,
3391 1899 3511 1960 qui,
3528 1903 3830 1948 contemto

2219 1972 2498 2031 Creatore,
2514 1968 2666 2019 idola
2688 1967 3020 2019 adorabant.
3040 1969 3109 2017 Et
3135 1968 3276 2017 bene
3289 1968 3508 2019 dictum
3527 1975 3639 2030 est,
3658 1970 3831 2017 Periit

2218 2043 2423 2107 impius
2450 2056 2462 2091 :
2484 2041 2617 2104 quia
2632 2040 2702 2090 de
2718 2039 2890 2102 impio
2908 2039 3093 2089 factus
3114 2043 3202 2088 est
3219 2039 3365 2102 pius.
3383 2039 3480 2090 Ille
3498 2041 3657 2091 abeo
3675 2040 3831 2102 quod

2219 2118 2340 2165 erat
2358 2113 2541 2177 periit,
2569 2112 2668 2174 qui
2694 2111 2893 2174 incipit
2930 2123 3060 2162 esse
3077 2110 3493 2174 quodnonfuit.
3523 2112 3681 2161 Hinc
3696 2112 3830 2161 scri-

2218 2187 2383 2249 ptum
2407 2187 2510 2246 est,
2531 2182 3011 2246 Verteimpios,et
3026 2195 3142 2232 non
3166 2186 3336 2233 erunt
3352 2182 3527 2246 (Prov.
3557 2181 3693 2245 12.).
3723 2184 3835 2234 No-

2218 2269 2353 2307 men
2381 2268 2579 2307 eorum
2599 2253 2852 2305 deletum
2873 2257 2961 2304 est
2982 2254 3039 2303 in
3057 2258 3357 2314 aateruum,
3383 2254 3520 2315 quia
3542 2266 3670 2304 non
3684 2254 3835 2304 ultra

2218 2328 2489 2379 dicuntur
2505 2326 2738 2389 Pagani,
2764 2324 2863 2375 sed
2889 2324 3220 2374 Christiani:
3255 2324 3633 2376 fornicatores
3644 2331 3833 2387 erant,

2217 2399 2352 2451 facti
2365 2401 2503 2450 sunt
2516 2397 2686 2449 casti:
2712 2396 2974 2448 iracundi
2990 2399 3169 2459 erant,
3189 2396 3272 2446 fac
3281 2397 3317 2446 ti
3338 2400 3476 2446 sunt
3492 2397 3793 2447 mansueti
3814 2410 3827 2445 :

2215 2472 2378 2523 avari
2400 2474 2581 2533 erant,
2609 2468 2739 2519 facti
2766 2467 3059 2530 suntlargi
3082 2482 3094 2517 :
3120 2467 3198 2530 inj
3210 2467 3325 2519 usti
3340 2471 3519 2531 erant,
3534 2468 3679 2518 facti
3696 2473 3834 2518 sunt

2210 2542 2373 2608 justi.
2402 2544 2626 2592 Nomen
2648 2552 2780 2603 ergo
2809 2552 3010 2591 eorum
3025 2538 3279 2589 deletum
3292 2544 3383 2590 est
3395 2539 3456 2589 in
3467 2544 3769 2590 aeternum
3781 2544 3834 2590 et

2214 2617 2278 2668 in
2308 2612 2587 2667 saeculum
2619 2610 2834 2671 saeculi,
2860 2614 2925 2661 ut
2950 2622 3140 2672 neque
3161 2610 3222 2660 in
3244 2610 3353 2662 hoc
3375 2612 3609 2671 saeculo,
3638 2623 3832 2674 neque

2214 2691 2272 2741 in
2294 2689 2488 2739 futuro
2511 2682 3182 2748 reputenturidololatraa
3206 2681 3298 2734 vel
3331 2682 3515 2747 iniqui
3563 2683 3616 2733 si
3666 2696 3834 2735 vera-

2203 2762 2344 2812 citer
2366 2756 2631 2809 conversi
2652 2754 2882 2805 fuerint.

2274 2832 2326 2886 5.
2351 2828 2573 2879 Inimici
2619 2828 2919 2889 defecerunt
2961 2825 3183 2887 frameae
3224 2824 3287 2873 in
3318 2826 3482 2888 ﬁnem
3518 2830 3564 2874 et
3588 2825 3833 2875 civitates

2209 2918 2395 2954 eorum
2416 2899 2745 2950 destruxisti.
2766 2900 3022 2948 Framete
3045 2896 3259 2947 inimici
3276 2896 3381 2958 (Ea:
3395 2897 3737 2960 Augustino)
3759 2896 3837 2947 di-

2209 2988 2395 3029 versae
2438 2971 2738 3035 opiniones
2775 2969 2984 3020 erroris
3015 2968 3430 3032 intelliguntur,
3457 2969 3680 3030 quibus
3707 2972 3831 3019 tan.

2208 3060 2381 3112 quam
2395 3044 2600 3109 gladiis
2615 3042 2825 3093 animae
2838 3041 3095 3104 perimun
3105 3043 3348 3091 tur.Istte
3360 3042 3555 3112 frameae
3569 3041 3631 3088 in
3642 3043 3833 3104 ﬁnem,

2212 3110 2321 3171 hoc
2350 3122 2458 3179 est,
2485 3129 2556 3166 ex
2584 3119 2704 3167 toto
2728 3113 3019 3176 deﬁciunt,
3043 3124 3178 3163 cum
3200 3111 3259 3162 hi
3283 3112 3383 3175 qui
3405 3110 3599 3175 aliquo
3635 3124 3829 3163 errore

2214 3189 2437 3241 seducti
2462 3191 2645 3249 erant,
2663 3184 2736 3235 ad
2753 3184 2925 3234 [idem
2942 3184 3202 3234 redeunt.
3220 3185 3299 3235 De
3320 3184 3527 3247 quibus
3552 3186 3830 3244 Apostolus

2226 3262 2364 3312 dicit
2385 3260 2576 3310 fuistis
2605 3255 2916 3319 aliquando
2950 3255 3217 3317 tenebris,
3242 3268 3400 3305 nunc
3422 3259 3618 3305 autem
3637 3253 3752 3305 lux
3774 3255 3831 3305 in

2226 3332 2489 3385 Domino.
2514 3331 2586 3381 Ut
2608 3328 2712 3379 filii
2734 3328 2879 3379 lucis
2901 3327 3192 3378 ambulate
3222 3341 3235 3377 :
3261 3327 3479 3378 fructus
3502 3327 3660 3378 enim
3680 3326 3831 3378 lucis

2216 3408 2323 3469 est,
2362 3405 2423 3455 in
2447 3402 2604 3455 omni
2624 3400 2877 3452 bonitate
2901 3399 3200 3462 etjustitia
3223 3399 3438 3463 (Ephes.
3463 3396 3555 3461 5.).
3586 3400 3660 3448 Et
3692 3399 3831 3461 quia

2216 3478 2407 3529 ablato
2424 3486 2610 3527 errore
2628 3473 3005 3523 destruantur
3030 3470 3169 3521 vitia
3191 3475 3249 3521 et
3264 3476 3508 3534 peccata,
3526 3473 3686 3521 recte
3698 3472 3833 3518 dici-

2218 3552 2309 3601 tur
2336 3564 2348 3599 :
2379 3548 2448 3597 Et
2472 3546 2705 3596 civitates
2727 3557 2916 3592 eorum
2941 3543 3272 3593 destruxisti.
3298 3542 3576 3593 Civitates
3596 3542 3833 3605 (Ean-iu-

2217 3636 2248 3685 g
2258 3620 2451 3681 ustino)
2475 3619 2539 3669 in
2554 3617 2767 3681 quibus
2779 3615 3045 3666 diabolus
3056 3618 3274 3678 regnat,
3292 3613 3518 3665 suntilli
3531 3614 3592 3685 in
3606 3614 3829 3676 quibus

2217 3684 2417 3743 dolosa
2442 3695 2499 3742 et
2522 3688 2850 3741 fraudulent
2866 3704 2883 3735 γι
2895 3686 3149 3747 consilia,
3175 3690 3447 3749 tanquam
3462 3684 3634 3736 curiae
3654 3688 3825 3733 locum

2210 3764 2491 3816 obtinent.
2508 3764 2609 3813 Cui
2631 3760 2988 3824 principatui,
3010 3761 3285 3821 tanquam
3303 3757 3575 3809 satellites
3592 3760 3649 3807 et
3661 3758 3831 3808 mini-

2217 3835 2340 3897 stri,
2370 3835 2582 3885 adsunt
2606 3832 2794 3884 officia
2818 3832 3206 3882 membrorum
3224 3844 3237 3880 :
3252 3830 3400 3881 oculi
3422 3828 3495 3880 ad
3519 3828 3829 3879 curiosita-

2212 3911 2347 3970 tem,
2366 3918 2535 3958 aures
2551 3905 2625 3955 ad
2639 3903 2957 3966 lasciviam,
2976 3913 3186 3952 manus
3204 3902 3275 3952 ad
3288 3902 3544 3965 rapinam
3562 3904 3622 3951 et
3634 3913 3826 3952 mem-

2213 3980 2317 4030 bra
2340 3982 2552 4029 caetera
2567 3975 2852 4039 perversis
2867 3973 3121 4026 consiliis
3135 3972 3454 4023 militantia.
3468 3973 3658 4035 Hujus
3677 3972 3825 4022 civi-

2216 4051 2350 4101 tatis
2374 4048 2542 4113 quasi
2564 4047 2728 4112 plebs
2755 4051 2893 4097 sunt
2913 4058 3115 4097 omnes
3145 4045 3404 4097 delicata:
3415 4043 3752 4095 affectiones
3768 4048 3825 4096 et

2215 4121 2529 4175 turbulenti
2553 4123 2749 4170 motus
2774 4119 2966 4179 animi,
2995 4117 3361 4181 quotidianas
3390 4115 3705 4167 seditiones
3734 4116 3823 4165 in-

2212 4194 2446 4245 homine
2465 4202 2481 4220 ·
2499 4192 2832 4255 cogitantes.
2855 4192 3003 4253 Ergo
3028 4189 3126 4240 ubi
3145 4192 3280 4252 Rex,
3298 4188 3397 4239 ubi
3412 4187 3589 4250 curia,
3604 4188 3701 4238 ubi
3721 4188 3822 4237 mi-

2212 4264 2391 4317 nistri.
2421 4264 2520 4315 ubi
2544 4262 3033 4327 plebsinvenitur:
3048 4261 3248 4311 civitis
3266 4263 3369 4311 est.
3385 4261 3499 4310 Nec
3513 4259 3667 4310 enim
3689 4259 3821 4310 talia

2212 4340 2410 4389 essent
2423 4336 2481 4385 in
2492 4335 2660 4386 malis
2682 4334 3027 4397 civitatibus,
3040 4333 3151 4383 nisi
3164 4332 3318 4396 prius
3331 4335 3527 4383 essent
3541 4332 3601 4382 in
3617 4330 3820 4395 singu-

2209 4408 2282 4459 lis
2310 4406 2666 4471 hominibus,
2681 4406 2779 4469 qui
2795 4408 2932 4456 sunt
2950 4410 3220 4467 tanquam
3232 4405 3514 4456 elementa
3527 4408 3585 4455 et
3596 4406 3820 4454 semina

2212 4480 2529 4532 civitatum.
2556 4480 2675 4529 Has
2710 4477 2970 4528 civitates
2995 4476 3258 4539 destruit,
3280 4488 3412 4527 cum
3435 4476 3668 4526 excluso
3684 4474 3817 4525 inde

2211 4552 2464 4616 principe
2489 4551 2577 4611 (de
2601 4563 2715 4613 quo
2741 4549 2957 4600 dictum
2983 4554 3091 4613 est,
3117 4548 3384 4611 Princeps
3412 4546 3586 4607 hujus
3613 4546 3815 4597 saeculi

2211 4624 2363 4675 foras
2408 4623 2628 4673 missus
2676 4624 2766 4674 est
2810 4621 2986 4685 (Joan.
3016 4620 3126 4684 i4.)
3158 4623 3458 4672 vastantur
3481 4618 3611 4671 hac
3638 4630 3815 4681 regna

2139 4693 2198 4767 D
2215 4697 2394 4770 verbo
2428 4694 2703 4770 veritatis,
2731 4694 3035 4757 SOpiuntur
3058 4692 3311 4770 maligna
3335 4691 3587 4755 consilia,
3618 4694 3813 4770 turpes

2213 4768 2543 4819 affectiones
2568 4766 2928 4829 edomantur,
2954 4766 3343 4816 membrorum
3367 4768 3424 4814 et
3450 4775 3690 4814 sensum
3715 4766 3812 4812 mi-

2209 4840 2445 4891 nisteria
2469 4838 2864 4903 captivantur"
2878 4838 2951 4901 inj
2964 4842 3110 4901 usta,
3130 4836 3270 4887 etad
3286 4836 3565 4887 bonorum
3576 4846 3812 4897 cperum

2211 4911 2475 4963 militiam
2501 4912 2942 4963 transferuntur:
2960 4915 3024 4960 ut
3042 4911 3163 4973 jam
3191 4908 3357 4971 (sicut
3378 4903 3807 4972 Apostolus47

2209 4983 2363 5045 dicit)
2393 4995 2510 5034 non
2528 4986 2727 5046 regnet
2738 4985 3037 5046 peccatum
3051 4982 3113 5031 in
3130 4982 3328 5031 nostro
3343 4978 3569 5031 mortali
3581 4990 3811 5042 corpore

2208 5059 2275 5107 ut
2299 5054 2634 5106 obediamus
2651 5054 3131 5118 concupiscentiis
3148 5053 3298 5116 ejus:
3314 5064 3418 5102 nec
3433 5050 3810 5103 exhibeamus

2208 5127 2466 5178 membra
2501 5130 2700 5177 nostra
2734 5126 2807 5177 ad
2846 5126 3215 5178 serviendum
3248 5128 3482 5188 peccato
3523 5124 3694 5187 (Rom.
3720 5122 3805 5185 6.).

2210 5200 2371 5249 Tunc
2397 5203 2633 5262 pacatur
2655 5198 2866 5261 anima,
2892 5203 2949 5249 et
2972 5198 3267 5249 ordinatur
3281 5197 3453 5247 homo
3468 5195 3541 5246 ad
3555 5195 3805 5258 quietem

2209 5274 2267 5322 et
2310 5270 2382 5321 ad
2428 5270 2840 5322 beatitudinem
2883 5270 3294 5333 capessendam
3319 5284 3334 5317 :
3361 5267 3513 5319 unde
3533 5274 3591 5319 et
3616 5268 3809 5319 statim

2209 5342 2495 5403 subditur,
2529 5344 2699 5391 Periit
2743 5344 3006 5391 memoria
3030 5357 3214 5391 eorum
3237 5356 3358 5390 cum
3382 5343 3563 5389 sonitu
3594 5356 3608 5388 :
3635 5345 3681 5389 et
3707 5340 3810 5388 Da-

2207 5415 2394 5463 minus
2408 5415 2465 5463 in
2478 5421 2731 5463 aeternum
2743 5421 3043 5478 permanet.
3067 5416 3309 5477 Magnus
3325 5413 3599 5476 strepitus
3616 5414 3689 5472 ﬁt,
3701 5426 3807 5460 cum

2206 5486 2471 5550 impietas
2489 5489 2764 5539 evertitur
2779 5492 2950 5550 atque
2974 5488 3309 5538 destruitur.
3326 5487 3451 5536 Non
3466 5485 3625 5534 enim
3640 5487 3807 5532 transit

2203 5558 2277 5610 ad
2302 5572 2591 5610 summam
2615 5572 2833 5624 pacem,
2850 5561 2945 5611 ubi
2959 5573 3254 5611 summum
3270 5557 3564 5608 silentium
3577 5564 3690 5623 est,
3705 5557 3806 5609 nisi

2206 5630 2304 5695 qui
2322 5644 2530 5696 magno
2545 5634 2787 5697 strepitu
2802 5633 2962 5697 prius
2981 5646 3114 5684 cum
3128 5633 3251 5684 suis
3269 5631 3425 5683 vitiis
3440 5629 3713 5695 belligera
3728 5642 3808 5681 ve-

2203 5704 2294 5757 rit.
2327 5705 2489 5757 Tunc
2513 5705 2759 5759 efﬁcitur
2781 5706 2954 5759 homo
2965 5718 3210 5771 regnum
3219 5704 3662 5769 pacatissimum
3677 5706 3801 5758 Deo.

567 5934 588 5962 δ
621 5934 790 5997 Apud
812 5936 1097 6001 eumdem,
1122 5940 1488 6001 captivantur,
1513 5945 1559 5988 et
1586 5940 1660 5989 ad
1674 5941 1919 6005 justitiae,
1957 5949 2003 5992 et
2029 5942 2295 5994 bonorum
2317 5960 2559 6013 operum,
2587 5953 2697 6000 etc.
